PokerStars Hand #247753136068: Tournament #3688661953, $1.84+$0.16 USD Hold'em No Limit - Level I (10/20) - 2023/12/19 20:27:20 CET [2023/12/19 14:27:20 ET]
Table '3688661953 1' 3-max Seat #1 is the button
Seat 1: Mahu2021 (500 in chips) 
Seat 2: ga25x (500 in chips) 
Seat 3: Thanos_Stou (500 in chips) 
ga25x: posts small blind 10
Thanos_Stou: posts big blind 20
*** HOLE CARDS ***
Dealt to Mahu2021 [3c 6c]
Mahu2021: folds 
ga25x: raises 40 to 60
Thanos_Stou: calls 40
*** FLOP *** [Kc 9s 5s]
ga25x: bets 90
Thanos_Stou: folds 
Uncalled bet (90) returned to ga25x
ga25x collected 120 from pot
ga25x: doesn't show hand 
*** SUMMARY ***
Total pot 120 | Rake 0 
Board [Kc 9s 5s]
Seat 1: Mahu2021 (button) folded before Flop (didn't bet)
Seat 2: ga25x (small blind) collected (120)
Seat 3: Thanos_Stou (big blind) folded on the Flop



PokerStars Hand #247753141074: Tournament #3688661953, $1.84+$0.16 USD Hold'em No Limit - Level I (10/20) - 2023/12/19 20:27:36 CET [2023/12/19 14:27:36 ET]
Table '3688661953 1' 3-max Seat #2 is the button
Seat 1: Mahu2021 (500 in chips) 
Seat 2: ga25x (560 in chips) 
Seat 3: Thanos_Stou (440 in chips) 
Thanos_Stou: posts small blind 10
Mahu2021: posts big blind 20
*** HOLE CARDS ***
Dealt to Mahu2021 [Kh Kc]
ga25x: folds 
Thanos_Stou: raises 20 to 40
Mahu2021: raises 460 to 500 and is all-in
Thanos_Stou: calls 400 and is all-in
Uncalled bet (60) returned to Mahu2021
*** FLOP *** [Ad Js 9h]
*** TURN *** [Ad Js 9h] [3d]
*** RIVER *** [Ad Js 9h 3d] [8c]
*** SHOW DOWN ***
Thanos_Stou: shows [9d As] (two pair, Aces and Nines)
Mahu2021: shows [Kh Kc] (a pair of Kings)
Thanos_Stou collected 880 from pot
*** SUMMARY ***
Total pot 880 | Rake 0 
Board [Ad Js 9h 3d 8c]
Seat 1: Mahu2021 (big blind) showed [Kh Kc] and lost with a pair of Kings
Seat 2: ga25x (button) folded before Flop (didn't bet)
Seat 3: Thanos_Stou (small blind) showed [9d As] and won (880) with two pair, Aces and Nines



PokerStars Hand #247753146769: Tournament #3688661953, $1.84+$0.16 USD Hold'em No Limit - Level I (10/20) - 2023/12/19 20:27:54 CET [2023/12/19 14:27:54 ET]
Table '3688661953 1' 3-max Seat #3 is the button
Seat 1: Mahu2021 (60 in chips) 
Seat 2: ga25x (560 in chips) 
Seat 3: Thanos_Stou (880 in chips) 
Mahu2021: posts small blind 10
ga25x: posts big blind 20
*** HOLE CARDS ***
Dealt to Mahu2021 [Kh Jh]
Thanos_Stou: raises 20 to 40
Mahu2021: raises 20 to 60 and is all-in
ga25x: folds 
Thanos_Stou: calls 20
*** FLOP *** [8d Jc 5h]
*** TURN *** [8d Jc 5h] [2c]
*** RIVER *** [8d Jc 5h 2c] [3c]
*** SHOW DOWN ***
Mahu2021: shows [Kh Jh] (a pair of Jacks)
Thanos_Stou: shows [As Th] (high card Ace)
Mahu2021 collected 140 from pot
*** SUMMARY ***
Total pot 140 | Rake 0 
Board [8d Jc 5h 2c 3c]
Seat 1: Mahu2021 (small blind) showed [Kh Jh] and won (140) with a pair of Jacks
Seat 2: ga25x (big blind) folded before Flop
Seat 3: Thanos_Stou (button) showed [As Th] and lost with high card Ace



PokerStars Hand #247753151383: Tournament #3688661953, $1.84+$0.16 USD Hold'em No Limit - Level I (10/20) - 2023/12/19 20:28:09 CET [2023/12/19 14:28:09 ET]
Table '3688661953 1' 3-max Seat #1 is the button
Seat 1: Mahu2021 (140 in chips) 
Seat 2: ga25x (540 in chips) 
Seat 3: Thanos_Stou (820 in chips) 
ga25x: posts small blind 10
Thanos_Stou: posts big blind 20
*** HOLE CARDS ***
Dealt to Mahu2021 [2c Jc]
Mahu2021: raises 120 to 140 and is all-in
ga25x: folds 
Thanos_Stou: folds 
Uncalled bet (120) returned to Mahu2021
Mahu2021 collected 50 from pot
Mahu2021: doesn't show hand 
*** SUMMARY ***
Total pot 50 | Rake 0 
Seat 1: Mahu2021 (button) collected (50)
Seat 2: ga25x (small blind) folded before Flop
Seat 3: Thanos_Stou (big blind) folded before Flop



PokerStars Hand #247753153885: Tournament #3688661953, $1.84+$0.16 USD Hold'em No Limit - Level I (10/20) - 2023/12/19 20:28:16 CET [2023/12/19 14:28:16 ET]
Table '3688661953 1' 3-max Seat #2 is the button
Seat 1: Mahu2021 (170 in chips) 
Seat 2: ga25x (530 in chips) 
Seat 3: Thanos_Stou (800 in chips) 
Thanos_Stou: posts small blind 10
Mahu2021: posts big blind 20
*** HOLE CARDS ***
Dealt to Mahu2021 [7c 6c]
ga25x: folds 
Thanos_Stou: calls 10
Mahu2021: checks 
*** FLOP *** [9d 6h Tc]
Thanos_Stou: checks 
Mahu2021: bets 20
Thanos_Stou: calls 20
*** TURN *** [9d 6h Tc] [8c]
Thanos_Stou: checks 
Mahu2021: bets 20
Thanos_Stou: calls 20
*** RIVER *** [9d 6h Tc 8c] [8h]
Thanos_Stou: checks 
Mahu2021: bets 40
Thanos_Stou: folds 
Uncalled bet (40) returned to Mahu2021
Mahu2021 collected 120 from pot
Mahu2021: doesn't show hand 
*** SUMMARY ***
Total pot 120 | Rake 0 
Board [9d 6h Tc 8c 8h]
Seat 1: Mahu2021 (big blind) collected (120)
Seat 2: ga25x (button) folded before Flop (didn't bet)
Seat 3: Thanos_Stou (small blind) folded on the River



PokerStars Hand #247753160637: Tournament #3688661953, $1.84+$0.16 USD Hold'em No Limit - Level I (10/20) - 2023/12/19 20:28:38 CET [2023/12/19 14:28:38 ET]
Table '3688661953 1' 3-max Seat #3 is the button
Seat 1: Mahu2021 (230 in chips) 
Seat 2: ga25x (530 in chips) 
Seat 3: Thanos_Stou (740 in chips) 
Mahu2021: posts small blind 10
ga25x: posts big blind 20
*** HOLE CARDS ***
Dealt to Mahu2021 [Td Js]
Thanos_Stou: folds 
Mahu2021: calls 10
ga25x: checks 
*** FLOP *** [Kc 2h Th]
Mahu2021: bets 20
ga25x: folds 
Uncalled bet (20) returned to Mahu2021
Mahu2021 collected 40 from pot
Mahu2021: doesn't show hand 
*** SUMMARY ***
Total pot 40 | Rake 0 
Board [Kc 2h Th]
Seat 1: Mahu2021 (small blind) collected (40)
Seat 2: ga25x (big blind) folded on the Flop
Seat 3: Thanos_Stou (button) folded before Flop (didn't bet)



PokerStars Hand #247753164748: Tournament #3688661953, $1.84+$0.16 USD Hold'em No Limit - Level I (10/20) - 2023/12/19 20:28:51 CET [2023/12/19 14:28:51 ET]
Table '3688661953 1' 3-max Seat #1 is the button
Seat 1: Mahu2021 (250 in chips) 
Seat 2: ga25x (510 in chips) 
Seat 3: Thanos_Stou (740 in chips) 
ga25x: posts small blind 10
Thanos_Stou: posts big blind 20
*** HOLE CARDS ***
Dealt to Mahu2021 [Kc 7c]
Mahu2021: raises 230 to 250 and is all-in
ga25x: folds 
Thanos_Stou: folds 
Uncalled bet (230) returned to Mahu2021
Mahu2021 collected 50 from pot
Mahu2021: doesn't show hand 
*** SUMMARY ***
Total pot 50 | Rake 0 
Seat 1: Mahu2021 (button) collected (50)
Seat 2: ga25x (small blind) folded before Flop
Seat 3: Thanos_Stou (big blind) folded before Flop



PokerStars Hand #247753166908: Tournament #3688661953, $1.84+$0.16 USD Hold'em No Limit - Level I (10/20) - 2023/12/19 20:28:58 CET [2023/12/19 14:28:58 ET]
Table '3688661953 1' 3-max Seat #2 is the button
Seat 1: Mahu2021 (280 in chips) 
Seat 2: ga25x (500 in chips) 
Seat 3: Thanos_Stou (720 in chips) 
Thanos_Stou: posts small blind 10
Mahu2021: posts big blind 20
*** HOLE CARDS ***
Dealt to Mahu2021 [3c 5s]
ga25x: folds 
Thanos_Stou: raises 20 to 40
Mahu2021: calls 20
*** FLOP *** [5d 7d Qh]
Thanos_Stou: bets 60
Mahu2021: folds 
Uncalled bet (60) returned to Thanos_Stou
Thanos_Stou collected 80 from pot
Thanos_Stou: doesn't show hand 
*** SUMMARY ***
Total pot 80 | Rake 0 
Board [5d 7d Qh]
Seat 1: Mahu2021 (big blind) folded on the Flop
Seat 2: ga25x (button) folded before Flop (didn't bet)
Seat 3: Thanos_Stou (small blind) collected (80)



PokerStars Hand #247753171219: Tournament #3688661953, $1.84+$0.16 USD Hold'em No Limit - Level I (10/20) - 2023/12/19 20:29:11 CET [2023/12/19 14:29:11 ET]
Table '3688661953 1' 3-max Seat #3 is the button
Seat 1: Mahu2021 (240 in chips) 
Seat 2: ga25x (500 in chips) 
Seat 3: Thanos_Stou (760 in chips) 
Mahu2021: posts small blind 10
ga25x: posts big blind 20
*** HOLE CARDS ***
Dealt to Mahu2021 [6s 7s]
Thanos_Stou: folds 
Mahu2021: raises 20 to 40
ga25x: calls 20
*** FLOP *** [3h 3d Jc]
Mahu2021: checks 
ga25x: checks 
*** TURN *** [3h 3d Jc] [Qd]
Mahu2021: checks 
ga25x: checks 
*** RIVER *** [3h 3d Jc Qd] [6h]
Mahu2021: bets 40
ga25x: folds 
Uncalled bet (40) returned to Mahu2021
Mahu2021 collected 80 from pot
Mahu2021: doesn't show hand 
*** SUMMARY ***
Total pot 80 | Rake 0 
Board [3h 3d Jc Qd 6h]
Seat 1: Mahu2021 (small blind) collected (80)
Seat 2: ga25x (big blind) folded on the River
Seat 3: Thanos_Stou (button) folded before Flop (didn't bet)



PokerStars Hand #247753176858: Tournament #3688661953, $1.84+$0.16 USD Hold'em No Limit - Level I (10/20) - 2023/12/19 20:29:29 CET [2023/12/19 14:29:29 ET]
Table '3688661953 1' 3-max Seat #1 is the button
Seat 1: Mahu2021 (280 in chips) 
Seat 2: ga25x (460 in chips) 
Seat 3: Thanos_Stou (760 in chips) 
ga25x: posts small blind 10
Thanos_Stou: posts big blind 20
*** HOLE CARDS ***
Dealt to Mahu2021 [3c 8h]
Mahu2021: folds 
ga25x: raises 40 to 60
Thanos_Stou: calls 40
*** FLOP *** [2d 9h 2h]
ga25x: checks 
Thanos_Stou: bets 65
ga25x: calls 65
*** TURN *** [2d 9h 2h] [Ac]
ga25x: checks 
Thanos_Stou: bets 85
ga25x: raises 250 to 335 and is all-in
Thanos_Stou: folds 
Uncalled bet (250) returned to ga25x
ga25x collected 420 from pot
ga25x: doesn't show hand 
*** SUMMARY ***
Total pot 420 | Rake 0 
Board [2d 9h 2h Ac]
Seat 1: Mahu2021 (button) folded before Flop (didn't bet)
Seat 2: ga25x (small blind) collected (420)
Seat 3: Thanos_Stou (big blind) folded on the Turn



PokerStars Hand #247753185248: Tournament #3688661953, $1.84+$0.16 USD Hold'em No Limit - Level I (10/20) - 2023/12/19 20:29:55 CET [2023/12/19 14:29:55 ET]
Table '3688661953 1' 3-max Seat #2 is the button
Seat 1: Mahu2021 (280 in chips) 
Seat 2: ga25x (670 in chips) 
Seat 3: Thanos_Stou (550 in chips) 
Thanos_Stou: posts small blind 10
Mahu2021: posts big blind 20
*** HOLE CARDS ***
Dealt to Mahu2021 [4s 4c]
ga25x: folds 
Thanos_Stou: raises 530 to 550 and is all-in
Mahu2021: calls 260 and is all-in
Uncalled bet (270) returned to Thanos_Stou
*** FLOP *** [2c Jc 6c]
*** TURN *** [2c Jc 6c] [5c]
*** RIVER *** [2c Jc 6c 5c] [4h]
*** SHOW DOWN ***
Thanos_Stou: shows [Ks As] (high card Ace)
Mahu2021: shows [4s 4c] (a flush, Jack high)
Mahu2021 collected 560 from pot
*** SUMMARY ***
Total pot 560 | Rake 0 
Board [2c Jc 6c 5c 4h]
Seat 1: Mahu2021 (big blind) showed [4s 4c] and won (560) with a flush, Jack high
Seat 2: ga25x (button) folded before Flop (didn't bet)
Seat 3: Thanos_Stou (small blind) showed [Ks As] and lost with high card Ace



PokerStars Hand #247753193333: Tournament #3688661953, $1.84+$0.16 USD Hold'em No Limit - Level I (10/20) - 2023/12/19 20:30:20 CET [2023/12/19 14:30:20 ET]
Table '3688661953 1' 3-max Seat #3 is the button
Seat 1: Mahu2021 (560 in chips) 
Seat 2: ga25x (670 in chips) 
Seat 3: Thanos_Stou (270 in chips) 
Mahu2021: posts small blind 10
ga25x: posts big blind 20
*** HOLE CARDS ***
Dealt to Mahu2021 [6s Ah]
Thanos_Stou: raises 250 to 270 and is all-in
Mahu2021: folds 
ga25x: folds 
Uncalled bet (250) returned to Thanos_Stou
Thanos_Stou collected 50 from pot
Thanos_Stou: doesn't show hand 
*** SUMMARY ***
Total pot 50 | Rake 0 
Seat 1: Mahu2021 (small blind) folded before Flop
Seat 2: ga25x (big blind) folded before Flop
Seat 3: Thanos_Stou (button) collected (50)



PokerStars Hand #247753196689: Tournament #3688661953, $1.84+$0.16 USD Hold'em No Limit - Level II (15/30) - 2023/12/19 20:30:30 CET [2023/12/19 14:30:30 ET]
Table '3688661953 1' 3-max Seat #1 is the button
Seat 1: Mahu2021 (550 in chips) 
Seat 2: ga25x (650 in chips) 
Seat 3: Thanos_Stou (300 in chips) 
ga25x: posts small blind 15
Thanos_Stou: posts big blind 30
*** HOLE CARDS ***
Dealt to Mahu2021 [8h 9s]
Mahu2021: folds 
ga25x: folds 
Uncalled bet (15) returned to Thanos_Stou
Thanos_Stou collected 30 from pot
Thanos_Stou: doesn't show hand 
*** SUMMARY ***
Total pot 30 | Rake 0 
Seat 1: Mahu2021 (button) folded before Flop (didn't bet)
Seat 2: ga25x (small blind) folded before Flop
Seat 3: Thanos_Stou (big blind) collected (30)



PokerStars Hand #247753198887: Tournament #3688661953, $1.84+$0.16 USD Hold'em No Limit - Level II (15/30) - 2023/12/19 20:30:37 CET [2023/12/19 14:30:37 ET]
Table '3688661953 1' 3-max Seat #2 is the button
Seat 1: Mahu2021 (550 in chips) 
Seat 2: ga25x (635 in chips) 
Seat 3: Thanos_Stou (315 in chips) 
Thanos_Stou: posts small blind 15
Mahu2021: posts big blind 30
*** HOLE CARDS ***
Dealt to Mahu2021 [Td 7s]
ga25x: raises 60 to 90
Thanos_Stou: raises 225 to 315 and is all-in
Mahu2021: folds 
ga25x: folds 
Uncalled bet (225) returned to Thanos_Stou
Thanos_Stou collected 210 from pot
Thanos_Stou: doesn't show hand 
*** SUMMARY ***
Total pot 210 | Rake 0 
Seat 1: Mahu2021 (big blind) folded before Flop
Seat 2: ga25x (button) folded before Flop
Seat 3: Thanos_Stou (small blind) collected (210)



PokerStars Hand #247753204529: Tournament #3688661953, $1.84+$0.16 USD Hold'em No Limit - Level II (15/30) - 2023/12/19 20:30:55 CET [2023/12/19 14:30:55 ET]
Table '3688661953 1' 3-max Seat #3 is the button
Seat 1: Mahu2021 (520 in chips) 
Seat 2: ga25x (545 in chips) 
Seat 3: Thanos_Stou (435 in chips) 
Mahu2021: posts small blind 15
ga25x: posts big blind 30
*** HOLE CARDS ***
Dealt to Mahu2021 [4d Kc]
Thanos_Stou: raises 405 to 435 and is all-in
Mahu2021: folds 
ga25x: folds 
Uncalled bet (405) returned to Thanos_Stou
Thanos_Stou collected 75 from pot
Thanos_Stou: doesn't show hand 
*** SUMMARY ***
Total pot 75 | Rake 0 
Seat 1: Mahu2021 (small blind) folded before Flop
Seat 2: ga25x (big blind) folded before Flop
Seat 3: Thanos_Stou (button) collected (75)



PokerStars Hand #247753206919: Tournament #3688661953, $1.84+$0.16 USD Hold'em No Limit - Level II (15/30) - 2023/12/19 20:31:02 CET [2023/12/19 14:31:02 ET]
Table '3688661953 1' 3-max Seat #1 is the button
Seat 1: Mahu2021 (505 in chips) 
Seat 2: ga25x (515 in chips) 
Seat 3: Thanos_Stou (480 in chips) 
ga25x: posts small blind 15
Thanos_Stou: posts big blind 30
*** HOLE CARDS ***
Dealt to Mahu2021 [Ts 5c]
Mahu2021: folds 
ga25x: folds 
Uncalled bet (15) returned to Thanos_Stou
Thanos_Stou collected 30 from pot
Thanos_Stou: doesn't show hand 
*** SUMMARY ***
Total pot 30 | Rake 0 
Seat 1: Mahu2021 (button) folded before Flop (didn't bet)
Seat 2: ga25x (small blind) folded before Flop
Seat 3: Thanos_Stou (big blind) collected (30)



PokerStars Hand #247753208642: Tournament #3688661953, $1.84+$0.16 USD Hold'em No Limit - Level II (15/30) - 2023/12/19 20:31:08 CET [2023/12/19 14:31:08 ET]
Table '3688661953 1' 3-max Seat #2 is the button
Seat 1: Mahu2021 (505 in chips) 
Seat 2: ga25x (500 in chips) 
Seat 3: Thanos_Stou (495 in chips) 
Thanos_Stou: posts small blind 15
Mahu2021: posts big blind 30
*** HOLE CARDS ***
Dealt to Mahu2021 [4s 7h]
ga25x: folds 
Thanos_Stou: raises 30 to 60
Mahu2021: folds 
Uncalled bet (30) returned to Thanos_Stou
Thanos_Stou collected 60 from pot
Thanos_Stou: doesn't show hand 
*** SUMMARY ***
Total pot 60 | Rake 0 
Seat 1: Mahu2021 (big blind) folded before Flop
Seat 2: ga25x (button) folded before Flop (didn't bet)
Seat 3: Thanos_Stou (small blind) collected (60)



PokerStars Hand #247753211000: Tournament #3688661953, $1.84+$0.16 USD Hold'em No Limit - Level II (15/30) - 2023/12/19 20:31:15 CET [2023/12/19 14:31:15 ET]
Table '3688661953 1' 3-max Seat #3 is the button
Seat 1: Mahu2021 (475 in chips) 
Seat 2: ga25x (500 in chips) 
Seat 3: Thanos_Stou (525 in chips) 
Mahu2021: posts small blind 15
ga25x: posts big blind 30
*** HOLE CARDS ***
Dealt to Mahu2021 [7c Ah]
Thanos_Stou: folds 
Mahu2021: raises 30 to 60
ga25x: folds 
Uncalled bet (30) returned to Mahu2021
Mahu2021 collected 60 from pot
Mahu2021: doesn't show hand 
*** SUMMARY ***
Total pot 60 | Rake 0 
Seat 1: Mahu2021 (small blind) collected (60)
Seat 2: ga25x (big blind) folded before Flop
Seat 3: Thanos_Stou (button) folded before Flop (didn't bet)



PokerStars Hand #247753213271: Tournament #3688661953, $1.84+$0.16 USD Hold'em No Limit - Level II (15/30) - 2023/12/19 20:31:22 CET [2023/12/19 14:31:22 ET]
Table '3688661953 1' 3-max Seat #1 is the button
Seat 1: Mahu2021 (505 in chips) 
Seat 2: ga25x (470 in chips) 
Seat 3: Thanos_Stou (525 in chips) 
ga25x: posts small blind 15
Thanos_Stou: posts big blind 30
*** HOLE CARDS ***
Dealt to Mahu2021 [7d Qd]
Mahu2021: calls 30
ga25x: calls 15
Thanos_Stou: checks 
*** FLOP *** [5s Ts 9h]
ga25x: checks 
Thanos_Stou: checks 
Mahu2021: bets 30
ga25x: calls 30
Thanos_Stou: folds 
*** TURN *** [5s Ts 9h] [2h]
ga25x: checks 
Mahu2021: checks 
*** RIVER *** [5s Ts 9h 2h] [Ac]
ga25x: checks 
Mahu2021: bets 150
ga25x: calls 150
*** SHOW DOWN ***
Mahu2021: shows [7d Qd] (high card Ace)
ga25x: mucks hand 
Mahu2021 collected 450 from pot
*** SUMMARY ***
Total pot 450 | Rake 0 
Board [5s Ts 9h 2h Ac]
Seat 1: Mahu2021 (button) showed [7d Qd] and won (450) with high card Ace
Seat 2: ga25x (small blind) mucked [8h 7h]
Seat 3: Thanos_Stou (big blind) folded on the Flop



PokerStars Hand #247753220516: Tournament #3688661953, $1.84+$0.16 USD Hold'em No Limit - Level II (15/30) - 2023/12/19 20:31:44 CET [2023/12/19 14:31:44 ET]
Table '3688661953 1' 3-max Seat #2 is the button
Seat 1: Mahu2021 (745 in chips) 
Seat 2: ga25x (260 in chips) 
Seat 3: Thanos_Stou (495 in chips) 
Thanos_Stou: posts small blind 15
Mahu2021: posts big blind 30
*** HOLE CARDS ***
Dealt to Mahu2021 [As Qc]
ga25x: folds 
Thanos_Stou: raises 30 to 60
Mahu2021: raises 685 to 745 and is all-in
Thanos_Stou: calls 435 and is all-in
Uncalled bet (250) returned to Mahu2021
*** FLOP *** [7d 5c 2c]
*** TURN *** [7d 5c 2c] [Qd]
*** RIVER *** [7d 5c 2c Qd] [8c]
*** SHOW DOWN ***
Thanos_Stou: shows [Qh Js] (a pair of Queens)
Mahu2021: shows [As Qc] (a pair of Queens - Ace kicker)
Mahu2021 collected 990 from pot
Thanos_Stou finished the tournament in 3rd place
*** SUMMARY ***
Total pot 990 | Rake 0 
Board [7d 5c 2c Qd 8c]
Seat 1: Mahu2021 (big blind) showed [As Qc] and won (990) with a pair of Queens
Seat 2: ga25x (button) folded before Flop (didn't bet)
Seat 3: Thanos_Stou (small blind) showed [Qh Js] and lost with a pair of Queens



PokerStars Hand #247753228540: Tournament #3688661953, $1.84+$0.16 USD Hold'em No Limit - Level II (15/30) - 2023/12/19 20:32:09 CET [2023/12/19 14:32:09 ET]
Table '3688661953 1' 3-max Seat #1 is the button
Seat 1: Mahu2021 (1240 in chips) 
Seat 2: ga25x (260 in chips) 
Mahu2021: posts small blind 15
ga25x: posts big blind 30
*** HOLE CARDS ***
Dealt to Mahu2021 [4s Kh]
Mahu2021: calls 15
ga25x: raises 230 to 260 and is all-in
Mahu2021: folds 
Uncalled bet (230) returned to ga25x
ga25x collected 60 from pot
ga25x: doesn't show hand 
*** SUMMARY ***
Total pot 60 | Rake 0 
Seat 1: Mahu2021 (button) (small blind) folded before Flop
Seat 2: ga25x (big blind) collected (60)



PokerStars Hand #247753231930: Tournament #3688661953, $1.84+$0.16 USD Hold'em No Limit - Level II (15/30) - 2023/12/19 20:32:20 CET [2023/12/19 14:32:20 ET]
Table '3688661953 1' 3-max Seat #2 is the button
Seat 1: Mahu2021 (1210 in chips) 
Seat 2: ga25x (290 in chips) 
ga25x: posts small blind 15
Mahu2021: posts big blind 30
*** HOLE CARDS ***
Dealt to Mahu2021 [2s 8d]
ga25x: folds 
Uncalled bet (15) returned to Mahu2021
Mahu2021 collected 30 from pot
Mahu2021: doesn't show hand 
*** SUMMARY ***
Total pot 30 | Rake 0 
Seat 1: Mahu2021 (big blind) collected (30)
Seat 2: ga25x (button) (small blind) folded before Flop



PokerStars Hand #247753233608: Tournament #3688661953, $1.84+$0.16 USD Hold'em No Limit - Level II (15/30) - 2023/12/19 20:32:25 CET [2023/12/19 14:32:25 ET]
Table '3688661953 1' 3-max Seat #1 is the button
Seat 1: Mahu2021 (1225 in chips) 
Seat 2: ga25x (275 in chips) 
Mahu2021: posts small blind 15
ga25x: posts big blind 30
*** HOLE CARDS ***
Dealt to Mahu2021 [9c Kh]
Mahu2021: raises 30 to 60
ga25x: folds 
Uncalled bet (30) returned to Mahu2021
Mahu2021 collected 60 from pot
Mahu2021: doesn't show hand 
*** SUMMARY ***
Total pot 60 | Rake 0 
Seat 1: Mahu2021 (button) (small blind) collected (60)
Seat 2: ga25x (big blind) folded before Flop



PokerStars Hand #247753235542: Tournament #3688661953, $1.84+$0.16 USD Hold'em No Limit - Level II (15/30) - 2023/12/19 20:32:31 CET [2023/12/19 14:32:31 ET]
Table '3688661953 1' 3-max Seat #2 is the button
Seat 1: Mahu2021 (1255 in chips) 
Seat 2: ga25x (245 in chips) 
ga25x: posts small blind 15
Mahu2021: posts big blind 30
*** HOLE CARDS ***
Dealt to Mahu2021 [8s Js]
ga25x: folds 
Uncalled bet (15) returned to Mahu2021
Mahu2021 collected 30 from pot
Mahu2021: doesn't show hand 
*** SUMMARY ***
Total pot 30 | Rake 0 
Seat 1: Mahu2021 (big blind) collected (30)
Seat 2: ga25x (button) (small blind) folded before Flop



PokerStars Hand #247753237155: Tournament #3688661953, $1.84+$0.16 USD Hold'em No Limit - Level II (15/30) - 2023/12/19 20:32:36 CET [2023/12/19 14:32:36 ET]
Table '3688661953 1' 3-max Seat #1 is the button
Seat 1: Mahu2021 (1270 in chips) 
Seat 2: ga25x (230 in chips) 
Mahu2021: posts small blind 15
ga25x: posts big blind 30
*** HOLE CARDS ***
Dealt to Mahu2021 [Td 5s]
Mahu2021: calls 15
ga25x: checks 
*** FLOP *** [6c Kc Ts]
ga25x: checks 
Mahu2021: bets 30
ga25x: folds 
Uncalled bet (30) returned to Mahu2021
Mahu2021 collected 60 from pot
Mahu2021: doesn't show hand 
*** SUMMARY ***
Total pot 60 | Rake 0 
Board [6c Kc Ts]
Seat 1: Mahu2021 (button) (small blind) collected (60)
Seat 2: ga25x (big blind) folded on the Flop



PokerStars Hand #247753241549: Tournament #3688661953, $1.84+$0.16 USD Hold'em No Limit - Level II (15/30) - 2023/12/19 20:32:49 CET [2023/12/19 14:32:49 ET]
Table '3688661953 1' 3-max Seat #2 is the button
Seat 1: Mahu2021 (1300 in chips) 
Seat 2: ga25x (200 in chips) 
ga25x: posts small blind 15
Mahu2021: posts big blind 30
*** HOLE CARDS ***
Dealt to Mahu2021 [6c 5d]
ga25x: folds 
Uncalled bet (15) returned to Mahu2021
Mahu2021 collected 30 from pot
Mahu2021: doesn't show hand 
*** SUMMARY ***
Total pot 30 | Rake 0 
Seat 1: Mahu2021 (big blind) collected (30)
Seat 2: ga25x (button) (small blind) folded before Flop



PokerStars Hand #247753243132: Tournament #3688661953, $1.84+$0.16 USD Hold'em No Limit - Level II (15/30) - 2023/12/19 20:32:54 CET [2023/12/19 14:32:54 ET]
Table '3688661953 1' 3-max Seat #1 is the button
Seat 1: Mahu2021 (1315 in chips) 
Seat 2: ga25x (185 in chips) 
Mahu2021: posts small blind 15
ga25x: posts big blind 30
*** HOLE CARDS ***
Dealt to Mahu2021 [2s Kh]
Mahu2021: calls 15
ga25x: checks 
*** FLOP *** [8h 3d 6c]
ga25x: bets 155 and is all-in
Mahu2021: folds 
Uncalled bet (155) returned to ga25x
ga25x collected 60 from pot
ga25x: doesn't show hand 
*** SUMMARY ***
Total pot 60 | Rake 0 
Board [8h 3d 6c]
Seat 1: Mahu2021 (button) (small blind) folded on the Flop
Seat 2: ga25x (big blind) collected (60)



PokerStars Hand #247753249041: Tournament #3688661953, $1.84+$0.16 USD Hold'em No Limit - Level II (15/30) - 2023/12/19 20:33:13 CET [2023/12/19 14:33:13 ET]
Table '3688661953 1' 3-max Seat #2 is the button
Seat 1: Mahu2021 (1285 in chips) 
Seat 2: ga25x (215 in chips) 
ga25x: posts small blind 15
Mahu2021: posts big blind 30
*** HOLE CARDS ***
Dealt to Mahu2021 [5s Kh]
ga25x: folds 
Uncalled bet (15) returned to Mahu2021
Mahu2021 collected 30 from pot
Mahu2021: doesn't show hand 
*** SUMMARY ***
Total pot 30 | Rake 0 
Seat 1: Mahu2021 (big blind) collected (30)
Seat 2: ga25x (button) (small blind) folded before Flop



PokerStars Hand #247753250882: Tournament #3688661953, $1.84+$0.16 USD Hold'em No Limit - Level II (15/30) - 2023/12/19 20:33:19 CET [2023/12/19 14:33:19 ET]
Table '3688661953 1' 3-max Seat #1 is the button
Seat 1: Mahu2021 (1300 in chips) 
Seat 2: ga25x (200 in chips) 
Mahu2021: posts small blind 15
ga25x: posts big blind 30
*** HOLE CARDS ***
Dealt to Mahu2021 [Ah 8d]
Mahu2021: raises 1270 to 1300 and is all-in
ga25x: folds 
Uncalled bet (1270) returned to Mahu2021
Mahu2021 collected 60 from pot
Mahu2021: doesn't show hand 
*** SUMMARY ***
Total pot 60 | Rake 0 
Seat 1: Mahu2021 (button) (small blind) collected (60)
Seat 2: ga25x (big blind) folded before Flop



PokerStars Hand #247753254406: Tournament #3688661953, $1.84+$0.16 USD Hold'em No Limit - Level III (20/40) - 2023/12/19 20:33:30 CET [2023/12/19 14:33:30 ET]
Table '3688661953 1' 3-max Seat #2 is the button
Seat 1: Mahu2021 (1330 in chips) 
Seat 2: ga25x (170 in chips) 
ga25x: posts small blind 20
Mahu2021: posts big blind 40
*** HOLE CARDS ***
Dealt to Mahu2021 [Kc 2d]
ga25x: folds 
Uncalled bet (20) returned to Mahu2021
Mahu2021 collected 40 from pot
Mahu2021: doesn't show hand 
*** SUMMARY ***
Total pot 40 | Rake 0 
Seat 1: Mahu2021 (big blind) collected (40)
Seat 2: ga25x (button) (small blind) folded before Flop



PokerStars Hand #247753255983: Tournament #3688661953, $1.84+$0.16 USD Hold'em No Limit - Level III (20/40) - 2023/12/19 20:33:34 CET [2023/12/19 14:33:34 ET]
Table '3688661953 1' 3-max Seat #1 is the button
Seat 1: Mahu2021 (1350 in chips) 
Seat 2: ga25x (150 in chips) 
Mahu2021: posts small blind 20
ga25x: posts big blind 40
*** HOLE CARDS ***
Dealt to Mahu2021 [8c 4c]
Mahu2021: raises 1310 to 1350 and is all-in
ga25x: folds 
Uncalled bet (1310) returned to Mahu2021
Mahu2021 collected 80 from pot
Mahu2021: doesn't show hand 
*** SUMMARY ***
Total pot 80 | Rake 0 
Seat 1: Mahu2021 (button) (small blind) collected (80)
Seat 2: ga25x (big blind) folded before Flop



PokerStars Hand #247753258208: Tournament #3688661953, $1.84+$0.16 USD Hold'em No Limit - Level III (20/40) - 2023/12/19 20:33:41 CET [2023/12/19 14:33:41 ET]
Table '3688661953 1' 3-max Seat #2 is the button
Seat 1: Mahu2021 (1390 in chips) 
Seat 2: ga25x (110 in chips) 
ga25x: posts small blind 20
Mahu2021: posts big blind 40
*** HOLE CARDS ***
Dealt to Mahu2021 [9s 2s]
ga25x: raises 70 to 110 and is all-in
Mahu2021: folds 
Uncalled bet (70) returned to ga25x
ga25x collected 80 from pot
ga25x: doesn't show hand 
*** SUMMARY ***
Total pot 80 | Rake 0 
Seat 1: Mahu2021 (big blind) folded before Flop
Seat 2: ga25x (button) (small blind) collected (80)



PokerStars Hand #247753260357: Tournament #3688661953, $1.84+$0.16 USD Hold'em No Limit - Level III (20/40) - 2023/12/19 20:33:48 CET [2023/12/19 14:33:48 ET]
Table '3688661953 1' 3-max Seat #1 is the button
Seat 1: Mahu2021 (1350 in chips) 
Seat 2: ga25x (150 in chips) 
Mahu2021: posts small blind 20
ga25x: posts big blind 40
*** HOLE CARDS ***
Dealt to Mahu2021 [9h 9c]
Mahu2021: calls 20
ga25x: raises 110 to 150 and is all-in
Mahu2021: calls 110
*** FLOP *** [Qs 4s Td]
*** TURN *** [Qs 4s Td] [Qd]
*** RIVER *** [Qs 4s Td Qd] [5d]
*** SHOW DOWN ***
ga25x: shows [5c 4c] (two pair, Queens and Fives)
Mahu2021: shows [9h 9c] (two pair, Queens and Nines)
Mahu2021 collected 300 from pot
ga25x finished the tournament in 2nd place
Mahu2021 wins the tournament and receives $6.00 - congratulations!
*** SUMMARY ***
Total pot 300 | Rake 0 
Board [Qs 4s Td Qd 5d]
Seat 1: Mahu2021 (button) (small blind) showed [9h 9c] and won (300) with two pair, Queens and Nines
Seat 2: ga25x (big blind) showed [5c 4c] and lost with two pair, Queens and Fives



