PokerStars Hand #251596405650: Tournament #3780313195, $9.30+$0.70 USD Hold'em No Limit - Level I (10/20) - 2024/07/21 17:34:49 CET [2024/07/21 11:34:49 ET]
Table '3780313195 1' 3-max Seat #1 is the button
Seat 1: yjdbxtr (500 in chips) 
Seat 2: divo49 (500 in chips) 
Seat 3: Mahu2021 (500 in chips) 
divo49: posts small blind 10
Mahu2021: posts big blind 20
*** HOLE CARDS ***
Dealt to Mahu2021 [3s Th]
yjdbxtr: folds 
divo49: folds 
Uncalled bet (10) returned to Mahu2021
Mahu2021 collected 20 from pot
Mahu2021: doesn't show hand 
*** SUMMARY ***
Total pot 20 | Rake 0 
Seat 1: yjdbxtr (button) folded before Flop (didn't bet)
Seat 2: divo49 (small blind) folded before Flop
Seat 3: Mahu2021 (big blind) collected (20)



PokerStars Hand #251596407144: Tournament #3780313195, $9.30+$0.70 USD Hold'em No Limit - Level I (10/20) - 2024/07/21 17:34:54 CET [2024/07/21 11:34:54 ET]
Table '3780313195 1' 3-max Seat #2 is the button
Seat 1: yjdbxtr (500 in chips) 
Seat 2: divo49 (490 in chips) 
Seat 3: Mahu2021 (510 in chips) 
Mahu2021: posts small blind 10
yjdbxtr: posts big blind 20
*** HOLE CARDS ***
Dealt to Mahu2021 [9c Th]
divo49: calls 20
Mahu2021: calls 10
yjdbxtr: raises 480 to 500 and is all-in
divo49: folds 
Mahu2021: folds 
Uncalled bet (480) returned to yjdbxtr
yjdbxtr collected 60 from pot
yjdbxtr: doesn't show hand 
*** SUMMARY ***
Total pot 60 | Rake 0 
Seat 1: yjdbxtr (big blind) collected (60)
Seat 2: divo49 (button) folded before Flop
Seat 3: Mahu2021 (small blind) folded before Flop



PokerStars Hand #251596410194: Tournament #3780313195, $9.30+$0.70 USD Hold'em No Limit - Level I (10/20) - 2024/07/21 17:35:06 CET [2024/07/21 11:35:06 ET]
Table '3780313195 1' 3-max Seat #3 is the button
Seat 1: yjdbxtr (540 in chips) 
Seat 2: divo49 (470 in chips) 
Seat 3: Mahu2021 (490 in chips) 
yjdbxtr: posts small blind 10
divo49: posts big blind 20
*** HOLE CARDS ***
Dealt to Mahu2021 [9c 6d]
Mahu2021: folds 
yjdbxtr: raises 20 to 40
divo49: calls 20
*** FLOP *** [4h 9s Jd]
yjdbxtr: bets 20
divo49: folds 
Uncalled bet (20) returned to yjdbxtr
yjdbxtr collected 80 from pot
yjdbxtr: doesn't show hand 
*** SUMMARY ***
Total pot 80 | Rake 0 
Board [4h 9s Jd]
Seat 1: yjdbxtr (small blind) collected (80)
Seat 2: divo49 (big blind) folded on the Flop
Seat 3: Mahu2021 (button) folded before Flop (didn't bet)



PokerStars Hand #251596417449: Tournament #3780313195, $9.30+$0.70 USD Hold'em No Limit - Level I (10/20) - 2024/07/21 17:35:32 CET [2024/07/21 11:35:32 ET]
Table '3780313195 1' 3-max Seat #1 is the button
Seat 1: yjdbxtr (580 in chips) 
Seat 2: divo49 (430 in chips) 
Seat 3: Mahu2021 (490 in chips) 
divo49: posts small blind 10
Mahu2021: posts big blind 20
*** HOLE CARDS ***
Dealt to Mahu2021 [8h 5h]
yjdbxtr: folds 
divo49: calls 10
Mahu2021: checks 
*** FLOP *** [Kd Jh 6c]
divo49: checks 
Mahu2021: checks 
*** TURN *** [Kd Jh 6c] [4d]
divo49: checks 
Mahu2021: bets 20
divo49: folds 
Uncalled bet (20) returned to Mahu2021
Mahu2021 collected 40 from pot
Mahu2021: doesn't show hand 
*** SUMMARY ***
Total pot 40 | Rake 0 
Board [Kd Jh 6c 4d]
Seat 1: yjdbxtr (button) folded before Flop (didn't bet)
Seat 2: divo49 (small blind) folded on the Turn
Seat 3: Mahu2021 (big blind) collected (40)



PokerStars Hand #251596423463: Tournament #3780313195, $9.30+$0.70 USD Hold'em No Limit - Level I (10/20) - 2024/07/21 17:35:55 CET [2024/07/21 11:35:55 ET]
Table '3780313195 1' 3-max Seat #2 is the button
Seat 1: yjdbxtr (580 in chips) 
Seat 2: divo49 (410 in chips) 
Seat 3: Mahu2021 (510 in chips) 
Mahu2021: posts small blind 10
yjdbxtr: posts big blind 20
*** HOLE CARDS ***
Dealt to Mahu2021 [Jc 8h]
divo49: folds 
Mahu2021: raises 20 to 40
yjdbxtr: folds 
Uncalled bet (20) returned to Mahu2021
Mahu2021 collected 40 from pot
Mahu2021: doesn't show hand 
*** SUMMARY ***
Total pot 40 | Rake 0 
Seat 1: yjdbxtr (big blind) folded before Flop
Seat 2: divo49 (button) folded before Flop (didn't bet)
Seat 3: Mahu2021 (small blind) collected (40)



PokerStars Hand #251596425931: Tournament #3780313195, $9.30+$0.70 USD Hold'em No Limit - Level I (10/20) - 2024/07/21 17:36:04 CET [2024/07/21 11:36:04 ET]
Table '3780313195 1' 3-max Seat #3 is the button
Seat 1: yjdbxtr (560 in chips) 
Seat 2: divo49 (410 in chips) 
Seat 3: Mahu2021 (530 in chips) 
yjdbxtr: posts small blind 10
divo49: posts big blind 20
*** HOLE CARDS ***
Dealt to Mahu2021 [Ts 3d]
Mahu2021: folds 
yjdbxtr: folds 
Uncalled bet (10) returned to divo49
divo49 collected 20 from pot
*** SUMMARY ***
Total pot 20 | Rake 0 
Seat 1: yjdbxtr (small blind) folded before Flop
Seat 2: divo49 (big blind) collected (20)
Seat 3: Mahu2021 (button) folded before Flop (didn't bet)



PokerStars Hand #251596427793: Tournament #3780313195, $9.30+$0.70 USD Hold'em No Limit - Level I (10/20) - 2024/07/21 17:36:10 CET [2024/07/21 11:36:10 ET]
Table '3780313195 1' 3-max Seat #1 is the button
Seat 1: yjdbxtr (550 in chips) 
Seat 2: divo49 (420 in chips) 
Seat 3: Mahu2021 (530 in chips) 
divo49: posts small blind 10
Mahu2021: posts big blind 20
*** HOLE CARDS ***
Dealt to Mahu2021 [5s 6c]
yjdbxtr: raises 20 to 40
divo49: calls 30
Mahu2021: calls 20
*** FLOP *** [Jc 5d 6h]
divo49: bets 20
Mahu2021: calls 20
yjdbxtr: calls 20
*** TURN *** [Jc 5d 6h] [Jd]
divo49: bets 20
Mahu2021: calls 20
yjdbxtr: calls 20
*** RIVER *** [Jc 5d 6h Jd] [3h]
divo49: bets 340 and is all-in
Mahu2021: folds 
yjdbxtr: folds 
Uncalled bet (340) returned to divo49
divo49 collected 240 from pot
*** SUMMARY ***
Total pot 240 | Rake 0 
Board [Jc 5d 6h Jd 3h]
Seat 1: yjdbxtr (button) folded on the River
Seat 2: divo49 (small blind) collected (240)
Seat 3: Mahu2021 (big blind) folded on the River



PokerStars Hand #251596437880: Tournament #3780313195, $9.30+$0.70 USD Hold'em No Limit - Level I (10/20) - 2024/07/21 17:36:47 CET [2024/07/21 11:36:47 ET]
Table '3780313195 1' 3-max Seat #2 is the button
Seat 1: yjdbxtr (470 in chips) 
Seat 2: divo49 (580 in chips) 
Seat 3: Mahu2021 (450 in chips) 
Mahu2021: posts small blind 10
yjdbxtr: posts big blind 20
*** HOLE CARDS ***
Dealt to Mahu2021 [Jc 9c]
divo49: folds 
Mahu2021: calls 10
yjdbxtr: raises 450 to 470 and is all-in
Mahu2021: folds 
Uncalled bet (450) returned to yjdbxtr
yjdbxtr collected 40 from pot
yjdbxtr: doesn't show hand 
*** SUMMARY ***
Total pot 40 | Rake 0 
Seat 1: yjdbxtr (big blind) collected (40)
Seat 2: divo49 (button) folded before Flop (didn't bet)
Seat 3: Mahu2021 (small blind) folded before Flop



PokerStars Hand #251596441631: Tournament #3780313195, $9.30+$0.70 USD Hold'em No Limit - Level II (15/30) - 2024/07/21 17:37:00 CET [2024/07/21 11:37:00 ET]
Table '3780313195 1' 3-max Seat #3 is the button
Seat 1: yjdbxtr (490 in chips) 
Seat 2: divo49 (580 in chips) 
Seat 3: Mahu2021 (430 in chips) 
yjdbxtr: posts small blind 15
divo49: posts big blind 30
*** HOLE CARDS ***
Dealt to Mahu2021 [Kd 8h]
Mahu2021: calls 30
yjdbxtr: folds 
divo49: checks 
*** FLOP *** [8c 5c Kh]
divo49: bets 30
Mahu2021: raises 90 to 120
divo49: folds 
Uncalled bet (90) returned to Mahu2021
Mahu2021 collected 135 from pot
Mahu2021: doesn't show hand 
*** SUMMARY ***
Total pot 135 | Rake 0 
Board [8c 5c Kh]
Seat 1: yjdbxtr (small blind) folded before Flop
Seat 2: divo49 (big blind) folded on the Flop
Seat 3: Mahu2021 (button) collected (135)



PokerStars Hand #251596449026: Tournament #3780313195, $9.30+$0.70 USD Hold'em No Limit - Level II (15/30) - 2024/07/21 17:37:27 CET [2024/07/21 11:37:27 ET]
Table '3780313195 1' 3-max Seat #1 is the button
Seat 1: yjdbxtr (475 in chips) 
Seat 2: divo49 (520 in chips) 
Seat 3: Mahu2021 (505 in chips) 
divo49: posts small blind 15
Mahu2021: posts big blind 30
*** HOLE CARDS ***
Dealt to Mahu2021 [2h Js]
yjdbxtr: raises 30 to 60
divo49: folds 
Mahu2021: calls 30
*** FLOP *** [Td 9d 4s]
Mahu2021: checks 
yjdbxtr: bets 34
Mahu2021: folds 
Uncalled bet (34) returned to yjdbxtr
yjdbxtr collected 135 from pot
yjdbxtr: doesn't show hand 
*** SUMMARY ***
Total pot 135 | Rake 0 
Board [Td 9d 4s]
Seat 1: yjdbxtr (button) collected (135)
Seat 2: divo49 (small blind) folded before Flop
Seat 3: Mahu2021 (big blind) folded on the Flop



PokerStars Hand #251596455658: Tournament #3780313195, $9.30+$0.70 USD Hold'em No Limit - Level II (15/30) - 2024/07/21 17:37:51 CET [2024/07/21 11:37:51 ET]
Table '3780313195 1' 3-max Seat #2 is the button
Seat 1: yjdbxtr (550 in chips) 
Seat 2: divo49 (505 in chips) 
Seat 3: Mahu2021 (445 in chips) 
Mahu2021: posts small blind 15
yjdbxtr: posts big blind 30
*** HOLE CARDS ***
Dealt to Mahu2021 [7h 7c]
divo49: folds 
Mahu2021: raises 415 to 445 and is all-in
yjdbxtr: folds 
Uncalled bet (415) returned to Mahu2021
Mahu2021 collected 60 from pot
Mahu2021: doesn't show hand 
*** SUMMARY ***
Total pot 60 | Rake 0 
Seat 1: yjdbxtr (big blind) folded before Flop
Seat 2: divo49 (button) folded before Flop (didn't bet)
Seat 3: Mahu2021 (small blind) collected (60)



PokerStars Hand #251596458937: Tournament #3780313195, $9.30+$0.70 USD Hold'em No Limit - Level II (15/30) - 2024/07/21 17:38:03 CET [2024/07/21 11:38:03 ET]
Table '3780313195 1' 3-max Seat #3 is the button
Seat 1: yjdbxtr (520 in chips) 
Seat 2: divo49 (505 in chips) 
Seat 3: Mahu2021 (475 in chips) 
yjdbxtr: posts small blind 15
divo49: posts big blind 30
*** HOLE CARDS ***
Dealt to Mahu2021 [Qs 9s]
Mahu2021: calls 30
yjdbxtr: raises 60 to 90
divo49: raises 415 to 505 and is all-in
Mahu2021: folds 
yjdbxtr: folds 
Uncalled bet (415) returned to divo49
divo49 collected 210 from pot
*** SUMMARY ***
Total pot 210 | Rake 0 
Seat 1: yjdbxtr (small blind) folded before Flop
Seat 2: divo49 (big blind) collected (210)
Seat 3: Mahu2021 (button) folded before Flop



PokerStars Hand #251596463688: Tournament #3780313195, $9.30+$0.70 USD Hold'em No Limit - Level II (15/30) - 2024/07/21 17:38:20 CET [2024/07/21 11:38:20 ET]
Table '3780313195 1' 3-max Seat #1 is the button
Seat 1: yjdbxtr (430 in chips) 
Seat 2: divo49 (625 in chips) 
Seat 3: Mahu2021 (445 in chips) 
divo49: posts small blind 15
Mahu2021: posts big blind 30
*** HOLE CARDS ***
Dealt to Mahu2021 [6s 2s]
yjdbxtr: raises 400 to 430 and is all-in
divo49: folds 
Mahu2021: folds 
Uncalled bet (400) returned to yjdbxtr
yjdbxtr collected 75 from pot
yjdbxtr: doesn't show hand 
*** SUMMARY ***
Total pot 75 | Rake 0 
Seat 1: yjdbxtr (button) collected (75)
Seat 2: divo49 (small blind) folded before Flop
Seat 3: Mahu2021 (big blind) folded before Flop



PokerStars Hand #251596466199: Tournament #3780313195, $9.30+$0.70 USD Hold'em No Limit - Level II (15/30) - 2024/07/21 17:38:29 CET [2024/07/21 11:38:29 ET]
Table '3780313195 1' 3-max Seat #2 is the button
Seat 1: yjdbxtr (475 in chips) 
Seat 2: divo49 (610 in chips) 
Seat 3: Mahu2021 (415 in chips) 
Mahu2021: posts small blind 15
yjdbxtr: posts big blind 30
*** HOLE CARDS ***
Dealt to Mahu2021 [5s 3s]
divo49: calls 30
Mahu2021: calls 15
yjdbxtr: raises 445 to 475 and is all-in
divo49: folds 
Mahu2021: folds 
Uncalled bet (445) returned to yjdbxtr
yjdbxtr collected 90 from pot
yjdbxtr: doesn't show hand 
*** SUMMARY ***
Total pot 90 | Rake 0 
Seat 1: yjdbxtr (big blind) collected (90)
Seat 2: divo49 (button) folded before Flop
Seat 3: Mahu2021 (small blind) folded before Flop



PokerStars Hand #251596470267: Tournament #3780313195, $9.30+$0.70 USD Hold'em No Limit - Level II (15/30) - 2024/07/21 17:38:44 CET [2024/07/21 11:38:44 ET]
Table '3780313195 1' 3-max Seat #3 is the button
Seat 1: yjdbxtr (535 in chips) 
Seat 2: divo49 (580 in chips) 
Seat 3: Mahu2021 (385 in chips) 
yjdbxtr: posts small blind 15
divo49: posts big blind 30
*** HOLE CARDS ***
Dealt to Mahu2021 [7s Ks]
Mahu2021: calls 30
yjdbxtr: folds 
divo49: checks 
*** FLOP *** [Jh 6d 8d]
divo49: checks 
Mahu2021: checks 
*** TURN *** [Jh 6d 8d] [5d]
divo49: bets 30
Mahu2021: folds 
Uncalled bet (30) returned to divo49
divo49 collected 75 from pot
*** SUMMARY ***
Total pot 75 | Rake 0 
Board [Jh 6d 8d 5d]
Seat 1: yjdbxtr (small blind) folded before Flop
Seat 2: divo49 (big blind) collected (75)
Seat 3: Mahu2021 (button) folded on the Turn



PokerStars Hand #251596475241: Tournament #3780313195, $9.30+$0.70 USD Hold'em No Limit - Level III (20/40) - 2024/07/21 17:39:02 CET [2024/07/21 11:39:02 ET]
Table '3780313195 1' 3-max Seat #1 is the button
Seat 1: yjdbxtr (520 in chips) 
Seat 2: divo49 (625 in chips) 
Seat 3: Mahu2021 (355 in chips) 
divo49: posts small blind 20
Mahu2021: posts big blind 40
*** HOLE CARDS ***
Dealt to Mahu2021 [Kh Jd]
yjdbxtr: folds 
divo49: calls 20
Mahu2021: checks 
*** FLOP *** [3h Tc Kd]
divo49: bets 40
Mahu2021: calls 40
*** TURN *** [3h Tc Kd] [8s]
divo49: checks 
Mahu2021: checks 
*** RIVER *** [3h Tc Kd 8s] [Ah]
divo49: checks 
Mahu2021: bets 40
divo49: folds 
Uncalled bet (40) returned to Mahu2021
Mahu2021 collected 160 from pot
Mahu2021: doesn't show hand 
*** SUMMARY ***
Total pot 160 | Rake 0 
Board [3h Tc Kd 8s Ah]
Seat 1: yjdbxtr (button) folded before Flop (didn't bet)
Seat 2: divo49 (small blind) folded on the River
Seat 3: Mahu2021 (big blind) collected (160)



PokerStars Hand #251596480934: Tournament #3780313195, $9.30+$0.70 USD Hold'em No Limit - Level III (20/40) - 2024/07/21 17:39:23 CET [2024/07/21 11:39:23 ET]
Table '3780313195 1' 3-max Seat #2 is the button
Seat 1: yjdbxtr (520 in chips) 
Seat 2: divo49 (545 in chips) 
Seat 3: Mahu2021 (435 in chips) 
Mahu2021: posts small blind 20
yjdbxtr: posts big blind 40
*** HOLE CARDS ***
Dealt to Mahu2021 [8h 6h]
divo49: raises 100 to 140
Mahu2021: folds 
yjdbxtr: folds 
Uncalled bet (100) returned to divo49
divo49 collected 100 from pot
*** SUMMARY ***
Total pot 100 | Rake 0 
Seat 1: yjdbxtr (big blind) folded before Flop
Seat 2: divo49 (button) collected (100)
Seat 3: Mahu2021 (small blind) folded before Flop



PokerStars Hand #251596483702: Tournament #3780313195, $9.30+$0.70 USD Hold'em No Limit - Level III (20/40) - 2024/07/21 17:39:33 CET [2024/07/21 11:39:33 ET]
Table '3780313195 1' 3-max Seat #3 is the button
Seat 1: yjdbxtr (480 in chips) 
Seat 2: divo49 (605 in chips) 
Seat 3: Mahu2021 (415 in chips) 
yjdbxtr: posts small blind 20
divo49: posts big blind 40
*** HOLE CARDS ***
Dealt to Mahu2021 [7h As]
Mahu2021: calls 40
yjdbxtr: calls 20
divo49: raises 565 to 605 and is all-in
Mahu2021: folds 
yjdbxtr: folds 
Uncalled bet (565) returned to divo49
divo49 collected 120 from pot
*** SUMMARY ***
Total pot 120 | Rake 0 
Seat 1: yjdbxtr (small blind) folded before Flop
Seat 2: divo49 (big blind) collected (120)
Seat 3: Mahu2021 (button) folded before Flop



PokerStars Hand #251596490066: Tournament #3780313195, $9.30+$0.70 USD Hold'em No Limit - Level III (20/40) - 2024/07/21 17:39:56 CET [2024/07/21 11:39:56 ET]
Table '3780313195 1' 3-max Seat #1 is the button
Seat 1: yjdbxtr (440 in chips) 
Seat 2: divo49 (685 in chips) 
Seat 3: Mahu2021 (375 in chips) 
divo49: posts small blind 20
Mahu2021: posts big blind 40
*** HOLE CARDS ***
Dealt to Mahu2021 [7d 5d]
yjdbxtr: folds 
divo49: calls 20
Mahu2021: checks 
*** FLOP *** [5c 9h As]
divo49: bets 80
Mahu2021: folds 
Uncalled bet (80) returned to divo49
divo49 collected 80 from pot
*** SUMMARY ***
Total pot 80 | Rake 0 
Board [5c 9h As]
Seat 1: yjdbxtr (button) folded before Flop (didn't bet)
Seat 2: divo49 (small blind) collected (80)
Seat 3: Mahu2021 (big blind) folded on the Flop



PokerStars Hand #251596493896: Tournament #3780313195, $9.30+$0.70 USD Hold'em No Limit - Level III (20/40) - 2024/07/21 17:40:10 CET [2024/07/21 11:40:10 ET]
Table '3780313195 1' 3-max Seat #2 is the button
Seat 1: yjdbxtr (440 in chips) 
Seat 2: divo49 (725 in chips) 
Seat 3: Mahu2021 (335 in chips) 
Mahu2021: posts small blind 20
yjdbxtr: posts big blind 40
*** HOLE CARDS ***
Dealt to Mahu2021 [Tc 8d]
divo49: calls 40
Mahu2021: folds 
yjdbxtr: raises 400 to 440 and is all-in
divo49: folds 
Uncalled bet (400) returned to yjdbxtr
yjdbxtr collected 100 from pot
yjdbxtr: doesn't show hand 
*** SUMMARY ***
Total pot 100 | Rake 0 
Seat 1: yjdbxtr (big blind) collected (100)
Seat 2: divo49 (button) folded before Flop
Seat 3: Mahu2021 (small blind) folded before Flop



PokerStars Hand #251596498981: Tournament #3780313195, $9.30+$0.70 USD Hold'em No Limit - Level III (20/40) - 2024/07/21 17:40:28 CET [2024/07/21 11:40:28 ET]
Table '3780313195 1' 3-max Seat #3 is the button
Seat 1: yjdbxtr (500 in chips) 
Seat 2: divo49 (685 in chips) 
Seat 3: Mahu2021 (315 in chips) 
yjdbxtr: posts small blind 20
divo49: posts big blind 40
*** HOLE CARDS ***
Dealt to Mahu2021 [9h 4h]
Mahu2021: folds 
yjdbxtr: raises 40 to 80
divo49: folds 
Uncalled bet (40) returned to yjdbxtr
yjdbxtr collected 80 from pot
yjdbxtr: doesn't show hand 
*** SUMMARY ***
Total pot 80 | Rake 0 
Seat 1: yjdbxtr (small blind) collected (80)
Seat 2: divo49 (big blind) folded before Flop
Seat 3: Mahu2021 (button) folded before Flop (didn't bet)



PokerStars Hand #251596502304: Tournament #3780313195, $9.30+$0.70 USD Hold'em No Limit - Level III (20/40) - 2024/07/21 17:40:40 CET [2024/07/21 11:40:40 ET]
Table '3780313195 1' 3-max Seat #1 is the button
Seat 1: yjdbxtr (540 in chips) 
Seat 2: divo49 (645 in chips) 
Seat 3: Mahu2021 (315 in chips) 
divo49: posts small blind 20
Mahu2021: posts big blind 40
*** HOLE CARDS ***
Dealt to Mahu2021 [4s 2s]
yjdbxtr: folds 
divo49: calls 20
Mahu2021: checks 
*** FLOP *** [3s Ks Ah]
divo49: checks 
Mahu2021: bets 40
divo49: folds 
Uncalled bet (40) returned to Mahu2021
Mahu2021 collected 80 from pot
Mahu2021: doesn't show hand 
*** SUMMARY ***
Total pot 80 | Rake 0 
Board [3s Ks Ah]
Seat 1: yjdbxtr (button) folded before Flop (didn't bet)
Seat 2: divo49 (small blind) folded on the Flop
Seat 3: Mahu2021 (big blind) collected (80)



PokerStars Hand #251596506512: Tournament #3780313195, $9.30+$0.70 USD Hold'em No Limit - Level IV (30/60) - 2024/07/21 17:40:55 CET [2024/07/21 11:40:55 ET]
Table '3780313195 1' 3-max Seat #2 is the button
Seat 1: yjdbxtr (540 in chips) 
Seat 2: divo49 (605 in chips) 
Seat 3: Mahu2021 (355 in chips) 
Mahu2021: posts small blind 30
yjdbxtr: posts big blind 60
*** HOLE CARDS ***
Dealt to Mahu2021 [Tc 2c]
divo49: folds 
Mahu2021: folds 
Uncalled bet (30) returned to yjdbxtr
yjdbxtr collected 60 from pot
yjdbxtr: doesn't show hand 
*** SUMMARY ***
Total pot 60 | Rake 0 
Seat 1: yjdbxtr (big blind) collected (60)
Seat 2: divo49 (button) folded before Flop (didn't bet)
Seat 3: Mahu2021 (small blind) folded before Flop



PokerStars Hand #251596507845: Tournament #3780313195, $9.30+$0.70 USD Hold'em No Limit - Level IV (30/60) - 2024/07/21 17:41:00 CET [2024/07/21 11:41:00 ET]
Table '3780313195 1' 3-max Seat #3 is the button
Seat 1: yjdbxtr (570 in chips) 
Seat 2: divo49 (605 in chips) 
Seat 3: Mahu2021 (325 in chips) 
yjdbxtr: posts small blind 30
divo49: posts big blind 60
*** HOLE CARDS ***
Dealt to Mahu2021 [5s 8d]
Mahu2021: folds 
yjdbxtr: folds 
Uncalled bet (30) returned to divo49
divo49 collected 60 from pot
*** SUMMARY ***
Total pot 60 | Rake 0 
Seat 1: yjdbxtr (small blind) folded before Flop
Seat 2: divo49 (big blind) collected (60)
Seat 3: Mahu2021 (button) folded before Flop (didn't bet)



PokerStars Hand #251596510914: Tournament #3780313195, $9.30+$0.70 USD Hold'em No Limit - Level IV (30/60) - 2024/07/21 17:41:11 CET [2024/07/21 11:41:11 ET]
Table '3780313195 1' 3-max Seat #1 is the button
Seat 1: yjdbxtr (540 in chips) 
Seat 2: divo49 (635 in chips) 
Seat 3: Mahu2021 (325 in chips) 
divo49: posts small blind 30
Mahu2021: posts big blind 60
*** HOLE CARDS ***
Dealt to Mahu2021 [Kh Tc]
yjdbxtr: raises 480 to 540 and is all-in
divo49: folds 
Mahu2021: folds 
Uncalled bet (480) returned to yjdbxtr
yjdbxtr collected 150 from pot
yjdbxtr: doesn't show hand 
*** SUMMARY ***
Total pot 150 | Rake 0 
Seat 1: yjdbxtr (button) collected (150)
Seat 2: divo49 (small blind) folded before Flop
Seat 3: Mahu2021 (big blind) folded before Flop



PokerStars Hand #251596517052: Tournament #3780313195, $9.30+$0.70 USD Hold'em No Limit - Level IV (30/60) - 2024/07/21 17:41:33 CET [2024/07/21 11:41:33 ET]
Table '3780313195 1' 3-max Seat #2 is the button
Seat 1: yjdbxtr (630 in chips) 
Seat 2: divo49 (605 in chips) 
Seat 3: Mahu2021 (265 in chips) 
Mahu2021: posts small blind 30
yjdbxtr: posts big blind 60
*** HOLE CARDS ***
Dealt to Mahu2021 [6h 9h]
divo49: folds 
Mahu2021: folds 
Uncalled bet (30) returned to yjdbxtr
yjdbxtr collected 60 from pot
yjdbxtr: doesn't show hand 
*** SUMMARY ***
Total pot 60 | Rake 0 
Seat 1: yjdbxtr (big blind) collected (60)
Seat 2: divo49 (button) folded before Flop (didn't bet)
Seat 3: Mahu2021 (small blind) folded before Flop



PokerStars Hand #251596518953: Tournament #3780313195, $9.30+$0.70 USD Hold'em No Limit - Level IV (30/60) - 2024/07/21 17:41:40 CET [2024/07/21 11:41:40 ET]
Table '3780313195 1' 3-max Seat #3 is the button
Seat 1: yjdbxtr (660 in chips) 
Seat 2: divo49 (605 in chips) 
Seat 3: Mahu2021 (235 in chips) 
yjdbxtr: posts small blind 30
divo49: posts big blind 60
*** HOLE CARDS ***
Dealt to Mahu2021 [Kd 4s]
Mahu2021: folds 
yjdbxtr: raises 60 to 120
divo49: raises 485 to 605 and is all-in
yjdbxtr: folds 
Uncalled bet (485) returned to divo49
divo49 collected 240 from pot
*** SUMMARY ***
Total pot 240 | Rake 0 
Seat 1: yjdbxtr (small blind) folded before Flop
Seat 2: divo49 (big blind) collected (240)
Seat 3: Mahu2021 (button) folded before Flop (didn't bet)



PokerStars Hand #251596523534: Tournament #3780313195, $9.30+$0.70 USD Hold'em No Limit - Level IV (30/60) - 2024/07/21 17:41:56 CET [2024/07/21 11:41:56 ET]
Table '3780313195 1' 3-max Seat #1 is the button
Seat 1: yjdbxtr (540 in chips) 
Seat 2: divo49 (725 in chips) 
Seat 3: Mahu2021 (235 in chips) 
divo49: posts small blind 30
Mahu2021: posts big blind 60
*** HOLE CARDS ***
Dealt to Mahu2021 [Qc Qh]
yjdbxtr: folds 
divo49: calls 30
Mahu2021: raises 175 to 235 and is all-in
divo49: calls 175
*** FLOP *** [3s Ac 7h]
*** TURN *** [3s Ac 7h] [2d]
*** RIVER *** [3s Ac 7h 2d] [9h]
*** SHOW DOWN ***
divo49: shows [Jh 6h] (high card Ace)
Mahu2021: shows [Qc Qh] (a pair of Queens)
Mahu2021 collected 470 from pot
*** SUMMARY ***
Total pot 470 | Rake 0 
Board [3s Ac 7h 2d 9h]
Seat 1: yjdbxtr (button) folded before Flop (didn't bet)
Seat 2: divo49 (small blind) showed [Jh 6h] and lost with high card Ace
Seat 3: Mahu2021 (big blind) showed [Qc Qh] and won (470) with a pair of Queens



PokerStars Hand #251596528586: Tournament #3780313195, $9.30+$0.70 USD Hold'em No Limit - Level IV (30/60) - 2024/07/21 17:42:15 CET [2024/07/21 11:42:15 ET]
Table '3780313195 1' 3-max Seat #2 is the button
Seat 1: yjdbxtr (540 in chips) 
Seat 2: divo49 (490 in chips) 
Seat 3: Mahu2021 (470 in chips) 
Mahu2021: posts small blind 30
yjdbxtr: posts big blind 60
*** HOLE CARDS ***
Dealt to Mahu2021 [Th 2h]
divo49: folds 
Mahu2021: folds 
Uncalled bet (30) returned to yjdbxtr
yjdbxtr collected 60 from pot
yjdbxtr: doesn't show hand 
*** SUMMARY ***
Total pot 60 | Rake 0 
Seat 1: yjdbxtr (big blind) collected (60)
Seat 2: divo49 (button) folded before Flop (didn't bet)
Seat 3: Mahu2021 (small blind) folded before Flop



PokerStars Hand #251596530362: Tournament #3780313195, $9.30+$0.70 USD Hold'em No Limit - Level IV (30/60) - 2024/07/21 17:42:21 CET [2024/07/21 11:42:21 ET]
Table '3780313195 1' 3-max Seat #3 is the button
Seat 1: yjdbxtr (570 in chips) 
Seat 2: divo49 (490 in chips) 
Seat 3: Mahu2021 (440 in chips) 
yjdbxtr: posts small blind 30
divo49: posts big blind 60
*** HOLE CARDS ***
Dealt to Mahu2021 [8c Qs]
Mahu2021: folds 
yjdbxtr: folds 
Uncalled bet (30) returned to divo49
divo49 collected 60 from pot
*** SUMMARY ***
Total pot 60 | Rake 0 
Seat 1: yjdbxtr (small blind) folded before Flop
Seat 2: divo49 (big blind) collected (60)
Seat 3: Mahu2021 (button) folded before Flop (didn't bet)



PokerStars Hand #251596533367: Tournament #3780313195, $9.30+$0.70 USD Hold'em No Limit - Level IV (30/60) - 2024/07/21 17:42:32 CET [2024/07/21 11:42:32 ET]
Table '3780313195 1' 3-max Seat #1 is the button
Seat 1: yjdbxtr (540 in chips) 
Seat 2: divo49 (520 in chips) 
Seat 3: Mahu2021 (440 in chips) 
divo49: posts small blind 30
Mahu2021: posts big blind 60
*** HOLE CARDS ***
Dealt to Mahu2021 [6d Ac]
yjdbxtr: folds 
divo49: folds 
Uncalled bet (30) returned to Mahu2021
Mahu2021 collected 60 from pot
Mahu2021: doesn't show hand 
*** SUMMARY ***
Total pot 60 | Rake 0 
Seat 1: yjdbxtr (button) folded before Flop (didn't bet)
Seat 2: divo49 (small blind) folded before Flop
Seat 3: Mahu2021 (big blind) collected (60)



PokerStars Hand #251596536982: Tournament #3780313195, $9.30+$0.70 USD Hold'em No Limit - Level IV (30/60) - 2024/07/21 17:42:45 CET [2024/07/21 11:42:45 ET]
Table '3780313195 1' 3-max Seat #2 is the button
Seat 1: yjdbxtr (540 in chips) 
Seat 2: divo49 (490 in chips) 
Seat 3: Mahu2021 (470 in chips) 
Mahu2021: posts small blind 30
yjdbxtr: posts big blind 60
*** HOLE CARDS ***
Dealt to Mahu2021 [3s Tc]
divo49: folds 
Mahu2021: folds 
Uncalled bet (30) returned to yjdbxtr
yjdbxtr collected 60 from pot
yjdbxtr: doesn't show hand 
*** SUMMARY ***
Total pot 60 | Rake 0 
Seat 1: yjdbxtr (big blind) collected (60)
Seat 2: divo49 (button) folded before Flop (didn't bet)
Seat 3: Mahu2021 (small blind) folded before Flop



PokerStars Hand #251596540251: Tournament #3780313195, $9.30+$0.70 USD Hold'em No Limit - Level V (40/80) - 2024/07/21 17:42:56 CET [2024/07/21 11:42:56 ET]
Table '3780313195 1' 3-max Seat #3 is the button
Seat 1: yjdbxtr (570 in chips) 
Seat 2: divo49 (490 in chips) 
Seat 3: Mahu2021 (440 in chips) 
yjdbxtr: posts small blind 40
divo49: posts big blind 80
*** HOLE CARDS ***
Dealt to Mahu2021 [Ts 6h]
Mahu2021: folds 
yjdbxtr: raises 490 to 570 and is all-in
divo49: folds 
Uncalled bet (490) returned to yjdbxtr
yjdbxtr collected 160 from pot
yjdbxtr: doesn't show hand 
*** SUMMARY ***
Total pot 160 | Rake 0 
Seat 1: yjdbxtr (small blind) collected (160)
Seat 2: divo49 (big blind) folded before Flop
Seat 3: Mahu2021 (button) folded before Flop (didn't bet)



PokerStars Hand #251596543285: Tournament #3780313195, $9.30+$0.70 USD Hold'em No Limit - Level V (40/80) - 2024/07/21 17:43:07 CET [2024/07/21 11:43:07 ET]
Table '3780313195 1' 3-max Seat #1 is the button
Seat 1: yjdbxtr (650 in chips) 
Seat 2: divo49 (410 in chips) 
Seat 3: Mahu2021 (440 in chips) 
divo49: posts small blind 40
Mahu2021: posts big blind 80
*** HOLE CARDS ***
Dealt to Mahu2021 [3s 5c]
yjdbxtr: folds 
divo49: calls 40
Mahu2021: checks 
*** FLOP *** [5s Jc 6h]
divo49: bets 330 and is all-in
Mahu2021: folds 
Uncalled bet (330) returned to divo49
divo49 collected 160 from pot
*** SUMMARY ***
Total pot 160 | Rake 0 
Board [5s Jc 6h]
Seat 1: yjdbxtr (button) folded before Flop (didn't bet)
Seat 2: divo49 (small blind) collected (160)
Seat 3: Mahu2021 (big blind) folded on the Flop



PokerStars Hand #251596549142: Tournament #3780313195, $9.30+$0.70 USD Hold'em No Limit - Level V (40/80) - 2024/07/21 17:43:28 CET [2024/07/21 11:43:28 ET]
Table '3780313195 1' 3-max Seat #2 is the button
Seat 1: yjdbxtr (650 in chips) 
Seat 2: divo49 (490 in chips) 
Seat 3: Mahu2021 (360 in chips) 
Mahu2021: posts small blind 40
yjdbxtr: posts big blind 80
*** HOLE CARDS ***
Dealt to Mahu2021 [7d 7h]
divo49: calls 80
Mahu2021: raises 280 to 360 and is all-in
yjdbxtr: raises 290 to 650 and is all-in
divo49: folds 
Uncalled bet (290) returned to yjdbxtr
*** FLOP *** [7s Qh 8s]
*** TURN *** [7s Qh 8s] [6c]
*** RIVER *** [7s Qh 8s 6c] [Kd]
*** SHOW DOWN ***
Mahu2021: shows [7d 7h] (three of a kind, Sevens)
yjdbxtr: shows [3c As] (high card Ace)
Mahu2021 collected 800 from pot
*** SUMMARY ***
Total pot 800 | Rake 0 
Board [7s Qh 8s 6c Kd]
Seat 1: yjdbxtr (big blind) showed [3c As] and lost with high card Ace
Seat 2: divo49 (button) folded before Flop
Seat 3: Mahu2021 (small blind) showed [7d 7h] and won (800) with three of a kind, Sevens



PokerStars Hand #251596554675: Tournament #3780313195, $9.30+$0.70 USD Hold'em No Limit - Level V (40/80) - 2024/07/21 17:43:48 CET [2024/07/21 11:43:48 ET]
Table '3780313195 1' 3-max Seat #3 is the button
Seat 1: yjdbxtr (290 in chips) 
Seat 2: divo49 (410 in chips) 
Seat 3: Mahu2021 (800 in chips) 
yjdbxtr: posts small blind 40
divo49: posts big blind 80
*** HOLE CARDS ***
Dealt to Mahu2021 [Kh Qh]
Mahu2021: raises 720 to 800 and is all-in
yjdbxtr: calls 250 and is all-in
divo49: folds 
Uncalled bet (510) returned to Mahu2021
*** FLOP *** [7h 3c Ah]
*** TURN *** [7h 3c Ah] [9d]
*** RIVER *** [7h 3c Ah 9d] [Qd]
*** SHOW DOWN ***
yjdbxtr: shows [Ad Jc] (a pair of Aces)
Mahu2021: shows [Kh Qh] (a pair of Queens)
yjdbxtr collected 660 from pot
*** SUMMARY ***
Total pot 660 | Rake 0 
Board [7h 3c Ah 9d Qd]
Seat 1: yjdbxtr (small blind) showed [Ad Jc] and won (660) with a pair of Aces
Seat 2: divo49 (big blind) folded before Flop
Seat 3: Mahu2021 (button) showed [Kh Qh] and lost with a pair of Queens



PokerStars Hand #251596558984: Tournament #3780313195, $9.30+$0.70 USD Hold'em No Limit - Level V (40/80) - 2024/07/21 17:44:04 CET [2024/07/21 11:44:04 ET]
Table '3780313195 1' 3-max Seat #1 is the button
Seat 1: yjdbxtr (660 in chips) 
Seat 2: divo49 (330 in chips) 
Seat 3: Mahu2021 (510 in chips) 
divo49: posts small blind 40
Mahu2021: posts big blind 80
*** HOLE CARDS ***
Dealt to Mahu2021 [3s Qc]
yjdbxtr: raises 580 to 660 and is all-in
divo49: calls 290 and is all-in
Mahu2021: folds 
Uncalled bet (330) returned to yjdbxtr
*** FLOP *** [7s Qh 2c]
*** TURN *** [7s Qh 2c] [6s]
*** RIVER *** [7s Qh 2c 6s] [8h]
*** SHOW DOWN ***
divo49: shows [5d Ac] (high card Ace)
yjdbxtr: shows [Tc 8c] (a pair of Eights)
yjdbxtr collected 740 from pot
divo49 finished the tournament in 3rd place
*** SUMMARY ***
Total pot 740 | Rake 0 
Board [7s Qh 2c 6s 8h]
Seat 1: yjdbxtr (button) showed [Tc 8c] and won (740) with a pair of Eights
Seat 2: divo49 (small blind) showed [5d Ac] and lost with high card Ace
Seat 3: Mahu2021 (big blind) folded before Flop



PokerStars Hand #251596563218: Tournament #3780313195, $9.30+$0.70 USD Hold'em No Limit - Level V (40/80) - 2024/07/21 17:44:19 CET [2024/07/21 11:44:19 ET]
Table '3780313195 1' 3-max Seat #3 is the button
Seat 1: yjdbxtr (1070 in chips) 
Seat 3: Mahu2021 (430 in chips) 
Mahu2021: posts small blind 40
yjdbxtr: posts big blind 80
*** HOLE CARDS ***
Dealt to Mahu2021 [5d 3s]
Mahu2021: folds 
Uncalled bet (40) returned to yjdbxtr
yjdbxtr collected 80 from pot
yjdbxtr: doesn't show hand 
*** SUMMARY ***
Total pot 80 | Rake 0 
Seat 1: yjdbxtr (big blind) collected (80)
Seat 3: Mahu2021 (button) (small blind) folded before Flop



PokerStars Hand #251596564469: Tournament #3780313195, $9.30+$0.70 USD Hold'em No Limit - Level V (40/80) - 2024/07/21 17:44:24 CET [2024/07/21 11:44:24 ET]
Table '3780313195 1' 3-max Seat #1 is the button
Seat 1: yjdbxtr (1110 in chips) 
Seat 3: Mahu2021 (390 in chips) 
yjdbxtr: posts small blind 40
Mahu2021: posts big blind 80
*** HOLE CARDS ***
Dealt to Mahu2021 [Kc Ts]
yjdbxtr: raises 1030 to 1110 and is all-in
Mahu2021: calls 310 and is all-in
Uncalled bet (720) returned to yjdbxtr
*** FLOP *** [7d 8d 2h]
*** TURN *** [7d 8d 2h] [7h]
*** RIVER *** [7d 8d 2h 7h] [3h]
*** SHOW DOWN ***
Mahu2021: shows [Kc Ts] (a pair of Sevens)
yjdbxtr: shows [Qh 3d] (two pair, Sevens and Threes)
yjdbxtr collected 780 from pot
Mahu2021 finished the tournament in 2nd place
yjdbxtr wins the tournament and receives $20.00 - congratulations!
*** SUMMARY ***
Total pot 780 | Rake 0 
Board [7d 8d 2h 7h 3h]
Seat 1: yjdbxtr (button) (small blind) showed [Qh 3d] and won (780) with two pair, Sevens and Threes
Seat 3: Mahu2021 (big blind) showed [Kc Ts] and lost with a pair of Sevens



