PokerStars Hand #247786773715: Tournament #3689502206, $1.84+$0.16 USD Hold'em No Limit - Level I (10/20) - 2023/12/21 18:01:19 CET [2023/12/21 12:01:19 ET]
Table '3689502206 1' 3-max Seat #1 is the button
Seat 1: pela.170494 (500 in chips) 
Seat 2: tinandopoker (500 in chips) 
Seat 3: Mahu2021 (500 in chips) 
tinandopoker: posts small blind 10
Mahu2021: posts big blind 20
*** HOLE CARDS ***
Dealt to Mahu2021 [8d 2c]
pela.170494: raises 20 to 40
tinandopoker: folds 
Mahu2021: folds 
Uncalled bet (20) returned to pela.170494
pela.170494 collected 50 from pot
pela.170494: doesn't show hand 
*** SUMMARY ***
Total pot 50 | Rake 0 
Seat 1: pela.170494 (button) collected (50)
Seat 2: tinandopoker (small blind) folded before Flop
Seat 3: Mahu2021 (big blind) folded before Flop



PokerStars Hand #247786776401: Tournament #3689502206, $1.84+$0.16 USD Hold'em No Limit - Level I (10/20) - 2023/12/21 18:01:30 CET [2023/12/21 12:01:30 ET]
Table '3689502206 1' 3-max Seat #2 is the button
Seat 1: pela.170494 (530 in chips) 
Seat 2: tinandopoker (490 in chips) 
Seat 3: Mahu2021 (480 in chips) 
Mahu2021: posts small blind 10
pela.170494: posts big blind 20
*** HOLE CARDS ***
Dealt to Mahu2021 [3s Td]
tinandopoker: folds 
Mahu2021: folds 
Uncalled bet (10) returned to pela.170494
pela.170494 collected 20 from pot
pela.170494: doesn't show hand 
*** SUMMARY ***
Total pot 20 | Rake 0 
Seat 1: pela.170494 (big blind) collected (20)
Seat 2: tinandopoker (button) folded before Flop (didn't bet)
Seat 3: Mahu2021 (small blind) folded before Flop



PokerStars Hand #247786778597: Tournament #3689502206, $1.84+$0.16 USD Hold'em No Limit - Level I (10/20) - 2023/12/21 18:01:39 CET [2023/12/21 12:01:39 ET]
Table '3689502206 1' 3-max Seat #3 is the button
Seat 1: pela.170494 (540 in chips) 
Seat 2: tinandopoker (490 in chips) 
Seat 3: Mahu2021 (470 in chips) 
pela.170494: posts small blind 10
tinandopoker: posts big blind 20
*** HOLE CARDS ***
Dealt to Mahu2021 [Td 3c]
Mahu2021: folds 
pela.170494: folds 
Uncalled bet (10) returned to tinandopoker
tinandopoker collected 20 from pot
tinandopoker: doesn't show hand 
*** SUMMARY ***
Total pot 20 | Rake 0 
Seat 1: pela.170494 (small blind) folded before Flop
Seat 2: tinandopoker (big blind) collected (20)
Seat 3: Mahu2021 (button) folded before Flop (didn't bet)



PokerStars Hand #247786780150: Tournament #3689502206, $1.84+$0.16 USD Hold'em No Limit - Level I (10/20) - 2023/12/21 18:01:45 CET [2023/12/21 12:01:45 ET]
Table '3689502206 1' 3-max Seat #1 is the button
Seat 1: pela.170494 (530 in chips) 
Seat 2: tinandopoker (500 in chips) 
Seat 3: Mahu2021 (470 in chips) 
tinandopoker: posts small blind 10
Mahu2021: posts big blind 20
*** HOLE CARDS ***
Dealt to Mahu2021 [9c Tc]
pela.170494: folds 
tinandopoker: calls 10
Mahu2021: checks 
*** FLOP *** [5s Ks 5h]
tinandopoker: checks 
Mahu2021: checks 
*** TURN *** [5s Ks 5h] [9d]
tinandopoker: bets 20
Mahu2021: calls 20
*** RIVER *** [5s Ks 5h 9d] [Qs]
tinandopoker: bets 80
Mahu2021: calls 80
*** SHOW DOWN ***
tinandopoker: shows [5d Ah] (three of a kind, Fives)
Mahu2021: mucks hand 
tinandopoker collected 240 from pot
*** SUMMARY ***
Total pot 240 | Rake 0 
Board [5s Ks 5h 9d Qs]
Seat 1: pela.170494 (button) folded before Flop (didn't bet)
Seat 2: tinandopoker (small blind) showed [5d Ah] and won (240) with three of a kind, Fives
Seat 3: Mahu2021 (big blind) mucked [9c Tc]



PokerStars Hand #247786788250: Tournament #3689502206, $1.84+$0.16 USD Hold'em No Limit - Level I (10/20) - 2023/12/21 18:02:17 CET [2023/12/21 12:02:17 ET]
Table '3689502206 1' 3-max Seat #2 is the button
Seat 1: pela.170494 (530 in chips) 
Seat 2: tinandopoker (620 in chips) 
Seat 3: Mahu2021 (350 in chips) 
Mahu2021: posts small blind 10
pela.170494: posts big blind 20
*** HOLE CARDS ***
Dealt to Mahu2021 [Kc Td]
tinandopoker: folds 
Mahu2021: raises 20 to 40
pela.170494: folds 
Uncalled bet (20) returned to Mahu2021
Mahu2021 collected 40 from pot
Mahu2021: doesn't show hand 
*** SUMMARY ***
Total pot 40 | Rake 0 
Seat 1: pela.170494 (big blind) folded before Flop
Seat 2: tinandopoker (button) folded before Flop (didn't bet)
Seat 3: Mahu2021 (small blind) collected (40)



PokerStars Hand #247786790061: Tournament #3689502206, $1.84+$0.16 USD Hold'em No Limit - Level I (10/20) - 2023/12/21 18:02:24 CET [2023/12/21 12:02:24 ET]
Table '3689502206 1' 3-max Seat #3 is the button
Seat 1: pela.170494 (510 in chips) 
Seat 2: tinandopoker (620 in chips) 
Seat 3: Mahu2021 (370 in chips) 
pela.170494: posts small blind 10
tinandopoker: posts big blind 20
*** HOLE CARDS ***
Dealt to Mahu2021 [3d Qh]
Mahu2021: folds 
pela.170494: raises 30 to 50
tinandopoker: folds 
Uncalled bet (30) returned to pela.170494
pela.170494 collected 40 from pot
pela.170494: doesn't show hand 
*** SUMMARY ***
Total pot 40 | Rake 0 
Seat 1: pela.170494 (small blind) collected (40)
Seat 2: tinandopoker (big blind) folded before Flop
Seat 3: Mahu2021 (button) folded before Flop (didn't bet)



PokerStars Hand #247786792754: Tournament #3689502206, $1.84+$0.16 USD Hold'em No Limit - Level I (10/20) - 2023/12/21 18:02:34 CET [2023/12/21 12:02:34 ET]
Table '3689502206 1' 3-max Seat #1 is the button
Seat 1: pela.170494 (530 in chips) 
Seat 2: tinandopoker (600 in chips) 
Seat 3: Mahu2021 (370 in chips) 
tinandopoker: posts small blind 10
Mahu2021: posts big blind 20
*** HOLE CARDS ***
Dealt to Mahu2021 [Ks 5d]
pela.170494: folds 
tinandopoker: calls 10
Mahu2021: checks 
*** FLOP *** [Js Ts As]
tinandopoker: checks 
Mahu2021: bets 20
tinandopoker: calls 20
*** TURN *** [Js Ts As] [Qh]
tinandopoker: checks 
Mahu2021: bets 20
tinandopoker: folds 
Uncalled bet (20) returned to Mahu2021
Mahu2021 collected 80 from pot
Mahu2021: doesn't show hand 
*** SUMMARY ***
Total pot 80 | Rake 0 
Board [Js Ts As Qh]
Seat 1: pela.170494 (button) folded before Flop (didn't bet)
Seat 2: tinandopoker (small blind) folded on the Turn
Seat 3: Mahu2021 (big blind) collected (80)



PokerStars Hand #247786799215: Tournament #3689502206, $1.84+$0.16 USD Hold'em No Limit - Level I (10/20) - 2023/12/21 18:02:59 CET [2023/12/21 12:02:59 ET]
Table '3689502206 1' 3-max Seat #2 is the button
Seat 1: pela.170494 (530 in chips) 
Seat 2: tinandopoker (560 in chips) 
Seat 3: Mahu2021 (410 in chips) 
Mahu2021: posts small blind 10
pela.170494: posts big blind 20
*** HOLE CARDS ***
Dealt to Mahu2021 [9c Ac]
tinandopoker: raises 24 to 44
Mahu2021: calls 34
pela.170494: folds 
*** FLOP *** [Qc Js 7s]
Mahu2021: checks 
tinandopoker: bets 20
Mahu2021: calls 20
*** TURN *** [Qc Js 7s] [2s]
Mahu2021: checks 
tinandopoker: checks 
*** RIVER *** [Qc Js 7s 2s] [8h]
Mahu2021: bets 346 and is all-in
tinandopoker: calls 346
*** SHOW DOWN ***
Mahu2021: shows [9c Ac] (high card Ace)
tinandopoker: shows [8d Qd] (two pair, Queens and Eights)
tinandopoker collected 840 from pot
Mahu2021 finished the tournament in 3rd place
*** SUMMARY ***
Total pot 840 | Rake 0 
Board [Qc Js 7s 2s 8h]
Seat 1: pela.170494 (big blind) folded before Flop
Seat 2: tinandopoker (button) showed [8d Qd] and won (840) with two pair, Queens and Eights
Seat 3: Mahu2021 (small blind) showed [9c Ac] and lost with high card Ace



