PokerStars Hand #248128507587: Tournament #3697611899, $1.84+$0.16 USD Hold'em No Limit - Level I (10/20) - 2024/01/07 20:34:48 CET [2024/01/07 14:34:48 ET]
Table '3697611899 1' 3-max Seat #1 is the button
Seat 1: Lipebarrossouza (500 in chips) 
Seat 2: jeremim (500 in chips) 
Seat 3: Mahu2021 (500 in chips) 
jeremim: posts small blind 10
Mahu2021: posts big blind 20
*** HOLE CARDS ***
Dealt to Mahu2021 [Ah Jc]
Lipebarrossouza: calls 20
jeremim: calls 10
Mahu2021: checks 
*** FLOP *** [Qs 8s Th]
jeremim: bets 60
Mahu2021: calls 60
Lipebarrossouza: folds 
*** TURN *** [Qs 8s Th] [5d]
jeremim: checks 
Mahu2021: checks 
*** RIVER *** [Qs 8s Th 5d] [Qh]
jeremim: bets 180
Mahu2021: folds 
Uncalled bet (180) returned to jeremim
jeremim collected 180 from pot
jeremim: doesn't show hand 
*** SUMMARY ***
Total pot 180 | Rake 0 
Board [Qs 8s Th 5d Qh]
Seat 1: Lipebarrossouza (button) folded on the Flop
Seat 2: jeremim (small blind) collected (180)
Seat 3: Mahu2021 (big blind) folded on the River



PokerStars Hand #248128525806: Tournament #3697611899, $1.84+$0.16 USD Hold'em No Limit - Level I (10/20) - 2024/01/07 20:35:26 CET [2024/01/07 14:35:26 ET]
Table '3697611899 1' 3-max Seat #2 is the button
Seat 1: Lipebarrossouza (480 in chips) 
Seat 2: jeremim (600 in chips) 
Seat 3: Mahu2021 (420 in chips) 
Mahu2021: posts small blind 10
Lipebarrossouza: posts big blind 20
*** HOLE CARDS ***
Dealt to Mahu2021 [Kd 3s]
jeremim: calls 20
Mahu2021: folds 
Lipebarrossouza: raises 50 to 70
jeremim: folds 
Uncalled bet (50) returned to Lipebarrossouza
Lipebarrossouza collected 50 from pot
*** SUMMARY ***
Total pot 50 | Rake 0 
Seat 1: Lipebarrossouza (big blind) collected (50)
Seat 2: jeremim (button) folded before Flop
Seat 3: Mahu2021 (small blind) folded before Flop



PokerStars Hand #248128539224: Tournament #3697611899, $1.84+$0.16 USD Hold'em No Limit - Level I (10/20) - 2024/01/07 20:35:55 CET [2024/01/07 14:35:55 ET]
Table '3697611899 1' 3-max Seat #3 is the button
Seat 1: Lipebarrossouza (510 in chips) 
Seat 2: jeremim (580 in chips) 
Seat 3: Mahu2021 (410 in chips) 
Lipebarrossouza: posts small blind 10
jeremim: posts big blind 20
*** HOLE CARDS ***
Dealt to Mahu2021 [3s Kc]
Mahu2021: folds 
Lipebarrossouza: calls 10
jeremim: checks 
*** FLOP *** [3d 2h 9c]
Lipebarrossouza: checks 
jeremim: checks 
*** TURN *** [3d 2h 9c] [6h]
Lipebarrossouza: checks 
jeremim: checks 
*** RIVER *** [3d 2h 9c 6h] [Th]
Lipebarrossouza: checks 
jeremim: bets 80
Lipebarrossouza: folds 
Uncalled bet (80) returned to jeremim
jeremim collected 40 from pot
jeremim: doesn't show hand 
*** SUMMARY ***
Total pot 40 | Rake 0 
Board [3d 2h 9c 6h Th]
Seat 1: Lipebarrossouza (small blind) folded on the River
Seat 2: jeremim (big blind) collected (40)
Seat 3: Mahu2021 (button) folded before Flop (didn't bet)



PokerStars Hand #248128559086: Tournament #3697611899, $1.84+$0.16 USD Hold'em No Limit - Level I (10/20) - 2024/01/07 20:36:37 CET [2024/01/07 14:36:37 ET]
Table '3697611899 1' 3-max Seat #1 is the button
Seat 1: Lipebarrossouza (490 in chips) 
Seat 2: jeremim (600 in chips) 
Seat 3: Mahu2021 (410 in chips) 
jeremim: posts small blind 10
Mahu2021: posts big blind 20
*** HOLE CARDS ***
Dealt to Mahu2021 [3h Kd]
Lipebarrossouza: folds 
jeremim: calls 10
Mahu2021: checks 
*** FLOP *** [5h 9s 8h]
jeremim: checks 
Mahu2021: checks 
*** TURN *** [5h 9s 8h] [6c]
jeremim: bets 80
Mahu2021: folds 
Uncalled bet (80) returned to jeremim
jeremim collected 40 from pot
jeremim: doesn't show hand 
*** SUMMARY ***
Total pot 40 | Rake 0 
Board [5h 9s 8h 6c]
Seat 1: Lipebarrossouza (button) folded before Flop (didn't bet)
Seat 2: jeremim (small blind) collected (40)
Seat 3: Mahu2021 (big blind) folded on the Turn



PokerStars Hand #248128573783: Tournament #3697611899, $1.84+$0.16 USD Hold'em No Limit - Level II (15/30) - 2024/01/07 20:37:09 CET [2024/01/07 14:37:09 ET]
Table '3697611899 1' 3-max Seat #2 is the button
Seat 1: Lipebarrossouza (490 in chips) 
Seat 2: jeremim (620 in chips) 
Seat 3: Mahu2021 (390 in chips) 
Mahu2021: posts small blind 15
Lipebarrossouza: posts big blind 30
*** HOLE CARDS ***
Dealt to Mahu2021 [Qc 5d]
jeremim: calls 30
Mahu2021: folds 
Lipebarrossouza: checks 
*** FLOP *** [7c Ks Ac]
Lipebarrossouza: checks 
jeremim: checks 
*** TURN *** [7c Ks Ac] [Kc]
Lipebarrossouza: bets 38
jeremim: calls 38
*** RIVER *** [7c Ks Ac Kc] [8c]
Lipebarrossouza: checks 
jeremim: checks 
*** SHOW DOWN ***
Lipebarrossouza: shows [3h Jh] (a pair of Kings)
jeremim: shows [8s Qs] (two pair, Kings and Eights)
jeremim collected 151 from pot
*** SUMMARY ***
Total pot 151 | Rake 0 
Board [7c Ks Ac Kc 8c]
Seat 1: Lipebarrossouza (big blind) showed [3h Jh] and lost with a pair of Kings
Seat 2: jeremim (button) showed [8s Qs] and won (151) with two pair, Kings and Eights
Seat 3: Mahu2021 (small blind) folded before Flop



PokerStars Hand #248128590580: Tournament #3697611899, $1.84+$0.16 USD Hold'em No Limit - Level II (15/30) - 2024/01/07 20:37:45 CET [2024/01/07 14:37:45 ET]
Table '3697611899 1' 3-max Seat #3 is the button
Seat 1: Lipebarrossouza (422 in chips) 
Seat 2: jeremim (703 in chips) 
Seat 3: Mahu2021 (375 in chips) 
Lipebarrossouza: posts small blind 15
jeremim: posts big blind 30
*** HOLE CARDS ***
Dealt to Mahu2021 [Ah 6d]
Mahu2021: calls 30
Lipebarrossouza: folds 
jeremim: checks 
*** FLOP *** [2h 6c Td]
jeremim: checks 
Mahu2021: checks 
*** TURN *** [2h 6c Td] [8c]
jeremim: bets 90
Mahu2021: folds 
Uncalled bet (90) returned to jeremim
jeremim collected 75 from pot
jeremim: doesn't show hand 
*** SUMMARY ***
Total pot 75 | Rake 0 
Board [2h 6c Td 8c]
Seat 1: Lipebarrossouza (small blind) folded before Flop
Seat 2: jeremim (big blind) collected (75)
Seat 3: Mahu2021 (button) folded on the Turn



PokerStars Hand #248128609934: Tournament #3697611899, $1.84+$0.16 USD Hold'em No Limit - Level II (15/30) - 2024/01/07 20:38:26 CET [2024/01/07 14:38:26 ET]
Table '3697611899 1' 3-max Seat #1 is the button
Seat 1: Lipebarrossouza (407 in chips) 
Seat 2: jeremim (748 in chips) 
Seat 3: Mahu2021 (345 in chips) 
jeremim: posts small blind 15
Mahu2021: posts big blind 30
*** HOLE CARDS ***
Dealt to Mahu2021 [7s 9s]
Lipebarrossouza: folds 
jeremim: calls 15
Mahu2021: checks 
*** FLOP *** [Jd Kh Th]
jeremim: checks 
Mahu2021: checks 
*** TURN *** [Jd Kh Th] [Qs]
jeremim: checks 
Mahu2021: bets 60
jeremim: calls 60
*** RIVER *** [Jd Kh Th Qs] [8h]
jeremim: checks 
Mahu2021: checks 
*** SHOW DOWN ***
jeremim: shows [Jh 8s] (two pair, Jacks and Eights)
Mahu2021: shows [7s 9s] (a straight, Nine to King)
Mahu2021 collected 180 from pot
*** SUMMARY ***
Total pot 180 | Rake 0 
Board [Jd Kh Th Qs 8h]
Seat 1: Lipebarrossouza (button) folded before Flop (didn't bet)
Seat 2: jeremim (small blind) showed [Jh 8s] and lost with two pair, Jacks and Eights
Seat 3: Mahu2021 (big blind) showed [7s 9s] and won (180) with a straight, Nine to King



PokerStars Hand #248128626333: Tournament #3697611899, $1.84+$0.16 USD Hold'em No Limit - Level III (20/40) - 2024/01/07 20:39:01 CET [2024/01/07 14:39:01 ET]
Table '3697611899 1' 3-max Seat #2 is the button
Seat 1: Lipebarrossouza (407 in chips) 
Seat 2: jeremim (658 in chips) 
Seat 3: Mahu2021 (435 in chips) 
Mahu2021: posts small blind 20
Lipebarrossouza: posts big blind 40
*** HOLE CARDS ***
Dealt to Mahu2021 [Ks 9h]
jeremim: folds 
Mahu2021: calls 20
Lipebarrossouza: checks 
*** FLOP *** [8c 5h 3c]
Mahu2021: checks 
Lipebarrossouza: checks 
*** TURN *** [8c 5h 3c] [Qc]
Mahu2021: checks 
Lipebarrossouza: checks 
*** RIVER *** [8c 5h 3c Qc] [6d]
Mahu2021: bets 40
Lipebarrossouza: folds 
Uncalled bet (40) returned to Mahu2021
Mahu2021 collected 80 from pot
Mahu2021: doesn't show hand 
*** SUMMARY ***
Total pot 80 | Rake 0 
Board [8c 5h 3c Qc 6d]
Seat 1: Lipebarrossouza (big blind) folded on the River
Seat 2: jeremim (button) folded before Flop (didn't bet)
Seat 3: Mahu2021 (small blind) collected (80)



PokerStars Hand #248128640690: Tournament #3697611899, $1.84+$0.16 USD Hold'em No Limit - Level III (20/40) - 2024/01/07 20:39:32 CET [2024/01/07 14:39:32 ET]
Table '3697611899 1' 3-max Seat #3 is the button
Seat 1: Lipebarrossouza (367 in chips) 
Seat 2: jeremim (658 in chips) 
Seat 3: Mahu2021 (475 in chips) 
Lipebarrossouza: posts small blind 20
jeremim: posts big blind 40
*** HOLE CARDS ***
Dealt to Mahu2021 [5h Kd]
Mahu2021: folds 
Lipebarrossouza: raises 80 to 120
jeremim: calls 80
*** FLOP *** [8h 5s 3s]
Lipebarrossouza: bets 247 and is all-in
jeremim: calls 247
*** TURN *** [8h 5s 3s] [2h]
*** RIVER *** [8h 5s 3s 2h] [8d]
*** SHOW DOWN ***
Lipebarrossouza: shows [As 8c] (three of a kind, Eights)
jeremim: shows [Qd Kh] (a pair of Eights)
Lipebarrossouza collected 734 from pot
*** SUMMARY ***
Total pot 734 | Rake 0 
Board [8h 5s 3s 2h 8d]
Seat 1: Lipebarrossouza (small blind) showed [As 8c] and won (734) with three of a kind, Eights
Seat 2: jeremim (big blind) showed [Qd Kh] and lost with a pair of Eights
Seat 3: Mahu2021 (button) folded before Flop (didn't bet)



PokerStars Hand #248128653275: Tournament #3697611899, $1.84+$0.16 USD Hold'em No Limit - Level III (20/40) - 2024/01/07 20:39:58 CET [2024/01/07 14:39:58 ET]
Table '3697611899 1' 3-max Seat #1 is the button
Seat 1: Lipebarrossouza (734 in chips) 
Seat 2: jeremim (291 in chips) 
Seat 3: Mahu2021 (475 in chips) 
jeremim: posts small blind 20
Mahu2021: posts big blind 40
*** HOLE CARDS ***
Dealt to Mahu2021 [Qh 9s]
Lipebarrossouza: folds 
jeremim: calls 20
Mahu2021: checks 
*** FLOP *** [8d 4s Kh]
jeremim: bets 80
Mahu2021: folds 
Uncalled bet (80) returned to jeremim
jeremim collected 80 from pot
jeremim: doesn't show hand 
*** SUMMARY ***
Total pot 80 | Rake 0 
Board [8d 4s Kh]
Seat 1: Lipebarrossouza (button) folded before Flop (didn't bet)
Seat 2: jeremim (small blind) collected (80)
Seat 3: Mahu2021 (big blind) folded on the Flop



PokerStars Hand #248128661474: Tournament #3697611899, $1.84+$0.16 USD Hold'em No Limit - Level III (20/40) - 2024/01/07 20:40:16 CET [2024/01/07 14:40:16 ET]
Table '3697611899 1' 3-max Seat #2 is the button
Seat 1: Lipebarrossouza (734 in chips) 
Seat 2: jeremim (331 in chips) 
Seat 3: Mahu2021 (435 in chips) 
Mahu2021: posts small blind 20
Lipebarrossouza: posts big blind 40
*** HOLE CARDS ***
Dealt to Mahu2021 [2h Ad]
jeremim: calls 40
Mahu2021: calls 20
Lipebarrossouza: checks 
*** FLOP *** [Ks Ac 8c]
Mahu2021: checks 
Lipebarrossouza: checks 
jeremim: checks 
*** TURN *** [Ks Ac 8c] [6d]
Mahu2021: bets 80
Lipebarrossouza: folds 
jeremim: calls 80
*** RIVER *** [Ks Ac 8c 6d] [9c]
Mahu2021: bets 315 and is all-in
jeremim: calls 211 and is all-in
Uncalled bet (104) returned to Mahu2021
*** SHOW DOWN ***
Mahu2021: shows [2h Ad] (a pair of Aces)
jeremim: shows [9s 8h] (two pair, Nines and Eights)
jeremim collected 702 from pot
*** SUMMARY ***
Total pot 702 | Rake 0 
Board [Ks Ac 8c 6d 9c]
Seat 1: Lipebarrossouza (big blind) folded on the Turn
Seat 2: jeremim (button) showed [9s 8h] and won (702) with two pair, Nines and Eights
Seat 3: Mahu2021 (small blind) showed [2h Ad] and lost with a pair of Aces



PokerStars Hand #248128678483: Tournament #3697611899, $1.84+$0.16 USD Hold'em No Limit - Level IV (30/60) - 2024/01/07 20:40:52 CET [2024/01/07 14:40:52 ET]
Table '3697611899 1' 3-max Seat #3 is the button
Seat 1: Lipebarrossouza (694 in chips) 
Seat 2: jeremim (702 in chips) 
Seat 3: Mahu2021 (104 in chips) 
Lipebarrossouza: posts small blind 30
jeremim: posts big blind 60
*** HOLE CARDS ***
Dealt to Mahu2021 [Td 9c]
Mahu2021: calls 60
Lipebarrossouza: folds 
jeremim: checks 
*** FLOP *** [7h 7c Kc]
jeremim: checks 
Mahu2021: bets 44 and is all-in
jeremim: calls 44
*** TURN *** [7h 7c Kc] [Ts]
*** RIVER *** [7h 7c Kc Ts] [8c]
*** SHOW DOWN ***
jeremim: shows [7s 5d] (three of a kind, Sevens)
Mahu2021: shows [Td 9c] (two pair, Tens and Sevens)
jeremim collected 238 from pot
Mahu2021 finished the tournament in 3rd place
*** SUMMARY ***
Total pot 238 | Rake 0 
Board [7h 7c Kc Ts 8c]
Seat 1: Lipebarrossouza (small blind) folded before Flop
Seat 2: jeremim (big blind) showed [7s 5d] and won (238) with three of a kind, Sevens
Seat 3: Mahu2021 (button) showed [Td 9c] and lost with two pair, Tens and Sevens



