PokerStars Hand #254500081515: Tournament #3850361459, $4.60+$0.40 USD Hold'em No Limit - Level I (10/20) - 2025/01/22 17:14:57 CET [2025/01/22 11:14:57 ET]
Table '3850361459 1' 3-max Seat #1 is the button
Seat 1: Neo1186 (500 in chips) 
Seat 2: maju1406 (500 in chips) 
Seat 3: Mahu2021 (500 in chips) 
maju1406: posts small blind 10
Mahu2021: posts big blind 20
*** HOLE CARDS ***
Dealt to Mahu2021 [2c As]
Neo1186: folds 
maju1406: folds 
Uncalled bet (10) returned to Mahu2021
Mahu2021 collected 20 from pot
Mahu2021: doesn't show hand 
*** SUMMARY ***
Total pot 20 | Rake 0 
Seat 1: Neo1186 (button) folded before Flop (didn't bet)
Seat 2: maju1406 (small blind) folded before Flop
Seat 3: Mahu2021 (big blind) collected (20)



PokerStars Hand #254500083347: Tournament #3850361459, $4.60+$0.40 USD Hold'em No Limit - Level I (10/20) - 2025/01/22 17:15:06 CET [2025/01/22 11:15:06 ET]
Table '3850361459 1' 3-max Seat #2 is the button
Seat 1: Neo1186 (500 in chips) 
Seat 2: maju1406 (490 in chips) 
Seat 3: Mahu2021 (510 in chips) 
Mahu2021: posts small blind 10
Neo1186: posts big blind 20
*** HOLE CARDS ***
Dealt to Mahu2021 [Jd 5c]
maju1406: folds 
Mahu2021: folds 
Uncalled bet (10) returned to Neo1186
Neo1186 collected 20 from pot
Neo1186: doesn't show hand 
*** SUMMARY ***
Total pot 20 | Rake 0 
Seat 1: Neo1186 (big blind) collected (20)
Seat 2: maju1406 (button) folded before Flop (didn't bet)
Seat 3: Mahu2021 (small blind) folded before Flop



PokerStars Hand #254500084734: Tournament #3850361459, $4.60+$0.40 USD Hold'em No Limit - Level I (10/20) - 2025/01/22 17:15:12 CET [2025/01/22 11:15:12 ET]
Table '3850361459 1' 3-max Seat #3 is the button
Seat 1: Neo1186 (510 in chips) 
Seat 2: maju1406 (490 in chips) 
Seat 3: Mahu2021 (500 in chips) 
Neo1186: posts small blind 10
maju1406: posts big blind 20
*** HOLE CARDS ***
Dealt to Mahu2021 [2h Jh]
Mahu2021: folds 
Neo1186: raises 40 to 60
maju1406: folds 
Uncalled bet (40) returned to Neo1186
Neo1186 collected 40 from pot
Neo1186: doesn't show hand 
*** SUMMARY ***
Total pot 40 | Rake 0 
Seat 1: Neo1186 (small blind) collected (40)
Seat 2: maju1406 (big blind) folded before Flop
Seat 3: Mahu2021 (button) folded before Flop (didn't bet)



PokerStars Hand #254500087036: Tournament #3850361459, $4.60+$0.40 USD Hold'em No Limit - Level I (10/20) - 2025/01/22 17:15:23 CET [2025/01/22 11:15:23 ET]
Table '3850361459 1' 3-max Seat #1 is the button
Seat 1: Neo1186 (530 in chips) 
Seat 2: maju1406 (470 in chips) 
Seat 3: Mahu2021 (500 in chips) 
maju1406: posts small blind 10
Mahu2021: posts big blind 20
*** HOLE CARDS ***
Dealt to Mahu2021 [Jh Qh]
Neo1186: raises 20 to 40
maju1406: folds 
Mahu2021: calls 20
*** FLOP *** [Qd 3c 2s]
Mahu2021: checks 
Neo1186: bets 20
Mahu2021: raises 60 to 80
Neo1186: folds 
Uncalled bet (60) returned to Mahu2021
Mahu2021 collected 130 from pot
Mahu2021: doesn't show hand 
*** SUMMARY ***
Total pot 130 | Rake 0 
Board [Qd 3c 2s]
Seat 1: Neo1186 (button) folded on the Flop
Seat 2: maju1406 (small blind) folded before Flop
Seat 3: Mahu2021 (big blind) collected (130)



PokerStars Hand #254500091211: Tournament #3850361459, $4.60+$0.40 USD Hold'em No Limit - Level I (10/20) - 2025/01/22 17:15:41 CET [2025/01/22 11:15:41 ET]
Table '3850361459 1' 3-max Seat #2 is the button
Seat 1: Neo1186 (470 in chips) 
Seat 2: maju1406 (460 in chips) 
Seat 3: Mahu2021 (570 in chips) 
Mahu2021: posts small blind 10
Neo1186: posts big blind 20
*** HOLE CARDS ***
Dealt to Mahu2021 [9d Jh]
maju1406: folds 
Mahu2021: raises 20 to 40
Neo1186: folds 
Uncalled bet (20) returned to Mahu2021
Mahu2021 collected 40 from pot
Mahu2021: doesn't show hand 
*** SUMMARY ***
Total pot 40 | Rake 0 
Seat 1: Neo1186 (big blind) folded before Flop
Seat 2: maju1406 (button) folded before Flop (didn't bet)
Seat 3: Mahu2021 (small blind) collected (40)



PokerStars Hand #254500095625: Tournament #3850361459, $4.60+$0.40 USD Hold'em No Limit - Level I (10/20) - 2025/01/22 17:16:01 CET [2025/01/22 11:16:01 ET]
Table '3850361459 1' 3-max Seat #3 is the button
Seat 1: Neo1186 (450 in chips) 
Seat 2: maju1406 (460 in chips) 
Seat 3: Mahu2021 (590 in chips) 
Neo1186: posts small blind 10
maju1406: posts big blind 20
*** HOLE CARDS ***
Dealt to Mahu2021 [6s Ks]
Mahu2021: raises 20 to 40
Neo1186: folds 
maju1406: calls 20
*** FLOP *** [3s 9s Ts]
maju1406: checks 
Mahu2021: checks 
*** TURN *** [3s 9s Ts] [Qc]
maju1406: checks 
Mahu2021: checks 
*** RIVER *** [3s 9s Ts Qc] [3h]
maju1406: checks 
Mahu2021: bets 90
maju1406: folds 
Uncalled bet (90) returned to Mahu2021
Mahu2021 collected 90 from pot
Mahu2021: doesn't show hand 
*** SUMMARY ***
Total pot 90 | Rake 0 
Board [3s 9s Ts Qc 3h]
Seat 1: Neo1186 (small blind) folded before Flop
Seat 2: maju1406 (big blind) folded on the River
Seat 3: Mahu2021 (button) collected (90)



PokerStars Hand #254500103505: Tournament #3850361459, $4.60+$0.40 USD Hold'em No Limit - Level I (10/20) - 2025/01/22 17:16:37 CET [2025/01/22 11:16:37 ET]
Table '3850361459 1' 3-max Seat #1 is the button
Seat 1: Neo1186 (440 in chips) 
Seat 2: maju1406 (420 in chips) 
Seat 3: Mahu2021 (640 in chips) 
maju1406: posts small blind 10
Mahu2021: posts big blind 20
*** HOLE CARDS ***
Dealt to Mahu2021 [6h Kh]
Neo1186: raises 20 to 40
maju1406: folds 
Mahu2021: calls 20
*** FLOP *** [2d 4d As]
Mahu2021: checks 
Neo1186: bets 30
Mahu2021: folds 
Uncalled bet (30) returned to Neo1186
Neo1186 collected 90 from pot
Neo1186: doesn't show hand 
*** SUMMARY ***
Total pot 90 | Rake 0 
Board [2d 4d As]
Seat 1: Neo1186 (button) collected (90)
Seat 2: maju1406 (small blind) folded before Flop
Seat 3: Mahu2021 (big blind) folded on the Flop



PokerStars Hand #254500107792: Tournament #3850361459, $4.60+$0.40 USD Hold'em No Limit - Level I (10/20) - 2025/01/22 17:16:56 CET [2025/01/22 11:16:56 ET]
Table '3850361459 1' 3-max Seat #2 is the button
Seat 1: Neo1186 (490 in chips) 
Seat 2: maju1406 (410 in chips) 
Seat 3: Mahu2021 (600 in chips) 
Mahu2021: posts small blind 10
Neo1186: posts big blind 20
*** HOLE CARDS ***
Dealt to Mahu2021 [Kh Ad]
maju1406: folds 
Mahu2021: raises 40 to 60
Neo1186: calls 40
*** FLOP *** [3d Jd Tc]
Mahu2021: checks 
Neo1186: bets 30
Mahu2021: calls 30
*** TURN *** [3d Jd Tc] [Ac]
Mahu2021: checks 
Neo1186: checks 
*** RIVER *** [3d Jd Tc Ac] [5c]
Mahu2021: bets 40
Neo1186: calls 40
*** SHOW DOWN ***
Mahu2021: shows [Kh Ad] (a pair of Aces)
Neo1186: mucks hand 
Mahu2021 collected 260 from pot
*** SUMMARY ***
Total pot 260 | Rake 0 
Board [3d Jd Tc Ac 5c]
Seat 1: Neo1186 (big blind) mucked [Jh 8c]
Seat 2: maju1406 (button) folded before Flop (didn't bet)
Seat 3: Mahu2021 (small blind) showed [Kh Ad] and won (260) with a pair of Aces



PokerStars Hand #254500116852: Tournament #3850361459, $4.60+$0.40 USD Hold'em No Limit - Level I (10/20) - 2025/01/22 17:17:37 CET [2025/01/22 11:17:37 ET]
Table '3850361459 1' 3-max Seat #3 is the button
Seat 1: Neo1186 (360 in chips) 
Seat 2: maju1406 (410 in chips) 
Seat 3: Mahu2021 (730 in chips) 
Neo1186: posts small blind 10
maju1406: posts big blind 20
*** HOLE CARDS ***
Dealt to Mahu2021 [Qs Kc]
Mahu2021: raises 20 to 40
Neo1186: folds 
maju1406: folds 
Uncalled bet (20) returned to Mahu2021
Mahu2021 collected 50 from pot
Mahu2021: doesn't show hand 
*** SUMMARY ***
Total pot 50 | Rake 0 
Seat 1: Neo1186 (small blind) folded before Flop
Seat 2: maju1406 (big blind) folded before Flop
Seat 3: Mahu2021 (button) collected (50)



PokerStars Hand #254500119214: Tournament #3850361459, $4.60+$0.40 USD Hold'em No Limit - Level I (10/20) - 2025/01/22 17:17:48 CET [2025/01/22 11:17:48 ET]
Table '3850361459 1' 3-max Seat #1 is the button
Seat 1: Neo1186 (350 in chips) 
Seat 2: maju1406 (390 in chips) 
Seat 3: Mahu2021 (760 in chips) 
maju1406: posts small blind 10
Mahu2021: posts big blind 20
*** HOLE CARDS ***
Dealt to Mahu2021 [Ah 6h]
Neo1186: raises 20 to 40
maju1406: raises 350 to 390 and is all-in
Mahu2021: folds 
Neo1186: folds 
Uncalled bet (350) returned to maju1406
maju1406 collected 100 from pot
maju1406: doesn't show hand 
*** SUMMARY ***
Total pot 100 | Rake 0 
Seat 1: Neo1186 (button) folded before Flop
Seat 2: maju1406 (small blind) collected (100)
Seat 3: Mahu2021 (big blind) folded before Flop



PokerStars Hand #254500122963: Tournament #3850361459, $4.60+$0.40 USD Hold'em No Limit - Level II (15/30) - 2025/01/22 17:18:05 CET [2025/01/22 11:18:05 ET]
Table '3850361459 1' 3-max Seat #2 is the button
Seat 1: Neo1186 (310 in chips) 
Seat 2: maju1406 (450 in chips) 
Seat 3: Mahu2021 (740 in chips) 
Mahu2021: posts small blind 15
Neo1186: posts big blind 30
*** HOLE CARDS ***
Dealt to Mahu2021 [Tc 3s]
maju1406: folds 
Mahu2021: folds 
Uncalled bet (15) returned to Neo1186
Neo1186 collected 30 from pot
Neo1186: doesn't show hand 
*** SUMMARY ***
Total pot 30 | Rake 0 
Seat 1: Neo1186 (big blind) collected (30)
Seat 2: maju1406 (button) folded before Flop (didn't bet)
Seat 3: Mahu2021 (small blind) folded before Flop



PokerStars Hand #254500125154: Tournament #3850361459, $4.60+$0.40 USD Hold'em No Limit - Level II (15/30) - 2025/01/22 17:18:15 CET [2025/01/22 11:18:15 ET]
Table '3850361459 1' 3-max Seat #3 is the button
Seat 1: Neo1186 (325 in chips) 
Seat 2: maju1406 (450 in chips) 
Seat 3: Mahu2021 (725 in chips) 
Neo1186: posts small blind 15
maju1406: posts big blind 30
*** HOLE CARDS ***
Dealt to Mahu2021 [5c 7c]
Mahu2021: folds 
Neo1186: folds 
Uncalled bet (15) returned to maju1406
maju1406 collected 30 from pot
maju1406: doesn't show hand 
*** SUMMARY ***
Total pot 30 | Rake 0 
Seat 1: Neo1186 (small blind) folded before Flop
Seat 2: maju1406 (big blind) collected (30)
Seat 3: Mahu2021 (button) folded before Flop (didn't bet)



PokerStars Hand #254500127305: Tournament #3850361459, $4.60+$0.40 USD Hold'em No Limit - Level II (15/30) - 2025/01/22 17:18:24 CET [2025/01/22 11:18:24 ET]
Table '3850361459 1' 3-max Seat #1 is the button
Seat 1: Neo1186 (310 in chips) 
Seat 2: maju1406 (465 in chips) 
Seat 3: Mahu2021 (725 in chips) 
maju1406: posts small blind 15
Mahu2021: posts big blind 30
*** HOLE CARDS ***
Dealt to Mahu2021 [5c 7s]
Neo1186: folds 
maju1406: raises 435 to 465 and is all-in
Mahu2021: folds 
Uncalled bet (435) returned to maju1406
maju1406 collected 60 from pot
maju1406: doesn't show hand 
*** SUMMARY ***
Total pot 60 | Rake 0 
Seat 1: Neo1186 (button) folded before Flop (didn't bet)
Seat 2: maju1406 (small blind) collected (60)
Seat 3: Mahu2021 (big blind) folded before Flop



PokerStars Hand #254500129861: Tournament #3850361459, $4.60+$0.40 USD Hold'em No Limit - Level II (15/30) - 2025/01/22 17:18:36 CET [2025/01/22 11:18:36 ET]
Table '3850361459 1' 3-max Seat #2 is the button
Seat 1: Neo1186 (310 in chips) 
Seat 2: maju1406 (495 in chips) 
Seat 3: Mahu2021 (695 in chips) 
Mahu2021: posts small blind 15
Neo1186: posts big blind 30
*** HOLE CARDS ***
Dealt to Mahu2021 [Qs Jh]
maju1406: folds 
Mahu2021: raises 30 to 60
Neo1186: calls 30
*** FLOP *** [2s 8h Tc]
Mahu2021: checks 
Neo1186: checks 
*** TURN *** [2s 8h Tc] [5s]
Mahu2021: checks 
Neo1186: bets 60
Mahu2021: calls 60
*** RIVER *** [2s 8h Tc 5s] [Kd]
Mahu2021: checks 
Neo1186: bets 190 and is all-in
Mahu2021: folds 
Uncalled bet (190) returned to Neo1186
Neo1186 collected 240 from pot
Neo1186: doesn't show hand 
*** SUMMARY ***
Total pot 240 | Rake 0 
Board [2s 8h Tc 5s Kd]
Seat 1: Neo1186 (big blind) collected (240)
Seat 2: maju1406 (button) folded before Flop (didn't bet)
Seat 3: Mahu2021 (small blind) folded on the River



PokerStars Hand #254500137660: Tournament #3850361459, $4.60+$0.40 USD Hold'em No Limit - Level II (15/30) - 2025/01/22 17:19:11 CET [2025/01/22 11:19:11 ET]
Table '3850361459 1' 3-max Seat #3 is the button
Seat 1: Neo1186 (430 in chips) 
Seat 2: maju1406 (495 in chips) 
Seat 3: Mahu2021 (575 in chips) 
Neo1186: posts small blind 15
maju1406: posts big blind 30
*** HOLE CARDS ***
Dealt to Mahu2021 [2c 9s]
Mahu2021: folds 
Neo1186: raises 400 to 430 and is all-in
maju1406: folds 
Uncalled bet (400) returned to Neo1186
Neo1186 collected 60 from pot
Neo1186: doesn't show hand 
*** SUMMARY ***
Total pot 60 | Rake 0 
Seat 1: Neo1186 (small blind) collected (60)
Seat 2: maju1406 (big blind) folded before Flop
Seat 3: Mahu2021 (button) folded before Flop (didn't bet)



PokerStars Hand #254500139590: Tournament #3850361459, $4.60+$0.40 USD Hold'em No Limit - Level II (15/30) - 2025/01/22 17:19:20 CET [2025/01/22 11:19:20 ET]
Table '3850361459 1' 3-max Seat #1 is the button
Seat 1: Neo1186 (460 in chips) 
Seat 2: maju1406 (465 in chips) 
Seat 3: Mahu2021 (575 in chips) 
maju1406: posts small blind 15
Mahu2021: posts big blind 30
*** HOLE CARDS ***
Dealt to Mahu2021 [Jc As]
Neo1186: folds 
maju1406: calls 15
Mahu2021: raises 545 to 575 and is all-in
maju1406: calls 435 and is all-in
Uncalled bet (110) returned to Mahu2021
*** FLOP *** [Ac Qs 3d]
*** TURN *** [Ac Qs 3d] [4c]
*** RIVER *** [Ac Qs 3d 4c] [5h]
*** SHOW DOWN ***
maju1406: shows [7c 7h] (a pair of Sevens)
Mahu2021: shows [Jc As] (a pair of Aces)
Mahu2021 collected 930 from pot
maju1406 finished the tournament in 3rd place
*** SUMMARY ***
Total pot 930 | Rake 0 
Board [Ac Qs 3d 4c 5h]
Seat 1: Neo1186 (button) folded before Flop (didn't bet)
Seat 2: maju1406 (small blind) showed [7c 7h] and lost with a pair of Sevens
Seat 3: Mahu2021 (big blind) showed [Jc As] and won (930) with a pair of Aces



PokerStars Hand #254500144677: Tournament #3850361459, $4.60+$0.40 USD Hold'em No Limit - Level II (15/30) - 2025/01/22 17:19:43 CET [2025/01/22 11:19:43 ET]
Table '3850361459 1' 3-max Seat #3 is the button
Seat 1: Neo1186 (460 in chips) 
Seat 3: Mahu2021 (1040 in chips) 
Mahu2021: posts small blind 15
Neo1186: posts big blind 30
*** HOLE CARDS ***
Dealt to Mahu2021 [5s 2d]
Mahu2021: raises 30 to 60
Neo1186: folds 
Uncalled bet (30) returned to Mahu2021
Mahu2021 collected 60 from pot
Mahu2021: doesn't show hand 
*** SUMMARY ***
Total pot 60 | Rake 0 
Seat 1: Neo1186 (big blind) folded before Flop
Seat 3: Mahu2021 (button) (small blind) collected (60)



PokerStars Hand #254500148006: Tournament #3850361459, $4.60+$0.40 USD Hold'em No Limit - Level II (15/30) - 2025/01/22 17:19:58 CET [2025/01/22 11:19:58 ET]
Table '3850361459 1' 3-max Seat #1 is the button
Seat 1: Neo1186 (430 in chips) 
Seat 3: Mahu2021 (1070 in chips) 
Neo1186: posts small blind 15
Mahu2021: posts big blind 30
*** HOLE CARDS ***
Dealt to Mahu2021 [Qd 2c]
Neo1186: raises 30 to 60
Mahu2021: calls 30
*** FLOP *** [7s 7d Qc]
Mahu2021: bets 120
Neo1186: folds 
Uncalled bet (120) returned to Mahu2021
Mahu2021 collected 120 from pot
Mahu2021: doesn't show hand 
*** SUMMARY ***
Total pot 120 | Rake 0 
Board [7s 7d Qc]
Seat 1: Neo1186 (button) (small blind) folded on the Flop
Seat 3: Mahu2021 (big blind) collected (120)



PokerStars Hand #254500151655: Tournament #3850361459, $4.60+$0.40 USD Hold'em No Limit - Level II (15/30) - 2025/01/22 17:20:14 CET [2025/01/22 11:20:14 ET]
Table '3850361459 1' 3-max Seat #3 is the button
Seat 1: Neo1186 (370 in chips) 
Seat 3: Mahu2021 (1130 in chips) 
Mahu2021: posts small blind 15
Neo1186: posts big blind 30
*** HOLE CARDS ***
Dealt to Mahu2021 [Jd Th]
Mahu2021: raises 30 to 60
Neo1186: raises 310 to 370 and is all-in
Mahu2021: folds 
Uncalled bet (310) returned to Neo1186
Neo1186 collected 120 from pot
Neo1186: doesn't show hand 
*** SUMMARY ***
Total pot 120 | Rake 0 
Seat 1: Neo1186 (big blind) collected (120)
Seat 3: Mahu2021 (button) (small blind) folded before Flop



PokerStars Hand #254500153475: Tournament #3850361459, $4.60+$0.40 USD Hold'em No Limit - Level II (15/30) - 2025/01/22 17:20:22 CET [2025/01/22 11:20:22 ET]
Table '3850361459 1' 3-max Seat #1 is the button
Seat 1: Neo1186 (430 in chips) 
Seat 3: Mahu2021 (1070 in chips) 
Neo1186: posts small blind 15
Mahu2021: posts big blind 30
*** HOLE CARDS ***
Dealt to Mahu2021 [6d 9c]
Neo1186: calls 15
Mahu2021: checks 
*** FLOP *** [8d Td Ad]
Mahu2021: checks 
Neo1186: bets 30
Mahu2021: calls 30
*** TURN *** [8d Td Ad] [9h]
Mahu2021: checks 
Neo1186: checks 
*** RIVER *** [8d Td Ad 9h] [3h]
Mahu2021: checks 
Neo1186: checks 
*** SHOW DOWN ***
Mahu2021: shows [6d 9c] (a pair of Nines)
Neo1186: mucks hand 
Mahu2021 collected 120 from pot
*** SUMMARY ***
Total pot 120 | Rake 0 
Board [8d Td Ad 9h 3h]
Seat 1: Neo1186 (button) (small blind) mucked [Jc 8s]
Seat 3: Mahu2021 (big blind) showed [6d 9c] and won (120) with a pair of Nines



PokerStars Hand #254500158792: Tournament #3850361459, $4.60+$0.40 USD Hold'em No Limit - Level II (15/30) - 2025/01/22 17:20:46 CET [2025/01/22 11:20:46 ET]
Table '3850361459 1' 3-max Seat #3 is the button
Seat 1: Neo1186 (370 in chips) 
Seat 3: Mahu2021 (1130 in chips) 
Mahu2021: posts small blind 15
Neo1186: posts big blind 30
*** HOLE CARDS ***
Dealt to Mahu2021 [7h Qs]
Mahu2021: calls 15
Neo1186: checks 
*** FLOP *** [Jd 4c 5d]
Neo1186: checks 
Mahu2021: checks 
*** TURN *** [Jd 4c 5d] [Kh]
Neo1186: checks 
Mahu2021: bets 30
Neo1186: folds 
Uncalled bet (30) returned to Mahu2021
Mahu2021 collected 60 from pot
Mahu2021: doesn't show hand 
*** SUMMARY ***
Total pot 60 | Rake 0 
Board [Jd 4c 5d Kh]
Seat 1: Neo1186 (big blind) folded on the Turn
Seat 3: Mahu2021 (button) (small blind) collected (60)



PokerStars Hand #254500165072: Tournament #3850361459, $4.60+$0.40 USD Hold'em No Limit - Level III (20/40) - 2025/01/22 17:21:14 CET [2025/01/22 11:21:14 ET]
Table '3850361459 1' 3-max Seat #1 is the button
Seat 1: Neo1186 (340 in chips) 
Seat 3: Mahu2021 (1160 in chips) 
Neo1186: posts small blind 20
Mahu2021: posts big blind 40
*** HOLE CARDS ***
Dealt to Mahu2021 [Kc 5d]
Neo1186: calls 20
Mahu2021: checks 
*** FLOP *** [Qd Qs 4c]
Mahu2021: checks 
Neo1186: bets 40
Mahu2021: folds 
Uncalled bet (40) returned to Neo1186
Neo1186 collected 80 from pot
Neo1186: doesn't show hand 
*** SUMMARY ***
Total pot 80 | Rake 0 
Board [Qd Qs 4c]
Seat 1: Neo1186 (button) (small blind) collected (80)
Seat 3: Mahu2021 (big blind) folded on the Flop



PokerStars Hand #254500167739: Tournament #3850361459, $4.60+$0.40 USD Hold'em No Limit - Level III (20/40) - 2025/01/22 17:21:26 CET [2025/01/22 11:21:26 ET]
Table '3850361459 1' 3-max Seat #3 is the button
Seat 1: Neo1186 (380 in chips) 
Seat 3: Mahu2021 (1120 in chips) 
Mahu2021: posts small blind 20
Neo1186: posts big blind 40
*** HOLE CARDS ***
Dealt to Mahu2021 [9d 6s]
Mahu2021: folds 
Uncalled bet (20) returned to Neo1186
Neo1186 collected 40 from pot
Neo1186: doesn't show hand 
*** SUMMARY ***
Total pot 40 | Rake 0 
Seat 1: Neo1186 (big blind) collected (40)
Seat 3: Mahu2021 (button) (small blind) folded before Flop



PokerStars Hand #254500168851: Tournament #3850361459, $4.60+$0.40 USD Hold'em No Limit - Level III (20/40) - 2025/01/22 17:21:31 CET [2025/01/22 11:21:31 ET]
Table '3850361459 1' 3-max Seat #1 is the button
Seat 1: Neo1186 (400 in chips) 
Seat 3: Mahu2021 (1100 in chips) 
Neo1186: posts small blind 20
Mahu2021: posts big blind 40
*** HOLE CARDS ***
Dealt to Mahu2021 [Kd Qs]
Neo1186: calls 20
Mahu2021: raises 1060 to 1100 and is all-in
Neo1186: folds 
Uncalled bet (1060) returned to Mahu2021
Mahu2021 collected 80 from pot
Mahu2021: doesn't show hand 
*** SUMMARY ***
Total pot 80 | Rake 0 
Seat 1: Neo1186 (button) (small blind) folded before Flop
Seat 3: Mahu2021 (big blind) collected (80)



PokerStars Hand #254500170811: Tournament #3850361459, $4.60+$0.40 USD Hold'em No Limit - Level III (20/40) - 2025/01/22 17:21:39 CET [2025/01/22 11:21:39 ET]
Table '3850361459 1' 3-max Seat #3 is the button
Seat 1: Neo1186 (360 in chips) 
Seat 3: Mahu2021 (1140 in chips) 
Mahu2021: posts small blind 20
Neo1186: posts big blind 40
*** HOLE CARDS ***
Dealt to Mahu2021 [Ac 2c]
Mahu2021: raises 1100 to 1140 and is all-in
Neo1186: calls 320 and is all-in
Uncalled bet (780) returned to Mahu2021
*** FLOP *** [8h Tc Kd]
*** TURN *** [8h Tc Kd] [7h]
*** RIVER *** [8h Tc Kd 7h] [Kh]
*** SHOW DOWN ***
Neo1186: shows [Ad Qh] (a pair of Kings)
Mahu2021: shows [Ac 2c] (a pair of Kings - lower kicker)
Neo1186 collected 720 from pot
*** SUMMARY ***
Total pot 720 | Rake 0 
Board [8h Tc Kd 7h Kh]
Seat 1: Neo1186 (big blind) showed [Ad Qh] and won (720) with a pair of Kings
Seat 3: Mahu2021 (button) (small blind) showed [Ac 2c] and lost with a pair of Kings



PokerStars Hand #254500173780: Tournament #3850361459, $4.60+$0.40 USD Hold'em No Limit - Level III (20/40) - 2025/01/22 17:21:52 CET [2025/01/22 11:21:52 ET]
Table '3850361459 1' 3-max Seat #1 is the button
Seat 1: Neo1186 (720 in chips) 
Seat 3: Mahu2021 (780 in chips) 
Neo1186: posts small blind 20
Mahu2021: posts big blind 40
*** HOLE CARDS ***
Dealt to Mahu2021 [Th Qd]
Neo1186: calls 20
Mahu2021: checks 
*** FLOP *** [3s Kh 3d]
Mahu2021: checks 
Neo1186: bets 40
Mahu2021: calls 40
*** TURN *** [3s Kh 3d] [9s]
Mahu2021: checks 
Neo1186: checks 
*** RIVER *** [3s Kh 3d 9s] [4h]
Mahu2021: bets 120
Neo1186: calls 120
*** SHOW DOWN ***
Mahu2021: shows [Th Qd] (a pair of Threes)
Neo1186: shows [Ks 5d] (two pair, Kings and Threes)
Neo1186 collected 400 from pot
*** SUMMARY ***
Total pot 400 | Rake 0 
Board [3s Kh 3d 9s 4h]
Seat 1: Neo1186 (button) (small blind) showed [Ks 5d] and won (400) with two pair, Kings and Threes
Seat 3: Mahu2021 (big blind) showed [Th Qd] and lost with a pair of Threes



PokerStars Hand #254500178529: Tournament #3850361459, $4.60+$0.40 USD Hold'em No Limit - Level III (20/40) - 2025/01/22 17:22:14 CET [2025/01/22 11:22:14 ET]
Table '3850361459 1' 3-max Seat #3 is the button
Seat 1: Neo1186 (920 in chips) 
Seat 3: Mahu2021 (580 in chips) 
Mahu2021: posts small blind 20
Neo1186: posts big blind 40
*** HOLE CARDS ***
Dealt to Mahu2021 [3c 5d]
Mahu2021: folds 
Uncalled bet (20) returned to Neo1186
Neo1186 collected 40 from pot
Neo1186: doesn't show hand 
*** SUMMARY ***
Total pot 40 | Rake 0 
Seat 1: Neo1186 (big blind) collected (40)
Seat 3: Mahu2021 (button) (small blind) folded before Flop



PokerStars Hand #254500179932: Tournament #3850361459, $4.60+$0.40 USD Hold'em No Limit - Level III (20/40) - 2025/01/22 17:22:20 CET [2025/01/22 11:22:20 ET]
Table '3850361459 1' 3-max Seat #1 is the button
Seat 1: Neo1186 (940 in chips) 
Seat 3: Mahu2021 (560 in chips) 
Neo1186: posts small blind 20
Mahu2021: posts big blind 40
*** HOLE CARDS ***
Dealt to Mahu2021 [Ts Jc]
Neo1186: calls 20
Mahu2021: checks 
*** FLOP *** [Jd 9d 4c]
Mahu2021: checks 
Neo1186: bets 40
Mahu2021: raises 120 to 160
Neo1186: folds 
Uncalled bet (120) returned to Mahu2021
Mahu2021 collected 160 from pot
Mahu2021: doesn't show hand 
*** SUMMARY ***
Total pot 160 | Rake 0 
Board [Jd 9d 4c]
Seat 1: Neo1186 (button) (small blind) folded on the Flop
Seat 3: Mahu2021 (big blind) collected (160)



PokerStars Hand #254500185630: Tournament #3850361459, $4.60+$0.40 USD Hold'em No Limit - Level III (20/40) - 2025/01/22 17:22:46 CET [2025/01/22 11:22:46 ET]
Table '3850361459 1' 3-max Seat #3 is the button
Seat 1: Neo1186 (860 in chips) 
Seat 3: Mahu2021 (640 in chips) 
Mahu2021: posts small blind 20
Neo1186: posts big blind 40
*** HOLE CARDS ***
Dealt to Mahu2021 [7s 3s]
Mahu2021: folds 
Uncalled bet (20) returned to Neo1186
Neo1186 collected 40 from pot
Neo1186: doesn't show hand 
*** SUMMARY ***
Total pot 40 | Rake 0 
Seat 1: Neo1186 (big blind) collected (40)
Seat 3: Mahu2021 (button) (small blind) folded before Flop



PokerStars Hand #254500186687: Tournament #3850361459, $4.60+$0.40 USD Hold'em No Limit - Level III (20/40) - 2025/01/22 17:22:51 CET [2025/01/22 11:22:51 ET]
Table '3850361459 1' 3-max Seat #1 is the button
Seat 1: Neo1186 (880 in chips) 
Seat 3: Mahu2021 (620 in chips) 
Neo1186: posts small blind 20
Mahu2021: posts big blind 40
*** HOLE CARDS ***
Dealt to Mahu2021 [Tc As]
Neo1186: calls 20
Mahu2021: raises 580 to 620 and is all-in
Neo1186: folds 
Uncalled bet (580) returned to Mahu2021
Mahu2021 collected 80 from pot
Mahu2021: doesn't show hand 
*** SUMMARY ***
Total pot 80 | Rake 0 
Seat 1: Neo1186 (button) (small blind) folded before Flop
Seat 3: Mahu2021 (big blind) collected (80)



PokerStars Hand #254500189039: Tournament #3850361459, $4.60+$0.40 USD Hold'em No Limit - Level III (20/40) - 2025/01/22 17:23:01 CET [2025/01/22 11:23:01 ET]
Table '3850361459 1' 3-max Seat #3 is the button
Seat 1: Neo1186 (840 in chips) 
Seat 3: Mahu2021 (660 in chips) 
Mahu2021: posts small blind 20
Neo1186: posts big blind 40
*** HOLE CARDS ***
Dealt to Mahu2021 [2h 4s]
Mahu2021: folds 
Uncalled bet (20) returned to Neo1186
Neo1186 collected 40 from pot
Neo1186: doesn't show hand 
*** SUMMARY ***
Total pot 40 | Rake 0 
Seat 1: Neo1186 (big blind) collected (40)
Seat 3: Mahu2021 (button) (small blind) folded before Flop



PokerStars Hand #254500189993: Tournament #3850361459, $4.60+$0.40 USD Hold'em No Limit - Level III (20/40) - 2025/01/22 17:23:06 CET [2025/01/22 11:23:06 ET]
Table '3850361459 1' 3-max Seat #1 is the button
Seat 1: Neo1186 (860 in chips) 
Seat 3: Mahu2021 (640 in chips) 
Neo1186: posts small blind 20
Mahu2021: posts big blind 40
*** HOLE CARDS ***
Dealt to Mahu2021 [9d 9s]
Neo1186: calls 20
Mahu2021: raises 600 to 640 and is all-in
Neo1186: folds 
Uncalled bet (600) returned to Mahu2021
Mahu2021 collected 80 from pot
Mahu2021: doesn't show hand 
*** SUMMARY ***
Total pot 80 | Rake 0 
Seat 1: Neo1186 (button) (small blind) folded before Flop
Seat 3: Mahu2021 (big blind) collected (80)



PokerStars Hand #254500193604: Tournament #3850361459, $4.60+$0.40 USD Hold'em No Limit - Level III (20/40) - 2025/01/22 17:23:22 CET [2025/01/22 11:23:22 ET]
Table '3850361459 1' 3-max Seat #3 is the button
Seat 1: Neo1186 (820 in chips) 
Seat 3: Mahu2021 (680 in chips) 
Mahu2021: posts small blind 20
Neo1186: posts big blind 40
*** HOLE CARDS ***
Dealt to Mahu2021 [Qs 5d]
Mahu2021: folds 
Uncalled bet (20) returned to Neo1186
Neo1186 collected 40 from pot
Neo1186: doesn't show hand 
*** SUMMARY ***
Total pot 40 | Rake 0 
Seat 1: Neo1186 (big blind) collected (40)
Seat 3: Mahu2021 (button) (small blind) folded before Flop



PokerStars Hand #254500194782: Tournament #3850361459, $4.60+$0.40 USD Hold'em No Limit - Level III (20/40) - 2025/01/22 17:23:27 CET [2025/01/22 11:23:27 ET]
Table '3850361459 1' 3-max Seat #1 is the button
Seat 1: Neo1186 (840 in chips) 
Seat 3: Mahu2021 (660 in chips) 
Neo1186: posts small blind 20
Mahu2021: posts big blind 40
*** HOLE CARDS ***
Dealt to Mahu2021 [9s Qh]
Neo1186: calls 20
Mahu2021: checks 
*** FLOP *** [8s 4h 5h]
Mahu2021: checks 
Neo1186: checks 
*** TURN *** [8s 4h 5h] [Kd]
Mahu2021: checks 
Neo1186: checks 
*** RIVER *** [8s 4h 5h Kd] [5d]
Mahu2021: checks 
Neo1186: checks 
*** SHOW DOWN ***
Mahu2021: shows [9s Qh] (a pair of Fives)
Neo1186: shows [Qc Ad] (a pair of Fives - Ace kicker)
Neo1186 collected 80 from pot
*** SUMMARY ***
Total pot 80 | Rake 0 
Board [8s 4h 5h Kd 5d]
Seat 1: Neo1186 (button) (small blind) showed [Qc Ad] and won (80) with a pair of Fives
Seat 3: Mahu2021 (big blind) showed [9s Qh] and lost with a pair of Fives



PokerStars Hand #254500198403: Tournament #3850361459, $4.60+$0.40 USD Hold'em No Limit - Level III (20/40) - 2025/01/22 17:23:44 CET [2025/01/22 11:23:44 ET]
Table '3850361459 1' 3-max Seat #3 is the button
Seat 1: Neo1186 (880 in chips) 
Seat 3: Mahu2021 (620 in chips) 
Mahu2021: posts small blind 20
Neo1186: posts big blind 40
*** HOLE CARDS ***
Dealt to Mahu2021 [Qh 9d]
Mahu2021: raises 40 to 80
Neo1186: folds 
Uncalled bet (40) returned to Mahu2021
Mahu2021 collected 80 from pot
Mahu2021: doesn't show hand 
*** SUMMARY ***
Total pot 80 | Rake 0 
Seat 1: Neo1186 (big blind) folded before Flop
Seat 3: Mahu2021 (button) (small blind) collected (80)



PokerStars Hand #254500202774: Tournament #3850361459, $4.60+$0.40 USD Hold'em No Limit - Level IV (30/60) - 2025/01/22 17:24:04 CET [2025/01/22 11:24:04 ET]
Table '3850361459 1' 3-max Seat #1 is the button
Seat 1: Neo1186 (840 in chips) 
Seat 3: Mahu2021 (660 in chips) 
Neo1186: posts small blind 30
Mahu2021: posts big blind 60
*** HOLE CARDS ***
Dealt to Mahu2021 [Jc Th]
Neo1186: raises 780 to 840 and is all-in
Mahu2021: folds 
Uncalled bet (780) returned to Neo1186
Neo1186 collected 120 from pot
Neo1186: doesn't show hand 
*** SUMMARY ***
Total pot 120 | Rake 0 
Seat 1: Neo1186 (button) (small blind) collected (120)
Seat 3: Mahu2021 (big blind) folded before Flop



PokerStars Hand #254500204146: Tournament #3850361459, $4.60+$0.40 USD Hold'em No Limit - Level IV (30/60) - 2025/01/22 17:24:10 CET [2025/01/22 11:24:10 ET]
Table '3850361459 1' 3-max Seat #3 is the button
Seat 1: Neo1186 (900 in chips) 
Seat 3: Mahu2021 (600 in chips) 
Mahu2021: posts small blind 30
Neo1186: posts big blind 60
*** HOLE CARDS ***
Dealt to Mahu2021 [Js Jc]
Mahu2021: raises 540 to 600 and is all-in
Neo1186: folds 
Uncalled bet (540) returned to Mahu2021
Mahu2021 collected 120 from pot
Mahu2021: doesn't show hand 
*** SUMMARY ***
Total pot 120 | Rake 0 
Seat 1: Neo1186 (big blind) folded before Flop
Seat 3: Mahu2021 (button) (small blind) collected (120)



PokerStars Hand #254500205765: Tournament #3850361459, $4.60+$0.40 USD Hold'em No Limit - Level IV (30/60) - 2025/01/22 17:24:17 CET [2025/01/22 11:24:17 ET]
Table '3850361459 1' 3-max Seat #1 is the button
Seat 1: Neo1186 (840 in chips) 
Seat 3: Mahu2021 (660 in chips) 
Neo1186: posts small blind 30
Mahu2021: posts big blind 60
*** HOLE CARDS ***
Dealt to Mahu2021 [4c 4d]
Neo1186: calls 30
Mahu2021: raises 600 to 660 and is all-in
Neo1186: folds 
Uncalled bet (600) returned to Mahu2021
Mahu2021 collected 120 from pot
Mahu2021: doesn't show hand 
*** SUMMARY ***
Total pot 120 | Rake 0 
Seat 1: Neo1186 (button) (small blind) folded before Flop
Seat 3: Mahu2021 (big blind) collected (120)



PokerStars Hand #254500208839: Tournament #3850361459, $4.60+$0.40 USD Hold'em No Limit - Level IV (30/60) - 2025/01/22 17:24:31 CET [2025/01/22 11:24:31 ET]
Table '3850361459 1' 3-max Seat #3 is the button
Seat 1: Neo1186 (780 in chips) 
Seat 3: Mahu2021 (720 in chips) 
Mahu2021: posts small blind 30
Neo1186: posts big blind 60
*** HOLE CARDS ***
Dealt to Mahu2021 [8h Kd]
Mahu2021: calls 30
Neo1186: raises 720 to 780 and is all-in
Mahu2021: folds 
Uncalled bet (720) returned to Neo1186
Neo1186 collected 120 from pot
Neo1186: doesn't show hand 
*** SUMMARY ***
Total pot 120 | Rake 0 
Seat 1: Neo1186 (big blind) collected (120)
Seat 3: Mahu2021 (button) (small blind) folded before Flop



PokerStars Hand #254500212755: Tournament #3850361459, $4.60+$0.40 USD Hold'em No Limit - Level IV (30/60) - 2025/01/22 17:24:48 CET [2025/01/22 11:24:48 ET]
Table '3850361459 1' 3-max Seat #1 is the button
Seat 1: Neo1186 (840 in chips) 
Seat 3: Mahu2021 (660 in chips) 
Neo1186: posts small blind 30
Mahu2021: posts big blind 60
*** HOLE CARDS ***
Dealt to Mahu2021 [9d 9c]
Neo1186: folds 
Uncalled bet (30) returned to Mahu2021
Mahu2021 collected 60 from pot
Mahu2021: doesn't show hand 
*** SUMMARY ***
Total pot 60 | Rake 0 
Seat 1: Neo1186 (button) (small blind) folded before Flop
Seat 3: Mahu2021 (big blind) collected (60)



PokerStars Hand #254500215086: Tournament #3850361459, $4.60+$0.40 USD Hold'em No Limit - Level IV (30/60) - 2025/01/22 17:24:59 CET [2025/01/22 11:24:59 ET]
Table '3850361459 1' 3-max Seat #3 is the button
Seat 1: Neo1186 (810 in chips) 
Seat 3: Mahu2021 (690 in chips) 
Mahu2021: posts small blind 30
Neo1186: posts big blind 60
*** HOLE CARDS ***
Dealt to Mahu2021 [5c 4d]
Mahu2021: calls 30
Neo1186: raises 750 to 810 and is all-in
Mahu2021: folds 
Uncalled bet (750) returned to Neo1186
Neo1186 collected 120 from pot
Neo1186: doesn't show hand 
*** SUMMARY ***
Total pot 120 | Rake 0 
Seat 1: Neo1186 (big blind) collected (120)
Seat 3: Mahu2021 (button) (small blind) folded before Flop



PokerStars Hand #254500216869: Tournament #3850361459, $4.60+$0.40 USD Hold'em No Limit - Level IV (30/60) - 2025/01/22 17:25:06 CET [2025/01/22 11:25:06 ET]
Table '3850361459 1' 3-max Seat #1 is the button
Seat 1: Neo1186 (870 in chips) 
Seat 3: Mahu2021 (630 in chips) 
Neo1186: posts small blind 30
Mahu2021: posts big blind 60
*** HOLE CARDS ***
Dealt to Mahu2021 [7d 7h]
Neo1186: calls 30
Mahu2021: raises 570 to 630 and is all-in
Neo1186: folds 
Uncalled bet (570) returned to Mahu2021
Mahu2021 collected 120 from pot
Mahu2021: doesn't show hand 
*** SUMMARY ***
Total pot 120 | Rake 0 
Seat 1: Neo1186 (button) (small blind) folded before Flop
Seat 3: Mahu2021 (big blind) collected (120)



PokerStars Hand #254500219690: Tournament #3850361459, $4.60+$0.40 USD Hold'em No Limit - Level IV (30/60) - 2025/01/22 17:25:19 CET [2025/01/22 11:25:19 ET]
Table '3850361459 1' 3-max Seat #3 is the button
Seat 1: Neo1186 (810 in chips) 
Seat 3: Mahu2021 (690 in chips) 
Mahu2021: posts small blind 30
Neo1186: posts big blind 60
*** HOLE CARDS ***
Dealt to Mahu2021 [Jd 7d]
Mahu2021: folds 
Uncalled bet (30) returned to Neo1186
Neo1186 collected 60 from pot
Neo1186: doesn't show hand 
*** SUMMARY ***
Total pot 60 | Rake 0 
Seat 1: Neo1186 (big blind) collected (60)
Seat 3: Mahu2021 (button) (small blind) folded before Flop



PokerStars Hand #254500220821: Tournament #3850361459, $4.60+$0.40 USD Hold'em No Limit - Level IV (30/60) - 2025/01/22 17:25:24 CET [2025/01/22 11:25:24 ET]
Table '3850361459 1' 3-max Seat #1 is the button
Seat 1: Neo1186 (840 in chips) 
Seat 3: Mahu2021 (660 in chips) 
Neo1186: posts small blind 30
Mahu2021: posts big blind 60
*** HOLE CARDS ***
Dealt to Mahu2021 [Ah 2c]
Neo1186: calls 30
Mahu2021: checks 
*** FLOP *** [As 9s Ac]
Mahu2021: checks 
Neo1186: bets 60
Mahu2021: calls 60
*** TURN *** [As 9s Ac] [5h]
Mahu2021: checks 
Neo1186: bets 120
Mahu2021: calls 120
*** RIVER *** [As 9s Ac 5h] [Qd]
Mahu2021: bets 120
Neo1186: calls 120
*** SHOW DOWN ***
Mahu2021: shows [Ah 2c] (three of a kind, Aces)
Neo1186: mucks hand 
Mahu2021 collected 720 from pot
*** SUMMARY ***
Total pot 720 | Rake 0 
Board [As 9s Ac 5h Qd]
Seat 1: Neo1186 (button) (small blind) mucked [Qc 8c]
Seat 3: Mahu2021 (big blind) showed [Ah 2c] and won (720) with three of a kind, Aces



PokerStars Hand #254500226620: Tournament #3850361459, $4.60+$0.40 USD Hold'em No Limit - Level IV (30/60) - 2025/01/22 17:25:50 CET [2025/01/22 11:25:50 ET]
Table '3850361459 1' 3-max Seat #3 is the button
Seat 1: Neo1186 (480 in chips) 
Seat 3: Mahu2021 (1020 in chips) 
Mahu2021: posts small blind 30
Neo1186: posts big blind 60
*** HOLE CARDS ***
Dealt to Mahu2021 [3d Jd]
Mahu2021: calls 30
Neo1186: checks 
*** FLOP *** [Kh Ac 6s]
Neo1186: checks 
Mahu2021: bets 60
Neo1186: folds 
Uncalled bet (60) returned to Mahu2021
Mahu2021 collected 120 from pot
Mahu2021: doesn't show hand 
*** SUMMARY ***
Total pot 120 | Rake 0 
Board [Kh Ac 6s]
Seat 1: Neo1186 (big blind) folded on the Flop
Seat 3: Mahu2021 (button) (small blind) collected (120)



PokerStars Hand #254500230694: Tournament #3850361459, $4.60+$0.40 USD Hold'em No Limit - Level IV (30/60) - 2025/01/22 17:26:08 CET [2025/01/22 11:26:08 ET]
Table '3850361459 1' 3-max Seat #1 is the button
Seat 1: Neo1186 (420 in chips) 
Seat 3: Mahu2021 (1080 in chips) 
Neo1186: posts small blind 30
Mahu2021: posts big blind 60
*** HOLE CARDS ***
Dealt to Mahu2021 [Ks Td]
Neo1186: calls 30
Mahu2021: raises 1020 to 1080 and is all-in
Neo1186: folds 
Uncalled bet (1020) returned to Mahu2021
Mahu2021 collected 120 from pot
Mahu2021: doesn't show hand 
*** SUMMARY ***
Total pot 120 | Rake 0 
Seat 1: Neo1186 (button) (small blind) folded before Flop
Seat 3: Mahu2021 (big blind) collected (120)



PokerStars Hand #254500234189: Tournament #3850361459, $4.60+$0.40 USD Hold'em No Limit - Level IV (30/60) - 2025/01/22 17:26:24 CET [2025/01/22 11:26:24 ET]
Table '3850361459 1' 3-max Seat #3 is the button
Seat 1: Neo1186 (360 in chips) 
Seat 3: Mahu2021 (1140 in chips) 
Mahu2021: posts small blind 30
Neo1186: posts big blind 60
*** HOLE CARDS ***
Dealt to Mahu2021 [3s 6c]
Mahu2021: folds 
Uncalled bet (30) returned to Neo1186
Neo1186 collected 60 from pot
Neo1186: doesn't show hand 
*** SUMMARY ***
Total pot 60 | Rake 0 
Seat 1: Neo1186 (big blind) collected (60)
Seat 3: Mahu2021 (button) (small blind) folded before Flop



PokerStars Hand #254500235263: Tournament #3850361459, $4.60+$0.40 USD Hold'em No Limit - Level IV (30/60) - 2025/01/22 17:26:28 CET [2025/01/22 11:26:28 ET]
Table '3850361459 1' 3-max Seat #1 is the button
Seat 1: Neo1186 (390 in chips) 
Seat 3: Mahu2021 (1110 in chips) 
Neo1186: posts small blind 30
Mahu2021: posts big blind 60
*** HOLE CARDS ***
Dealt to Mahu2021 [7c 6d]
Neo1186: folds 
Uncalled bet (30) returned to Mahu2021
Mahu2021 collected 60 from pot
Mahu2021: doesn't show hand 
*** SUMMARY ***
Total pot 60 | Rake 0 
Seat 1: Neo1186 (button) (small blind) folded before Flop
Seat 3: Mahu2021 (big blind) collected (60)



PokerStars Hand #254500236740: Tournament #3850361459, $4.60+$0.40 USD Hold'em No Limit - Level IV (30/60) - 2025/01/22 17:26:35 CET [2025/01/22 11:26:35 ET]
Table '3850361459 1' 3-max Seat #3 is the button
Seat 1: Neo1186 (360 in chips) 
Seat 3: Mahu2021 (1140 in chips) 
Mahu2021: posts small blind 30
Neo1186: posts big blind 60
*** HOLE CARDS ***
Dealt to Mahu2021 [Ts 9h]
Mahu2021: calls 30
Neo1186: raises 300 to 360 and is all-in
Mahu2021: folds 
Uncalled bet (300) returned to Neo1186
Neo1186 collected 120 from pot
Neo1186: doesn't show hand 
*** SUMMARY ***
Total pot 120 | Rake 0 
Seat 1: Neo1186 (big blind) collected (120)
Seat 3: Mahu2021 (button) (small blind) folded before Flop



PokerStars Hand #254500239232: Tournament #3850361459, $4.60+$0.40 USD Hold'em No Limit - Level IV (30/60) - 2025/01/22 17:26:46 CET [2025/01/22 11:26:46 ET]
Table '3850361459 1' 3-max Seat #1 is the button
Seat 1: Neo1186 (420 in chips) 
Seat 3: Mahu2021 (1080 in chips) 
Neo1186: posts small blind 30
Mahu2021: posts big blind 60
*** HOLE CARDS ***
Dealt to Mahu2021 [9d Js]
Neo1186: folds 
Uncalled bet (30) returned to Mahu2021
Mahu2021 collected 60 from pot
Mahu2021: doesn't show hand 
*** SUMMARY ***
Total pot 60 | Rake 0 
Seat 1: Neo1186 (button) (small blind) folded before Flop
Seat 3: Mahu2021 (big blind) collected (60)



PokerStars Hand #254500240291: Tournament #3850361459, $4.60+$0.40 USD Hold'em No Limit - Level IV (30/60) - 2025/01/22 17:26:51 CET [2025/01/22 11:26:51 ET]
Table '3850361459 1' 3-max Seat #3 is the button
Seat 1: Neo1186 (390 in chips) 
Seat 3: Mahu2021 (1110 in chips) 
Mahu2021: posts small blind 30
Neo1186: posts big blind 60
*** HOLE CARDS ***
Dealt to Mahu2021 [Js Td]
Mahu2021: raises 60 to 120
Neo1186: raises 270 to 390 and is all-in
Mahu2021: folds 
Uncalled bet (270) returned to Neo1186
Neo1186 collected 240 from pot
Neo1186: doesn't show hand 
*** SUMMARY ***
Total pot 240 | Rake 0 
Seat 1: Neo1186 (big blind) collected (240)
Seat 3: Mahu2021 (button) (small blind) folded before Flop



PokerStars Hand #254500242898: Tournament #3850361459, $4.60+$0.40 USD Hold'em No Limit - Level V (40/80) - 2025/01/22 17:27:02 CET [2025/01/22 11:27:02 ET]
Table '3850361459 1' 3-max Seat #1 is the button
Seat 1: Neo1186 (510 in chips) 
Seat 3: Mahu2021 (990 in chips) 
Neo1186: posts small blind 40
Mahu2021: posts big blind 80
*** HOLE CARDS ***
Dealt to Mahu2021 [Kh 7s]
Neo1186: raises 430 to 510 and is all-in
Mahu2021: folds 
Uncalled bet (430) returned to Neo1186
Neo1186 collected 160 from pot
Neo1186: doesn't show hand 
*** SUMMARY ***
Total pot 160 | Rake 0 
Seat 1: Neo1186 (button) (small blind) collected (160)
Seat 3: Mahu2021 (big blind) folded before Flop



PokerStars Hand #254500245099: Tournament #3850361459, $4.60+$0.40 USD Hold'em No Limit - Level V (40/80) - 2025/01/22 17:27:12 CET [2025/01/22 11:27:12 ET]
Table '3850361459 1' 3-max Seat #3 is the button
Seat 1: Neo1186 (590 in chips) 
Seat 3: Mahu2021 (910 in chips) 
Mahu2021: posts small blind 40
Neo1186: posts big blind 80
*** HOLE CARDS ***
Dealt to Mahu2021 [Ad Ts]
Mahu2021: calls 40
Neo1186: raises 510 to 590 and is all-in
Mahu2021: calls 510
*** FLOP *** [4s Jd Qd]
*** TURN *** [4s Jd Qd] [2h]
*** RIVER *** [4s Jd Qd 2h] [2d]
*** SHOW DOWN ***
Neo1186: shows [Qc Js] (two pair, Queens and Jacks)
Mahu2021: shows [Ad Ts] (a pair of Deuces)
Neo1186 collected 1180 from pot
*** SUMMARY ***
Total pot 1180 | Rake 0 
Board [4s Jd Qd 2h 2d]
Seat 1: Neo1186 (big blind) showed [Qc Js] and won (1180) with two pair, Queens and Jacks
Seat 3: Mahu2021 (button) (small blind) showed [Ad Ts] and lost with a pair of Deuces



PokerStars Hand #254500248981: Tournament #3850361459, $4.60+$0.40 USD Hold'em No Limit - Level V (40/80) - 2025/01/22 17:27:30 CET [2025/01/22 11:27:30 ET]
Table '3850361459 1' 3-max Seat #1 is the button
Seat 1: Neo1186 (1180 in chips) 
Seat 3: Mahu2021 (320 in chips) 
Neo1186: posts small blind 40
Mahu2021: posts big blind 80
*** HOLE CARDS ***
Dealt to Mahu2021 [Qc 4s]
Neo1186: raises 1100 to 1180 and is all-in
Mahu2021: calls 240 and is all-in
Uncalled bet (860) returned to Neo1186
*** FLOP *** [Jc 2s Kh]
*** TURN *** [Jc 2s Kh] [3c]
*** RIVER *** [Jc 2s Kh 3c] [7s]
*** SHOW DOWN ***
Mahu2021: shows [Qc 4s] (high card King)
Neo1186: shows [6h Jd] (a pair of Jacks)
Neo1186 collected 640 from pot
Mahu2021 finished the tournament in 2nd place
Neo1186 wins the tournament and receives $15.00 - congratulations!
*** SUMMARY ***
Total pot 640 | Rake 0 
Board [Jc 2s Kh 3c 7s]
Seat 1: Neo1186 (button) (small blind) showed [6h Jd] and won (640) with a pair of Jacks
Seat 3: Mahu2021 (big blind) showed [Qc 4s] and lost with high card King



