PokerStars Hand #245046067805: Tournament #3623017199, $0.92+$0.08 USD Hold'em No Limit - Level I (10/20) - 2023/07/27 12:59:12 CET [2023/07/27 6:59:12 ET]
Table '3623017199 1' 3-max Seat #1 is the button
Seat 1: bouncg (500 in chips) 
Seat 2: Mahu2021 (500 in chips) 
Seat 3: Jevgen7 (500 in chips) 
Mahu2021: posts small blind 10
Jevgen7: posts big blind 20
*** HOLE CARDS ***
Dealt to Mahu2021 [Jd 9d]
bouncg: folds 
Mahu2021: calls 10
Jevgen7: raises 40 to 60
Mahu2021: calls 40
*** FLOP *** [8d 7s Qs]
Mahu2021: checks 
Jevgen7: bets 80
Mahu2021: folds 
Uncalled bet (80) returned to Jevgen7
Jevgen7 collected 120 from pot
*** SUMMARY ***
Total pot 120 | Rake 0 
Board [8d 7s Qs]
Seat 1: bouncg (button) folded before Flop (didn't bet)
Seat 2: Mahu2021 (small blind) folded on the Flop
Seat 3: Jevgen7 (big blind) collected (120)



PokerStars Hand #245046071346: Tournament #3623017199, $0.92+$0.08 USD Hold'em No Limit - Level I (10/20) - 2023/07/27 12:59:40 CET [2023/07/27 6:59:40 ET]
Table '3623017199 1' 3-max Seat #2 is the button
Seat 1: bouncg (500 in chips) 
Seat 2: Mahu2021 (440 in chips) 
Seat 3: Jevgen7 (560 in chips) 
Jevgen7: posts small blind 10
bouncg: posts big blind 20
*** HOLE CARDS ***
Dealt to Mahu2021 [7h Ac]
Mahu2021: folds 
Jevgen7: calls 10
bouncg: checks 
*** FLOP *** [6c Qs Kd]
Jevgen7: checks 
bouncg: checks 
*** TURN *** [6c Qs Kd] [8c]
Jevgen7: bets 40
bouncg: folds 
Uncalled bet (40) returned to Jevgen7
Jevgen7 collected 40 from pot
*** SUMMARY ***
Total pot 40 | Rake 0 
Board [6c Qs Kd 8c]
Seat 1: bouncg (big blind) folded on the Turn
Seat 2: Mahu2021 (button) folded before Flop (didn't bet)
Seat 3: Jevgen7 (small blind) collected (40)



PokerStars Hand #245046073264: Tournament #3623017199, $0.92+$0.08 USD Hold'em No Limit - Level I (10/20) - 2023/07/27 12:59:55 CET [2023/07/27 6:59:55 ET]
Table '3623017199 1' 3-max Seat #3 is the button
Seat 1: bouncg (480 in chips) 
Seat 2: Mahu2021 (440 in chips) 
Seat 3: Jevgen7 (580 in chips) 
bouncg: posts small blind 10
Mahu2021: posts big blind 20
*** HOLE CARDS ***
Dealt to Mahu2021 [3c 9s]
Jevgen7: raises 40 to 60
bouncg: folds 
Mahu2021: folds 
Uncalled bet (40) returned to Jevgen7
Jevgen7 collected 50 from pot
*** SUMMARY ***
Total pot 50 | Rake 0 
Seat 1: bouncg (small blind) folded before Flop
Seat 2: Mahu2021 (big blind) folded before Flop
Seat 3: Jevgen7 (button) collected (50)



PokerStars Hand #245046074002: Tournament #3623017199, $0.92+$0.08 USD Hold'em No Limit - Level I (10/20) - 2023/07/27 13:00:01 CET [2023/07/27 7:00:01 ET]
Table '3623017199 1' 3-max Seat #1 is the button
Seat 1: bouncg (470 in chips) 
Seat 2: Mahu2021 (420 in chips) 
Seat 3: Jevgen7 (610 in chips) 
Mahu2021: posts small blind 10
Jevgen7: posts big blind 20
*** HOLE CARDS ***
Dealt to Mahu2021 [3d 4c]
bouncg: raises 20 to 40
Mahu2021: folds 
Jevgen7: calls 20
*** FLOP *** [3c 8d 6h]
Jevgen7: bets 40
bouncg: raises 60 to 100
Jevgen7: calls 60
*** TURN *** [3c 8d 6h] [Kh]
Jevgen7: checks 
bouncg: bets 330 and is all-in
Jevgen7: calls 330
*** RIVER *** [3c 8d 6h Kh] [5c]
*** SHOW DOWN ***
Jevgen7: shows [Kd 8h] (two pair, Kings and Eights)
bouncg: shows [8s 6s] (two pair, Eights and Sixes)
Jevgen7 collected 950 from pot
bouncg finished the tournament in 3rd place
*** SUMMARY ***
Total pot 950 | Rake 0 
Board [3c 8d 6h Kh 5c]
Seat 1: bouncg (button) showed [8s 6s] and lost with two pair, Eights and Sixes
Seat 2: Mahu2021 (small blind) folded before Flop
Seat 3: Jevgen7 (big blind) showed [Kd 8h] and won (950) with two pair, Kings and Eights



PokerStars Hand #245046077356: Tournament #3623017199, $0.92+$0.08 USD Hold'em No Limit - Level I (10/20) - 2023/07/27 13:00:27 CET [2023/07/27 7:00:27 ET]
Table '3623017199 1' 3-max Seat #3 is the button
Seat 2: Mahu2021 (410 in chips) 
Seat 3: Jevgen7 (1090 in chips) 
Jevgen7: posts small blind 10
Mahu2021: posts big blind 20
*** HOLE CARDS ***
Dealt to Mahu2021 [4h 7h]
Jevgen7: calls 10
Mahu2021: checks 
*** FLOP *** [Jc 9s 6c]
Mahu2021: checks 
Jevgen7: bets 40
Mahu2021: folds 
Uncalled bet (40) returned to Jevgen7
Jevgen7 collected 40 from pot
*** SUMMARY ***
Total pot 40 | Rake 0 
Board [Jc 9s 6c]
Seat 2: Mahu2021 (big blind) folded on the Flop
Seat 3: Jevgen7 (button) (small blind) collected (40)



PokerStars Hand #245046079427: Tournament #3623017199, $0.92+$0.08 USD Hold'em No Limit - Level I (10/20) - 2023/07/27 13:00:43 CET [2023/07/27 7:00:43 ET]
Table '3623017199 1' 3-max Seat #2 is the button
Seat 2: Mahu2021 (390 in chips) 
Seat 3: Jevgen7 (1110 in chips) 
Mahu2021: posts small blind 10
Jevgen7: posts big blind 20
*** HOLE CARDS ***
Dealt to Mahu2021 [7h Ad]
Mahu2021: raises 20 to 40
Jevgen7: folds 
Uncalled bet (20) returned to Mahu2021
Mahu2021 collected 40 from pot
Mahu2021: doesn't show hand 
*** SUMMARY ***
Total pot 40 | Rake 0 
Seat 2: Mahu2021 (button) (small blind) collected (40)
Seat 3: Jevgen7 (big blind) folded before Flop



PokerStars Hand #245046080762: Tournament #3623017199, $0.92+$0.08 USD Hold'em No Limit - Level I (10/20) - 2023/07/27 13:00:52 CET [2023/07/27 7:00:52 ET]
Table '3623017199 1' 3-max Seat #3 is the button
Seat 2: Mahu2021 (410 in chips) 
Seat 3: Jevgen7 (1090 in chips) 
Jevgen7: posts small blind 10
Mahu2021: posts big blind 20
*** HOLE CARDS ***
Dealt to Mahu2021 [Ac Qd]
Jevgen7: raises 20 to 40
Mahu2021: raises 80 to 120
Jevgen7: folds 
Uncalled bet (80) returned to Mahu2021
Mahu2021 collected 80 from pot
Mahu2021: doesn't show hand 
*** SUMMARY ***
Total pot 80 | Rake 0 
Seat 2: Mahu2021 (big blind) collected (80)
Seat 3: Jevgen7 (button) (small blind) folded before Flop



PokerStars Hand #245046081946: Tournament #3623017199, $0.92+$0.08 USD Hold'em No Limit - Level I (10/20) - 2023/07/27 13:01:01 CET [2023/07/27 7:01:01 ET]
Table '3623017199 1' 3-max Seat #2 is the button
Seat 2: Mahu2021 (450 in chips) 
Seat 3: Jevgen7 (1050 in chips) 
Mahu2021: posts small blind 10
Jevgen7: posts big blind 20
*** HOLE CARDS ***
Dealt to Mahu2021 [6d 8s]
Mahu2021: folds 
Uncalled bet (10) returned to Jevgen7
Jevgen7 collected 20 from pot
*** SUMMARY ***
Total pot 20 | Rake 0 
Seat 2: Mahu2021 (button) (small blind) folded before Flop
Seat 3: Jevgen7 (big blind) collected (20)



PokerStars Hand #245046082750: Tournament #3623017199, $0.92+$0.08 USD Hold'em No Limit - Level I (10/20) - 2023/07/27 13:01:06 CET [2023/07/27 7:01:06 ET]
Table '3623017199 1' 3-max Seat #3 is the button
Seat 2: Mahu2021 (440 in chips) 
Seat 3: Jevgen7 (1060 in chips) 
Jevgen7: posts small blind 10
Mahu2021: posts big blind 20
*** HOLE CARDS ***
Dealt to Mahu2021 [Ad Qh]
Jevgen7: folds 
Uncalled bet (10) returned to Mahu2021
Mahu2021 collected 20 from pot
Mahu2021: doesn't show hand 
*** SUMMARY ***
Total pot 20 | Rake 0 
Seat 2: Mahu2021 (big blind) collected (20)
Seat 3: Jevgen7 (button) (small blind) folded before Flop



PokerStars Hand #245046083847: Tournament #3623017199, $0.92+$0.08 USD Hold'em No Limit - Level I (10/20) - 2023/07/27 13:01:13 CET [2023/07/27 7:01:13 ET]
Table '3623017199 1' 3-max Seat #2 is the button
Seat 2: Mahu2021 (450 in chips) 
Seat 3: Jevgen7 (1050 in chips) 
Mahu2021: posts small blind 10
Jevgen7: posts big blind 20
*** HOLE CARDS ***
Dealt to Mahu2021 [2s 2h]
Mahu2021: raises 20 to 40
Jevgen7: calls 20
*** FLOP *** [Qh 6h 9s]
Jevgen7: bets 40
Mahu2021: folds 
Uncalled bet (40) returned to Jevgen7
Jevgen7 collected 80 from pot
*** SUMMARY ***
Total pot 80 | Rake 0 
Board [Qh 6h 9s]
Seat 2: Mahu2021 (button) (small blind) folded on the Flop
Seat 3: Jevgen7 (big blind) collected (80)



PokerStars Hand #245046085889: Tournament #3623017199, $0.92+$0.08 USD Hold'em No Limit - Level I (10/20) - 2023/07/27 13:01:27 CET [2023/07/27 7:01:27 ET]
Table '3623017199 1' 3-max Seat #3 is the button
Seat 2: Mahu2021 (410 in chips) 
Seat 3: Jevgen7 (1090 in chips) 
Jevgen7: posts small blind 10
Mahu2021: posts big blind 20
*** HOLE CARDS ***
Dealt to Mahu2021 [Kc 8h]
Jevgen7: raises 20 to 40
Mahu2021: calls 20
*** FLOP *** [3c 6c 2c]
Mahu2021: bets 80
Jevgen7: folds 
Uncalled bet (80) returned to Mahu2021
Mahu2021 collected 80 from pot
Mahu2021: doesn't show hand 
*** SUMMARY ***
Total pot 80 | Rake 0 
Board [3c 6c 2c]
Seat 2: Mahu2021 (big blind) collected (80)
Seat 3: Jevgen7 (button) (small blind) folded on the Flop



PokerStars Hand #245046088148: Tournament #3623017199, $0.92+$0.08 USD Hold'em No Limit - Level I (10/20) - 2023/07/27 13:01:42 CET [2023/07/27 7:01:42 ET]
Table '3623017199 1' 3-max Seat #2 is the button
Seat 2: Mahu2021 (450 in chips) 
Seat 3: Jevgen7 (1050 in chips) 
Mahu2021: posts small blind 10
Jevgen7: posts big blind 20
*** HOLE CARDS ***
Dealt to Mahu2021 [4d 7s]
Mahu2021: folds 
Uncalled bet (10) returned to Jevgen7
Jevgen7 collected 20 from pot
*** SUMMARY ***
Total pot 20 | Rake 0 
Seat 2: Mahu2021 (button) (small blind) folded before Flop
Seat 3: Jevgen7 (big blind) collected (20)



PokerStars Hand #245046088947: Tournament #3623017199, $0.92+$0.08 USD Hold'em No Limit - Level I (10/20) - 2023/07/27 13:01:48 CET [2023/07/27 7:01:48 ET]
Table '3623017199 1' 3-max Seat #3 is the button
Seat 2: Mahu2021 (440 in chips) 
Seat 3: Jevgen7 (1060 in chips) 
Jevgen7: posts small blind 10
Mahu2021: posts big blind 20
*** HOLE CARDS ***
Dealt to Mahu2021 [3h Ac]
Jevgen7: raises 20 to 40
Mahu2021: calls 20
*** FLOP *** [7d 6c 4c]
Mahu2021: checks 
Jevgen7: bets 60
Mahu2021: folds 
Uncalled bet (60) returned to Jevgen7
Jevgen7 collected 80 from pot
*** SUMMARY ***
Total pot 80 | Rake 0 
Board [7d 6c 4c]
Seat 2: Mahu2021 (big blind) folded on the Flop
Seat 3: Jevgen7 (button) (small blind) collected (80)



PokerStars Hand #245046091546: Tournament #3623017199, $0.92+$0.08 USD Hold'em No Limit - Level I (10/20) - 2023/07/27 13:02:05 CET [2023/07/27 7:02:05 ET]
Table '3623017199 1' 3-max Seat #2 is the button
Seat 2: Mahu2021 (400 in chips) 
Seat 3: Jevgen7 (1100 in chips) 
Mahu2021: posts small blind 10
Jevgen7: posts big blind 20
*** HOLE CARDS ***
Dealt to Mahu2021 [9s 9d]
Mahu2021: raises 380 to 400 and is all-in
Jevgen7: folds 
Uncalled bet (380) returned to Mahu2021
Mahu2021 collected 40 from pot
Mahu2021: doesn't show hand 
*** SUMMARY ***
Total pot 40 | Rake 0 
Seat 2: Mahu2021 (button) (small blind) collected (40)
Seat 3: Jevgen7 (big blind) folded before Flop



PokerStars Hand #245046093336: Tournament #3623017199, $0.92+$0.08 USD Hold'em No Limit - Level II (15/30) - 2023/07/27 13:02:17 CET [2023/07/27 7:02:17 ET]
Table '3623017199 1' 3-max Seat #3 is the button
Seat 2: Mahu2021 (420 in chips) 
Seat 3: Jevgen7 (1080 in chips) 
Jevgen7: posts small blind 15
Mahu2021: posts big blind 30
*** HOLE CARDS ***
Dealt to Mahu2021 [3s Qc]
Jevgen7: folds 
Uncalled bet (15) returned to Mahu2021
Mahu2021 collected 30 from pot
Mahu2021: doesn't show hand 
*** SUMMARY ***
Total pot 30 | Rake 0 
Seat 2: Mahu2021 (big blind) collected (30)
Seat 3: Jevgen7 (button) (small blind) folded before Flop



PokerStars Hand #245046094188: Tournament #3623017199, $0.92+$0.08 USD Hold'em No Limit - Level II (15/30) - 2023/07/27 13:02:22 CET [2023/07/27 7:02:22 ET]
Table '3623017199 1' 3-max Seat #2 is the button
Seat 2: Mahu2021 (435 in chips) 
Seat 3: Jevgen7 (1065 in chips) 
Mahu2021: posts small blind 15
Jevgen7: posts big blind 30
*** HOLE CARDS ***
Dealt to Mahu2021 [2c Qc]
Mahu2021: calls 15
Jevgen7: raises 90 to 120
Mahu2021: folds 
Uncalled bet (90) returned to Jevgen7
Jevgen7 collected 60 from pot
*** SUMMARY ***
Total pot 60 | Rake 0 
Seat 2: Mahu2021 (button) (small blind) folded before Flop
Seat 3: Jevgen7 (big blind) collected (60)



PokerStars Hand #245046095553: Tournament #3623017199, $0.92+$0.08 USD Hold'em No Limit - Level II (15/30) - 2023/07/27 13:02:31 CET [2023/07/27 7:02:31 ET]
Table '3623017199 1' 3-max Seat #3 is the button
Seat 2: Mahu2021 (405 in chips) 
Seat 3: Jevgen7 (1095 in chips) 
Jevgen7: posts small blind 15
Mahu2021: posts big blind 30
*** HOLE CARDS ***
Dealt to Mahu2021 [6s 4h]
Jevgen7: calls 15
Mahu2021: checks 
*** FLOP *** [8c 6h Th]
Mahu2021: checks 
Jevgen7: checks 
*** TURN *** [8c 6h Th] [8h]
Mahu2021: bets 60
Jevgen7: calls 60
*** RIVER *** [8c 6h Th 8h] [4s]
Mahu2021: bets 180
Jevgen7: raises 180 to 360
Mahu2021: calls 135 and is all-in
Uncalled bet (45) returned to Jevgen7
*** SHOW DOWN ***
Jevgen7: shows [5s 7d] (a straight, Four to Eight)
Mahu2021: shows [6s 4h] (two pair, Eights and Sixes)
Jevgen7 collected 810 from pot
Mahu2021 finished the tournament in 2nd place
Jevgen7 wins the tournament and receives $3.00 - congratulations!
*** SUMMARY ***
Total pot 810 | Rake 0 
Board [8c 6h Th 8h 4s]
Seat 2: Mahu2021 (big blind) showed [6s 4h] and lost with two pair, Eights and Sixes
Seat 3: Jevgen7 (button) (small blind) showed [5s 7d] and won (810) with a straight, Four to Eight



