PokerStars Hand #247771489153: Tournament #3689130715, $1.84+$0.16 USD Hold'em No Limit - Level I (10/20) - 2023/12/20 21:10:13 CET [2023/12/20 15:10:13 ET]
Table '3689130715 1' 3-max Seat #1 is the button
Seat 1: Mahu2021 (500 in chips) 
Seat 2: Tz1_1p (500 in chips) 
Seat 3: NilsAA259 (500 in chips) 
Tz1_1p: posts small blind 10
NilsAA259: posts big blind 20
*** HOLE CARDS ***
Dealt to Mahu2021 [9s 4h]
Mahu2021: folds 
Tz1_1p: folds 
Uncalled bet (10) returned to NilsAA259
NilsAA259 collected 20 from pot
*** SUMMARY ***
Total pot 20 | Rake 0 
Seat 1: Mahu2021 (button) folded before Flop (didn't bet)
Seat 2: Tz1_1p (small blind) folded before Flop
Seat 3: NilsAA259 (big blind) collected (20)



PokerStars Hand #247771490885: Tournament #3689130715, $1.84+$0.16 USD Hold'em No Limit - Level I (10/20) - 2023/12/20 21:10:18 CET [2023/12/20 15:10:18 ET]
Table '3689130715 1' 3-max Seat #2 is the button
Seat 1: Mahu2021 (500 in chips) 
Seat 2: Tz1_1p (490 in chips) 
Seat 3: NilsAA259 (510 in chips) 
NilsAA259: posts small blind 10
Mahu2021: posts big blind 20
*** HOLE CARDS ***
Dealt to Mahu2021 [6h 8d]
Tz1_1p: raises 20 to 40
NilsAA259: calls 30
Mahu2021: calls 20
*** FLOP *** [3d Qh Qs]
NilsAA259: checks 
Mahu2021: checks 
Tz1_1p: checks 
*** TURN *** [3d Qh Qs] [8h]
NilsAA259: checks 
Mahu2021: bets 40
Tz1_1p: folds 
NilsAA259: folds 
Uncalled bet (40) returned to Mahu2021
Mahu2021 collected 120 from pot
Mahu2021: doesn't show hand 
*** SUMMARY ***
Total pot 120 | Rake 0 
Board [3d Qh Qs 8h]
Seat 1: Mahu2021 (big blind) collected (120)
Seat 2: Tz1_1p (button) folded on the Turn
Seat 3: NilsAA259 (small blind) folded on the Turn



PokerStars Hand #247771499482: Tournament #3689130715, $1.84+$0.16 USD Hold'em No Limit - Level I (10/20) - 2023/12/20 21:10:43 CET [2023/12/20 15:10:43 ET]
Table '3689130715 1' 3-max Seat #3 is the button
Seat 1: Mahu2021 (580 in chips) 
Seat 2: Tz1_1p (450 in chips) 
Seat 3: NilsAA259 (470 in chips) 
Mahu2021: posts small blind 10
Tz1_1p: posts big blind 20
*** HOLE CARDS ***
Dealt to Mahu2021 [8d 5c]
NilsAA259: calls 20
Mahu2021: folds 
Tz1_1p: checks 
*** FLOP *** [9c 8s Ad]
Tz1_1p: checks 
NilsAA259: bets 20
Tz1_1p: folds 
Uncalled bet (20) returned to NilsAA259
NilsAA259 collected 50 from pot
*** SUMMARY ***
Total pot 50 | Rake 0 
Board [9c 8s Ad]
Seat 1: Mahu2021 (small blind) folded before Flop
Seat 2: Tz1_1p (big blind) folded on the Flop
Seat 3: NilsAA259 (button) collected (50)



PokerStars Hand #247771505817: Tournament #3689130715, $1.84+$0.16 USD Hold'em No Limit - Level I (10/20) - 2023/12/20 21:11:01 CET [2023/12/20 15:11:01 ET]
Table '3689130715 1' 3-max Seat #1 is the button
Seat 1: Mahu2021 (570 in chips) 
Seat 2: Tz1_1p (430 in chips) 
Seat 3: NilsAA259 (500 in chips) 
Tz1_1p: posts small blind 10
NilsAA259: posts big blind 20
*** HOLE CARDS ***
Dealt to Mahu2021 [3c 8d]
Mahu2021: folds 
Tz1_1p: raises 20 to 40
NilsAA259: calls 20
*** FLOP *** [7h 4s 3h]
Tz1_1p: checks 
NilsAA259: checks 
*** TURN *** [7h 4s 3h] [Qc]
Tz1_1p: bets 40
NilsAA259: calls 40
*** RIVER *** [7h 4s 3h Qc] [9c]
Tz1_1p: bets 80
NilsAA259: folds 
Uncalled bet (80) returned to Tz1_1p
Tz1_1p collected 160 from pot
*** SUMMARY ***
Total pot 160 | Rake 0 
Board [7h 4s 3h Qc 9c]
Seat 1: Mahu2021 (button) folded before Flop (didn't bet)
Seat 2: Tz1_1p (small blind) collected (160)
Seat 3: NilsAA259 (big blind) folded on the River



PokerStars Hand #247771513230: Tournament #3689130715, $1.84+$0.16 USD Hold'em No Limit - Level I (10/20) - 2023/12/20 21:11:22 CET [2023/12/20 15:11:22 ET]
Table '3689130715 1' 3-max Seat #2 is the button
Seat 1: Mahu2021 (570 in chips) 
Seat 2: Tz1_1p (510 in chips) 
Seat 3: NilsAA259 (420 in chips) 
NilsAA259: posts small blind 10
Mahu2021: posts big blind 20
*** HOLE CARDS ***
Dealt to Mahu2021 [Qc 3h]
Tz1_1p: raises 20 to 40
NilsAA259: calls 30
Mahu2021: calls 20
*** FLOP *** [7c 3d 5c]
NilsAA259: checks 
Mahu2021: checks 
Tz1_1p: checks 
*** TURN *** [7c 3d 5c] [9c]
NilsAA259: checks 
Mahu2021: checks 
Tz1_1p: checks 
*** RIVER *** [7c 3d 5c 9c] [6d]
NilsAA259: bets 60
Mahu2021: folds 
Tz1_1p: raises 410 to 470 and is all-in
NilsAA259: calls 320 and is all-in
Uncalled bet (90) returned to Tz1_1p
*** SHOW DOWN ***
Tz1_1p: shows [4h As] (a straight, Three to Seven)
NilsAA259: shows [Js 4c] (a straight, Three to Seven)
NilsAA259 collected 440 from pot
Tz1_1p collected 440 from pot
*** SUMMARY ***
Total pot 880 | Rake 0 
Board [7c 3d 5c 9c 6d]
Seat 1: Mahu2021 (big blind) folded on the River
Seat 2: Tz1_1p (button) showed [4h As] and won (440) with a straight, Three to Seven
Seat 3: NilsAA259 (small blind) showed [Js 4c] and won (440) with a straight, Three to Seven



PokerStars Hand #247771524172: Tournament #3689130715, $1.84+$0.16 USD Hold'em No Limit - Level I (10/20) - 2023/12/20 21:11:54 CET [2023/12/20 15:11:54 ET]
Table '3689130715 1' 3-max Seat #3 is the button
Seat 1: Mahu2021 (530 in chips) 
Seat 2: Tz1_1p (530 in chips) 
Seat 3: NilsAA259 (440 in chips) 
Mahu2021: posts small blind 10
Tz1_1p: posts big blind 20
*** HOLE CARDS ***
Dealt to Mahu2021 [9d Ts]
NilsAA259: calls 20
Mahu2021: calls 10
Tz1_1p: checks 
*** FLOP *** [Ad 8s 2c]
Mahu2021: checks 
Tz1_1p: checks 
NilsAA259: checks 
*** TURN *** [Ad 8s 2c] [3s]
Mahu2021: checks 
Tz1_1p: bets 30
NilsAA259: calls 30
Mahu2021: folds 
*** RIVER *** [Ad 8s 2c 3s] [8d]
Tz1_1p: bets 480 and is all-in
NilsAA259: calls 390 and is all-in
Uncalled bet (90) returned to Tz1_1p
*** SHOW DOWN ***
Tz1_1p: shows [3c 8h] (a full house, Eights full of Threes)
NilsAA259: shows [2d 2s] (a full house, Deuces full of Eights)
Tz1_1p collected 900 from pot
NilsAA259 finished the tournament in 3rd place
*** SUMMARY ***
Total pot 900 | Rake 0 
Board [Ad 8s 2c 3s 8d]
Seat 1: Mahu2021 (small blind) folded on the Turn
Seat 2: Tz1_1p (big blind) showed [3c 8h] and won (900) with a full house, Eights full of Threes
Seat 3: NilsAA259 (button) showed [2d 2s] and lost with a full house, Deuces full of Eights



PokerStars Hand #247771533748: Tournament #3689130715, $1.84+$0.16 USD Hold'em No Limit - Level I (10/20) - 2023/12/20 21:12:22 CET [2023/12/20 15:12:22 ET]
Table '3689130715 1' 3-max Seat #2 is the button
Seat 1: Mahu2021 (510 in chips) 
Seat 2: Tz1_1p (990 in chips) 
Tz1_1p: posts small blind 10
Mahu2021: posts big blind 20
*** HOLE CARDS ***
Dealt to Mahu2021 [6s 9s]
Tz1_1p: raises 40 to 60
Mahu2021: calls 40
*** FLOP *** [Kh Jd Ks]
Mahu2021: checks 
Tz1_1p: bets 60
Mahu2021: folds 
Uncalled bet (60) returned to Tz1_1p
Tz1_1p collected 120 from pot
*** SUMMARY ***
Total pot 120 | Rake 0 
Board [Kh Jd Ks]
Seat 1: Mahu2021 (big blind) folded on the Flop
Seat 2: Tz1_1p (button) (small blind) collected (120)



PokerStars Hand #247771538047: Tournament #3689130715, $1.84+$0.16 USD Hold'em No Limit - Level I (10/20) - 2023/12/20 21:12:34 CET [2023/12/20 15:12:34 ET]
Table '3689130715 1' 3-max Seat #1 is the button
Seat 1: Mahu2021 (450 in chips) 
Seat 2: Tz1_1p (1050 in chips) 
Mahu2021: posts small blind 10
Tz1_1p: posts big blind 20
*** HOLE CARDS ***
Dealt to Mahu2021 [7c 9h]
Mahu2021: folds 
Uncalled bet (10) returned to Tz1_1p
Tz1_1p collected 20 from pot
*** SUMMARY ***
Total pot 20 | Rake 0 
Seat 1: Mahu2021 (button) (small blind) folded before Flop
Seat 2: Tz1_1p (big blind) collected (20)



PokerStars Hand #247771539607: Tournament #3689130715, $1.84+$0.16 USD Hold'em No Limit - Level I (10/20) - 2023/12/20 21:12:39 CET [2023/12/20 15:12:39 ET]
Table '3689130715 1' 3-max Seat #2 is the button
Seat 1: Mahu2021 (440 in chips) 
Seat 2: Tz1_1p (1060 in chips) 
Tz1_1p: posts small blind 10
Mahu2021: posts big blind 20
*** HOLE CARDS ***
Dealt to Mahu2021 [Kd 2c]
Tz1_1p: raises 20 to 40
Mahu2021: calls 20
*** FLOP *** [8c Js Qh]
Mahu2021: checks 
Tz1_1p: checks 
*** TURN *** [8c Js Qh] [Jh]
Mahu2021: checks 
Tz1_1p: checks 
*** RIVER *** [8c Js Qh Jh] [3c]
Mahu2021: checks 
Tz1_1p: checks 
*** SHOW DOWN ***
Mahu2021: shows [Kd 2c] (a pair of Jacks)
Tz1_1p: mucks hand 
Mahu2021 collected 80 from pot
*** SUMMARY ***
Total pot 80 | Rake 0 
Board [8c Js Qh Jh 3c]
Seat 1: Mahu2021 (big blind) showed [Kd 2c] and won (80) with a pair of Jacks
Seat 2: Tz1_1p (button) (small blind) mucked [6d 5d]



PokerStars Hand #247771544154: Tournament #3689130715, $1.84+$0.16 USD Hold'em No Limit - Level I (10/20) - 2023/12/20 21:12:52 CET [2023/12/20 15:12:52 ET]
Table '3689130715 1' 3-max Seat #1 is the button
Seat 1: Mahu2021 (480 in chips) 
Seat 2: Tz1_1p (1020 in chips) 
Mahu2021: posts small blind 10
Tz1_1p: posts big blind 20
*** HOLE CARDS ***
Dealt to Mahu2021 [9h Js]
Mahu2021: calls 10
Tz1_1p: checks 
*** FLOP *** [Jc 9s 8h]
Tz1_1p: checks 
Mahu2021: bets 20
Tz1_1p: folds 
Uncalled bet (20) returned to Mahu2021
Mahu2021 collected 40 from pot
Mahu2021: doesn't show hand 
*** SUMMARY ***
Total pot 40 | Rake 0 
Board [Jc 9s 8h]
Seat 1: Mahu2021 (button) (small blind) collected (40)
Seat 2: Tz1_1p (big blind) folded on the Flop



PokerStars Hand #247771547263: Tournament #3689130715, $1.84+$0.16 USD Hold'em No Limit - Level I (10/20) - 2023/12/20 21:13:01 CET [2023/12/20 15:13:01 ET]
Table '3689130715 1' 3-max Seat #2 is the button
Seat 1: Mahu2021 (500 in chips) 
Seat 2: Tz1_1p (1000 in chips) 
Tz1_1p: posts small blind 10
Mahu2021: posts big blind 20
*** HOLE CARDS ***
Dealt to Mahu2021 [Jh Kc]
Tz1_1p: raises 20 to 40
Mahu2021: calls 20
*** FLOP *** [9s 5c Ks]
Mahu2021: checks 
Tz1_1p: bets 40
Mahu2021: calls 40
*** TURN *** [9s 5c Ks] [5s]
Mahu2021: checks 
Tz1_1p: checks 
*** RIVER *** [9s 5c Ks 5s] [Ac]
Mahu2021: bets 40
Tz1_1p: folds 
Uncalled bet (40) returned to Mahu2021
Mahu2021 collected 160 from pot
Mahu2021: doesn't show hand 
*** SUMMARY ***
Total pot 160 | Rake 0 
Board [9s 5c Ks 5s Ac]
Seat 1: Mahu2021 (big blind) collected (160)
Seat 2: Tz1_1p (button) (small blind) folded on the River



PokerStars Hand #247771556440: Tournament #3689130715, $1.84+$0.16 USD Hold'em No Limit - Level II (15/30) - 2023/12/20 21:13:27 CET [2023/12/20 15:13:27 ET]
Table '3689130715 1' 3-max Seat #1 is the button
Seat 1: Mahu2021 (580 in chips) 
Seat 2: Tz1_1p (920 in chips) 
Mahu2021: posts small blind 15
Tz1_1p: posts big blind 30
*** HOLE CARDS ***
Dealt to Mahu2021 [Ac 5s]
Mahu2021: calls 15
Tz1_1p: checks 
*** FLOP *** [Ts 4h 5d]
Tz1_1p: checks 
Mahu2021: checks 
*** TURN *** [Ts 4h 5d] [6c]
Tz1_1p: bets 30
Mahu2021: calls 30
*** RIVER *** [Ts 4h 5d 6c] [Ad]
Tz1_1p: bets 120
Mahu2021: calls 120
*** SHOW DOWN ***
Tz1_1p: shows [7s 8c] (a straight, Four to Eight)
Mahu2021: mucks hand 
Tz1_1p collected 360 from pot
*** SUMMARY ***
Total pot 360 | Rake 0 
Board [Ts 4h 5d 6c Ad]
Seat 1: Mahu2021 (button) (small blind) mucked [Ac 5s]
Seat 2: Tz1_1p (big blind) showed [7s 8c] and won (360) with a straight, Four to Eight



PokerStars Hand #247771563075: Tournament #3689130715, $1.84+$0.16 USD Hold'em No Limit - Level II (15/30) - 2023/12/20 21:13:46 CET [2023/12/20 15:13:46 ET]
Table '3689130715 1' 3-max Seat #2 is the button
Seat 1: Mahu2021 (400 in chips) 
Seat 2: Tz1_1p (1100 in chips) 
Tz1_1p: posts small blind 15
Mahu2021: posts big blind 30
*** HOLE CARDS ***
Dealt to Mahu2021 [8c As]
Tz1_1p: folds 
Uncalled bet (15) returned to Mahu2021
Mahu2021 collected 30 from pot
Mahu2021: doesn't show hand 
*** SUMMARY ***
Total pot 30 | Rake 0 
Seat 1: Mahu2021 (big blind) collected (30)
Seat 2: Tz1_1p (button) (small blind) folded before Flop



PokerStars Hand #247771564484: Tournament #3689130715, $1.84+$0.16 USD Hold'em No Limit - Level II (15/30) - 2023/12/20 21:13:51 CET [2023/12/20 15:13:51 ET]
Table '3689130715 1' 3-max Seat #1 is the button
Seat 1: Mahu2021 (415 in chips) 
Seat 2: Tz1_1p (1085 in chips) 
Mahu2021: posts small blind 15
Tz1_1p: posts big blind 30
*** HOLE CARDS ***
Dealt to Mahu2021 [7c 7s]
Mahu2021: raises 30 to 60
Tz1_1p: calls 30
*** FLOP *** [3h 3s 9d]
Tz1_1p: checks 
Mahu2021: bets 355 and is all-in
Tz1_1p: folds 
Uncalled bet (355) returned to Mahu2021
Mahu2021 collected 120 from pot
Mahu2021: doesn't show hand 
*** SUMMARY ***
Total pot 120 | Rake 0 
Board [3h 3s 9d]
Seat 1: Mahu2021 (button) (small blind) collected (120)
Seat 2: Tz1_1p (big blind) folded on the Flop



PokerStars Hand #247771568383: Tournament #3689130715, $1.84+$0.16 USD Hold'em No Limit - Level II (15/30) - 2023/12/20 21:14:02 CET [2023/12/20 15:14:02 ET]
Table '3689130715 1' 3-max Seat #2 is the button
Seat 1: Mahu2021 (475 in chips) 
Seat 2: Tz1_1p (1025 in chips) 
Tz1_1p: posts small blind 15
Mahu2021: posts big blind 30
*** HOLE CARDS ***
Dealt to Mahu2021 [6c Ts]
Tz1_1p: folds 
Uncalled bet (15) returned to Mahu2021
Mahu2021 collected 30 from pot
Mahu2021: doesn't show hand 
*** SUMMARY ***
Total pot 30 | Rake 0 
Seat 1: Mahu2021 (big blind) collected (30)
Seat 2: Tz1_1p (button) (small blind) folded before Flop



PokerStars Hand #247771569755: Tournament #3689130715, $1.84+$0.16 USD Hold'em No Limit - Level II (15/30) - 2023/12/20 21:14:06 CET [2023/12/20 15:14:06 ET]
Table '3689130715 1' 3-max Seat #1 is the button
Seat 1: Mahu2021 (490 in chips) 
Seat 2: Tz1_1p (1010 in chips) 
Mahu2021: posts small blind 15
Tz1_1p: posts big blind 30
*** HOLE CARDS ***
Dealt to Mahu2021 [5c Kh]
Mahu2021: calls 15
Tz1_1p: checks 
*** FLOP *** [7d 9s As]
Tz1_1p: checks 
Mahu2021: bets 30
Tz1_1p: calls 30
*** TURN *** [7d 9s As] [Th]
Tz1_1p: checks 
Mahu2021: checks 
*** RIVER *** [7d 9s As Th] [Kd]
Tz1_1p: checks 
Mahu2021: checks 
*** SHOW DOWN ***
Tz1_1p: shows [9d 6s] (a pair of Nines)
Mahu2021: shows [5c Kh] (a pair of Kings)
Mahu2021 collected 120 from pot
*** SUMMARY ***
Total pot 120 | Rake 0 
Board [7d 9s As Th Kd]
Seat 1: Mahu2021 (button) (small blind) showed [5c Kh] and won (120) with a pair of Kings
Seat 2: Tz1_1p (big blind) showed [9d 6s] and lost with a pair of Nines



PokerStars Hand #247771574609: Tournament #3689130715, $1.84+$0.16 USD Hold'em No Limit - Level II (15/30) - 2023/12/20 21:14:20 CET [2023/12/20 15:14:20 ET]
Table '3689130715 1' 3-max Seat #2 is the button
Seat 1: Mahu2021 (550 in chips) 
Seat 2: Tz1_1p (950 in chips) 
Tz1_1p: posts small blind 15
Mahu2021: posts big blind 30
*** HOLE CARDS ***
Dealt to Mahu2021 [9s Kd]
Tz1_1p: raises 30 to 60
Mahu2021: calls 30
*** FLOP *** [7h Kh 9d]
Mahu2021: checks 
Tz1_1p: bets 30
Mahu2021: raises 60 to 90
Tz1_1p: calls 60
*** TURN *** [7h Kh 9d] [5c]
Mahu2021: bets 90
Tz1_1p: folds 
Uncalled bet (90) returned to Mahu2021
Mahu2021 collected 300 from pot
Mahu2021: doesn't show hand 
*** SUMMARY ***
Total pot 300 | Rake 0 
Board [7h Kh 9d 5c]
Seat 1: Mahu2021 (big blind) collected (300)
Seat 2: Tz1_1p (button) (small blind) folded on the Turn



PokerStars Hand #247771579752: Tournament #3689130715, $1.84+$0.16 USD Hold'em No Limit - Level II (15/30) - 2023/12/20 21:14:35 CET [2023/12/20 15:14:35 ET]
Table '3689130715 1' 3-max Seat #1 is the button
Seat 1: Mahu2021 (700 in chips) 
Seat 2: Tz1_1p (800 in chips) 
Mahu2021: posts small blind 15
Tz1_1p: posts big blind 30
*** HOLE CARDS ***
Dealt to Mahu2021 [3c 6h]
Mahu2021: folds 
Uncalled bet (15) returned to Tz1_1p
Tz1_1p collected 30 from pot
*** SUMMARY ***
Total pot 30 | Rake 0 
Seat 1: Mahu2021 (button) (small blind) folded before Flop
Seat 2: Tz1_1p (big blind) collected (30)



PokerStars Hand #247771581304: Tournament #3689130715, $1.84+$0.16 USD Hold'em No Limit - Level II (15/30) - 2023/12/20 21:14:39 CET [2023/12/20 15:14:39 ET]
Table '3689130715 1' 3-max Seat #2 is the button
Seat 1: Mahu2021 (685 in chips) 
Seat 2: Tz1_1p (815 in chips) 
Tz1_1p: posts small blind 15
Mahu2021: posts big blind 30
*** HOLE CARDS ***
Dealt to Mahu2021 [9h Ac]
Tz1_1p: raises 30 to 60
Mahu2021: calls 30
*** FLOP *** [Qc Jc Ad]
Mahu2021: checks 
Tz1_1p: bets 60
Mahu2021: calls 60
*** TURN *** [Qc Jc Ad] [5s]
Mahu2021: checks 
Tz1_1p: checks 
*** RIVER *** [Qc Jc Ad 5s] [5h]
Mahu2021: checks 
Tz1_1p: checks 
*** SHOW DOWN ***
Mahu2021: shows [9h Ac] (two pair, Aces and Fives)
Tz1_1p: mucks hand 
Mahu2021 collected 240 from pot
*** SUMMARY ***
Total pot 240 | Rake 0 
Board [Qc Jc Ad 5s 5h]
Seat 1: Mahu2021 (big blind) showed [9h Ac] and won (240) with two pair, Aces and Fives
Seat 2: Tz1_1p (button) (small blind) mucked [Jh Kc]



PokerStars Hand #247771587035: Tournament #3689130715, $1.84+$0.16 USD Hold'em No Limit - Level II (15/30) - 2023/12/20 21:14:56 CET [2023/12/20 15:14:56 ET]
Table '3689130715 1' 3-max Seat #1 is the button
Seat 1: Mahu2021 (805 in chips) 
Seat 2: Tz1_1p (695 in chips) 
Mahu2021: posts small blind 15
Tz1_1p: posts big blind 30
*** HOLE CARDS ***
Dealt to Mahu2021 [3d 5d]
Mahu2021: calls 15
Tz1_1p: checks 
*** FLOP *** [9d Td 2d]
Tz1_1p: checks 
Mahu2021: bets 30
Tz1_1p: folds 
Uncalled bet (30) returned to Mahu2021
Mahu2021 collected 60 from pot
Mahu2021: doesn't show hand 
*** SUMMARY ***
Total pot 60 | Rake 0 
Board [9d Td 2d]
Seat 1: Mahu2021 (button) (small blind) collected (60)
Seat 2: Tz1_1p (big blind) folded on the Flop



PokerStars Hand #247771590327: Tournament #3689130715, $1.84+$0.16 USD Hold'em No Limit - Level II (15/30) - 2023/12/20 21:15:05 CET [2023/12/20 15:15:05 ET]
Table '3689130715 1' 3-max Seat #2 is the button
Seat 1: Mahu2021 (835 in chips) 
Seat 2: Tz1_1p (665 in chips) 
Tz1_1p: posts small blind 15
Mahu2021: posts big blind 30
*** HOLE CARDS ***
Dealt to Mahu2021 [Td Qc]
Tz1_1p: folds 
Uncalled bet (15) returned to Mahu2021
Mahu2021 collected 30 from pot
Mahu2021: doesn't show hand 
*** SUMMARY ***
Total pot 30 | Rake 0 
Seat 1: Mahu2021 (big blind) collected (30)
Seat 2: Tz1_1p (button) (small blind) folded before Flop



PokerStars Hand #247771591740: Tournament #3689130715, $1.84+$0.16 USD Hold'em No Limit - Level II (15/30) - 2023/12/20 21:15:09 CET [2023/12/20 15:15:09 ET]
Table '3689130715 1' 3-max Seat #1 is the button
Seat 1: Mahu2021 (850 in chips) 
Seat 2: Tz1_1p (650 in chips) 
Mahu2021: posts small blind 15
Tz1_1p: posts big blind 30
*** HOLE CARDS ***
Dealt to Mahu2021 [Qd 4c]
Mahu2021: calls 15
Tz1_1p: checks 
*** FLOP *** [As 2c Ah]
Tz1_1p: bets 30
Mahu2021: folds 
Uncalled bet (30) returned to Tz1_1p
Tz1_1p collected 60 from pot
*** SUMMARY ***
Total pot 60 | Rake 0 
Board [As 2c Ah]
Seat 1: Mahu2021 (button) (small blind) folded on the Flop
Seat 2: Tz1_1p (big blind) collected (60)



PokerStars Hand #247771596210: Tournament #3689130715, $1.84+$0.16 USD Hold'em No Limit - Level II (15/30) - 2023/12/20 21:15:23 CET [2023/12/20 15:15:23 ET]
Table '3689130715 1' 3-max Seat #2 is the button
Seat 1: Mahu2021 (820 in chips) 
Seat 2: Tz1_1p (680 in chips) 
Tz1_1p: posts small blind 15
Mahu2021: posts big blind 30
*** HOLE CARDS ***
Dealt to Mahu2021 [2h 8s]
Tz1_1p: raises 30 to 60
Mahu2021: folds 
Uncalled bet (30) returned to Tz1_1p
Tz1_1p collected 60 from pot
*** SUMMARY ***
Total pot 60 | Rake 0 
Seat 1: Mahu2021 (big blind) folded before Flop
Seat 2: Tz1_1p (button) (small blind) collected (60)



PokerStars Hand #247771598047: Tournament #3689130715, $1.84+$0.16 USD Hold'em No Limit - Level II (15/30) - 2023/12/20 21:15:28 CET [2023/12/20 15:15:28 ET]
Table '3689130715 1' 3-max Seat #1 is the button
Seat 1: Mahu2021 (790 in chips) 
Seat 2: Tz1_1p (710 in chips) 
Mahu2021: posts small blind 15
Tz1_1p: posts big blind 30
*** HOLE CARDS ***
Dealt to Mahu2021 [4c Qc]
Mahu2021: calls 15
Tz1_1p: checks 
*** FLOP *** [9d 8c 7s]
Tz1_1p: bets 30
Mahu2021: folds 
Uncalled bet (30) returned to Tz1_1p
Tz1_1p collected 60 from pot
*** SUMMARY ***
Total pot 60 | Rake 0 
Board [9d 8c 7s]
Seat 1: Mahu2021 (button) (small blind) folded on the Flop
Seat 2: Tz1_1p (big blind) collected (60)



PokerStars Hand #247771602353: Tournament #3689130715, $1.84+$0.16 USD Hold'em No Limit - Level II (15/30) - 2023/12/20 21:15:40 CET [2023/12/20 15:15:40 ET]
Table '3689130715 1' 3-max Seat #2 is the button
Seat 1: Mahu2021 (760 in chips) 
Seat 2: Tz1_1p (740 in chips) 
Tz1_1p: posts small blind 15
Mahu2021: posts big blind 30
*** HOLE CARDS ***
Dealt to Mahu2021 [Ks 9s]
Tz1_1p: raises 30 to 60
Mahu2021: calls 30
*** FLOP *** [7h 8c 9h]
Mahu2021: checks 
Tz1_1p: bets 60
Mahu2021: raises 640 to 700 and is all-in
Tz1_1p: calls 620 and is all-in
Uncalled bet (20) returned to Mahu2021
*** TURN *** [7h 8c 9h] [5c]
*** RIVER *** [7h 8c 9h 5c] [Tc]
*** SHOW DOWN ***
Mahu2021: shows [Ks 9s] (a pair of Nines)
Tz1_1p: shows [8d Jh] (a straight, Seven to Jack)
Tz1_1p collected 1480 from pot
*** SUMMARY ***
Total pot 1480 | Rake 0 
Board [7h 8c 9h 5c Tc]
Seat 1: Mahu2021 (big blind) showed [Ks 9s] and lost with a pair of Nines
Seat 2: Tz1_1p (button) (small blind) showed [8d Jh] and won (1480) with a straight, Seven to Jack



PokerStars Hand #247771610127: Tournament #3689130715, $1.84+$0.16 USD Hold'em No Limit - Level II (15/30) - 2023/12/20 21:16:03 CET [2023/12/20 15:16:03 ET]
Table '3689130715 1' 3-max Seat #1 is the button
Seat 1: Mahu2021 (20 in chips) 
Seat 2: Tz1_1p (1480 in chips) 
Mahu2021: posts small blind 15
Tz1_1p: posts big blind 30
*** HOLE CARDS ***
Dealt to Mahu2021 [6h 5d]
Mahu2021: calls 5 and is all-in
Uncalled bet (10) returned to Tz1_1p
*** FLOP *** [Ts 7c 5s]
*** TURN *** [Ts 7c 5s] [8s]
*** RIVER *** [Ts 7c 5s 8s] [Th]
*** SHOW DOWN ***
Tz1_1p: shows [2h 4d] (a pair of Tens)
Mahu2021: shows [6h 5d] (two pair, Tens and Fives)
Mahu2021 collected 40 from pot
*** SUMMARY ***
Total pot 40 | Rake 0 
Board [Ts 7c 5s 8s Th]
Seat 1: Mahu2021 (button) (small blind) showed [6h 5d] and won (40) with two pair, Tens and Fives
Seat 2: Tz1_1p (big blind) showed [2h 4d] and lost with a pair of Tens



PokerStars Hand #247771613990: Tournament #3689130715, $1.84+$0.16 USD Hold'em No Limit - Level II (15/30) - 2023/12/20 21:16:14 CET [2023/12/20 15:16:14 ET]
Table '3689130715 1' 3-max Seat #2 is the button
Seat 1: Mahu2021 (40 in chips) 
Seat 2: Tz1_1p (1460 in chips) 
Tz1_1p: posts small blind 15
Mahu2021: posts big blind 30
*** HOLE CARDS ***
Dealt to Mahu2021 [7s 6h]
Tz1_1p: raises 30 to 60
Mahu2021: calls 10 and is all-in
Uncalled bet (20) returned to Tz1_1p
*** FLOP *** [Td 5s Ah]
*** TURN *** [Td 5s Ah] [5d]
*** RIVER *** [Td 5s Ah 5d] [4s]
*** SHOW DOWN ***
Mahu2021: shows [7s 6h] (a pair of Fives)
Tz1_1p: shows [Js 7c] (a pair of Fives - Ace+Jack kicker)
Tz1_1p collected 80 from pot
Mahu2021 finished the tournament in 2nd place
Tz1_1p wins the tournament and receives $6.00 - congratulations!
*** SUMMARY ***
Total pot 80 | Rake 0 
Board [Td 5s Ah 5d 4s]
Seat 1: Mahu2021 (big blind) showed [7s 6h] and lost with a pair of Fives
Seat 2: Tz1_1p (button) (small blind) showed [Js 7c] and won (80) with a pair of Fives



