PokerStars Hand #253378450914: Tournament #3822937132, $1.84+$0.16 USD Hold'em No Limit - Level I (10/20) - 2024/11/12 21:18:45 CET [2024/11/12 15:18:45 ET]
Table '3822937132 1' 3-max Seat #1 is the button
Seat 1: snake_sebi (500 in chips) 
Seat 2: Mahu2021 (500 in chips) 
Seat 3: ntrnlnr (500 in chips) 
Mahu2021: posts small blind 10
ntrnlnr: posts big blind 20
*** HOLE CARDS ***
Dealt to Mahu2021 [9s 8s]
snake_sebi: folds 
Mahu2021: raises 20 to 40
ntrnlnr: calls 20
*** FLOP *** [Kc 6h 7h]
Mahu2021: checks 
ntrnlnr: checks 
*** TURN *** [Kc 6h 7h] [Tc]
Mahu2021: bets 40
ntrnlnr: calls 40
*** RIVER *** [Kc 6h 7h Tc] [Qc]
Mahu2021: checks 
ntrnlnr: checks 
*** SHOW DOWN ***
Mahu2021: shows [9s 8s] (a straight, Six to Ten)
ntrnlnr: mucks hand 
Mahu2021 collected 160 from pot
*** SUMMARY ***
Total pot 160 | Rake 0 
Board [Kc 6h 7h Tc Qc]
Seat 1: snake_sebi (button) folded before Flop (didn't bet)
Seat 2: Mahu2021 (small blind) showed [9s 8s] and won (160) with a straight, Six to Ten
Seat 3: ntrnlnr (big blind) mucked [5c 3h]



PokerStars Hand #253378460184: Tournament #3822937132, $1.84+$0.16 USD Hold'em No Limit - Level I (10/20) - 2024/11/12 21:19:15 CET [2024/11/12 15:19:15 ET]
Table '3822937132 1' 3-max Seat #2 is the button
Seat 1: snake_sebi (500 in chips) 
Seat 2: Mahu2021 (580 in chips) 
Seat 3: ntrnlnr (420 in chips) 
ntrnlnr: posts small blind 10
snake_sebi: posts big blind 20
*** HOLE CARDS ***
Dealt to Mahu2021 [Ah 3s]
Mahu2021: folds 
ntrnlnr: calls 10
snake_sebi: checks 
*** FLOP *** [6d Qh 6s]
ntrnlnr: checks 
snake_sebi: checks 
*** TURN *** [6d Qh 6s] [Qs]
ntrnlnr: checks 
snake_sebi: checks 
*** RIVER *** [6d Qh 6s Qs] [As]
ntrnlnr: bets 40
snake_sebi: folds 
Uncalled bet (40) returned to ntrnlnr
ntrnlnr collected 40 from pot
ntrnlnr: doesn't show hand 
*** SUMMARY ***
Total pot 40 | Rake 0 
Board [6d Qh 6s Qs As]
Seat 1: snake_sebi (big blind) folded on the River
Seat 2: Mahu2021 (button) folded before Flop (didn't bet)
Seat 3: ntrnlnr (small blind) collected (40)



PokerStars Hand #253378472689: Tournament #3822937132, $1.84+$0.16 USD Hold'em No Limit - Level I (10/20) - 2024/11/12 21:19:55 CET [2024/11/12 15:19:55 ET]
Table '3822937132 1' 3-max Seat #3 is the button
Seat 1: snake_sebi (480 in chips) 
Seat 2: Mahu2021 (580 in chips) 
Seat 3: ntrnlnr (440 in chips) 
snake_sebi: posts small blind 10
Mahu2021: posts big blind 20
*** HOLE CARDS ***
Dealt to Mahu2021 [5d 4s]
ntrnlnr: calls 20
snake_sebi: calls 10
Mahu2021: checks 
*** FLOP *** [Kd Ts 3h]
snake_sebi: checks 
Mahu2021: checks 
ntrnlnr: bets 60
snake_sebi: folds 
Mahu2021: folds 
Uncalled bet (60) returned to ntrnlnr
ntrnlnr collected 60 from pot
ntrnlnr: doesn't show hand 
*** SUMMARY ***
Total pot 60 | Rake 0 
Board [Kd Ts 3h]
Seat 1: snake_sebi (small blind) folded on the Flop
Seat 2: Mahu2021 (big blind) folded on the Flop
Seat 3: ntrnlnr (button) collected (60)



PokerStars Hand #253378481296: Tournament #3822937132, $1.84+$0.16 USD Hold'em No Limit - Level I (10/20) - 2024/11/12 21:20:22 CET [2024/11/12 15:20:22 ET]
Table '3822937132 1' 3-max Seat #1 is the button
Seat 1: snake_sebi (460 in chips) 
Seat 2: Mahu2021 (560 in chips) 
Seat 3: ntrnlnr (480 in chips) 
Mahu2021: posts small blind 10
ntrnlnr: posts big blind 20
*** HOLE CARDS ***
Dealt to Mahu2021 [Kh 7h]
snake_sebi: folds 
Mahu2021: calls 10
ntrnlnr: checks 
*** FLOP *** [Kd Jc 3c]
Mahu2021: checks 
ntrnlnr: checks 
*** TURN *** [Kd Jc 3c] [9c]
Mahu2021: checks 
ntrnlnr: checks 
*** RIVER *** [Kd Jc 3c 9c] [9h]
Mahu2021: bets 20
ntrnlnr: folds 
Uncalled bet (20) returned to Mahu2021
Mahu2021 collected 40 from pot
Mahu2021: doesn't show hand 
*** SUMMARY ***
Total pot 40 | Rake 0 
Board [Kd Jc 3c 9c 9h]
Seat 1: snake_sebi (button) folded before Flop (didn't bet)
Seat 2: Mahu2021 (small blind) collected (40)
Seat 3: ntrnlnr (big blind) folded on the River



PokerStars Hand #253378491034: Tournament #3822937132, $1.84+$0.16 USD Hold'em No Limit - Level II (15/30) - 2024/11/12 21:20:54 CET [2024/11/12 15:20:54 ET]
Table '3822937132 1' 3-max Seat #2 is the button
Seat 1: snake_sebi (460 in chips) 
Seat 2: Mahu2021 (580 in chips) 
Seat 3: ntrnlnr (460 in chips) 
ntrnlnr: posts small blind 15
snake_sebi: posts big blind 30
*** HOLE CARDS ***
Dealt to Mahu2021 [Qd Jd]
Mahu2021: raises 30 to 60
ntrnlnr: calls 45
snake_sebi: calls 30
*** FLOP *** [2s 2h 8s]
ntrnlnr: checks 
snake_sebi: checks 
Mahu2021: checks 
*** TURN *** [2s 2h 8s] [Ah]
ntrnlnr: checks 
snake_sebi: checks 
Mahu2021: bets 90
ntrnlnr: folds 
snake_sebi: folds 
Uncalled bet (90) returned to Mahu2021
Mahu2021 collected 180 from pot
Mahu2021: doesn't show hand 
*** SUMMARY ***
Total pot 180 | Rake 0 
Board [2s 2h 8s Ah]
Seat 1: snake_sebi (big blind) folded on the Turn
Seat 2: Mahu2021 (button) collected (180)
Seat 3: ntrnlnr (small blind) folded on the Turn



PokerStars Hand #253378502987: Tournament #3822937132, $1.84+$0.16 USD Hold'em No Limit - Level II (15/30) - 2024/11/12 21:21:32 CET [2024/11/12 15:21:32 ET]
Table '3822937132 1' 3-max Seat #3 is the button
Seat 1: snake_sebi (400 in chips) 
Seat 2: Mahu2021 (700 in chips) 
Seat 3: ntrnlnr (400 in chips) 
snake_sebi: posts small blind 15
Mahu2021: posts big blind 30
*** HOLE CARDS ***
Dealt to Mahu2021 [9s Jd]
ntrnlnr: calls 30
snake_sebi: folds 
Mahu2021: checks 
*** FLOP *** [3d 6h 2h]
Mahu2021: checks 
ntrnlnr: bets 75
Mahu2021: folds 
Uncalled bet (75) returned to ntrnlnr
ntrnlnr collected 75 from pot
ntrnlnr: doesn't show hand 
*** SUMMARY ***
Total pot 75 | Rake 0 
Board [3d 6h 2h]
Seat 1: snake_sebi (small blind) folded before Flop
Seat 2: Mahu2021 (big blind) folded on the Flop
Seat 3: ntrnlnr (button) collected (75)



PokerStars Hand #253378509678: Tournament #3822937132, $1.84+$0.16 USD Hold'em No Limit - Level II (15/30) - 2024/11/12 21:21:53 CET [2024/11/12 15:21:53 ET]
Table '3822937132 1' 3-max Seat #1 is the button
Seat 1: snake_sebi (385 in chips) 
Seat 2: Mahu2021 (670 in chips) 
Seat 3: ntrnlnr (445 in chips) 
Mahu2021: posts small blind 15
ntrnlnr: posts big blind 30
*** HOLE CARDS ***
Dealt to Mahu2021 [9h 4d]
snake_sebi: folds 
Mahu2021: raises 60 to 90
ntrnlnr: calls 60
*** FLOP *** [Ks 5h 9d]
Mahu2021: bets 90
ntrnlnr: calls 90
*** TURN *** [Ks 5h 9d] [3s]
Mahu2021: bets 90
ntrnlnr: calls 90
*** RIVER *** [Ks 5h 9d 3s] [5s]
Mahu2021: bets 400 and is all-in
ntrnlnr: calls 175 and is all-in
Uncalled bet (225) returned to Mahu2021
*** SHOW DOWN ***
Mahu2021: shows [9h 4d] (two pair, Nines and Fives)
ntrnlnr: shows [5d Js] (three of a kind, Fives)
ntrnlnr collected 890 from pot
*** SUMMARY ***
Total pot 890 | Rake 0 
Board [Ks 5h 9d 3s 5s]
Seat 1: snake_sebi (button) folded before Flop (didn't bet)
Seat 2: Mahu2021 (small blind) showed [9h 4d] and lost with two pair, Nines and Fives
Seat 3: ntrnlnr (big blind) showed [5d Js] and won (890) with three of a kind, Fives



PokerStars Hand #253378521388: Tournament #3822937132, $1.84+$0.16 USD Hold'em No Limit - Level II (15/30) - 2024/11/12 21:22:30 CET [2024/11/12 15:22:30 ET]
Table '3822937132 1' 3-max Seat #2 is the button
Seat 1: snake_sebi (385 in chips) 
Seat 2: Mahu2021 (225 in chips) 
Seat 3: ntrnlnr (890 in chips) 
ntrnlnr: posts small blind 15
snake_sebi: posts big blind 30
*** HOLE CARDS ***
Dealt to Mahu2021 [9d 6d]
Mahu2021: folds 
ntrnlnr: calls 15
snake_sebi: checks 
*** FLOP *** [8d 3c 8h]
ntrnlnr: checks 
snake_sebi: checks 
*** TURN *** [8d 3c 8h] [Qh]
ntrnlnr: checks 
snake_sebi: checks 
*** RIVER *** [8d 3c 8h Qh] [Jh]
ntrnlnr: checks 
snake_sebi: bets 30
ntrnlnr: folds 
Uncalled bet (30) returned to snake_sebi
snake_sebi collected 60 from pot
snake_sebi: doesn't show hand 
*** SUMMARY ***
Total pot 60 | Rake 0 
Board [8d 3c 8h Qh Jh]
Seat 1: snake_sebi (big blind) collected (60)
Seat 2: Mahu2021 (button) folded before Flop (didn't bet)
Seat 3: ntrnlnr (small blind) folded on the River



PokerStars Hand #253378538577: Tournament #3822937132, $1.84+$0.16 USD Hold'em No Limit - Level III (20/40) - 2024/11/12 21:23:26 CET [2024/11/12 15:23:26 ET]
Table '3822937132 1' 3-max Seat #3 is the button
Seat 1: snake_sebi (415 in chips) 
Seat 2: Mahu2021 (225 in chips) 
Seat 3: ntrnlnr (860 in chips) 
snake_sebi: posts small blind 20
Mahu2021: posts big blind 40
*** HOLE CARDS ***
Dealt to Mahu2021 [7s Th]
ntrnlnr: calls 40
snake_sebi: folds 
Mahu2021: checks 
*** FLOP *** [2s 7h 4h]
Mahu2021: bets 185 and is all-in
ntrnlnr: folds 
Uncalled bet (185) returned to Mahu2021
Mahu2021 collected 100 from pot
Mahu2021: doesn't show hand 
*** SUMMARY ***
Total pot 100 | Rake 0 
Board [2s 7h 4h]
Seat 1: snake_sebi (small blind) folded before Flop
Seat 2: Mahu2021 (big blind) collected (100)
Seat 3: ntrnlnr (button) folded on the Flop



PokerStars Hand #253378545502: Tournament #3822937132, $1.84+$0.16 USD Hold'em No Limit - Level III (20/40) - 2024/11/12 21:23:48 CET [2024/11/12 15:23:48 ET]
Table '3822937132 1' 3-max Seat #1 is the button
Seat 1: snake_sebi (395 in chips) 
Seat 2: Mahu2021 (285 in chips) 
Seat 3: ntrnlnr (820 in chips) 
Mahu2021: posts small blind 20
ntrnlnr: posts big blind 40
*** HOLE CARDS ***
Dealt to Mahu2021 [Qd Ks]
snake_sebi: raises 355 to 395 and is all-in
Mahu2021: calls 265 and is all-in
ntrnlnr: folds 
Uncalled bet (110) returned to snake_sebi
*** FLOP *** [8d 7h Qh]
*** TURN *** [8d 7h Qh] [6s]
*** RIVER *** [8d 7h Qh 6s] [2c]
*** SHOW DOWN ***
Mahu2021: shows [Qd Ks] (a pair of Queens)
snake_sebi: shows [3d Ah] (high card Ace)
Mahu2021 collected 610 from pot
*** SUMMARY ***
Total pot 610 | Rake 0 
Board [8d 7h Qh 6s 2c]
Seat 1: snake_sebi (button) showed [3d Ah] and lost with high card Ace
Seat 2: Mahu2021 (small blind) showed [Qd Ks] and won (610) with a pair of Queens
Seat 3: ntrnlnr (big blind) folded before Flop



PokerStars Hand #253378551438: Tournament #3822937132, $1.84+$0.16 USD Hold'em No Limit - Level III (20/40) - 2024/11/12 21:24:07 CET [2024/11/12 15:24:07 ET]
Table '3822937132 1' 3-max Seat #2 is the button
Seat 1: snake_sebi (110 in chips) 
Seat 2: Mahu2021 (610 in chips) 
Seat 3: ntrnlnr (780 in chips) 
ntrnlnr: posts small blind 20
snake_sebi: posts big blind 40
*** HOLE CARDS ***
Dealt to Mahu2021 [Qd 4c]
Mahu2021: folds 
ntrnlnr: calls 20
snake_sebi: raises 70 to 110 and is all-in
ntrnlnr: folds 
Uncalled bet (70) returned to snake_sebi
snake_sebi collected 80 from pot
snake_sebi: doesn't show hand 
*** SUMMARY ***
Total pot 80 | Rake 0 
Seat 1: snake_sebi (big blind) collected (80)
Seat 2: Mahu2021 (button) folded before Flop (didn't bet)
Seat 3: ntrnlnr (small blind) folded before Flop



PokerStars Hand #253378557225: Tournament #3822937132, $1.84+$0.16 USD Hold'em No Limit - Level III (20/40) - 2024/11/12 21:24:26 CET [2024/11/12 15:24:26 ET]
Table '3822937132 1' 3-max Seat #3 is the button
Seat 1: snake_sebi (150 in chips) 
Seat 2: Mahu2021 (610 in chips) 
Seat 3: ntrnlnr (740 in chips) 
snake_sebi: posts small blind 20
Mahu2021: posts big blind 40
*** HOLE CARDS ***
Dealt to Mahu2021 [Kc 4s]
ntrnlnr: folds 
snake_sebi: raises 110 to 150 and is all-in
Mahu2021: folds 
Uncalled bet (110) returned to snake_sebi
snake_sebi collected 80 from pot
snake_sebi: doesn't show hand 
*** SUMMARY ***
Total pot 80 | Rake 0 
Seat 1: snake_sebi (small blind) collected (80)
Seat 2: Mahu2021 (big blind) folded before Flop
Seat 3: ntrnlnr (button) folded before Flop (didn't bet)



PokerStars Hand #253378562095: Tournament #3822937132, $1.84+$0.16 USD Hold'em No Limit - Level III (20/40) - 2024/11/12 21:24:42 CET [2024/11/12 15:24:42 ET]
Table '3822937132 1' 3-max Seat #1 is the button
Seat 1: snake_sebi (190 in chips) 
Seat 2: Mahu2021 (570 in chips) 
Seat 3: ntrnlnr (740 in chips) 
Mahu2021: posts small blind 20
ntrnlnr: posts big blind 40
*** HOLE CARDS ***
Dealt to Mahu2021 [7d Jh]
snake_sebi: folds 
Mahu2021: calls 20
ntrnlnr: checks 
*** FLOP *** [9s 4h 8d]
Mahu2021: checks 
ntrnlnr: checks 
*** TURN *** [9s 4h 8d] [9h]
Mahu2021: checks 
ntrnlnr: bets 40
Mahu2021: folds 
Uncalled bet (40) returned to ntrnlnr
ntrnlnr collected 80 from pot
ntrnlnr: doesn't show hand 
*** SUMMARY ***
Total pot 80 | Rake 0 
Board [9s 4h 8d 9h]
Seat 1: snake_sebi (button) folded before Flop (didn't bet)
Seat 2: Mahu2021 (small blind) folded on the Turn
Seat 3: ntrnlnr (big blind) collected (80)



PokerStars Hand #253378569764: Tournament #3822937132, $1.84+$0.16 USD Hold'em No Limit - Level IV (30/60) - 2024/11/12 21:25:07 CET [2024/11/12 15:25:07 ET]
Table '3822937132 1' 3-max Seat #2 is the button
Seat 1: snake_sebi (190 in chips) 
Seat 2: Mahu2021 (530 in chips) 
Seat 3: ntrnlnr (780 in chips) 
ntrnlnr: posts small blind 30
snake_sebi: posts big blind 60
*** HOLE CARDS ***
Dealt to Mahu2021 [8d Td]
Mahu2021: folds 
ntrnlnr: calls 30
snake_sebi: checks 
*** FLOP *** [5h 3s 9c]
ntrnlnr: checks 
snake_sebi: bets 130 and is all-in
ntrnlnr: calls 130
*** TURN *** [5h 3s 9c] [Qh]
*** RIVER *** [5h 3s 9c Qh] [4d]
*** SHOW DOWN ***
ntrnlnr: shows [3d 2d] (a pair of Threes)
snake_sebi: shows [3h 5d] (two pair, Fives and Threes)
snake_sebi collected 380 from pot
*** SUMMARY ***
Total pot 380 | Rake 0 
Board [5h 3s 9c Qh 4d]
Seat 1: snake_sebi (big blind) showed [3h 5d] and won (380) with two pair, Fives and Threes
Seat 2: Mahu2021 (button) folded before Flop (didn't bet)
Seat 3: ntrnlnr (small blind) showed [3d 2d] and lost with a pair of Threes



PokerStars Hand #253378577736: Tournament #3822937132, $1.84+$0.16 USD Hold'em No Limit - Level IV (30/60) - 2024/11/12 21:25:32 CET [2024/11/12 15:25:32 ET]
Table '3822937132 1' 3-max Seat #3 is the button
Seat 1: snake_sebi (380 in chips) 
Seat 2: Mahu2021 (530 in chips) 
Seat 3: ntrnlnr (590 in chips) 
snake_sebi: posts small blind 30
Mahu2021: posts big blind 60
*** HOLE CARDS ***
Dealt to Mahu2021 [Kc 3c]
ntrnlnr: calls 60
snake_sebi: folds 
Mahu2021: checks 
*** FLOP *** [8s 5s Ts]
Mahu2021: checks 
ntrnlnr: bets 60
Mahu2021: folds 
Uncalled bet (60) returned to ntrnlnr
ntrnlnr collected 150 from pot
ntrnlnr: doesn't show hand 
*** SUMMARY ***
Total pot 150 | Rake 0 
Board [8s 5s Ts]
Seat 1: snake_sebi (small blind) folded before Flop
Seat 2: Mahu2021 (big blind) folded on the Flop
Seat 3: ntrnlnr (button) collected (150)



PokerStars Hand #253378581172: Tournament #3822937132, $1.84+$0.16 USD Hold'em No Limit - Level IV (30/60) - 2024/11/12 21:25:43 CET [2024/11/12 15:25:43 ET]
Table '3822937132 1' 3-max Seat #1 is the button
Seat 1: snake_sebi (350 in chips) 
Seat 2: Mahu2021 (470 in chips) 
Seat 3: ntrnlnr (680 in chips) 
Mahu2021: posts small blind 30
ntrnlnr: posts big blind 60
*** HOLE CARDS ***
Dealt to Mahu2021 [3c 9s]
snake_sebi: folds 
Mahu2021: folds 
Uncalled bet (30) returned to ntrnlnr
ntrnlnr collected 60 from pot
ntrnlnr: doesn't show hand 
*** SUMMARY ***
Total pot 60 | Rake 0 
Seat 1: snake_sebi (button) folded before Flop (didn't bet)
Seat 2: Mahu2021 (small blind) folded before Flop
Seat 3: ntrnlnr (big blind) collected (60)



PokerStars Hand #253378583365: Tournament #3822937132, $1.84+$0.16 USD Hold'em No Limit - Level IV (30/60) - 2024/11/12 21:25:50 CET [2024/11/12 15:25:50 ET]
Table '3822937132 1' 3-max Seat #2 is the button
Seat 1: snake_sebi (350 in chips) 
Seat 2: Mahu2021 (440 in chips) 
Seat 3: ntrnlnr (710 in chips) 
ntrnlnr: posts small blind 30
snake_sebi: posts big blind 60
*** HOLE CARDS ***
Dealt to Mahu2021 [2d Js]
Mahu2021: folds 
ntrnlnr: calls 30
snake_sebi: checks 
*** FLOP *** [2c Qs 6s]
ntrnlnr: checks 
snake_sebi: checks 
*** TURN *** [2c Qs 6s] [6h]
ntrnlnr: checks 
snake_sebi: checks 
*** RIVER *** [2c Qs 6s 6h] [7d]
ntrnlnr: checks 
snake_sebi: bets 60
ntrnlnr: folds 
Uncalled bet (60) returned to snake_sebi
snake_sebi collected 120 from pot
snake_sebi: doesn't show hand 
*** SUMMARY ***
Total pot 120 | Rake 0 
Board [2c Qs 6s 6h 7d]
Seat 1: snake_sebi (big blind) collected (120)
Seat 2: Mahu2021 (button) folded before Flop (didn't bet)
Seat 3: ntrnlnr (small blind) folded on the River



PokerStars Hand #253378594691: Tournament #3822937132, $1.84+$0.16 USD Hold'em No Limit - Level IV (30/60) - 2024/11/12 21:26:27 CET [2024/11/12 15:26:27 ET]
Table '3822937132 1' 3-max Seat #3 is the button
Seat 1: snake_sebi (410 in chips) 
Seat 2: Mahu2021 (440 in chips) 
Seat 3: ntrnlnr (650 in chips) 
snake_sebi: posts small blind 30
Mahu2021: posts big blind 60
*** HOLE CARDS ***
Dealt to Mahu2021 [Kd 4s]
ntrnlnr: calls 60
snake_sebi: folds 
Mahu2021: checks 
*** FLOP *** [9d 5d Qs]
Mahu2021: checks 
ntrnlnr: checks 
*** TURN *** [9d 5d Qs] [As]
Mahu2021: checks 
ntrnlnr: bets 60
Mahu2021: folds 
Uncalled bet (60) returned to ntrnlnr
ntrnlnr collected 150 from pot
ntrnlnr: doesn't show hand 
*** SUMMARY ***
Total pot 150 | Rake 0 
Board [9d 5d Qs As]
Seat 1: snake_sebi (small blind) folded before Flop
Seat 2: Mahu2021 (big blind) folded on the Turn
Seat 3: ntrnlnr (button) collected (150)



PokerStars Hand #253378600913: Tournament #3822937132, $1.84+$0.16 USD Hold'em No Limit - Level IV (30/60) - 2024/11/12 21:26:47 CET [2024/11/12 15:26:47 ET]
Table '3822937132 1' 3-max Seat #1 is the button
Seat 1: snake_sebi (380 in chips) 
Seat 2: Mahu2021 (380 in chips) 
Seat 3: ntrnlnr (740 in chips) 
Mahu2021: posts small blind 30
ntrnlnr: posts big blind 60
*** HOLE CARDS ***
Dealt to Mahu2021 [Ad Jc]
snake_sebi: raises 320 to 380 and is all-in
Mahu2021: calls 350 and is all-in
ntrnlnr: folds 
*** FLOP *** [Ac 8s 5c]
*** TURN *** [Ac 8s 5c] [3h]
*** RIVER *** [Ac 8s 5c 3h] [Kd]
*** SHOW DOWN ***
Mahu2021: shows [Ad Jc] (a pair of Aces)
snake_sebi: shows [2c 2h] (a pair of Deuces)
Mahu2021 collected 820 from pot
snake_sebi finished the tournament in 3rd place
*** SUMMARY ***
Total pot 820 | Rake 0 
Board [Ac 8s 5c 3h Kd]
Seat 1: snake_sebi (button) showed [2c 2h] and lost with a pair of Deuces
Seat 2: Mahu2021 (small blind) showed [Ad Jc] and won (820) with a pair of Aces
Seat 3: ntrnlnr (big blind) folded before Flop



PokerStars Hand #253378608446: Tournament #3822937132, $1.84+$0.16 USD Hold'em No Limit - Level V (40/80) - 2024/11/12 21:27:11 CET [2024/11/12 15:27:11 ET]
Table '3822937132 1' 3-max Seat #3 is the button
Seat 2: Mahu2021 (820 in chips) 
Seat 3: ntrnlnr (680 in chips) 
ntrnlnr: posts small blind 40
Mahu2021: posts big blind 80
*** HOLE CARDS ***
Dealt to Mahu2021 [8c 9c]
ntrnlnr: calls 40
Mahu2021: checks 
*** FLOP *** [Td 5c 6s]
Mahu2021: checks 
ntrnlnr: bets 160
Mahu2021: folds 
Uncalled bet (160) returned to ntrnlnr
ntrnlnr collected 160 from pot
ntrnlnr: doesn't show hand 
*** SUMMARY ***
Total pot 160 | Rake 0 
Board [Td 5c 6s]
Seat 2: Mahu2021 (big blind) folded on the Flop
Seat 3: ntrnlnr (button) (small blind) collected (160)



PokerStars Hand #253378611648: Tournament #3822937132, $1.84+$0.16 USD Hold'em No Limit - Level V (40/80) - 2024/11/12 21:27:21 CET [2024/11/12 15:27:21 ET]
Table '3822937132 1' 3-max Seat #2 is the button
Seat 2: Mahu2021 (740 in chips) 
Seat 3: ntrnlnr (760 in chips) 
Mahu2021: posts small blind 40
ntrnlnr: posts big blind 80
*** HOLE CARDS ***
Dealt to Mahu2021 [8h 4d]
Mahu2021: folds 
Uncalled bet (40) returned to ntrnlnr
ntrnlnr collected 80 from pot
ntrnlnr: doesn't show hand 
*** SUMMARY ***
Total pot 80 | Rake 0 
Seat 2: Mahu2021 (button) (small blind) folded before Flop
Seat 3: ntrnlnr (big blind) collected (80)



PokerStars Hand #253378613034: Tournament #3822937132, $1.84+$0.16 USD Hold'em No Limit - Level V (40/80) - 2024/11/12 21:27:26 CET [2024/11/12 15:27:26 ET]
Table '3822937132 1' 3-max Seat #3 is the button
Seat 2: Mahu2021 (700 in chips) 
Seat 3: ntrnlnr (800 in chips) 
ntrnlnr: posts small blind 40
Mahu2021: posts big blind 80
*** HOLE CARDS ***
Dealt to Mahu2021 [Js 3h]
ntrnlnr: calls 40
Mahu2021: checks 
*** FLOP *** [4s Qc 8c]
Mahu2021: checks 
ntrnlnr: bets 80
Mahu2021: folds 
Uncalled bet (80) returned to ntrnlnr
ntrnlnr collected 160 from pot
ntrnlnr: doesn't show hand 
*** SUMMARY ***
Total pot 160 | Rake 0 
Board [4s Qc 8c]
Seat 2: Mahu2021 (big blind) folded on the Flop
Seat 3: ntrnlnr (button) (small blind) collected (160)



PokerStars Hand #253378616929: Tournament #3822937132, $1.84+$0.16 USD Hold'em No Limit - Level V (40/80) - 2024/11/12 21:27:38 CET [2024/11/12 15:27:38 ET]
Table '3822937132 1' 3-max Seat #2 is the button
Seat 2: Mahu2021 (620 in chips) 
Seat 3: ntrnlnr (880 in chips) 
Mahu2021: posts small blind 40
ntrnlnr: posts big blind 80
*** HOLE CARDS ***
Dealt to Mahu2021 [6h 7s]
Mahu2021: calls 40
ntrnlnr: checks 
*** FLOP *** [9c 8s 7h]
ntrnlnr: checks 
Mahu2021: bets 80
ntrnlnr: calls 80
*** TURN *** [9c 8s 7h] [Ad]
ntrnlnr: checks 
Mahu2021: checks 
*** RIVER *** [9c 8s 7h Ad] [Td]
ntrnlnr: bets 320
Mahu2021: calls 320
*** SHOW DOWN ***
ntrnlnr: shows [3h Jc] (a straight, Seven to Jack)
Mahu2021: mucks hand 
ntrnlnr collected 960 from pot
*** SUMMARY ***
Total pot 960 | Rake 0 
Board [9c 8s 7h Ad Td]
Seat 2: Mahu2021 (button) (small blind) mucked [6h 7s]
Seat 3: ntrnlnr (big blind) showed [3h Jc] and won (960) with a straight, Seven to Jack



PokerStars Hand #253378621882: Tournament #3822937132, $1.84+$0.16 USD Hold'em No Limit - Level V (40/80) - 2024/11/12 21:27:54 CET [2024/11/12 15:27:54 ET]
Table '3822937132 1' 3-max Seat #3 is the button
Seat 2: Mahu2021 (140 in chips) 
Seat 3: ntrnlnr (1360 in chips) 
ntrnlnr: posts small blind 40
Mahu2021: posts big blind 80
*** HOLE CARDS ***
Dealt to Mahu2021 [Jc 7c]
ntrnlnr: calls 40
Mahu2021: raises 60 to 140 and is all-in
ntrnlnr: calls 60
*** FLOP *** [4d 8s 2h]
*** TURN *** [4d 8s 2h] [Kh]
*** RIVER *** [4d 8s 2h Kh] [4s]
*** SHOW DOWN ***
Mahu2021: shows [Jc 7c] (a pair of Fours)
ntrnlnr: shows [9h 8d] (two pair, Eights and Fours)
ntrnlnr collected 280 from pot
Mahu2021 finished the tournament in 2nd place
ntrnlnr wins the tournament and receives $4.00 - congratulations!
*** SUMMARY ***
Total pot 280 | Rake 0 
Board [4d 8s 2h Kh 4s]
Seat 2: Mahu2021 (big blind) showed [Jc 7c] and lost with a pair of Fours
Seat 3: ntrnlnr (button) (small blind) showed [9h 8d] and won (280) with two pair, Eights and Fours



