PokerStars Hand #254032842651: Tournament #3838388962, $0.46+$0.04 USD Hold'em No Limit - Level I (10/20) - 2024/12/26 13:42:29 CET [2024/12/26 7:42:29 ET]
Table '3838388962 1' 3-max Seat #1 is the button
Seat 1: Mahu2021 (500 in chips) 
Seat 2: IndyVegas67 (500 in chips) 
Seat 3: Santolino10 (500 in chips) 
IndyVegas67: posts small blind 10
Santolino10: posts big blind 20
*** HOLE CARDS ***
Dealt to Mahu2021 [4c 5s]
Mahu2021: folds 
IndyVegas67: calls 10
Santolino10: checks 
*** FLOP *** [8c Ad 2d]
IndyVegas67: checks 
Santolino10: checks 
*** TURN *** [8c Ad 2d] [8s]
IndyVegas67: checks 
Santolino10: checks 
*** RIVER *** [8c Ad 2d 8s] [Jc]
IndyVegas67: bets 20
Santolino10: calls 20
*** SHOW DOWN ***
IndyVegas67: shows [3c Jd] (two pair, Jacks and Eights)
Santolino10: mucks hand 
IndyVegas67 collected 80 from pot
*** SUMMARY ***
Total pot 80 | Rake 0 
Board [8c Ad 2d 8s Jc]
Seat 1: Mahu2021 (button) folded before Flop (didn't bet)
Seat 2: IndyVegas67 (small blind) showed [3c Jd] and won (80) with two pair, Jacks and Eights
Seat 3: Santolino10 (big blind) mucked [7d Qh]



PokerStars Hand #254032848568: Tournament #3838388962, $0.46+$0.04 USD Hold'em No Limit - Level I (10/20) - 2024/12/26 13:43:08 CET [2024/12/26 7:43:08 ET]
Table '3838388962 1' 3-max Seat #2 is the button
Seat 1: Mahu2021 (500 in chips) 
Seat 2: IndyVegas67 (540 in chips) 
Seat 3: Santolino10 (460 in chips) 
Santolino10: posts small blind 10
Mahu2021: posts big blind 20
*** HOLE CARDS ***
Dealt to Mahu2021 [Kh 2c]
IndyVegas67: raises 20 to 40
Santolino10: calls 30
Mahu2021: calls 20
*** FLOP *** [Js Jc 7s]
Santolino10: checks 
Mahu2021: checks 
IndyVegas67: checks 
*** TURN *** [Js Jc 7s] [Th]
Santolino10: checks 
Mahu2021: checks 
IndyVegas67: bets 40
Santolino10: folds 
Mahu2021: folds 
Uncalled bet (40) returned to IndyVegas67
IndyVegas67 collected 120 from pot
IndyVegas67: doesn't show hand 
*** SUMMARY ***
Total pot 120 | Rake 0 
Board [Js Jc 7s Th]
Seat 1: Mahu2021 (big blind) folded on the Turn
Seat 2: IndyVegas67 (button) collected (120)
Seat 3: Santolino10 (small blind) folded on the Turn



PokerStars Hand #254032853142: Tournament #3838388962, $0.46+$0.04 USD Hold'em No Limit - Level I (10/20) - 2024/12/26 13:43:38 CET [2024/12/26 7:43:38 ET]
Table '3838388962 1' 3-max Seat #3 is the button
Seat 1: Mahu2021 (460 in chips) 
Seat 2: IndyVegas67 (620 in chips) 
Seat 3: Santolino10 (420 in chips) 
Mahu2021: posts small blind 10
IndyVegas67: posts big blind 20
*** HOLE CARDS ***
Dealt to Mahu2021 [Ac Js]
Santolino10: calls 20
Mahu2021: raises 60 to 80
IndyVegas67: folds 
Santolino10: calls 60
*** FLOP *** [Th 8h 4c]
Mahu2021: bets 380 and is all-in
Santolino10: folds 
Uncalled bet (380) returned to Mahu2021
Mahu2021 collected 180 from pot
Mahu2021: doesn't show hand 
*** SUMMARY ***
Total pot 180 | Rake 0 
Board [Th 8h 4c]
Seat 1: Mahu2021 (small blind) collected (180)
Seat 2: IndyVegas67 (big blind) folded before Flop
Seat 3: Santolino10 (button) folded on the Flop



PokerStars Hand #254032856419: Tournament #3838388962, $0.46+$0.04 USD Hold'em No Limit - Level I (10/20) - 2024/12/26 13:43:59 CET [2024/12/26 7:43:59 ET]
Table '3838388962 1' 3-max Seat #1 is the button
Seat 1: Mahu2021 (560 in chips) 
Seat 2: IndyVegas67 (600 in chips) 
Seat 3: Santolino10 (340 in chips) 
IndyVegas67: posts small blind 10
Santolino10: posts big blind 20
*** HOLE CARDS ***
Dealt to Mahu2021 [Js 9s]
Mahu2021: calls 20
IndyVegas67: calls 10
Santolino10: checks 
*** FLOP *** [3h 8d Ad]
IndyVegas67: checks 
Santolino10: checks 
Mahu2021: checks 
*** TURN *** [3h 8d Ad] [Kh]
IndyVegas67: bets 20
Santolino10: calls 20
Mahu2021: folds 
*** RIVER *** [3h 8d Ad Kh] [Qs]
IndyVegas67: checks 
Santolino10: checks 
*** SHOW DOWN ***
IndyVegas67: shows [6d 2s] (high card Ace)
Santolino10: shows [3d 4c] (a pair of Threes)
Santolino10 collected 100 from pot
*** SUMMARY ***
Total pot 100 | Rake 0 
Board [3h 8d Ad Kh Qs]
Seat 1: Mahu2021 (button) folded on the Turn
Seat 2: IndyVegas67 (small blind) showed [6d 2s] and lost with high card Ace
Seat 3: Santolino10 (big blind) showed [3d 4c] and won (100) with a pair of Threes



PokerStars Hand #254032860436: Tournament #3838388962, $0.46+$0.04 USD Hold'em No Limit - Level I (10/20) - 2024/12/26 13:44:25 CET [2024/12/26 7:44:25 ET]
Table '3838388962 1' 3-max Seat #2 is the button
Seat 1: Mahu2021 (540 in chips) 
Seat 2: IndyVegas67 (560 in chips) 
Seat 3: Santolino10 (400 in chips) 
Santolino10: posts small blind 10
Mahu2021: posts big blind 20
*** HOLE CARDS ***
Dealt to Mahu2021 [7h 8h]
IndyVegas67: raises 30 to 50
Santolino10: calls 40
Mahu2021: calls 30
*** FLOP *** [4s Jd 5c]
Santolino10: bets 350 and is all-in
Mahu2021: folds 
IndyVegas67: folds 
Uncalled bet (350) returned to Santolino10
Santolino10 collected 150 from pot
*** SUMMARY ***
Total pot 150 | Rake 0 
Board [4s Jd 5c]
Seat 1: Mahu2021 (big blind) folded on the Flop
Seat 2: IndyVegas67 (button) folded on the Flop
Seat 3: Santolino10 (small blind) collected (150)



PokerStars Hand #254032865397: Tournament #3838388962, $0.46+$0.04 USD Hold'em No Limit - Level II (15/30) - 2024/12/26 13:44:57 CET [2024/12/26 7:44:57 ET]
Table '3838388962 1' 3-max Seat #3 is the button
Seat 1: Mahu2021 (490 in chips) 
Seat 2: IndyVegas67 (510 in chips) 
Seat 3: Santolino10 (500 in chips) 
Mahu2021: posts small blind 15
IndyVegas67: posts big blind 30
*** HOLE CARDS ***
Dealt to Mahu2021 [7h 5d]
Santolino10: raises 30 to 60
Mahu2021: folds 
IndyVegas67: calls 30
*** FLOP *** [Th Jc Td]
IndyVegas67: checks 
Santolino10: bets 30
IndyVegas67: calls 30
*** TURN *** [Th Jc Td] [8d]
IndyVegas67: checks 
Santolino10: bets 60
IndyVegas67: raises 360 to 420 and is all-in
Santolino10: folds 
Uncalled bet (360) returned to IndyVegas67
IndyVegas67 collected 315 from pot
IndyVegas67: doesn't show hand 
*** SUMMARY ***
Total pot 315 | Rake 0 
Board [Th Jc Td 8d]
Seat 1: Mahu2021 (small blind) folded before Flop
Seat 2: IndyVegas67 (big blind) collected (315)
Seat 3: Santolino10 (button) folded on the Turn



PokerStars Hand #254032868567: Tournament #3838388962, $0.46+$0.04 USD Hold'em No Limit - Level II (15/30) - 2024/12/26 13:45:17 CET [2024/12/26 7:45:17 ET]
Table '3838388962 1' 3-max Seat #1 is the button
Seat 1: Mahu2021 (475 in chips) 
Seat 2: IndyVegas67 (675 in chips) 
Seat 3: Santolino10 (350 in chips) 
IndyVegas67: posts small blind 15
Santolino10: posts big blind 30
*** HOLE CARDS ***
Dealt to Mahu2021 [Jh 5c]
Mahu2021: folds 
IndyVegas67: raises 45 to 75
Santolino10: raises 275 to 350 and is all-in
IndyVegas67: calls 275
*** FLOP *** [3h 9d 7h]
*** TURN *** [3h 9d 7h] [Kd]
*** RIVER *** [3h 9d 7h Kd] [6h]
*** SHOW DOWN ***
IndyVegas67: shows [Ts Qd] (high card King)
Santolino10: shows [2s 2h] (a pair of Deuces)
Santolino10 collected 700 from pot
*** SUMMARY ***
Total pot 700 | Rake 0 
Board [3h 9d 7h Kd 6h]
Seat 1: Mahu2021 (button) folded before Flop (didn't bet)
Seat 2: IndyVegas67 (small blind) showed [Ts Qd] and lost with high card King
Seat 3: Santolino10 (big blind) showed [2s 2h] and won (700) with a pair of Deuces



PokerStars Hand #254032871924: Tournament #3838388962, $0.46+$0.04 USD Hold'em No Limit - Level II (15/30) - 2024/12/26 13:45:39 CET [2024/12/26 7:45:39 ET]
Table '3838388962 1' 3-max Seat #2 is the button
Seat 1: Mahu2021 (475 in chips) 
Seat 2: IndyVegas67 (325 in chips) 
Seat 3: Santolino10 (700 in chips) 
Santolino10: posts small blind 15
Mahu2021: posts big blind 30
*** HOLE CARDS ***
Dealt to Mahu2021 [4d Kc]
IndyVegas67: raises 45 to 75
Santolino10: folds 
Mahu2021: folds 
Uncalled bet (45) returned to IndyVegas67
IndyVegas67 collected 75 from pot
IndyVegas67: doesn't show hand 
*** SUMMARY ***
Total pot 75 | Rake 0 
Seat 1: Mahu2021 (big blind) folded before Flop
Seat 2: IndyVegas67 (button) collected (75)
Seat 3: Santolino10 (small blind) folded before Flop



PokerStars Hand #254032873635: Tournament #3838388962, $0.46+$0.04 USD Hold'em No Limit - Level II (15/30) - 2024/12/26 13:45:50 CET [2024/12/26 7:45:50 ET]
Table '3838388962 1' 3-max Seat #3 is the button
Seat 1: Mahu2021 (445 in chips) 
Seat 2: IndyVegas67 (370 in chips) 
Seat 3: Santolino10 (685 in chips) 
Mahu2021: posts small blind 15
IndyVegas67: posts big blind 30
*** HOLE CARDS ***
Dealt to Mahu2021 [Th 4s]
Santolino10: calls 30
Mahu2021: folds 
IndyVegas67: raises 60 to 90
Santolino10: calls 60
*** FLOP *** [7d 2s 4d]
IndyVegas67: bets 280 and is all-in
Santolino10: folds 
Uncalled bet (280) returned to IndyVegas67
IndyVegas67 collected 195 from pot
IndyVegas67: doesn't show hand 
*** SUMMARY ***
Total pot 195 | Rake 0 
Board [7d 2s 4d]
Seat 1: Mahu2021 (small blind) folded before Flop
Seat 2: IndyVegas67 (big blind) collected (195)
Seat 3: Santolino10 (button) folded on the Flop



PokerStars Hand #254032876477: Tournament #3838388962, $0.46+$0.04 USD Hold'em No Limit - Level II (15/30) - 2024/12/26 13:46:09 CET [2024/12/26 7:46:09 ET]
Table '3838388962 1' 3-max Seat #1 is the button
Seat 1: Mahu2021 (430 in chips) 
Seat 2: IndyVegas67 (475 in chips) 
Seat 3: Santolino10 (595 in chips) 
IndyVegas67: posts small blind 15
Santolino10: posts big blind 30
*** HOLE CARDS ***
Dealt to Mahu2021 [9s Ad]
Mahu2021: raises 60 to 90
IndyVegas67: folds 
Santolino10: calls 60
*** FLOP *** [3c Ah Td]
Santolino10: checks 
Mahu2021: bets 340 and is all-in
Santolino10: folds 
Uncalled bet (340) returned to Mahu2021
Mahu2021 collected 195 from pot
Mahu2021: doesn't show hand 
*** SUMMARY ***
Total pot 195 | Rake 0 
Board [3c Ah Td]
Seat 1: Mahu2021 (button) collected (195)
Seat 2: IndyVegas67 (small blind) folded before Flop
Seat 3: Santolino10 (big blind) folded on the Flop



PokerStars Hand #254032878686: Tournament #3838388962, $0.46+$0.04 USD Hold'em No Limit - Level II (15/30) - 2024/12/26 13:46:23 CET [2024/12/26 7:46:23 ET]
Table '3838388962 1' 3-max Seat #2 is the button
Seat 1: Mahu2021 (535 in chips) 
Seat 2: IndyVegas67 (460 in chips) 
Seat 3: Santolino10 (505 in chips) 
Santolino10: posts small blind 15
Mahu2021: posts big blind 30
*** HOLE CARDS ***
Dealt to Mahu2021 [Jh Td]
IndyVegas67: folds 
Santolino10: calls 15
Mahu2021: checks 
*** FLOP *** [Qh 8d Js]
Santolino10: bets 475 and is all-in
Mahu2021: folds 
Uncalled bet (475) returned to Santolino10
Santolino10 collected 60 from pot
*** SUMMARY ***
Total pot 60 | Rake 0 
Board [Qh 8d Js]
Seat 1: Mahu2021 (big blind) folded on the Flop
Seat 2: IndyVegas67 (button) folded before Flop (didn't bet)
Seat 3: Santolino10 (small blind) collected (60)



PokerStars Hand #254032882069: Tournament #3838388962, $0.46+$0.04 USD Hold'em No Limit - Level III (20/40) - 2024/12/26 13:46:45 CET [2024/12/26 7:46:45 ET]
Table '3838388962 1' 3-max Seat #3 is the button
Seat 1: Mahu2021 (505 in chips) 
Seat 2: IndyVegas67 (460 in chips) 
Seat 3: Santolino10 (535 in chips) 
Mahu2021: posts small blind 20
IndyVegas67: posts big blind 40
*** HOLE CARDS ***
Dealt to Mahu2021 [8s 2h]
Santolino10: calls 40
Mahu2021: folds 
IndyVegas67: checks 
*** FLOP *** [Ks Ad 9h]
IndyVegas67: checks 
Santolino10: checks 
*** TURN *** [Ks Ad 9h] [5h]
IndyVegas67: checks 
Santolino10: checks 
*** RIVER *** [Ks Ad 9h 5h] [3s]
IndyVegas67: checks 
Santolino10: bets 50
IndyVegas67: calls 50
*** SHOW DOWN ***
Santolino10: shows [Qs 5c] (a pair of Fives)
IndyVegas67: mucks hand 
Santolino10 collected 200 from pot
*** SUMMARY ***
Total pot 200 | Rake 0 
Board [Ks Ad 9h 5h 3s]
Seat 1: Mahu2021 (small blind) folded before Flop
Seat 2: IndyVegas67 (big blind) mucked [3d 7h]
Seat 3: Santolino10 (button) showed [Qs 5c] and won (200) with a pair of Fives



PokerStars Hand #254032885242: Tournament #3838388962, $0.46+$0.04 USD Hold'em No Limit - Level III (20/40) - 2024/12/26 13:47:06 CET [2024/12/26 7:47:06 ET]
Table '3838388962 1' 3-max Seat #1 is the button
Seat 1: Mahu2021 (485 in chips) 
Seat 2: IndyVegas67 (370 in chips) 
Seat 3: Santolino10 (645 in chips) 
IndyVegas67: posts small blind 20
Santolino10: posts big blind 40
*** HOLE CARDS ***
Dealt to Mahu2021 [Ts 3c]
Mahu2021: folds 
IndyVegas67: calls 20
Santolino10: checks 
*** FLOP *** [5s Td 4s]
IndyVegas67: bets 40
Santolino10: calls 40
*** TURN *** [5s Td 4s] [2d]
IndyVegas67: bets 40
Santolino10: calls 40
*** RIVER *** [5s Td 4s 2d] [Jd]
IndyVegas67: bets 40
Santolino10: folds 
Uncalled bet (40) returned to IndyVegas67
IndyVegas67 collected 240 from pot
IndyVegas67: doesn't show hand 
*** SUMMARY ***
Total pot 240 | Rake 0 
Board [5s Td 4s 2d Jd]
Seat 1: Mahu2021 (button) folded before Flop (didn't bet)
Seat 2: IndyVegas67 (small blind) collected (240)
Seat 3: Santolino10 (big blind) folded on the River



PokerStars Hand #254032889148: Tournament #3838388962, $0.46+$0.04 USD Hold'em No Limit - Level III (20/40) - 2024/12/26 13:47:31 CET [2024/12/26 7:47:31 ET]
Table '3838388962 1' 3-max Seat #2 is the button
Seat 1: Mahu2021 (485 in chips) 
Seat 2: IndyVegas67 (490 in chips) 
Seat 3: Santolino10 (525 in chips) 
Santolino10: posts small blind 20
Mahu2021: posts big blind 40
*** HOLE CARDS ***
Dealt to Mahu2021 [Kh 7c]
IndyVegas67: calls 40
Santolino10: calls 20
Mahu2021: checks 
*** FLOP *** [5d 3d Ac]
Santolino10: checks 
Mahu2021: checks 
IndyVegas67: checks 
*** TURN *** [5d 3d Ac] [9d]
Santolino10: bets 40
Mahu2021: folds 
IndyVegas67: calls 40
*** RIVER *** [5d 3d Ac 9d] [8s]
Santolino10: bets 40
IndyVegas67: calls 40
*** SHOW DOWN ***
Santolino10: shows [Kd 5s] (a pair of Fives)
IndyVegas67: mucks hand 
Santolino10 collected 280 from pot
*** SUMMARY ***
Total pot 280 | Rake 0 
Board [5d 3d Ac 9d 8s]
Seat 1: Mahu2021 (big blind) folded on the Turn
Seat 2: IndyVegas67 (button) mucked [7d Kc]
Seat 3: Santolino10 (small blind) showed [Kd 5s] and won (280) with a pair of Fives



PokerStars Hand #254032892138: Tournament #3838388962, $0.46+$0.04 USD Hold'em No Limit - Level III (20/40) - 2024/12/26 13:47:50 CET [2024/12/26 7:47:50 ET]
Table '3838388962 1' 3-max Seat #3 is the button
Seat 1: Mahu2021 (445 in chips) 
Seat 2: IndyVegas67 (370 in chips) 
Seat 3: Santolino10 (685 in chips) 
Mahu2021: posts small blind 20
IndyVegas67: posts big blind 40
*** HOLE CARDS ***
Dealt to Mahu2021 [6h 5d]
Santolino10: calls 40
Mahu2021: folds 
IndyVegas67: checks 
*** FLOP *** [6c Ac 7h]
IndyVegas67: checks 
Santolino10: bets 40
IndyVegas67: calls 40
*** TURN *** [6c Ac 7h] [Qs]
IndyVegas67: checks 
Santolino10: checks 
*** RIVER *** [6c Ac 7h Qs] [Kh]
IndyVegas67: bets 40
Santolino10: folds 
Uncalled bet (40) returned to IndyVegas67
IndyVegas67 collected 180 from pot
IndyVegas67: doesn't show hand 
*** SUMMARY ***
Total pot 180 | Rake 0 
Board [6c Ac 7h Qs Kh]
Seat 1: Mahu2021 (small blind) folded before Flop
Seat 2: IndyVegas67 (big blind) collected (180)
Seat 3: Santolino10 (button) folded on the River



PokerStars Hand #254032895585: Tournament #3838388962, $0.46+$0.04 USD Hold'em No Limit - Level III (20/40) - 2024/12/26 13:48:13 CET [2024/12/26 7:48:13 ET]
Table '3838388962 1' 3-max Seat #1 is the button
Seat 1: Mahu2021 (425 in chips) 
Seat 2: IndyVegas67 (470 in chips) 
Seat 3: Santolino10 (605 in chips) 
IndyVegas67: posts small blind 20
Santolino10: posts big blind 40
*** HOLE CARDS ***
Dealt to Mahu2021 [Jd 8s]
Mahu2021: folds 
IndyVegas67: calls 20
Santolino10: checks 
*** FLOP *** [4d 7d 3h]
IndyVegas67: bets 40
Santolino10: calls 40
*** TURN *** [4d 7d 3h] [Ks]
IndyVegas67: bets 40
Santolino10: folds 
Uncalled bet (40) returned to IndyVegas67
IndyVegas67 collected 160 from pot
IndyVegas67: doesn't show hand 
*** SUMMARY ***
Total pot 160 | Rake 0 
Board [4d 7d 3h Ks]
Seat 1: Mahu2021 (button) folded before Flop (didn't bet)
Seat 2: IndyVegas67 (small blind) collected (160)
Seat 3: Santolino10 (big blind) folded on the Turn



PokerStars Hand #254032898193: Tournament #3838388962, $0.46+$0.04 USD Hold'em No Limit - Level III (20/40) - 2024/12/26 13:48:29 CET [2024/12/26 7:48:29 ET]
Table '3838388962 1' 3-max Seat #2 is the button
Seat 1: Mahu2021 (425 in chips) 
Seat 2: IndyVegas67 (550 in chips) 
Seat 3: Santolino10 (525 in chips) 
Santolino10: posts small blind 20
Mahu2021: posts big blind 40
*** HOLE CARDS ***
Dealt to Mahu2021 [2h 8c]
IndyVegas67: raises 40 to 80
Santolino10: calls 60
Mahu2021: folds 
*** FLOP *** [Qs 3d Ad]
Santolino10: checks 
IndyVegas67: bets 40
Santolino10: calls 40
*** TURN *** [Qs 3d Ad] [Qh]
Santolino10: checks 
IndyVegas67: bets 40
Santolino10: calls 40
*** RIVER *** [Qs 3d Ad Qh] [5s]
Santolino10: checks 
IndyVegas67: checks 
*** SHOW DOWN ***
Santolino10: shows [Tc 3s] (two pair, Queens and Threes)
IndyVegas67: mucks hand 
Santolino10 collected 360 from pot
*** SUMMARY ***
Total pot 360 | Rake 0 
Board [Qs 3d Ad Qh 5s]
Seat 1: Mahu2021 (big blind) folded before Flop
Seat 2: IndyVegas67 (button) mucked [8d Kd]
Seat 3: Santolino10 (small blind) showed [Tc 3s] and won (360) with two pair, Queens and Threes



PokerStars Hand #254032901680: Tournament #3838388962, $0.46+$0.04 USD Hold'em No Limit - Level IV (30/60) - 2024/12/26 13:48:51 CET [2024/12/26 7:48:51 ET]
Table '3838388962 1' 3-max Seat #3 is the button
Seat 1: Mahu2021 (385 in chips) 
Seat 2: IndyVegas67 (390 in chips) 
Seat 3: Santolino10 (725 in chips) 
Mahu2021: posts small blind 30
IndyVegas67: posts big blind 60
*** HOLE CARDS ***
Dealt to Mahu2021 [Th 4s]
Santolino10: calls 60
Mahu2021: folds 
IndyVegas67: checks 
*** FLOP *** [6d Td Qs]
IndyVegas67: checks 
Santolino10: bets 665 and is all-in
IndyVegas67: calls 330 and is all-in
Uncalled bet (335) returned to Santolino10
*** TURN *** [6d Td Qs] [2h]
*** RIVER *** [6d Td Qs 2h] [7s]
*** SHOW DOWN ***
IndyVegas67: shows [2d 7d] (two pair, Sevens and Deuces)
Santolino10: shows [Qc 5s] (a pair of Queens)
IndyVegas67 collected 810 from pot
*** SUMMARY ***
Total pot 810 | Rake 0 
Board [6d Td Qs 2h 7s]
Seat 1: Mahu2021 (small blind) folded before Flop
Seat 2: IndyVegas67 (big blind) showed [2d 7d] and won (810) with two pair, Sevens and Deuces
Seat 3: Santolino10 (button) showed [Qc 5s] and lost with a pair of Queens



PokerStars Hand #254032904284: Tournament #3838388962, $0.46+$0.04 USD Hold'em No Limit - Level IV (30/60) - 2024/12/26 13:49:08 CET [2024/12/26 7:49:08 ET]
Table '3838388962 1' 3-max Seat #1 is the button
Seat 1: Mahu2021 (355 in chips) 
Seat 2: IndyVegas67 (810 in chips) 
Seat 3: Santolino10 (335 in chips) 
IndyVegas67: posts small blind 30
Santolino10: posts big blind 60
*** HOLE CARDS ***
Dealt to Mahu2021 [3h 8h]
Mahu2021: folds 
IndyVegas67: raises 750 to 810 and is all-in
Santolino10: calls 275 and is all-in
Uncalled bet (475) returned to IndyVegas67
*** FLOP *** [Jc 5d Kh]
*** TURN *** [Jc 5d Kh] [3c]
*** RIVER *** [Jc 5d Kh 3c] [Qh]
*** SHOW DOWN ***
IndyVegas67: shows [8s Ts] (high card King)
Santolino10: shows [Tc Qd] (a pair of Queens)
Santolino10 collected 670 from pot
*** SUMMARY ***
Total pot 670 | Rake 0 
Board [Jc 5d Kh 3c Qh]
Seat 1: Mahu2021 (button) folded before Flop (didn't bet)
Seat 2: IndyVegas67 (small blind) showed [8s Ts] and lost with high card King
Seat 3: Santolino10 (big blind) showed [Tc Qd] and won (670) with a pair of Queens



PokerStars Hand #254032907104: Tournament #3838388962, $0.46+$0.04 USD Hold'em No Limit - Level IV (30/60) - 2024/12/26 13:49:26 CET [2024/12/26 7:49:26 ET]
Table '3838388962 1' 3-max Seat #2 is the button
Seat 1: Mahu2021 (355 in chips) 
Seat 2: IndyVegas67 (475 in chips) 
Seat 3: Santolino10 (670 in chips) 
Santolino10: posts small blind 30
Mahu2021: posts big blind 60
*** HOLE CARDS ***
Dealt to Mahu2021 [6s 7h]
IndyVegas67: folds 
Santolino10: calls 30
Mahu2021: checks 
*** FLOP *** [Td 6h 8c]
Santolino10: checks 
Mahu2021: bets 60
Santolino10: calls 60
*** TURN *** [Td 6h 8c] [9s]
Santolino10: bets 550 and is all-in
Mahu2021: calls 235 and is all-in
Uncalled bet (315) returned to Santolino10
*** RIVER *** [Td 6h 8c 9s] [9d]
*** SHOW DOWN ***
Santolino10: shows [Qs 7s] (a straight, Six to Ten)
Mahu2021: shows [6s 7h] (a straight, Six to Ten)
Santolino10 collected 355 from pot
Mahu2021 collected 355 from pot
*** SUMMARY ***
Total pot 710 | Rake 0 
Board [Td 6h 8c 9s 9d]
Seat 1: Mahu2021 (big blind) showed [6s 7h] and won (355) with a straight, Six to Ten
Seat 2: IndyVegas67 (button) folded before Flop (didn't bet)
Seat 3: Santolino10 (small blind) showed [Qs 7s] and won (355) with a straight, Six to Ten



PokerStars Hand #254032912062: Tournament #3838388962, $0.46+$0.04 USD Hold'em No Limit - Level IV (30/60) - 2024/12/26 13:49:58 CET [2024/12/26 7:49:58 ET]
Table '3838388962 1' 3-max Seat #3 is the button
Seat 1: Mahu2021 (355 in chips) 
Seat 2: IndyVegas67 (475 in chips) 
Seat 3: Santolino10 (670 in chips) 
Mahu2021: posts small blind 30
IndyVegas67: posts big blind 60
*** HOLE CARDS ***
Dealt to Mahu2021 [5h 6h]
Santolino10: folds 
Mahu2021: folds 
Uncalled bet (30) returned to IndyVegas67
IndyVegas67 collected 60 from pot
IndyVegas67: doesn't show hand 
*** SUMMARY ***
Total pot 60 | Rake 0 
Seat 1: Mahu2021 (small blind) folded before Flop
Seat 2: IndyVegas67 (big blind) collected (60)
Seat 3: Santolino10 (button) folded before Flop (didn't bet)



PokerStars Hand #254032913473: Tournament #3838388962, $0.46+$0.04 USD Hold'em No Limit - Level IV (30/60) - 2024/12/26 13:50:07 CET [2024/12/26 7:50:07 ET]
Table '3838388962 1' 3-max Seat #1 is the button
Seat 1: Mahu2021 (325 in chips) 
Seat 2: IndyVegas67 (505 in chips) 
Seat 3: Santolino10 (670 in chips) 
IndyVegas67: posts small blind 30
Santolino10: posts big blind 60
*** HOLE CARDS ***
Dealt to Mahu2021 [Jd Kd]
Mahu2021: raises 265 to 325 and is all-in
IndyVegas67: folds 
Santolino10: folds 
Uncalled bet (265) returned to Mahu2021
Mahu2021 collected 150 from pot
Mahu2021: doesn't show hand 
*** SUMMARY ***
Total pot 150 | Rake 0 
Seat 1: Mahu2021 (button) collected (150)
Seat 2: IndyVegas67 (small blind) folded before Flop
Seat 3: Santolino10 (big blind) folded before Flop



PokerStars Hand #254032915573: Tournament #3838388962, $0.46+$0.04 USD Hold'em No Limit - Level IV (30/60) - 2024/12/26 13:50:21 CET [2024/12/26 7:50:21 ET]
Table '3838388962 1' 3-max Seat #2 is the button
Seat 1: Mahu2021 (415 in chips) 
Seat 2: IndyVegas67 (475 in chips) 
Seat 3: Santolino10 (610 in chips) 
Santolino10: posts small blind 30
Mahu2021: posts big blind 60
*** HOLE CARDS ***
Dealt to Mahu2021 [9d 4c]
IndyVegas67: raises 60 to 120
Santolino10: folds 
Mahu2021: folds 
Uncalled bet (60) returned to IndyVegas67
IndyVegas67 collected 150 from pot
IndyVegas67: doesn't show hand 
*** SUMMARY ***
Total pot 150 | Rake 0 
Seat 1: Mahu2021 (big blind) folded before Flop
Seat 2: IndyVegas67 (button) collected (150)
Seat 3: Santolino10 (small blind) folded before Flop



PokerStars Hand #254032916803: Tournament #3838388962, $0.46+$0.04 USD Hold'em No Limit - Level IV (30/60) - 2024/12/26 13:50:29 CET [2024/12/26 7:50:29 ET]
Table '3838388962 1' 3-max Seat #3 is the button
Seat 1: Mahu2021 (355 in chips) 
Seat 2: IndyVegas67 (565 in chips) 
Seat 3: Santolino10 (580 in chips) 
Mahu2021: posts small blind 30
IndyVegas67: posts big blind 60
*** HOLE CARDS ***
Dealt to Mahu2021 [Th Ah]
Santolino10: folds 
Mahu2021: raises 295 to 355 and is all-in
IndyVegas67: calls 295
*** FLOP *** [Tc Js 6d]
*** TURN *** [Tc Js 6d] [Qs]
*** RIVER *** [Tc Js 6d Qs] [5h]
*** SHOW DOWN ***
Mahu2021: shows [Th Ah] (a pair of Tens)
IndyVegas67: shows [2d As] (high card Ace)
Mahu2021 collected 710 from pot
*** SUMMARY ***
Total pot 710 | Rake 0 
Board [Tc Js 6d Qs 5h]
Seat 1: Mahu2021 (small blind) showed [Th Ah] and won (710) with a pair of Tens
Seat 2: IndyVegas67 (big blind) showed [2d As] and lost with high card Ace
Seat 3: Santolino10 (button) folded before Flop (didn't bet)



PokerStars Hand #254032919917: Tournament #3838388962, $0.46+$0.04 USD Hold'em No Limit - Level V (40/80) - 2024/12/26 13:50:48 CET [2024/12/26 7:50:48 ET]
Table '3838388962 1' 3-max Seat #1 is the button
Seat 1: Mahu2021 (710 in chips) 
Seat 2: IndyVegas67 (210 in chips) 
Seat 3: Santolino10 (580 in chips) 
IndyVegas67: posts small blind 40
Santolino10: posts big blind 80
*** HOLE CARDS ***
Dealt to Mahu2021 [2s 9d]
Mahu2021: folds 
IndyVegas67: raises 130 to 210 and is all-in
Santolino10: calls 130
*** FLOP *** [6h 5h Ts]
*** TURN *** [6h 5h Ts] [Th]
*** RIVER *** [6h 5h Ts Th] [8s]
*** SHOW DOWN ***
IndyVegas67: shows [Kc 3d] (a pair of Tens)
Santolino10: shows [Qc 6c] (two pair, Tens and Sixes)
Santolino10 collected 420 from pot
IndyVegas67 finished the tournament in 3rd place
*** SUMMARY ***
Total pot 420 | Rake 0 
Board [6h 5h Ts Th 8s]
Seat 1: Mahu2021 (button) folded before Flop (didn't bet)
Seat 2: IndyVegas67 (small blind) showed [Kc 3d] and lost with a pair of Tens
Seat 3: Santolino10 (big blind) showed [Qc 6c] and won (420) with two pair, Tens and Sixes



PokerStars Hand #254032922784: Tournament #3838388962, $0.46+$0.04 USD Hold'em No Limit - Level V (40/80) - 2024/12/26 13:51:07 CET [2024/12/26 7:51:07 ET]
Table '3838388962 1' 3-max Seat #3 is the button
Seat 1: Mahu2021 (710 in chips) 
Seat 3: Santolino10 (790 in chips) 
Santolino10: posts small blind 40
Mahu2021: posts big blind 80
*** HOLE CARDS ***
Dealt to Mahu2021 [6h 8d]
Santolino10: calls 40
Mahu2021: checks 
*** FLOP *** [Kc 5d 4d]
Mahu2021: checks 
Santolino10: bets 80
Mahu2021: calls 80
*** TURN *** [Kc 5d 4d] [Qd]
Mahu2021: checks 
Santolino10: checks 
*** RIVER *** [Kc 5d 4d Qd] [Kd]
Mahu2021: bets 80
Santolino10: folds 
Uncalled bet (80) returned to Mahu2021
Mahu2021 collected 320 from pot
Mahu2021: doesn't show hand 
*** SUMMARY ***
Total pot 320 | Rake 0 
Board [Kc 5d 4d Qd Kd]
Seat 1: Mahu2021 (big blind) collected (320)
Seat 3: Santolino10 (button) (small blind) folded on the River



PokerStars Hand #254032925008: Tournament #3838388962, $0.46+$0.04 USD Hold'em No Limit - Level V (40/80) - 2024/12/26 13:51:20 CET [2024/12/26 7:51:20 ET]
Table '3838388962 1' 3-max Seat #1 is the button
Seat 1: Mahu2021 (870 in chips) 
Seat 3: Santolino10 (630 in chips) 
Mahu2021: posts small blind 40
Santolino10: posts big blind 80
*** HOLE CARDS ***
Dealt to Mahu2021 [4h 3c]
Mahu2021: calls 40
Santolino10: raises 80 to 160
Mahu2021: folds 
Uncalled bet (80) returned to Santolino10
Santolino10 collected 160 from pot
*** SUMMARY ***
Total pot 160 | Rake 0 
Seat 1: Mahu2021 (button) (small blind) folded before Flop
Seat 3: Santolino10 (big blind) collected (160)



PokerStars Hand #254032926103: Tournament #3838388962, $0.46+$0.04 USD Hold'em No Limit - Level V (40/80) - 2024/12/26 13:51:27 CET [2024/12/26 7:51:27 ET]
Table '3838388962 1' 3-max Seat #3 is the button
Seat 1: Mahu2021 (790 in chips) 
Seat 3: Santolino10 (710 in chips) 
Santolino10: posts small blind 40
Mahu2021: posts big blind 80
*** HOLE CARDS ***
Dealt to Mahu2021 [Jh 2h]
Santolino10: calls 40
Mahu2021: checks 
*** FLOP *** [7c 6c Qc]
Mahu2021: checks 
Santolino10: checks 
*** TURN *** [7c 6c Qc] [7s]
Mahu2021: checks 
Santolino10: checks 
*** RIVER *** [7c 6c Qc 7s] [Th]
Mahu2021: checks 
Santolino10: checks 
*** SHOW DOWN ***
Mahu2021: shows [Jh 2h] (a pair of Sevens)
Santolino10: mucks hand 
Mahu2021 collected 160 from pot
*** SUMMARY ***
Total pot 160 | Rake 0 
Board [7c 6c Qc 7s Th]
Seat 1: Mahu2021 (big blind) showed [Jh 2h] and won (160) with a pair of Sevens
Seat 3: Santolino10 (button) (small blind) mucked [9s 4s]



PokerStars Hand #254032928079: Tournament #3838388962, $0.46+$0.04 USD Hold'em No Limit - Level V (40/80) - 2024/12/26 13:51:40 CET [2024/12/26 7:51:40 ET]
Table '3838388962 1' 3-max Seat #1 is the button
Seat 1: Mahu2021 (870 in chips) 
Seat 3: Santolino10 (630 in chips) 
Mahu2021: posts small blind 40
Santolino10: posts big blind 80
*** HOLE CARDS ***
Dealt to Mahu2021 [6c 8s]
Mahu2021: calls 40
Santolino10: checks 
*** FLOP *** [Qc 5h 6h]
Santolino10: checks 
Mahu2021: bets 80
Santolino10: folds 
Uncalled bet (80) returned to Mahu2021
Mahu2021 collected 160 from pot
Mahu2021: doesn't show hand 
*** SUMMARY ***
Total pot 160 | Rake 0 
Board [Qc 5h 6h]
Seat 1: Mahu2021 (button) (small blind) collected (160)
Seat 3: Santolino10 (big blind) folded on the Flop



PokerStars Hand #254032929973: Tournament #3838388962, $0.46+$0.04 USD Hold'em No Limit - Level V (40/80) - 2024/12/26 13:51:51 CET [2024/12/26 7:51:51 ET]
Table '3838388962 1' 3-max Seat #3 is the button
Seat 1: Mahu2021 (950 in chips) 
Seat 3: Santolino10 (550 in chips) 
Santolino10: posts small blind 40
Mahu2021: posts big blind 80
*** HOLE CARDS ***
Dealt to Mahu2021 [3d Td]
Santolino10: calls 40
Mahu2021: checks 
*** FLOP *** [3s 3h 5d]
Mahu2021: checks 
Santolino10: bets 80
Mahu2021: calls 80
*** TURN *** [3s 3h 5d] [9d]
Mahu2021: checks 
Santolino10: bets 80
Mahu2021: calls 80
*** RIVER *** [3s 3h 5d 9d] [Ac]
Mahu2021: bets 320
Santolino10: calls 310 and is all-in
Uncalled bet (10) returned to Mahu2021
*** SHOW DOWN ***
Mahu2021: shows [3d Td] (three of a kind, Threes)
Santolino10: shows [4h 5h] (two pair, Fives and Threes)
Mahu2021 collected 1100 from pot
Santolino10 finished the tournament in 2nd place
Mahu2021 wins the tournament - congratulations!
Mahu2021 wins a '$1.00 Power Path Step 2 Ticket' ticket
*** SUMMARY ***
Total pot 1100 | Rake 0 
Board [3s 3h 5d 9d Ac]
Seat 1: Mahu2021 (big blind) showed [3d Td] and won (1100) with three of a kind, Threes
Seat 3: Santolino10 (button) (small blind) showed [4h 5h] and lost with two pair, Fives and Threes



