PokerStars Hand #252842710525: Tournament #3809972862, $1.84+$0.16 USD Hold'em No Limit - Level I (10/20) - 2024/10/09 16:38:11 CET [2024/10/09 10:38:11 ET]
Table '3809972862 1' 3-max Seat #1 is the button
Seat 1: Mahu2021 (500 in chips) 
Seat 2: JimBeamMaster (500 in chips) 
Seat 3: Vesk22 (500 in chips) 
JimBeamMaster: posts small blind 10
Vesk22: posts big blind 20
*** HOLE CARDS ***
Dealt to Mahu2021 [Jc As]
Mahu2021: raises 20 to 40
JimBeamMaster: calls 30
Vesk22: calls 20
*** FLOP *** [Jh 8c 4h]
JimBeamMaster: checks 
Vesk22: checks 
Mahu2021: bets 120
JimBeamMaster: folds 
Vesk22: folds 
Uncalled bet (120) returned to Mahu2021
Mahu2021 collected 120 from pot
Mahu2021: doesn't show hand 
*** SUMMARY ***
Total pot 120 | Rake 0 
Board [Jh 8c 4h]
Seat 1: Mahu2021 (button) collected (120)
Seat 2: JimBeamMaster (small blind) folded on the Flop
Seat 3: Vesk22 (big blind) folded on the Flop



PokerStars Hand #252842714567: Tournament #3809972862, $1.84+$0.16 USD Hold'em No Limit - Level I (10/20) - 2024/10/09 16:38:31 CET [2024/10/09 10:38:31 ET]
Table '3809972862 1' 3-max Seat #2 is the button
Seat 1: Mahu2021 (580 in chips) 
Seat 2: JimBeamMaster (460 in chips) 
Seat 3: Vesk22 (460 in chips) 
Vesk22: posts small blind 10
Mahu2021: posts big blind 20
*** HOLE CARDS ***
Dealt to Mahu2021 [Td 2h]
JimBeamMaster: raises 20 to 40
Vesk22: folds 
Mahu2021: folds 
Uncalled bet (20) returned to JimBeamMaster
JimBeamMaster collected 50 from pot
*** SUMMARY ***
Total pot 50 | Rake 0 
Seat 1: Mahu2021 (big blind) folded before Flop
Seat 2: JimBeamMaster (button) collected (50)
Seat 3: Vesk22 (small blind) folded before Flop



PokerStars Hand #252842717149: Tournament #3809972862, $1.84+$0.16 USD Hold'em No Limit - Level I (10/20) - 2024/10/09 16:38:44 CET [2024/10/09 10:38:44 ET]
Table '3809972862 1' 3-max Seat #3 is the button
Seat 1: Mahu2021 (560 in chips) 
Seat 2: JimBeamMaster (490 in chips) 
Seat 3: Vesk22 (450 in chips) 
Mahu2021: posts small blind 10
JimBeamMaster: posts big blind 20
*** HOLE CARDS ***
Dealt to Mahu2021 [7h Jh]
Vesk22: raises 20 to 40
Mahu2021: calls 30
JimBeamMaster: calls 20
*** FLOP *** [Qs Qd 7c]
Mahu2021: bets 40
JimBeamMaster: folds 
Vesk22: raises 200 to 240
Mahu2021: folds 
Uncalled bet (200) returned to Vesk22
Vesk22 collected 200 from pot
Vesk22: doesn't show hand 
*** SUMMARY ***
Total pot 200 | Rake 0 
Board [Qs Qd 7c]
Seat 1: Mahu2021 (small blind) folded on the Flop
Seat 2: JimBeamMaster (big blind) folded on the Flop
Seat 3: Vesk22 (button) collected (200)



PokerStars Hand #252842720597: Tournament #3809972862, $1.84+$0.16 USD Hold'em No Limit - Level I (10/20) - 2024/10/09 16:39:00 CET [2024/10/09 10:39:00 ET]
Table '3809972862 1' 3-max Seat #1 is the button
Seat 1: Mahu2021 (480 in chips) 
Seat 2: JimBeamMaster (450 in chips) 
Seat 3: Vesk22 (570 in chips) 
JimBeamMaster: posts small blind 10
Vesk22: posts big blind 20
*** HOLE CARDS ***
Dealt to Mahu2021 [5c 9h]
Mahu2021: folds 
JimBeamMaster: raises 20 to 40
Vesk22: folds 
Uncalled bet (20) returned to JimBeamMaster
JimBeamMaster collected 40 from pot
*** SUMMARY ***
Total pot 40 | Rake 0 
Seat 1: Mahu2021 (button) folded before Flop (didn't bet)
Seat 2: JimBeamMaster (small blind) collected (40)
Seat 3: Vesk22 (big blind) folded before Flop



PokerStars Hand #252842721788: Tournament #3809972862, $1.84+$0.16 USD Hold'em No Limit - Level I (10/20) - 2024/10/09 16:39:07 CET [2024/10/09 10:39:07 ET]
Table '3809972862 1' 3-max Seat #2 is the button
Seat 1: Mahu2021 (480 in chips) 
Seat 2: JimBeamMaster (470 in chips) 
Seat 3: Vesk22 (550 in chips) 
Vesk22: posts small blind 10
Mahu2021: posts big blind 20
*** HOLE CARDS ***
Dealt to Mahu2021 [2h 6c]
JimBeamMaster: calls 20
Vesk22: calls 10
Mahu2021: checks 
*** FLOP *** [Jc 7h 8d]
Vesk22: bets 60
Mahu2021: folds 
JimBeamMaster: calls 60
*** TURN *** [Jc 7h 8d] [3d]
Vesk22: bets 180
JimBeamMaster: folds 
Uncalled bet (180) returned to Vesk22
Vesk22 collected 180 from pot
Vesk22: doesn't show hand 
*** SUMMARY ***
Total pot 180 | Rake 0 
Board [Jc 7h 8d 3d]
Seat 1: Mahu2021 (big blind) folded on the Flop
Seat 2: JimBeamMaster (button) folded on the Turn
Seat 3: Vesk22 (small blind) collected (180)



PokerStars Hand #252842727834: Tournament #3809972862, $1.84+$0.16 USD Hold'em No Limit - Level I (10/20) - 2024/10/09 16:39:36 CET [2024/10/09 10:39:36 ET]
Table '3809972862 1' 3-max Seat #3 is the button
Seat 1: Mahu2021 (460 in chips) 
Seat 2: JimBeamMaster (390 in chips) 
Seat 3: Vesk22 (650 in chips) 
Mahu2021: posts small blind 10
JimBeamMaster: posts big blind 20
*** HOLE CARDS ***
Dealt to Mahu2021 [4d 4h]
Vesk22: calls 20
Mahu2021: calls 10
JimBeamMaster: checks 
*** FLOP *** [2d 7h 6c]
Mahu2021: bets 40
JimBeamMaster: calls 40
Vesk22: calls 40
*** TURN *** [2d 7h 6c] [2h]
Mahu2021: checks 
JimBeamMaster: bets 60
Vesk22: calls 60
Mahu2021: folds 
*** RIVER *** [2d 7h 6c 2h] [7c]
JimBeamMaster: bets 270 and is all-in
Vesk22: folds 
Uncalled bet (270) returned to JimBeamMaster
JimBeamMaster collected 300 from pot
*** SUMMARY ***
Total pot 300 | Rake 0 
Board [2d 7h 6c 2h 7c]
Seat 1: Mahu2021 (small blind) folded on the Turn
Seat 2: JimBeamMaster (big blind) collected (300)
Seat 3: Vesk22 (button) folded on the River



PokerStars Hand #252842733255: Tournament #3809972862, $1.84+$0.16 USD Hold'em No Limit - Level I (10/20) - 2024/10/09 16:40:02 CET [2024/10/09 10:40:02 ET]
Table '3809972862 1' 3-max Seat #1 is the button
Seat 1: Mahu2021 (400 in chips) 
Seat 2: JimBeamMaster (570 in chips) 
Seat 3: Vesk22 (530 in chips) 
JimBeamMaster: posts small blind 10
Vesk22: posts big blind 20
*** HOLE CARDS ***
Dealt to Mahu2021 [2s 4c]
Mahu2021: folds 
JimBeamMaster: calls 10
Vesk22: raises 40 to 60
JimBeamMaster: calls 40
*** FLOP *** [8d 3h Jh]
JimBeamMaster: checks 
Vesk22: checks 
*** TURN *** [8d 3h Jh] [Th]
JimBeamMaster: bets 60
Vesk22: calls 60
*** RIVER *** [8d 3h Jh Th] [9s]
JimBeamMaster: bets 240
Vesk22: raises 170 to 410 and is all-in
JimBeamMaster: folds 
Uncalled bet (170) returned to Vesk22
Vesk22 collected 720 from pot
Vesk22: doesn't show hand 
*** SUMMARY ***
Total pot 720 | Rake 0 
Board [8d 3h Jh Th 9s]
Seat 1: Mahu2021 (button) folded before Flop (didn't bet)
Seat 2: JimBeamMaster (small blind) folded on the River
Seat 3: Vesk22 (big blind) collected (720)



PokerStars Hand #252842738953: Tournament #3809972862, $1.84+$0.16 USD Hold'em No Limit - Level II (15/30) - 2024/10/09 16:40:30 CET [2024/10/09 10:40:30 ET]
Table '3809972862 1' 3-max Seat #2 is the button
Seat 1: Mahu2021 (400 in chips) 
Seat 2: JimBeamMaster (210 in chips) 
Seat 3: Vesk22 (890 in chips) 
Vesk22: posts small blind 15
Mahu2021: posts big blind 30
*** HOLE CARDS ***
Dealt to Mahu2021 [2h Ks]
JimBeamMaster: folds 
Vesk22: calls 15
Mahu2021: checks 
*** FLOP *** [6h Qc 3d]
Vesk22: checks 
Mahu2021: checks 
*** TURN *** [6h Qc 3d] [8c]
Vesk22: checks 
Mahu2021: checks 
*** RIVER *** [6h Qc 3d 8c] [Tc]
Vesk22: checks 
Mahu2021: checks 
*** SHOW DOWN ***
Vesk22: shows [6c 5h] (a pair of Sixes)
Mahu2021: mucks hand 
Vesk22 collected 60 from pot
*** SUMMARY ***
Total pot 60 | Rake 0 
Board [6h Qc 3d 8c Tc]
Seat 1: Mahu2021 (big blind) mucked [2h Ks]
Seat 2: JimBeamMaster (button) folded before Flop (didn't bet)
Seat 3: Vesk22 (small blind) showed [6c 5h] and won (60) with a pair of Sixes



PokerStars Hand #252842743441: Tournament #3809972862, $1.84+$0.16 USD Hold'em No Limit - Level II (15/30) - 2024/10/09 16:40:51 CET [2024/10/09 10:40:51 ET]
Table '3809972862 1' 3-max Seat #3 is the button
Seat 1: Mahu2021 (370 in chips) 
Seat 2: JimBeamMaster (210 in chips) 
Seat 3: Vesk22 (920 in chips) 
Mahu2021: posts small blind 15
JimBeamMaster: posts big blind 30
*** HOLE CARDS ***
Dealt to Mahu2021 [9c 7c]
Vesk22: calls 30
Mahu2021: calls 15
JimBeamMaster: checks 
*** FLOP *** [7h 9h Ks]
Mahu2021: bets 30
JimBeamMaster: raises 150 to 180 and is all-in
Vesk22: folds 
Mahu2021: calls 150
*** TURN *** [7h 9h Ks] [Qh]
*** RIVER *** [7h 9h Ks Qh] [5s]
*** SHOW DOWN ***
Mahu2021: shows [9c 7c] (two pair, Nines and Sevens)
JimBeamMaster: shows [7d 6c] (a pair of Sevens)
Mahu2021 collected 450 from pot
JimBeamMaster finished the tournament in 3rd place
*** SUMMARY ***
Total pot 450 | Rake 0 
Board [7h 9h Ks Qh 5s]
Seat 1: Mahu2021 (small blind) showed [9c 7c] and won (450) with two pair, Nines and Sevens
Seat 2: JimBeamMaster (big blind) showed [7d 6c] and lost with a pair of Sevens
Seat 3: Vesk22 (button) folded on the Flop



PokerStars Hand #252842747982: Tournament #3809972862, $1.84+$0.16 USD Hold'em No Limit - Level II (15/30) - 2024/10/09 16:41:13 CET [2024/10/09 10:41:13 ET]
Table '3809972862 1' 3-max Seat #1 is the button
Seat 1: Mahu2021 (610 in chips) 
Seat 3: Vesk22 (890 in chips) 
Mahu2021: posts small blind 15
Vesk22: posts big blind 30
*** HOLE CARDS ***
Dealt to Mahu2021 [8s Kd]
Mahu2021: calls 15
Vesk22: checks 
*** FLOP *** [9s 2s Qh]
Vesk22: checks 
Mahu2021: bets 30
Vesk22: calls 30
*** TURN *** [9s 2s Qh] [3d]
Vesk22: checks 
Mahu2021: checks 
*** RIVER *** [9s 2s Qh 3d] [3h]
Vesk22: bets 90
Mahu2021: folds 
Uncalled bet (90) returned to Vesk22
Vesk22 collected 120 from pot
Vesk22: doesn't show hand 
*** SUMMARY ***
Total pot 120 | Rake 0 
Board [9s 2s Qh 3d 3h]
Seat 1: Mahu2021 (button) (small blind) folded on the River
Seat 3: Vesk22 (big blind) collected (120)



PokerStars Hand #252842751666: Tournament #3809972862, $1.84+$0.16 USD Hold'em No Limit - Level II (15/30) - 2024/10/09 16:41:31 CET [2024/10/09 10:41:31 ET]
Table '3809972862 1' 3-max Seat #3 is the button
Seat 1: Mahu2021 (550 in chips) 
Seat 3: Vesk22 (950 in chips) 
Vesk22: posts small blind 15
Mahu2021: posts big blind 30
*** HOLE CARDS ***
Dealt to Mahu2021 [Kh 7d]
Vesk22: folds 
Uncalled bet (15) returned to Mahu2021
Mahu2021 collected 30 from pot
Mahu2021: doesn't show hand 
*** SUMMARY ***
Total pot 30 | Rake 0 
Seat 1: Mahu2021 (big blind) collected (30)
Seat 3: Vesk22 (button) (small blind) folded before Flop



PokerStars Hand #252842753519: Tournament #3809972862, $1.84+$0.16 USD Hold'em No Limit - Level II (15/30) - 2024/10/09 16:41:40 CET [2024/10/09 10:41:40 ET]
Table '3809972862 1' 3-max Seat #1 is the button
Seat 1: Mahu2021 (565 in chips) 
Seat 3: Vesk22 (935 in chips) 
Mahu2021: posts small blind 15
Vesk22: posts big blind 30
*** HOLE CARDS ***
Dealt to Mahu2021 [Td 2h]
Mahu2021: folds 
Uncalled bet (15) returned to Vesk22
Vesk22 collected 30 from pot
Vesk22: doesn't show hand 
*** SUMMARY ***
Total pot 30 | Rake 0 
Seat 1: Mahu2021 (button) (small blind) folded before Flop
Seat 3: Vesk22 (big blind) collected (30)



PokerStars Hand #252842754521: Tournament #3809972862, $1.84+$0.16 USD Hold'em No Limit - Level II (15/30) - 2024/10/09 16:41:45 CET [2024/10/09 10:41:45 ET]
Table '3809972862 1' 3-max Seat #3 is the button
Seat 1: Mahu2021 (550 in chips) 
Seat 3: Vesk22 (950 in chips) 
Vesk22: posts small blind 15
Mahu2021: posts big blind 30
*** HOLE CARDS ***
Dealt to Mahu2021 [3s 2c]
Vesk22: raises 30 to 60
Mahu2021: folds 
Uncalled bet (30) returned to Vesk22
Vesk22 collected 60 from pot
Vesk22: doesn't show hand 
*** SUMMARY ***
Total pot 60 | Rake 0 
Seat 1: Mahu2021 (big blind) folded before Flop
Seat 3: Vesk22 (button) (small blind) collected (60)



PokerStars Hand #252842755427: Tournament #3809972862, $1.84+$0.16 USD Hold'em No Limit - Level II (15/30) - 2024/10/09 16:41:49 CET [2024/10/09 10:41:49 ET]
Table '3809972862 1' 3-max Seat #1 is the button
Seat 1: Mahu2021 (520 in chips) 
Seat 3: Vesk22 (980 in chips) 
Mahu2021: posts small blind 15
Vesk22: posts big blind 30
*** HOLE CARDS ***
Dealt to Mahu2021 [Qs Ah]
Mahu2021: raises 60 to 90
Vesk22: calls 60
*** FLOP *** [4s Jd 6h]
Vesk22: checks 
Mahu2021: bets 90
Vesk22: folds 
Uncalled bet (90) returned to Mahu2021
Mahu2021 collected 180 from pot
Mahu2021: doesn't show hand 
*** SUMMARY ***
Total pot 180 | Rake 0 
Board [4s Jd 6h]
Seat 1: Mahu2021 (button) (small blind) collected (180)
Seat 3: Vesk22 (big blind) folded on the Flop



PokerStars Hand #252842759270: Tournament #3809972862, $1.84+$0.16 USD Hold'em No Limit - Level II (15/30) - 2024/10/09 16:42:08 CET [2024/10/09 10:42:08 ET]
Table '3809972862 1' 3-max Seat #3 is the button
Seat 1: Mahu2021 (610 in chips) 
Seat 3: Vesk22 (890 in chips) 
Vesk22: posts small blind 15
Mahu2021: posts big blind 30
*** HOLE CARDS ***
Dealt to Mahu2021 [6h 8c]
Vesk22: calls 15
Mahu2021: checks 
*** FLOP *** [6c 5d Jd]
Mahu2021: checks 
Vesk22: checks 
*** TURN *** [6c 5d Jd] [3c]
Mahu2021: bets 30
Vesk22: raises 30 to 60
Mahu2021: calls 30
*** RIVER *** [6c 5d Jd 3c] [Th]
Mahu2021: checks 
Vesk22: bets 150
Mahu2021: folds 
Uncalled bet (150) returned to Vesk22
Vesk22 collected 180 from pot
Vesk22: doesn't show hand 
*** SUMMARY ***
Total pot 180 | Rake 0 
Board [6c 5d Jd 3c Th]
Seat 1: Mahu2021 (big blind) folded on the River
Seat 3: Vesk22 (button) (small blind) collected (180)



PokerStars Hand #252842764799: Tournament #3809972862, $1.84+$0.16 USD Hold'em No Limit - Level III (20/40) - 2024/10/09 16:42:35 CET [2024/10/09 10:42:35 ET]
Table '3809972862 1' 3-max Seat #1 is the button
Seat 1: Mahu2021 (520 in chips) 
Seat 3: Vesk22 (980 in chips) 
Mahu2021: posts small blind 20
Vesk22: posts big blind 40
*** HOLE CARDS ***
Dealt to Mahu2021 [5h 2d]
Mahu2021: folds 
Uncalled bet (20) returned to Vesk22
Vesk22 collected 40 from pot
Vesk22: doesn't show hand 
*** SUMMARY ***
Total pot 40 | Rake 0 
Seat 1: Mahu2021 (button) (small blind) folded before Flop
Seat 3: Vesk22 (big blind) collected (40)



PokerStars Hand #252842765649: Tournament #3809972862, $1.84+$0.16 USD Hold'em No Limit - Level III (20/40) - 2024/10/09 16:42:39 CET [2024/10/09 10:42:39 ET]
Table '3809972862 1' 3-max Seat #3 is the button
Seat 1: Mahu2021 (500 in chips) 
Seat 3: Vesk22 (1000 in chips) 
Vesk22: posts small blind 20
Mahu2021: posts big blind 40
*** HOLE CARDS ***
Dealt to Mahu2021 [2s Td]
Vesk22: calls 20
Mahu2021: checks 
*** FLOP *** [6h 5d Ks]
Mahu2021: checks 
Vesk22: checks 
*** TURN *** [6h 5d Ks] [8d]
Mahu2021: checks 
Vesk22: checks 
*** RIVER *** [6h 5d Ks 8d] [6c]
Mahu2021: checks 
Vesk22: checks 
*** SHOW DOWN ***
Mahu2021: shows [2s Td] (a pair of Sixes)
Vesk22: shows [9s Ah] (a pair of Sixes - Ace kicker)
Vesk22 collected 80 from pot
*** SUMMARY ***
Total pot 80 | Rake 0 
Board [6h 5d Ks 8d 6c]
Seat 1: Mahu2021 (big blind) showed [2s Td] and lost with a pair of Sixes
Seat 3: Vesk22 (button) (small blind) showed [9s Ah] and won (80) with a pair of Sixes



PokerStars Hand #252842769219: Tournament #3809972862, $1.84+$0.16 USD Hold'em No Limit - Level III (20/40) - 2024/10/09 16:42:57 CET [2024/10/09 10:42:57 ET]
Table '3809972862 1' 3-max Seat #1 is the button
Seat 1: Mahu2021 (460 in chips) 
Seat 3: Vesk22 (1040 in chips) 
Mahu2021: posts small blind 20
Vesk22: posts big blind 40
*** HOLE CARDS ***
Dealt to Mahu2021 [5h As]
Mahu2021: raises 40 to 80
Vesk22: calls 40
*** FLOP *** [7c 5c 7h]
Vesk22: checks 
Mahu2021: bets 160
Vesk22: calls 160
*** TURN *** [7c 5c 7h] [Qs]
Vesk22: checks 
Mahu2021: bets 220 and is all-in
Vesk22: calls 220
*** RIVER *** [7c 5c 7h Qs] [Th]
*** SHOW DOWN ***
Vesk22: shows [2h 5d] (two pair, Sevens and Fives)
Mahu2021: shows [5h As] (two pair, Sevens and Fives - Ace kicker)
Mahu2021 collected 920 from pot
*** SUMMARY ***
Total pot 920 | Rake 0 
Board [7c 5c 7h Qs Th]
Seat 1: Mahu2021 (button) (small blind) showed [5h As] and won (920) with two pair, Sevens and Fives
Seat 3: Vesk22 (big blind) showed [2h 5d] and lost with two pair, Sevens and Fives



PokerStars Hand #252842772909: Tournament #3809972862, $1.84+$0.16 USD Hold'em No Limit - Level III (20/40) - 2024/10/09 16:43:14 CET [2024/10/09 10:43:14 ET]
Table '3809972862 1' 3-max Seat #3 is the button
Seat 1: Mahu2021 (920 in chips) 
Seat 3: Vesk22 (580 in chips) 
Vesk22: posts small blind 20
Mahu2021: posts big blind 40
*** HOLE CARDS ***
Dealt to Mahu2021 [4h Qs]
Vesk22: raises 40 to 80
Mahu2021: calls 40
*** FLOP *** [8s 8h 4d]
Mahu2021: bets 840 and is all-in
Vesk22: folds 
Uncalled bet (840) returned to Mahu2021
Mahu2021 collected 160 from pot
Mahu2021: doesn't show hand 
*** SUMMARY ***
Total pot 160 | Rake 0 
Board [8s 8h 4d]
Seat 1: Mahu2021 (big blind) collected (160)
Seat 3: Vesk22 (button) (small blind) folded on the Flop



PokerStars Hand #252842775878: Tournament #3809972862, $1.84+$0.16 USD Hold'em No Limit - Level III (20/40) - 2024/10/09 16:43:29 CET [2024/10/09 10:43:29 ET]
Table '3809972862 1' 3-max Seat #1 is the button
Seat 1: Mahu2021 (1000 in chips) 
Seat 3: Vesk22 (500 in chips) 
Mahu2021: posts small blind 20
Vesk22: posts big blind 40
*** HOLE CARDS ***
Dealt to Mahu2021 [6d 5c]
Mahu2021: calls 20
Vesk22: checks 
*** FLOP *** [9c 2s 8d]
Vesk22: bets 80
Mahu2021: folds 
Uncalled bet (80) returned to Vesk22
Vesk22 collected 80 from pot
Vesk22: doesn't show hand 
*** SUMMARY ***
Total pot 80 | Rake 0 
Board [9c 2s 8d]
Seat 1: Mahu2021 (button) (small blind) folded on the Flop
Seat 3: Vesk22 (big blind) collected (80)



PokerStars Hand #252842777777: Tournament #3809972862, $1.84+$0.16 USD Hold'em No Limit - Level III (20/40) - 2024/10/09 16:43:38 CET [2024/10/09 10:43:38 ET]
Table '3809972862 1' 3-max Seat #3 is the button
Seat 1: Mahu2021 (960 in chips) 
Seat 3: Vesk22 (540 in chips) 
Vesk22: posts small blind 20
Mahu2021: posts big blind 40
*** HOLE CARDS ***
Dealt to Mahu2021 [Ks 4h]
Vesk22: calls 20
Mahu2021: checks 
*** FLOP *** [4s 2h 3s]
Mahu2021: bets 40
Vesk22: calls 40
*** TURN *** [4s 2h 3s] [8d]
Mahu2021: bets 40
Vesk22: calls 40
*** RIVER *** [4s 2h 3s 8d] [9s]
Mahu2021: bets 40
Vesk22: calls 40
*** SHOW DOWN ***
Mahu2021: shows [Ks 4h] (a pair of Fours)
Vesk22: mucks hand 
Mahu2021 collected 320 from pot
*** SUMMARY ***
Total pot 320 | Rake 0 
Board [4s 2h 3s 8d 9s]
Seat 1: Mahu2021 (big blind) showed [Ks 4h] and won (320) with a pair of Fours
Seat 3: Vesk22 (button) (small blind) mucked [Ah Qh]



PokerStars Hand #252842781090: Tournament #3809972862, $1.84+$0.16 USD Hold'em No Limit - Level III (20/40) - 2024/10/09 16:43:55 CET [2024/10/09 10:43:55 ET]
Table '3809972862 1' 3-max Seat #1 is the button
Seat 1: Mahu2021 (1120 in chips) 
Seat 3: Vesk22 (380 in chips) 
Mahu2021: posts small blind 20
Vesk22: posts big blind 40
*** HOLE CARDS ***
Dealt to Mahu2021 [Js Ks]
Mahu2021: raises 120 to 160
Vesk22: raises 220 to 380 and is all-in
Mahu2021: calls 220
*** FLOP *** [5d 6h 8c]
*** TURN *** [5d 6h 8c] [Kd]
*** RIVER *** [5d 6h 8c Kd] [5c]
*** SHOW DOWN ***
Vesk22: shows [8s Jc] (two pair, Eights and Fives)
Mahu2021: shows [Js Ks] (two pair, Kings and Fives)
Mahu2021 collected 760 from pot
Vesk22 finished the tournament in 2nd place
Mahu2021 wins the tournament and receives $4.00 - congratulations!
*** SUMMARY ***
Total pot 760 | Rake 0 
Board [5d 6h 8c Kd 5c]
Seat 1: Mahu2021 (button) (small blind) showed [Js Ks] and won (760) with two pair, Kings and Fives
Seat 3: Vesk22 (big blind) showed [8s Jc] and lost with two pair, Eights and Fives



