PokerStars Zoom Hand #255034607920:  Hold'em No Limit ($0.05/$0.10) - 2025/02/25 17:35:32 CET [2025/02/25 11:35:32 ET]
Table 'Aludra' 6-max Seat #1 is the button
Seat 1: injustice21 ($9.67 in chips) 
Seat 2: Georgi Inkov ($10 in chips) 
Seat 3: Mahu2021 ($10 in chips) 
Seat 4: wildboy17x ($5.29 in chips) 
Seat 5: Niiiksda ($9.55 in chips) 
Seat 6: prettika ($11.23 in chips) 
Georgi Inkov: posts small blind $0.05
Mahu2021: posts big blind $0.10
*** HOLE CARDS ***
Dealt to Mahu2021 [4d Tc]
wildboy17x: folds 
Niiiksda: raises $0.20 to $0.30
prettika: folds 
injustice21: folds 
Georgi Inkov: folds 
Mahu2021: folds 
Uncalled bet ($0.20) returned to Niiiksda
Niiiksda collected $0.25 from pot
Niiiksda: doesn't show hand 
*** SUMMARY ***
Total pot $0.25 | Rake $0 
Seat 1: injustice21 (button) folded before Flop (didn't bet)
Seat 2: Georgi Inkov (small blind) folded before Flop
Seat 3: Mahu2021 (big blind) folded before Flop
Seat 4: wildboy17x folded before Flop (didn't bet)
Seat 5: Niiiksda collected ($0.25)
Seat 6: prettika folded before Flop (didn't bet)



PokerStars Zoom Hand #255034610352:  Hold'em No Limit ($0.05/$0.10) - 2025/02/25 17:35:43 CET [2025/02/25 11:35:43 ET]
Table 'Aludra' 6-max Seat #1 is the button
Seat 1: heebo234 ($10.99 in chips) 
Seat 2: Mahu2021 ($9.90 in chips) 
Seat 3: wowonnn ($10.30 in chips) 
Seat 4: luvstyle ($31.40 in chips) 
Seat 5: Winik810 ($18.52 in chips) 
Seat 6: Don Patato's ($15.90 in chips) 
Mahu2021: posts small blind $0.05
wowonnn: posts big blind $0.10
*** HOLE CARDS ***
Dealt to Mahu2021 [Kc Qh]
luvstyle: folds 
Winik810: folds 
Don Patato's: folds 
heebo234: folds 
Mahu2021: raises $0.20 to $0.30
wowonnn: folds 
Uncalled bet ($0.20) returned to Mahu2021
Mahu2021 collected $0.20 from pot
Mahu2021: doesn't show hand 
*** SUMMARY ***
Total pot $0.20 | Rake $0 
Seat 1: heebo234 (button) folded before Flop (didn't bet)
Seat 2: Mahu2021 (small blind) collected ($0.20)
Seat 3: wowonnn (big blind) folded before Flop
Seat 4: luvstyle folded before Flop (didn't bet)
Seat 5: Winik810 folded before Flop (didn't bet)
Seat 6: Don Patato's folded before Flop (didn't bet)



PokerStars Zoom Hand #255034613615:  Hold'em No Limit ($0.05/$0.10) - 2025/02/25 17:35:58 CET [2025/02/25 11:35:58 ET]
Table 'Aludra' 6-max Seat #1 is the button
Seat 1: Mahu2021 ($10 in chips) 
Seat 2: axel1010 ($33.59 in chips) 
Seat 3: prettika ($11.18 in chips) 
Seat 4: rojit07L ($10 in chips) 
Seat 5: thebuilder86 ($15.01 in chips) 
Seat 6: SheSa85 ($18.77 in chips) 
axel1010: posts small blind $0.05
prettika: posts big blind $0.10
*** HOLE CARDS ***
Dealt to Mahu2021 [9h Ah]
rojit07L: folds 
thebuilder86: folds 
SheSa85: folds 
Mahu2021: raises $0.20 to $0.30
axel1010: folds 
prettika: folds 
Uncalled bet ($0.20) returned to Mahu2021
Mahu2021 collected $0.25 from pot
Mahu2021: doesn't show hand 
*** SUMMARY ***
Total pot $0.25 | Rake $0 
Seat 1: Mahu2021 (button) collected ($0.25)
Seat 2: axel1010 (small blind) folded before Flop
Seat 3: prettika (big blind) folded before Flop
Seat 4: rojit07L folded before Flop (didn't bet)
Seat 5: thebuilder86 folded before Flop (didn't bet)
Seat 6: SheSa85 folded before Flop (didn't bet)



PokerStars Zoom Hand #255034616916:  Hold'em No Limit ($0.05/$0.10) - 2025/02/25 17:36:13 CET [2025/02/25 11:36:13 ET]
Table 'Aludra' 6-max Seat #1 is the button
Seat 1: vile76 ($10.64 in chips) 
Seat 2: chessismorefun ($11.16 in chips) 
Seat 3: Adam<3Coffee ($11.77 in chips) 
Seat 4: acd_045 ($13.17 in chips) 
Seat 5: Fishpoker17 ($10.01 in chips) 
Seat 6: Mahu2021 ($10.15 in chips) 
chessismorefun: posts small blind $0.05
Adam<3Coffee: posts big blind $0.10
*** HOLE CARDS ***
Dealt to Mahu2021 [3c 3h]
acd_045: folds 
Fishpoker17: folds 
Mahu2021: raises $0.14 to $0.24
vile76: folds 
chessismorefun: folds 
Adam<3Coffee: folds 
Uncalled bet ($0.14) returned to Mahu2021
Mahu2021 collected $0.25 from pot
Mahu2021: doesn't show hand 
*** SUMMARY ***
Total pot $0.25 | Rake $0 
Seat 1: vile76 (button) folded before Flop (didn't bet)
Seat 2: chessismorefun (small blind) folded before Flop
Seat 3: Adam<3Coffee (big blind) folded before Flop
Seat 4: acd_045 folded before Flop (didn't bet)
Seat 5: Fishpoker17 folded before Flop (didn't bet)
Seat 6: Mahu2021 collected ($0.25)



PokerStars Zoom Hand #255034620681:  Hold'em No Limit ($0.05/$0.10) - 2025/02/25 17:36:31 CET [2025/02/25 11:36:31 ET]
Table 'Aludra' 6-max Seat #1 is the button
Seat 1: zALEXKAYz ($10.10 in chips) 
Seat 2: Blast4Sure ($10 in chips) 
Seat 3: Hopewar ($7.93 in chips) 
Seat 4: chessismorefun ($11.11 in chips) 
Seat 5: Mahu2021 ($10.30 in chips) 
Seat 6: vile76 ($9.95 in chips) 
Blast4Sure: posts small blind $0.05
Hopewar: posts big blind $0.10
*** HOLE CARDS ***
Dealt to Mahu2021 [Td Qd]
chessismorefun: folds 
Mahu2021: raises $0.14 to $0.24
vile76: folds 
zALEXKAYz: raises $0.50 to $0.74
Blast4Sure: folds 
Hopewar: folds 
Mahu2021: calls $0.50
*** FLOP *** [7s Kh 6d]
Mahu2021: checks 
zALEXKAYz: checks 
*** TURN *** [7s Kh 6d] [Jd]
Mahu2021: checks 
zALEXKAYz: checks 
*** RIVER *** [7s Kh 6d Jd] [9s]
Mahu2021: bets $1.56
zALEXKAYz: folds 
Uncalled bet ($1.56) returned to Mahu2021
Mahu2021 collected $1.56 from pot
Mahu2021: doesn't show hand 
*** SUMMARY ***
Total pot $1.63 | Rake $0.07 
Board [7s Kh 6d Jd 9s]
Seat 1: zALEXKAYz (button) folded on the River
Seat 2: Blast4Sure (small blind) folded before Flop
Seat 3: Hopewar (big blind) folded before Flop
Seat 4: chessismorefun folded before Flop (didn't bet)
Seat 5: Mahu2021 collected ($1.56)
Seat 6: vile76 folded before Flop (didn't bet)



