PokerStars Hand #249088561539: Tournament #3721111261, $1.84+$0.16 USD Hold'em No Limit - Level I (10/20) - 2024/02/25 19:06:41 CET [2024/02/25 13:06:41 ET]
Table '3721111261 1' 3-max Seat #1 is the button
Seat 1: Asthor16 (500 in chips) 
Seat 2: Mahu2021 (500 in chips) 
Seat 3: merakinao (500 in chips) 
Mahu2021: posts small blind 10
merakinao: posts big blind 20
*** HOLE CARDS ***
Dealt to Mahu2021 [7h Kd]
Asthor16: calls 20
Mahu2021: calls 10
merakinao: checks 
*** FLOP *** [Ad Kh 3d]
Mahu2021: checks 
merakinao: checks 
Asthor16: bets 60
Mahu2021: calls 60
merakinao: folds 
*** TURN *** [Ad Kh 3d] [7c]
Mahu2021: checks 
Asthor16: bets 420 and is all-in
Mahu2021: calls 420 and is all-in
*** RIVER *** [Ad Kh 3d 7c] [8s]
*** SHOW DOWN ***
Mahu2021: shows [7h Kd] (two pair, Kings and Sevens)
Asthor16: shows [9s 6d] (high card Ace)
Mahu2021 collected 1020 from pot
Asthor16 finished the tournament in 3rd place
*** SUMMARY ***
Total pot 1020 | Rake 0 
Board [Ad Kh 3d 7c 8s]
Seat 1: Asthor16 (button) showed [9s 6d] and lost with high card Ace
Seat 2: Mahu2021 (small blind) showed [7h Kd] and won (1020) with two pair, Kings and Sevens
Seat 3: merakinao (big blind) folded on the Flop



PokerStars Hand #249088578001: Tournament #3721111261, $1.84+$0.16 USD Hold'em No Limit - Level I (10/20) - 2024/02/25 19:07:24 CET [2024/02/25 13:07:24 ET]
Table '3721111261 1' 3-max Seat #3 is the button
Seat 2: Mahu2021 (1020 in chips) 
Seat 3: merakinao (480 in chips) 
merakinao: posts small blind 10
Mahu2021: posts big blind 20
*** HOLE CARDS ***
Dealt to Mahu2021 [Tc 3h]
merakinao: folds 
Uncalled bet (10) returned to Mahu2021
Mahu2021 collected 20 from pot
Mahu2021: doesn't show hand 
*** SUMMARY ***
Total pot 20 | Rake 0 
Seat 2: Mahu2021 (big blind) collected (20)
Seat 3: merakinao (button) (small blind) folded before Flop



PokerStars Hand #249088579995: Tournament #3721111261, $1.84+$0.16 USD Hold'em No Limit - Level I (10/20) - 2024/02/25 19:07:29 CET [2024/02/25 13:07:29 ET]
Table '3721111261 1' 3-max Seat #2 is the button
Seat 2: Mahu2021 (1030 in chips) 
Seat 3: merakinao (470 in chips) 
Mahu2021: posts small blind 10
merakinao: posts big blind 20
*** HOLE CARDS ***
Dealt to Mahu2021 [Ad Qd]
Mahu2021: raises 40 to 60
merakinao: folds 
Uncalled bet (40) returned to Mahu2021
Mahu2021 collected 40 from pot
Mahu2021: doesn't show hand 
*** SUMMARY ***
Total pot 40 | Rake 0 
Seat 2: Mahu2021 (button) (small blind) collected (40)
Seat 3: merakinao (big blind) folded before Flop



PokerStars Hand #249088582619: Tournament #3721111261, $1.84+$0.16 USD Hold'em No Limit - Level I (10/20) - 2024/02/25 19:07:36 CET [2024/02/25 13:07:36 ET]
Table '3721111261 1' 3-max Seat #3 is the button
Seat 2: Mahu2021 (1050 in chips) 
Seat 3: merakinao (450 in chips) 
merakinao: posts small blind 10
Mahu2021: posts big blind 20
*** HOLE CARDS ***
Dealt to Mahu2021 [Qh 7h]
merakinao: folds 
Uncalled bet (10) returned to Mahu2021
Mahu2021 collected 20 from pot
Mahu2021: doesn't show hand 
*** SUMMARY ***
Total pot 20 | Rake 0 
Seat 2: Mahu2021 (big blind) collected (20)
Seat 3: merakinao (button) (small blind) folded before Flop



PokerStars Hand #249088584846: Tournament #3721111261, $1.84+$0.16 USD Hold'em No Limit - Level I (10/20) - 2024/02/25 19:07:42 CET [2024/02/25 13:07:42 ET]
Table '3721111261 1' 3-max Seat #2 is the button
Seat 2: Mahu2021 (1060 in chips) 
Seat 3: merakinao (440 in chips) 
Mahu2021: posts small blind 10
merakinao: posts big blind 20
*** HOLE CARDS ***
Dealt to Mahu2021 [6d 5d]
Mahu2021: raises 20 to 40
merakinao: calls 20
*** FLOP *** [2h 6c Qc]
merakinao: checks 
Mahu2021: bets 40
merakinao: raises 360 to 400 and is all-in
Mahu2021: calls 360
*** TURN *** [2h 6c Qc] [2s]
*** RIVER *** [2h 6c Qc 2s] [8s]
*** SHOW DOWN ***
merakinao: shows [Jd Qh] (two pair, Queens and Deuces)
Mahu2021: shows [6d 5d] (two pair, Sixes and Deuces)
merakinao collected 880 from pot
*** SUMMARY ***
Total pot 880 | Rake 0 
Board [2h 6c Qc 2s 8s]
Seat 2: Mahu2021 (button) (small blind) showed [6d 5d] and lost with two pair, Sixes and Deuces
Seat 3: merakinao (big blind) showed [Jd Qh] and won (880) with two pair, Queens and Deuces



PokerStars Hand #249088593069: Tournament #3721111261, $1.84+$0.16 USD Hold'em No Limit - Level I (10/20) - 2024/02/25 19:08:03 CET [2024/02/25 13:08:03 ET]
Table '3721111261 1' 3-max Seat #3 is the button
Seat 2: Mahu2021 (620 in chips) 
Seat 3: merakinao (880 in chips) 
merakinao: posts small blind 10
Mahu2021: posts big blind 20
*** HOLE CARDS ***
Dealt to Mahu2021 [3h Ts]
merakinao: folds 
Uncalled bet (10) returned to Mahu2021
Mahu2021 collected 20 from pot
Mahu2021: doesn't show hand 
*** SUMMARY ***
Total pot 20 | Rake 0 
Seat 2: Mahu2021 (big blind) collected (20)
Seat 3: merakinao (button) (small blind) folded before Flop



PokerStars Hand #249088595138: Tournament #3721111261, $1.84+$0.16 USD Hold'em No Limit - Level I (10/20) - 2024/02/25 19:08:09 CET [2024/02/25 13:08:09 ET]
Table '3721111261 1' 3-max Seat #2 is the button
Seat 2: Mahu2021 (630 in chips) 
Seat 3: merakinao (870 in chips) 
Mahu2021: posts small blind 10
merakinao: posts big blind 20
*** HOLE CARDS ***
Dealt to Mahu2021 [9s Th]
Mahu2021: raises 20 to 40
merakinao: calls 20
*** FLOP *** [Kc 3s 4h]
merakinao: checks 
Mahu2021: checks 
*** TURN *** [Kc 3s 4h] [Kh]
merakinao: checks 
Mahu2021: bets 40
merakinao: folds 
Uncalled bet (40) returned to Mahu2021
Mahu2021 collected 80 from pot
Mahu2021: doesn't show hand 
*** SUMMARY ***
Total pot 80 | Rake 0 
Board [Kc 3s 4h Kh]
Seat 2: Mahu2021 (button) (small blind) collected (80)
Seat 3: merakinao (big blind) folded on the Turn



PokerStars Hand #249088604333: Tournament #3721111261, $1.84+$0.16 USD Hold'em No Limit - Level I (10/20) - 2024/02/25 19:08:33 CET [2024/02/25 13:08:33 ET]
Table '3721111261 1' 3-max Seat #3 is the button
Seat 2: Mahu2021 (670 in chips) 
Seat 3: merakinao (830 in chips) 
merakinao: posts small blind 10
Mahu2021: posts big blind 20
*** HOLE CARDS ***
Dealt to Mahu2021 [Ks 9d]
merakinao: calls 10
Mahu2021: checks 
*** FLOP *** [5s Qc 6h]
Mahu2021: checks 
merakinao: checks 
*** TURN *** [5s Qc 6h] [Tc]
Mahu2021: bets 20
merakinao: calls 20
*** RIVER *** [5s Qc 6h Tc] [As]
Mahu2021: checks 
merakinao: checks 
*** SHOW DOWN ***
Mahu2021: shows [Ks 9d] (high card Ace)
merakinao: shows [Ts Kh] (a pair of Tens)
merakinao collected 80 from pot
*** SUMMARY ***
Total pot 80 | Rake 0 
Board [5s Qc 6h Tc As]
Seat 2: Mahu2021 (big blind) showed [Ks 9d] and lost with high card Ace
Seat 3: merakinao (button) (small blind) showed [Ts Kh] and won (80) with a pair of Tens



PokerStars Hand #249088614851: Tournament #3721111261, $1.84+$0.16 USD Hold'em No Limit - Level I (10/20) - 2024/02/25 19:09:00 CET [2024/02/25 13:09:00 ET]
Table '3721111261 1' 3-max Seat #2 is the button
Seat 2: Mahu2021 (630 in chips) 
Seat 3: merakinao (870 in chips) 
Mahu2021: posts small blind 10
merakinao: posts big blind 20
*** HOLE CARDS ***
Dealt to Mahu2021 [Tc 2c]
Mahu2021: folds 
Uncalled bet (10) returned to merakinao
merakinao collected 20 from pot
merakinao: doesn't show hand 
*** SUMMARY ***
Total pot 20 | Rake 0 
Seat 2: Mahu2021 (button) (small blind) folded before Flop
Seat 3: merakinao (big blind) collected (20)



PokerStars Hand #249088616572: Tournament #3721111261, $1.84+$0.16 USD Hold'em No Limit - Level I (10/20) - 2024/02/25 19:09:05 CET [2024/02/25 13:09:05 ET]
Table '3721111261 1' 3-max Seat #3 is the button
Seat 2: Mahu2021 (620 in chips) 
Seat 3: merakinao (880 in chips) 
merakinao: posts small blind 10
Mahu2021: posts big blind 20
*** HOLE CARDS ***
Dealt to Mahu2021 [9c Kd]
merakinao: folds 
Uncalled bet (10) returned to Mahu2021
Mahu2021 collected 20 from pot
Mahu2021: doesn't show hand 
*** SUMMARY ***
Total pot 20 | Rake 0 
Seat 2: Mahu2021 (big blind) collected (20)
Seat 3: merakinao (button) (small blind) folded before Flop



PokerStars Hand #249088619027: Tournament #3721111261, $1.84+$0.16 USD Hold'em No Limit - Level I (10/20) - 2024/02/25 19:09:11 CET [2024/02/25 13:09:11 ET]
Table '3721111261 1' 3-max Seat #2 is the button
Seat 2: Mahu2021 (630 in chips) 
Seat 3: merakinao (870 in chips) 
Mahu2021: posts small blind 10
merakinao: posts big blind 20
*** HOLE CARDS ***
Dealt to Mahu2021 [As Qs]
Mahu2021: raises 40 to 60
merakinao: folds 
Uncalled bet (40) returned to Mahu2021
Mahu2021 collected 40 from pot
Mahu2021: doesn't show hand 
*** SUMMARY ***
Total pot 40 | Rake 0 
Seat 2: Mahu2021 (button) (small blind) collected (40)
Seat 3: merakinao (big blind) folded before Flop



PokerStars Hand #249088621871: Tournament #3721111261, $1.84+$0.16 USD Hold'em No Limit - Level I (10/20) - 2024/02/25 19:09:19 CET [2024/02/25 13:09:19 ET]
Table '3721111261 1' 3-max Seat #3 is the button
Seat 2: Mahu2021 (650 in chips) 
Seat 3: merakinao (850 in chips) 
merakinao: posts small blind 10
Mahu2021: posts big blind 20
*** HOLE CARDS ***
Dealt to Mahu2021 [4c 9d]
merakinao: calls 10
Mahu2021: checks 
*** FLOP *** [6c 4d 7h]
Mahu2021: checks 
merakinao: checks 
*** TURN *** [6c 4d 7h] [8s]
Mahu2021: checks 
merakinao: checks 
*** RIVER *** [6c 4d 7h 8s] [7c]
Mahu2021: bets 20
merakinao: folds 
Uncalled bet (20) returned to Mahu2021
Mahu2021 collected 40 from pot
Mahu2021: doesn't show hand 
*** SUMMARY ***
Total pot 40 | Rake 0 
Board [6c 4d 7h 8s 7c]
Seat 2: Mahu2021 (big blind) collected (40)
Seat 3: merakinao (button) (small blind) folded on the River



PokerStars Hand #249088630561: Tournament #3721111261, $1.84+$0.16 USD Hold'em No Limit - Level I (10/20) - 2024/02/25 19:09:42 CET [2024/02/25 13:09:42 ET]
Table '3721111261 1' 3-max Seat #2 is the button
Seat 2: Mahu2021 (670 in chips) 
Seat 3: merakinao (830 in chips) 
Mahu2021: posts small blind 10
merakinao: posts big blind 20
*** HOLE CARDS ***
Dealt to Mahu2021 [2s 3s]
Mahu2021: calls 10
merakinao: checks 
*** FLOP *** [9s 6h 5s]
merakinao: checks 
Mahu2021: bets 40
merakinao: folds 
Uncalled bet (40) returned to Mahu2021
Mahu2021 collected 40 from pot
Mahu2021: doesn't show hand 
*** SUMMARY ***
Total pot 40 | Rake 0 
Board [9s 6h 5s]
Seat 2: Mahu2021 (button) (small blind) collected (40)
Seat 3: merakinao (big blind) folded on the Flop



PokerStars Hand #249088638904: Tournament #3721111261, $1.84+$0.16 USD Hold'em No Limit - Level II (15/30) - 2024/02/25 19:10:04 CET [2024/02/25 13:10:04 ET]
Table '3721111261 1' 3-max Seat #3 is the button
Seat 2: Mahu2021 (690 in chips) 
Seat 3: merakinao (810 in chips) 
merakinao: posts small blind 15
Mahu2021: posts big blind 30
*** HOLE CARDS ***
Dealt to Mahu2021 [4c 2c]
merakinao: raises 60 to 90
Mahu2021: folds 
Uncalled bet (60) returned to merakinao
merakinao collected 60 from pot
merakinao: doesn't show hand 
*** SUMMARY ***
Total pot 60 | Rake 0 
Seat 2: Mahu2021 (big blind) folded before Flop
Seat 3: merakinao (button) (small blind) collected (60)



PokerStars Hand #249088642291: Tournament #3721111261, $1.84+$0.16 USD Hold'em No Limit - Level II (15/30) - 2024/02/25 19:10:12 CET [2024/02/25 13:10:12 ET]
Table '3721111261 1' 3-max Seat #2 is the button
Seat 2: Mahu2021 (660 in chips) 
Seat 3: merakinao (840 in chips) 
Mahu2021: posts small blind 15
merakinao: posts big blind 30
*** HOLE CARDS ***
Dealt to Mahu2021 [8h 4h]
Mahu2021: raises 30 to 60
merakinao: calls 30
*** FLOP *** [7d 6c 9s]
merakinao: bets 120
Mahu2021: calls 120
*** TURN *** [7d 6c 9s] [Qc]
merakinao has timed out
merakinao: checks 
Mahu2021: checks 
*** RIVER *** [7d 6c 9s Qc] [6d]
merakinao: bets 60
Mahu2021: folds 
Uncalled bet (60) returned to merakinao
merakinao collected 360 from pot
merakinao: doesn't show hand 
*** SUMMARY ***
Total pot 360 | Rake 0 
Board [7d 6c 9s Qc 6d]
Seat 2: Mahu2021 (button) (small blind) folded on the River
Seat 3: merakinao (big blind) collected (360)



PokerStars Hand #249088659396: Tournament #3721111261, $1.84+$0.16 USD Hold'em No Limit - Level II (15/30) - 2024/02/25 19:10:57 CET [2024/02/25 13:10:57 ET]
Table '3721111261 1' 3-max Seat #3 is the button
Seat 2: Mahu2021 (480 in chips) 
Seat 3: merakinao (1020 in chips) 
merakinao: posts small blind 15
Mahu2021: posts big blind 30
*** HOLE CARDS ***
Dealt to Mahu2021 [2h Th]
merakinao: raises 60 to 90
Mahu2021: folds 
Uncalled bet (60) returned to merakinao
merakinao collected 60 from pot
*** SUMMARY ***
Total pot 60 | Rake 0 
Seat 2: Mahu2021 (big blind) folded before Flop
Seat 3: merakinao (button) (small blind) collected (60)



PokerStars Hand #249088662803: Tournament #3721111261, $1.84+$0.16 USD Hold'em No Limit - Level II (15/30) - 2024/02/25 19:11:06 CET [2024/02/25 13:11:06 ET]
Table '3721111261 1' 3-max Seat #2 is the button
Seat 2: Mahu2021 (450 in chips) 
Seat 3: merakinao (1050 in chips) 
Mahu2021: posts small blind 15
merakinao: posts big blind 30
*** HOLE CARDS ***
Dealt to Mahu2021 [4s As]
Mahu2021: raises 30 to 60
merakinao: calls 30
*** FLOP *** [Th 5c Jh]
merakinao: checks 
Mahu2021: checks 
*** TURN *** [Th 5c Jh] [7h]
merakinao: checks 
Mahu2021: checks 
*** RIVER *** [Th 5c Jh 7h] [Ac]
merakinao: checks 
Mahu2021: bets 120
merakinao: calls 120
*** SHOW DOWN ***
Mahu2021: shows [4s As] (a pair of Aces)
merakinao: mucks hand 
Mahu2021 collected 360 from pot
*** SUMMARY ***
Total pot 360 | Rake 0 
Board [Th 5c Jh 7h Ac]
Seat 2: Mahu2021 (button) (small blind) showed [4s As] and won (360) with a pair of Aces
Seat 3: merakinao (big blind) mucked [Js Qc]



PokerStars Hand #249088674304: Tournament #3721111261, $1.84+$0.16 USD Hold'em No Limit - Level II (15/30) - 2024/02/25 19:11:36 CET [2024/02/25 13:11:36 ET]
Table '3721111261 1' 3-max Seat #3 is the button
Seat 2: Mahu2021 (630 in chips) 
Seat 3: merakinao (870 in chips) 
merakinao: posts small blind 15
Mahu2021: posts big blind 30
*** HOLE CARDS ***
Dealt to Mahu2021 [5d As]
merakinao: raises 840 to 870 and is all-in
Mahu2021: folds 
Uncalled bet (840) returned to merakinao
merakinao collected 60 from pot
merakinao: doesn't show hand 
*** SUMMARY ***
Total pot 60 | Rake 0 
Seat 2: Mahu2021 (big blind) folded before Flop
Seat 3: merakinao (button) (small blind) collected (60)



PokerStars Hand #249088678117: Tournament #3721111261, $1.84+$0.16 USD Hold'em No Limit - Level II (15/30) - 2024/02/25 19:11:46 CET [2024/02/25 13:11:46 ET]
Table '3721111261 1' 3-max Seat #2 is the button
Seat 2: Mahu2021 (600 in chips) 
Seat 3: merakinao (900 in chips) 
Mahu2021: posts small blind 15
merakinao: posts big blind 30
*** HOLE CARDS ***
Dealt to Mahu2021 [2d 5c]
Mahu2021: folds 
Uncalled bet (15) returned to merakinao
merakinao collected 30 from pot
merakinao: doesn't show hand 
*** SUMMARY ***
Total pot 30 | Rake 0 
Seat 2: Mahu2021 (button) (small blind) folded before Flop
Seat 3: merakinao (big blind) collected (30)



PokerStars Hand #249088679843: Tournament #3721111261, $1.84+$0.16 USD Hold'em No Limit - Level II (15/30) - 2024/02/25 19:11:50 CET [2024/02/25 13:11:50 ET]
Table '3721111261 1' 3-max Seat #3 is the button
Seat 2: Mahu2021 (585 in chips) 
Seat 3: merakinao (915 in chips) 
merakinao: posts small blind 15
Mahu2021: posts big blind 30
*** HOLE CARDS ***
Dealt to Mahu2021 [Ts 5c]
merakinao: raises 60 to 90
Mahu2021: folds 
Uncalled bet (60) returned to merakinao
merakinao collected 60 from pot
merakinao: doesn't show hand 
*** SUMMARY ***
Total pot 60 | Rake 0 
Seat 2: Mahu2021 (big blind) folded before Flop
Seat 3: merakinao (button) (small blind) collected (60)



PokerStars Hand #249088682875: Tournament #3721111261, $1.84+$0.16 USD Hold'em No Limit - Level II (15/30) - 2024/02/25 19:11:58 CET [2024/02/25 13:11:58 ET]
Table '3721111261 1' 3-max Seat #2 is the button
Seat 2: Mahu2021 (555 in chips) 
Seat 3: merakinao (945 in chips) 
Mahu2021: posts small blind 15
merakinao: posts big blind 30
*** HOLE CARDS ***
Dealt to Mahu2021 [2s Qc]
Mahu2021: folds 
Uncalled bet (15) returned to merakinao
merakinao collected 30 from pot
merakinao: doesn't show hand 
*** SUMMARY ***
Total pot 30 | Rake 0 
Seat 2: Mahu2021 (button) (small blind) folded before Flop
Seat 3: merakinao (big blind) collected (30)



PokerStars Hand #249088684539: Tournament #3721111261, $1.84+$0.16 USD Hold'em No Limit - Level II (15/30) - 2024/02/25 19:12:03 CET [2024/02/25 13:12:03 ET]
Table '3721111261 1' 3-max Seat #3 is the button
Seat 2: Mahu2021 (540 in chips) 
Seat 3: merakinao (960 in chips) 
merakinao: posts small blind 15
Mahu2021: posts big blind 30
*** HOLE CARDS ***
Dealt to Mahu2021 [Qd 6d]
merakinao: calls 15
Mahu2021: checks 
*** FLOP *** [Ad 2c Jd]
Mahu2021: checks 
merakinao: checks 
*** TURN *** [Ad 2c Jd] [Kc]
Mahu2021: bets 30
merakinao: calls 30
*** RIVER *** [Ad 2c Jd Kc] [6h]
Mahu2021: bets 30
merakinao: folds 
Uncalled bet (30) returned to Mahu2021
Mahu2021 collected 120 from pot
Mahu2021: doesn't show hand 
*** SUMMARY ***
Total pot 120 | Rake 0 
Board [Ad 2c Jd Kc 6h]
Seat 2: Mahu2021 (big blind) collected (120)
Seat 3: merakinao (button) (small blind) folded on the River



PokerStars Hand #249088701117: Tournament #3721111261, $1.84+$0.16 USD Hold'em No Limit - Level III (20/40) - 2024/02/25 19:12:46 CET [2024/02/25 13:12:46 ET]
Table '3721111261 1' 3-max Seat #2 is the button
Seat 2: Mahu2021 (600 in chips) 
Seat 3: merakinao (900 in chips) 
Mahu2021: posts small blind 20
merakinao: posts big blind 40
*** HOLE CARDS ***
Dealt to Mahu2021 [9d 6c]
Mahu2021: folds 
Uncalled bet (20) returned to merakinao
merakinao collected 40 from pot
merakinao: doesn't show hand 
*** SUMMARY ***
Total pot 40 | Rake 0 
Seat 2: Mahu2021 (button) (small blind) folded before Flop
Seat 3: merakinao (big blind) collected (40)



PokerStars Hand #249088703003: Tournament #3721111261, $1.84+$0.16 USD Hold'em No Limit - Level III (20/40) - 2024/02/25 19:12:51 CET [2024/02/25 13:12:51 ET]
Table '3721111261 1' 3-max Seat #3 is the button
Seat 2: Mahu2021 (580 in chips) 
Seat 3: merakinao (920 in chips) 
merakinao: posts small blind 20
Mahu2021: posts big blind 40
*** HOLE CARDS ***
Dealt to Mahu2021 [7h 5c]
merakinao: calls 20
Mahu2021: checks 
*** FLOP *** [Kc 6h 4s]
Mahu2021: checks 
merakinao: bets 40
Mahu2021: calls 40
*** TURN *** [Kc 6h 4s] [7s]
Mahu2021: checks 
merakinao: bets 80
Mahu2021: calls 80
*** RIVER *** [Kc 6h 4s 7s] [8d]
Mahu2021: checks 
merakinao: bets 160
Mahu2021: raises 260 to 420 and is all-in
merakinao: calls 260
*** SHOW DOWN ***
Mahu2021: shows [7h 5c] (a straight, Four to Eight)
merakinao: shows [7d Kh] (two pair, Kings and Sevens)
Mahu2021 collected 1160 from pot
*** SUMMARY ***
Total pot 1160 | Rake 0 
Board [Kc 6h 4s 7s 8d]
Seat 2: Mahu2021 (big blind) showed [7h 5c] and won (1160) with a straight, Four to Eight
Seat 3: merakinao (button) (small blind) showed [7d Kh] and lost with two pair, Kings and Sevens



PokerStars Hand #249088718317: Tournament #3721111261, $1.84+$0.16 USD Hold'em No Limit - Level III (20/40) - 2024/02/25 19:13:30 CET [2024/02/25 13:13:30 ET]
Table '3721111261 1' 3-max Seat #2 is the button
Seat 2: Mahu2021 (1160 in chips) 
Seat 3: merakinao (340 in chips) 
Mahu2021: posts small blind 20
merakinao: posts big blind 40
*** HOLE CARDS ***
Dealt to Mahu2021 [5h Kh]
Mahu2021: raises 40 to 80
merakinao: calls 40
*** FLOP *** [7d 8s 6d]
merakinao: bets 40
Mahu2021: calls 40
*** TURN *** [7d 8s 6d] [Qh]
merakinao: checks 
Mahu2021: checks 
*** RIVER *** [7d 8s 6d Qh] [9d]
merakinao: checks 
Mahu2021: bets 240
merakinao: folds 
Uncalled bet (240) returned to Mahu2021
Mahu2021 collected 240 from pot
Mahu2021: doesn't show hand 
*** SUMMARY ***
Total pot 240 | Rake 0 
Board [7d 8s 6d Qh 9d]
Seat 2: Mahu2021 (button) (small blind) collected (240)
Seat 3: merakinao (big blind) folded on the River



PokerStars Hand #249088728478: Tournament #3721111261, $1.84+$0.16 USD Hold'em No Limit - Level III (20/40) - 2024/02/25 19:13:57 CET [2024/02/25 13:13:57 ET]
Table '3721111261 1' 3-max Seat #3 is the button
Seat 2: Mahu2021 (1280 in chips) 
Seat 3: merakinao (220 in chips) 
merakinao: posts small blind 20
Mahu2021: posts big blind 40
*** HOLE CARDS ***
Dealt to Mahu2021 [Qs Qh]
merakinao: calls 20
Mahu2021: raises 40 to 80
merakinao: folds 
Uncalled bet (40) returned to Mahu2021
Mahu2021 collected 80 from pot
Mahu2021: doesn't show hand 
*** SUMMARY ***
Total pot 80 | Rake 0 
Seat 2: Mahu2021 (big blind) collected (80)
Seat 3: merakinao (button) (small blind) folded before Flop



PokerStars Hand #249088731738: Tournament #3721111261, $1.84+$0.16 USD Hold'em No Limit - Level III (20/40) - 2024/02/25 19:14:05 CET [2024/02/25 13:14:05 ET]
Table '3721111261 1' 3-max Seat #2 is the button
Seat 2: Mahu2021 (1320 in chips) 
Seat 3: merakinao (180 in chips) 
Mahu2021: posts small blind 20
merakinao: posts big blind 40
*** HOLE CARDS ***
Dealt to Mahu2021 [3s 4s]
Mahu2021: calls 20
merakinao: checks 
*** FLOP *** [Td 9d 9s]
merakinao: checks 
Mahu2021: bets 40
merakinao: folds 
Uncalled bet (40) returned to Mahu2021
Mahu2021 collected 80 from pot
Mahu2021: doesn't show hand 
*** SUMMARY ***
Total pot 80 | Rake 0 
Board [Td 9d 9s]
Seat 2: Mahu2021 (button) (small blind) collected (80)
Seat 3: merakinao (big blind) folded on the Flop



PokerStars Hand #249088737210: Tournament #3721111261, $1.84+$0.16 USD Hold'em No Limit - Level III (20/40) - 2024/02/25 19:14:19 CET [2024/02/25 13:14:19 ET]
Table '3721111261 1' 3-max Seat #3 is the button
Seat 2: Mahu2021 (1360 in chips) 
Seat 3: merakinao (140 in chips) 
merakinao: posts small blind 20
Mahu2021: posts big blind 40
*** HOLE CARDS ***
Dealt to Mahu2021 [Ad 7c]
merakinao: folds 
Uncalled bet (20) returned to Mahu2021
Mahu2021 collected 40 from pot
Mahu2021: doesn't show hand 
*** SUMMARY ***
Total pot 40 | Rake 0 
Seat 2: Mahu2021 (big blind) collected (40)
Seat 3: merakinao (button) (small blind) folded before Flop



PokerStars Hand #249088739587: Tournament #3721111261, $1.84+$0.16 USD Hold'em No Limit - Level III (20/40) - 2024/02/25 19:14:26 CET [2024/02/25 13:14:26 ET]
Table '3721111261 1' 3-max Seat #2 is the button
Seat 2: Mahu2021 (1380 in chips) 
Seat 3: merakinao (120 in chips) 
Mahu2021: posts small blind 20
merakinao: posts big blind 40
*** HOLE CARDS ***
Dealt to Mahu2021 [As 4h]
Mahu2021: raises 80 to 120
merakinao: calls 80 and is all-in
*** FLOP *** [5c Jc Ah]
*** TURN *** [5c Jc Ah] [2d]
*** RIVER *** [5c Jc Ah 2d] [8h]
*** SHOW DOWN ***
merakinao: shows [4d 9c] (high card Ace)
Mahu2021: shows [As 4h] (a pair of Aces)
Mahu2021 collected 240 from pot
merakinao finished the tournament in 2nd place
Mahu2021 wins the tournament and receives $6.00 - congratulations!
*** SUMMARY ***
Total pot 240 | Rake 0 
Board [5c Jc Ah 2d 8h]
Seat 2: Mahu2021 (button) (small blind) showed [As 4h] and won (240) with a pair of Aces
Seat 3: merakinao (big blind) showed [4d 9c] and lost with high card Ace



