PokerStars Hand #248206679486: Tournament #3699460462, $1.84+$0.16 USD Hold'em No Limit - Level I (10/20) - 2024/01/11 18:13:51 CET [2024/01/11 12:13:51 ET]
Table '3699460462 1' 3-max Seat #1 is the button
Seat 1: Azaar-nofear (500 in chips) 
Seat 2: samZyeee (500 in chips) 
Seat 3: Mahu2021 (500 in chips) 
samZyeee: posts small blind 10
Mahu2021: posts big blind 20
*** HOLE CARDS ***
Dealt to Mahu2021 [6h 2d]
Azaar-nofear: raises 60 to 80
samZyeee: folds 
Mahu2021: folds 
Uncalled bet (60) returned to Azaar-nofear
Azaar-nofear collected 50 from pot
*** SUMMARY ***
Total pot 50 | Rake 0 
Seat 1: Azaar-nofear (button) collected (50)
Seat 2: samZyeee (small blind) folded before Flop
Seat 3: Mahu2021 (big blind) folded before Flop



PokerStars Hand #248206683876: Tournament #3699460462, $1.84+$0.16 USD Hold'em No Limit - Level I (10/20) - 2024/01/11 18:14:04 CET [2024/01/11 12:14:04 ET]
Table '3699460462 1' 3-max Seat #2 is the button
Seat 1: Azaar-nofear (530 in chips) 
Seat 2: samZyeee (490 in chips) 
Seat 3: Mahu2021 (480 in chips) 
Mahu2021: posts small blind 10
Azaar-nofear: posts big blind 20
*** HOLE CARDS ***
Dealt to Mahu2021 [5h 3h]
samZyeee: calls 20
Mahu2021: calls 10
Azaar-nofear: checks 
*** FLOP *** [2h Th Tc]
Mahu2021: checks 
Azaar-nofear: checks 
samZyeee: checks 
*** TURN *** [2h Th Tc] [4s]
Mahu2021: bets 40
Azaar-nofear: folds 
samZyeee: calls 40
*** RIVER *** [2h Th Tc 4s] [6c]
Mahu2021: bets 140
samZyeee: folds 
Uncalled bet (140) returned to Mahu2021
Mahu2021 collected 140 from pot
Mahu2021: doesn't show hand 
*** SUMMARY ***
Total pot 140 | Rake 0 
Board [2h Th Tc 4s 6c]
Seat 1: Azaar-nofear (big blind) folded on the Turn
Seat 2: samZyeee (button) folded on the River
Seat 3: Mahu2021 (small blind) collected (140)



PokerStars Hand #248206693854: Tournament #3699460462, $1.84+$0.16 USD Hold'em No Limit - Level I (10/20) - 2024/01/11 18:14:35 CET [2024/01/11 12:14:35 ET]
Table '3699460462 1' 3-max Seat #3 is the button
Seat 1: Azaar-nofear (510 in chips) 
Seat 2: samZyeee (430 in chips) 
Seat 3: Mahu2021 (560 in chips) 
Azaar-nofear: posts small blind 10
samZyeee: posts big blind 20
*** HOLE CARDS ***
Dealt to Mahu2021 [Ac Kh]
Mahu2021: raises 20 to 40
Azaar-nofear: folds 
samZyeee: calls 20
*** FLOP *** [Jh 3s 5d]
samZyeee: checks 
Mahu2021: checks 
*** TURN *** [Jh 3s 5d] [9s]
samZyeee: bets 40
Mahu2021: folds 
Uncalled bet (40) returned to samZyeee
samZyeee collected 90 from pot
*** SUMMARY ***
Total pot 90 | Rake 0 
Board [Jh 3s 5d 9s]
Seat 1: Azaar-nofear (small blind) folded before Flop
Seat 2: samZyeee (big blind) collected (90)
Seat 3: Mahu2021 (button) folded on the Turn



PokerStars Hand #248206701045: Tournament #3699460462, $1.84+$0.16 USD Hold'em No Limit - Level I (10/20) - 2024/01/11 18:14:57 CET [2024/01/11 12:14:57 ET]
Table '3699460462 1' 3-max Seat #1 is the button
Seat 1: Azaar-nofear (500 in chips) 
Seat 2: samZyeee (480 in chips) 
Seat 3: Mahu2021 (520 in chips) 
samZyeee: posts small blind 10
Mahu2021: posts big blind 20
*** HOLE CARDS ***
Dealt to Mahu2021 [Qc 7c]
Azaar-nofear: raises 40 to 60
samZyeee: calls 50
Mahu2021: calls 40
*** FLOP *** [8c 6d Js]
samZyeee: checks 
Mahu2021: checks 
Azaar-nofear: checks 
*** TURN *** [8c 6d Js] [4c]
samZyeee: checks 
Mahu2021: bets 60
Azaar-nofear: folds 
samZyeee: folds 
Uncalled bet (60) returned to Mahu2021
Mahu2021 collected 180 from pot
Mahu2021: doesn't show hand 
*** SUMMARY ***
Total pot 180 | Rake 0 
Board [8c 6d Js 4c]
Seat 1: Azaar-nofear (button) folded on the Turn
Seat 2: samZyeee (small blind) folded on the Turn
Seat 3: Mahu2021 (big blind) collected (180)



PokerStars Hand #248206711642: Tournament #3699460462, $1.84+$0.16 USD Hold'em No Limit - Level I (10/20) - 2024/01/11 18:15:29 CET [2024/01/11 12:15:29 ET]
Table '3699460462 1' 3-max Seat #2 is the button
Seat 1: Azaar-nofear (440 in chips) 
Seat 2: samZyeee (420 in chips) 
Seat 3: Mahu2021 (640 in chips) 
Mahu2021: posts small blind 10
Azaar-nofear: posts big blind 20
*** HOLE CARDS ***
Dealt to Mahu2021 [6c 4d]
samZyeee: calls 20
Mahu2021: folds 
Azaar-nofear: checks 
*** FLOP *** [Ac 9s 7s]
Azaar-nofear: checks 
samZyeee: checks 
*** TURN *** [Ac 9s 7s] [2h]
Azaar-nofear: checks 
samZyeee: checks 
*** RIVER *** [Ac 9s 7s 2h] [5s]
Azaar-nofear: checks 
samZyeee: checks 
*** SHOW DOWN ***
Azaar-nofear: shows [Qs 2d] (a pair of Deuces)
samZyeee: mucks hand 
Azaar-nofear collected 50 from pot
*** SUMMARY ***
Total pot 50 | Rake 0 
Board [Ac 9s 7s 2h 5s]
Seat 1: Azaar-nofear (big blind) showed [Qs 2d] and won (50) with a pair of Deuces
Seat 2: samZyeee (button) mucked [Jh Ts]
Seat 3: Mahu2021 (small blind) folded before Flop



PokerStars Hand #248206724401: Tournament #3699460462, $1.84+$0.16 USD Hold'em No Limit - Level II (15/30) - 2024/01/11 18:16:07 CET [2024/01/11 12:16:07 ET]
Table '3699460462 1' 3-max Seat #3 is the button
Seat 1: Azaar-nofear (470 in chips) 
Seat 2: samZyeee (400 in chips) 
Seat 3: Mahu2021 (630 in chips) 
Azaar-nofear: posts small blind 15
samZyeee: posts big blind 30
*** HOLE CARDS ***
Dealt to Mahu2021 [5s Qd]
Mahu2021: folds 
Azaar-nofear: folds 
Uncalled bet (15) returned to samZyeee
samZyeee collected 30 from pot
*** SUMMARY ***
Total pot 30 | Rake 0 
Seat 1: Azaar-nofear (small blind) folded before Flop
Seat 2: samZyeee (big blind) collected (30)
Seat 3: Mahu2021 (button) folded before Flop (didn't bet)



PokerStars Hand #248206725936: Tournament #3699460462, $1.84+$0.16 USD Hold'em No Limit - Level II (15/30) - 2024/01/11 18:16:12 CET [2024/01/11 12:16:12 ET]
Table '3699460462 1' 3-max Seat #1 is the button
Seat 1: Azaar-nofear (455 in chips) 
Seat 2: samZyeee (415 in chips) 
Seat 3: Mahu2021 (630 in chips) 
samZyeee: posts small blind 15
Mahu2021: posts big blind 30
*** HOLE CARDS ***
Dealt to Mahu2021 [9d Kh]
Azaar-nofear: raises 60 to 90
samZyeee: folds 
Mahu2021: folds 
Uncalled bet (60) returned to Azaar-nofear
Azaar-nofear collected 75 from pot
*** SUMMARY ***
Total pot 75 | Rake 0 
Seat 1: Azaar-nofear (button) collected (75)
Seat 2: samZyeee (small blind) folded before Flop
Seat 3: Mahu2021 (big blind) folded before Flop



PokerStars Hand #248206730649: Tournament #3699460462, $1.84+$0.16 USD Hold'em No Limit - Level II (15/30) - 2024/01/11 18:16:26 CET [2024/01/11 12:16:26 ET]
Table '3699460462 1' 3-max Seat #2 is the button
Seat 1: Azaar-nofear (500 in chips) 
Seat 2: samZyeee (400 in chips) 
Seat 3: Mahu2021 (600 in chips) 
Mahu2021: posts small blind 15
Azaar-nofear: posts big blind 30
*** HOLE CARDS ***
Dealt to Mahu2021 [9h 9d]
samZyeee: calls 30
Mahu2021: calls 15
Azaar-nofear: raises 150 to 180
samZyeee: folds 
Mahu2021: folds 
Uncalled bet (150) returned to Azaar-nofear
Azaar-nofear collected 90 from pot
*** SUMMARY ***
Total pot 90 | Rake 0 
Seat 1: Azaar-nofear (big blind) collected (90)
Seat 2: samZyeee (button) folded before Flop
Seat 3: Mahu2021 (small blind) folded before Flop



PokerStars Hand #248206738890: Tournament #3699460462, $1.84+$0.16 USD Hold'em No Limit - Level II (15/30) - 2024/01/11 18:16:51 CET [2024/01/11 12:16:51 ET]
Table '3699460462 1' 3-max Seat #3 is the button
Seat 1: Azaar-nofear (560 in chips) 
Seat 2: samZyeee (370 in chips) 
Seat 3: Mahu2021 (570 in chips) 
Azaar-nofear: posts small blind 15
samZyeee: posts big blind 30
*** HOLE CARDS ***
Dealt to Mahu2021 [8c 6s]
Mahu2021: folds 
Azaar-nofear: folds 
Uncalled bet (15) returned to samZyeee
samZyeee collected 30 from pot
*** SUMMARY ***
Total pot 30 | Rake 0 
Seat 1: Azaar-nofear (small blind) folded before Flop
Seat 2: samZyeee (big blind) collected (30)
Seat 3: Mahu2021 (button) folded before Flop (didn't bet)



PokerStars Hand #248206742550: Tournament #3699460462, $1.84+$0.16 USD Hold'em No Limit - Level II (15/30) - 2024/01/11 18:17:02 CET [2024/01/11 12:17:02 ET]
Table '3699460462 1' 3-max Seat #1 is the button
Seat 1: Azaar-nofear (545 in chips) 
Seat 2: samZyeee (385 in chips) 
Seat 3: Mahu2021 (570 in chips) 
samZyeee: posts small blind 15
Mahu2021: posts big blind 30
*** HOLE CARDS ***
Dealt to Mahu2021 [8c Kh]
Azaar-nofear: raises 30 to 60
samZyeee: folds 
Mahu2021: calls 30
*** FLOP *** [8d 9c Js]
Mahu2021: checks 
Azaar-nofear: bets 135
Mahu2021: folds 
Uncalled bet (135) returned to Azaar-nofear
Azaar-nofear collected 135 from pot
*** SUMMARY ***
Total pot 135 | Rake 0 
Board [8d 9c Js]
Seat 1: Azaar-nofear (button) collected (135)
Seat 2: samZyeee (small blind) folded before Flop
Seat 3: Mahu2021 (big blind) folded on the Flop



PokerStars Hand #248206752174: Tournament #3699460462, $1.84+$0.16 USD Hold'em No Limit - Level II (15/30) - 2024/01/11 18:17:31 CET [2024/01/11 12:17:31 ET]
Table '3699460462 1' 3-max Seat #2 is the button
Seat 1: Azaar-nofear (620 in chips) 
Seat 2: samZyeee (370 in chips) 
Seat 3: Mahu2021 (510 in chips) 
Mahu2021: posts small blind 15
Azaar-nofear: posts big blind 30
*** HOLE CARDS ***
Dealt to Mahu2021 [6h 9h]
samZyeee: calls 30
Mahu2021: calls 15
Azaar-nofear: checks 
*** FLOP *** [9s 6c Jc]
Mahu2021: checks 
Azaar-nofear: checks 
samZyeee: checks 
*** TURN *** [9s 6c Jc] [4s]
Mahu2021: bets 30
Azaar-nofear: folds 
samZyeee: calls 30
*** RIVER *** [9s 6c Jc 4s] [5h]
Mahu2021: bets 30
samZyeee: calls 30
*** SHOW DOWN ***
Mahu2021: shows [6h 9h] (two pair, Nines and Sixes)
samZyeee: mucks hand 
Mahu2021 collected 210 from pot
*** SUMMARY ***
Total pot 210 | Rake 0 
Board [9s 6c Jc 4s 5h]
Seat 1: Azaar-nofear (big blind) folded on the Turn
Seat 2: samZyeee (button) mucked [3d 3s]
Seat 3: Mahu2021 (small blind) showed [6h 9h] and won (210) with two pair, Nines and Sixes



PokerStars Hand #248206762367: Tournament #3699460462, $1.84+$0.16 USD Hold'em No Limit - Level III (20/40) - 2024/01/11 18:18:02 CET [2024/01/11 12:18:02 ET]
Table '3699460462 1' 3-max Seat #3 is the button
Seat 1: Azaar-nofear (590 in chips) 
Seat 2: samZyeee (280 in chips) 
Seat 3: Mahu2021 (630 in chips) 
Azaar-nofear: posts small blind 20
samZyeee: posts big blind 40
*** HOLE CARDS ***
Dealt to Mahu2021 [Jd Kh]
Mahu2021: calls 40
Azaar-nofear: folds 
samZyeee: checks 
*** FLOP *** [4h 5s Ks]
samZyeee: bets 80
Mahu2021: raises 510 to 590 and is all-in
samZyeee: calls 160 and is all-in
Uncalled bet (350) returned to Mahu2021
*** TURN *** [4h 5s Ks] [6c]
*** RIVER *** [4h 5s Ks 6c] [6h]
*** SHOW DOWN ***
samZyeee: shows [Js 2s] (a pair of Sixes)
Mahu2021: shows [Jd Kh] (two pair, Kings and Sixes)
Mahu2021 collected 580 from pot
samZyeee finished the tournament in 3rd place
*** SUMMARY ***
Total pot 580 | Rake 0 
Board [4h 5s Ks 6c 6h]
Seat 1: Azaar-nofear (small blind) folded before Flop
Seat 2: samZyeee (big blind) showed [Js 2s] and lost with a pair of Sixes
Seat 3: Mahu2021 (button) showed [Jd Kh] and won (580) with two pair, Kings and Sixes



PokerStars Hand #248206770283: Tournament #3699460462, $1.84+$0.16 USD Hold'em No Limit - Level III (20/40) - 2024/01/11 18:18:26 CET [2024/01/11 12:18:26 ET]
Table '3699460462 1' 3-max Seat #1 is the button
Seat 1: Azaar-nofear (570 in chips) 
Seat 3: Mahu2021 (930 in chips) 
Azaar-nofear: posts small blind 20
Mahu2021: posts big blind 40
*** HOLE CARDS ***
Dealt to Mahu2021 [Ks 4c]
Azaar-nofear: folds 
Uncalled bet (20) returned to Mahu2021
Mahu2021 collected 40 from pot
Mahu2021: doesn't show hand 
*** SUMMARY ***
Total pot 40 | Rake 0 
Seat 1: Azaar-nofear (button) (small blind) folded before Flop
Seat 3: Mahu2021 (big blind) collected (40)



PokerStars Hand #248206776735: Tournament #3699460462, $1.84+$0.16 USD Hold'em No Limit - Level III (20/40) - 2024/01/11 18:18:46 CET [2024/01/11 12:18:46 ET]
Table '3699460462 1' 3-max Seat #3 is the button
Seat 1: Azaar-nofear (550 in chips) 
Seat 3: Mahu2021 (950 in chips) 
Mahu2021: posts small blind 20
Azaar-nofear: posts big blind 40
*** HOLE CARDS ***
Dealt to Mahu2021 [Ac 4c]
Mahu2021: raises 40 to 80
Azaar-nofear: calls 40
*** FLOP *** [Qd 2d 6d]
Azaar-nofear: checks 
Mahu2021: checks 
*** TURN *** [Qd 2d 6d] [Kh]
Azaar-nofear: checks 
Mahu2021: checks 
*** RIVER *** [Qd 2d 6d Kh] [5h]
Azaar-nofear: checks 
Mahu2021: checks 
*** SHOW DOWN ***
Azaar-nofear: shows [Ad 3s] (high card Ace)
Mahu2021: shows [Ac 4c] (high card Ace)
Azaar-nofear collected 80 from pot
Mahu2021 collected 80 from pot
*** SUMMARY ***
Total pot 160 | Rake 0 
Board [Qd 2d 6d Kh 5h]
Seat 1: Azaar-nofear (big blind) showed [Ad 3s] and won (80) with high card Ace
Seat 3: Mahu2021 (button) (small blind) showed [Ac 4c] and won (80) with high card Ace



PokerStars Hand #248206782162: Tournament #3699460462, $1.84+$0.16 USD Hold'em No Limit - Level III (20/40) - 2024/01/11 18:19:02 CET [2024/01/11 12:19:02 ET]
Table '3699460462 1' 3-max Seat #1 is the button
Seat 1: Azaar-nofear (550 in chips) 
Seat 3: Mahu2021 (950 in chips) 
Azaar-nofear: posts small blind 20
Mahu2021: posts big blind 40
*** HOLE CARDS ***
Dealt to Mahu2021 [Ks 4h]
Azaar-nofear: folds 
Uncalled bet (20) returned to Mahu2021
Mahu2021 collected 40 from pot
Mahu2021: doesn't show hand 
*** SUMMARY ***
Total pot 40 | Rake 0 
Seat 1: Azaar-nofear (button) (small blind) folded before Flop
Seat 3: Mahu2021 (big blind) collected (40)



PokerStars Hand #248206783572: Tournament #3699460462, $1.84+$0.16 USD Hold'em No Limit - Level III (20/40) - 2024/01/11 18:19:07 CET [2024/01/11 12:19:07 ET]
Table '3699460462 1' 3-max Seat #3 is the button
Seat 1: Azaar-nofear (530 in chips) 
Seat 3: Mahu2021 (970 in chips) 
Mahu2021: posts small blind 20
Azaar-nofear: posts big blind 40
*** HOLE CARDS ***
Dealt to Mahu2021 [4s 3s]
Mahu2021: calls 20
Azaar-nofear: raises 80 to 120
Mahu2021: calls 80
*** FLOP *** [Jh 8s 8h]
Azaar-nofear: bets 160
Mahu2021: folds 
Uncalled bet (160) returned to Azaar-nofear
Azaar-nofear collected 240 from pot
*** SUMMARY ***
Total pot 240 | Rake 0 
Board [Jh 8s 8h]
Seat 1: Azaar-nofear (big blind) collected (240)
Seat 3: Mahu2021 (button) (small blind) folded on the Flop



PokerStars Hand #248206787767: Tournament #3699460462, $1.84+$0.16 USD Hold'em No Limit - Level III (20/40) - 2024/01/11 18:19:19 CET [2024/01/11 12:19:19 ET]
Table '3699460462 1' 3-max Seat #1 is the button
Seat 1: Azaar-nofear (650 in chips) 
Seat 3: Mahu2021 (850 in chips) 
Azaar-nofear: posts small blind 20
Mahu2021: posts big blind 40
*** HOLE CARDS ***
Dealt to Mahu2021 [Qd 8h]
Azaar-nofear: raises 80 to 120
Mahu2021: calls 80
*** FLOP *** [Jd 7c 4d]
Mahu2021: checks 
Azaar-nofear: checks 
*** TURN *** [Jd 7c 4d] [6h]
Mahu2021: bets 80
Azaar-nofear: folds [Ac]
Uncalled bet (80) returned to Mahu2021
Mahu2021 collected 240 from pot
Mahu2021: doesn't show hand 
*** SUMMARY ***
Total pot 240 | Rake 0 
Board [Jd 7c 4d 6h]
Seat 1: Azaar-nofear (button) (small blind) folded on the Turn
Seat 3: Mahu2021 (big blind) collected (240)



PokerStars Hand #248206792095: Tournament #3699460462, $1.84+$0.16 USD Hold'em No Limit - Level III (20/40) - 2024/01/11 18:19:32 CET [2024/01/11 12:19:32 ET]
Table '3699460462 1' 3-max Seat #3 is the button
Seat 1: Azaar-nofear (530 in chips) 
Seat 3: Mahu2021 (970 in chips) 
Mahu2021: posts small blind 20
Azaar-nofear: posts big blind 40
*** HOLE CARDS ***
Dealt to Mahu2021 [Kd 3s]
Mahu2021: calls 20
Azaar-nofear: raises 490 to 530 and is all-in
Mahu2021: folds 
Uncalled bet (490) returned to Azaar-nofear
Azaar-nofear collected 80 from pot
*** SUMMARY ***
Total pot 80 | Rake 0 
Seat 1: Azaar-nofear (big blind) collected (80)
Seat 3: Mahu2021 (button) (small blind) folded before Flop



PokerStars Hand #248206794850: Tournament #3699460462, $1.84+$0.16 USD Hold'em No Limit - Level III (20/40) - 2024/01/11 18:19:40 CET [2024/01/11 12:19:40 ET]
Table '3699460462 1' 3-max Seat #1 is the button
Seat 1: Azaar-nofear (570 in chips) 
Seat 3: Mahu2021 (930 in chips) 
Azaar-nofear: posts small blind 20
Mahu2021: posts big blind 40
*** HOLE CARDS ***
Dealt to Mahu2021 [As Kh]
Azaar-nofear: raises 120 to 160
Mahu2021: raises 770 to 930 and is all-in
Azaar-nofear: folds [Jd Ks]
Uncalled bet (770) returned to Mahu2021
Mahu2021 collected 320 from pot
Mahu2021: doesn't show hand 
*** SUMMARY ***
Total pot 320 | Rake 0 
Seat 1: Azaar-nofear (button) (small blind) folded before Flop
Seat 3: Mahu2021 (big blind) collected (320)



PokerStars Hand #248206797948: Tournament #3699460462, $1.84+$0.16 USD Hold'em No Limit - Level III (20/40) - 2024/01/11 18:19:50 CET [2024/01/11 12:19:50 ET]
Table '3699460462 1' 3-max Seat #3 is the button
Seat 1: Azaar-nofear (410 in chips) 
Seat 3: Mahu2021 (1090 in chips) 
Mahu2021: posts small blind 20
Azaar-nofear: posts big blind 40
*** HOLE CARDS ***
Dealt to Mahu2021 [Ad Js]
Mahu2021: raises 40 to 80
Azaar-nofear: folds 
Uncalled bet (40) returned to Mahu2021
Mahu2021 collected 80 from pot
Mahu2021: doesn't show hand 
*** SUMMARY ***
Total pot 80 | Rake 0 
Seat 1: Azaar-nofear (big blind) folded before Flop
Seat 3: Mahu2021 (button) (small blind) collected (80)



PokerStars Hand #248206800865: Tournament #3699460462, $1.84+$0.16 USD Hold'em No Limit - Level IV (30/60) - 2024/01/11 18:19:59 CET [2024/01/11 12:19:59 ET]
Table '3699460462 1' 3-max Seat #1 is the button
Seat 1: Azaar-nofear (370 in chips) 
Seat 3: Mahu2021 (1130 in chips) 
Azaar-nofear: posts small blind 30
Mahu2021: posts big blind 60
*** HOLE CARDS ***
Dealt to Mahu2021 [7d 3s]
Azaar-nofear: folds 
Uncalled bet (30) returned to Mahu2021
Mahu2021 collected 60 from pot
Mahu2021: doesn't show hand 
*** SUMMARY ***
Total pot 60 | Rake 0 
Seat 1: Azaar-nofear (button) (small blind) folded before Flop
Seat 3: Mahu2021 (big blind) collected (60)



PokerStars Hand #248206804702: Tournament #3699460462, $1.84+$0.16 USD Hold'em No Limit - Level IV (30/60) - 2024/01/11 18:20:10 CET [2024/01/11 12:20:10 ET]
Table '3699460462 1' 3-max Seat #3 is the button
Seat 1: Azaar-nofear (340 in chips) 
Seat 3: Mahu2021 (1160 in chips) 
Mahu2021: posts small blind 30
Azaar-nofear: posts big blind 60
*** HOLE CARDS ***
Dealt to Mahu2021 [8s Js]
Mahu2021: raises 60 to 120
Azaar-nofear: folds 
Uncalled bet (60) returned to Mahu2021
Mahu2021 collected 120 from pot
Mahu2021: doesn't show hand 
*** SUMMARY ***
Total pot 120 | Rake 0 
Seat 1: Azaar-nofear (big blind) folded before Flop
Seat 3: Mahu2021 (button) (small blind) collected (120)



PokerStars Hand #248206808713: Tournament #3699460462, $1.84+$0.16 USD Hold'em No Limit - Level IV (30/60) - 2024/01/11 18:20:22 CET [2024/01/11 12:20:22 ET]
Table '3699460462 1' 3-max Seat #1 is the button
Seat 1: Azaar-nofear (280 in chips) 
Seat 3: Mahu2021 (1220 in chips) 
Azaar-nofear: posts small blind 30
Mahu2021: posts big blind 60
*** HOLE CARDS ***
Dealt to Mahu2021 [4h Th]
Azaar-nofear: folds 
Uncalled bet (30) returned to Mahu2021
Mahu2021 collected 60 from pot
Mahu2021: doesn't show hand 
*** SUMMARY ***
Total pot 60 | Rake 0 
Seat 1: Azaar-nofear (button) (small blind) folded before Flop
Seat 3: Mahu2021 (big blind) collected (60)



PokerStars Hand #248206810018: Tournament #3699460462, $1.84+$0.16 USD Hold'em No Limit - Level IV (30/60) - 2024/01/11 18:20:26 CET [2024/01/11 12:20:26 ET]
Table '3699460462 1' 3-max Seat #3 is the button
Seat 1: Azaar-nofear (250 in chips) 
Seat 3: Mahu2021 (1250 in chips) 
Mahu2021: posts small blind 30
Azaar-nofear: posts big blind 60
*** HOLE CARDS ***
Dealt to Mahu2021 [4c 5s]
Mahu2021: calls 30
Azaar-nofear: checks 
*** FLOP *** [2h Ah Ks]
Azaar-nofear: checks 
Mahu2021: bets 60
Azaar-nofear: folds 
Uncalled bet (60) returned to Mahu2021
Mahu2021 collected 120 from pot
Mahu2021: doesn't show hand 
*** SUMMARY ***
Total pot 120 | Rake 0 
Board [2h Ah Ks]
Seat 1: Azaar-nofear (big blind) folded on the Flop
Seat 3: Mahu2021 (button) (small blind) collected (120)



PokerStars Hand #248206812857: Tournament #3699460462, $1.84+$0.16 USD Hold'em No Limit - Level IV (30/60) - 2024/01/11 18:20:35 CET [2024/01/11 12:20:35 ET]
Table '3699460462 1' 3-max Seat #1 is the button
Seat 1: Azaar-nofear (190 in chips) 
Seat 3: Mahu2021 (1310 in chips) 
Azaar-nofear: posts small blind 30
Mahu2021: posts big blind 60
*** HOLE CARDS ***
Dealt to Mahu2021 [7s Kh]
Azaar-nofear: raises 130 to 190 and is all-in
Mahu2021: calls 130
*** FLOP *** [6h 8s 6c]
*** TURN *** [6h 8s 6c] [5c]
*** RIVER *** [6h 8s 6c 5c] [Jc]
*** SHOW DOWN ***
Mahu2021: shows [7s Kh] (a pair of Sixes)
Azaar-nofear: shows [8h Ks] (two pair, Eights and Sixes)
Azaar-nofear collected 380 from pot
*** SUMMARY ***
Total pot 380 | Rake 0 
Board [6h 8s 6c 5c Jc]
Seat 1: Azaar-nofear (button) (small blind) showed [8h Ks] and won (380) with two pair, Eights and Sixes
Seat 3: Mahu2021 (big blind) showed [7s Kh] and lost with a pair of Sixes



PokerStars Hand #248206816858: Tournament #3699460462, $1.84+$0.16 USD Hold'em No Limit - Level IV (30/60) - 2024/01/11 18:20:47 CET [2024/01/11 12:20:47 ET]
Table '3699460462 1' 3-max Seat #3 is the button
Seat 1: Azaar-nofear (380 in chips) 
Seat 3: Mahu2021 (1120 in chips) 
Mahu2021: posts small blind 30
Azaar-nofear: posts big blind 60
*** HOLE CARDS ***
Dealt to Mahu2021 [9d 3h]
Mahu2021: folds 
Uncalled bet (30) returned to Azaar-nofear
Azaar-nofear collected 60 from pot
*** SUMMARY ***
Total pot 60 | Rake 0 
Seat 1: Azaar-nofear (big blind) collected (60)
Seat 3: Mahu2021 (button) (small blind) folded before Flop



PokerStars Hand #248206818540: Tournament #3699460462, $1.84+$0.16 USD Hold'em No Limit - Level IV (30/60) - 2024/01/11 18:20:52 CET [2024/01/11 12:20:52 ET]
Table '3699460462 1' 3-max Seat #1 is the button
Seat 1: Azaar-nofear (410 in chips) 
Seat 3: Mahu2021 (1090 in chips) 
Azaar-nofear: posts small blind 30
Mahu2021: posts big blind 60
*** HOLE CARDS ***
Dealt to Mahu2021 [Qd 9d]
Azaar-nofear: raises 350 to 410 and is all-in
Mahu2021: folds 
Uncalled bet (350) returned to Azaar-nofear
Azaar-nofear collected 120 from pot
*** SUMMARY ***
Total pot 120 | Rake 0 
Seat 1: Azaar-nofear (button) (small blind) collected (120)
Seat 3: Mahu2021 (big blind) folded before Flop



PokerStars Hand #248206821769: Tournament #3699460462, $1.84+$0.16 USD Hold'em No Limit - Level IV (30/60) - 2024/01/11 18:21:02 CET [2024/01/11 12:21:02 ET]
Table '3699460462 1' 3-max Seat #3 is the button
Seat 1: Azaar-nofear (470 in chips) 
Seat 3: Mahu2021 (1030 in chips) 
Mahu2021: posts small blind 30
Azaar-nofear: posts big blind 60
*** HOLE CARDS ***
Dealt to Mahu2021 [Jc Kd]
Mahu2021: raises 60 to 120
Azaar-nofear: calls 60
*** FLOP *** [Jd 4h 7d]
Azaar-nofear: checks 
Mahu2021: bets 120
Azaar-nofear: folds [Ks]
Uncalled bet (120) returned to Mahu2021
Mahu2021 collected 240 from pot
Mahu2021: doesn't show hand 
*** SUMMARY ***
Total pot 240 | Rake 0 
Board [Jd 4h 7d]
Seat 1: Azaar-nofear (big blind) folded on the Flop
Seat 3: Mahu2021 (button) (small blind) collected (240)



PokerStars Hand #248206828211: Tournament #3699460462, $1.84+$0.16 USD Hold'em No Limit - Level IV (30/60) - 2024/01/11 18:21:21 CET [2024/01/11 12:21:21 ET]
Table '3699460462 1' 3-max Seat #1 is the button
Seat 1: Azaar-nofear (350 in chips) 
Seat 3: Mahu2021 (1150 in chips) 
Azaar-nofear: posts small blind 30
Mahu2021: posts big blind 60
*** HOLE CARDS ***
Dealt to Mahu2021 [5h Ts]
Azaar-nofear: folds 
Uncalled bet (30) returned to Mahu2021
Mahu2021 collected 60 from pot
Mahu2021: doesn't show hand 
*** SUMMARY ***
Total pot 60 | Rake 0 
Seat 1: Azaar-nofear (button) (small blind) folded before Flop
Seat 3: Mahu2021 (big blind) collected (60)



PokerStars Hand #248206829477: Tournament #3699460462, $1.84+$0.16 USD Hold'em No Limit - Level IV (30/60) - 2024/01/11 18:21:25 CET [2024/01/11 12:21:25 ET]
Table '3699460462 1' 3-max Seat #3 is the button
Seat 1: Azaar-nofear (320 in chips) 
Seat 3: Mahu2021 (1180 in chips) 
Mahu2021: posts small blind 30
Azaar-nofear: posts big blind 60
*** HOLE CARDS ***
Dealt to Mahu2021 [Ad 5d]
Mahu2021: raises 60 to 120
Azaar-nofear: folds 
Uncalled bet (60) returned to Mahu2021
Mahu2021 collected 120 from pot
Mahu2021: doesn't show hand 
*** SUMMARY ***
Total pot 120 | Rake 0 
Seat 1: Azaar-nofear (big blind) folded before Flop
Seat 3: Mahu2021 (button) (small blind) collected (120)



PokerStars Hand #248206831345: Tournament #3699460462, $1.84+$0.16 USD Hold'em No Limit - Level IV (30/60) - 2024/01/11 18:21:31 CET [2024/01/11 12:21:31 ET]
Table '3699460462 1' 3-max Seat #1 is the button
Seat 1: Azaar-nofear (260 in chips) 
Seat 3: Mahu2021 (1240 in chips) 
Azaar-nofear: posts small blind 30
Mahu2021: posts big blind 60
*** HOLE CARDS ***
Dealt to Mahu2021 [Td Kd]
Azaar-nofear: calls 30
Mahu2021: raises 1180 to 1240 and is all-in
Azaar-nofear: folds [Qc]
Uncalled bet (1180) returned to Mahu2021
Mahu2021 collected 120 from pot
Mahu2021: doesn't show hand 
*** SUMMARY ***
Total pot 120 | Rake 0 
Seat 1: Azaar-nofear (button) (small blind) folded before Flop
Seat 3: Mahu2021 (big blind) collected (120)



PokerStars Hand #248206834263: Tournament #3699460462, $1.84+$0.16 USD Hold'em No Limit - Level IV (30/60) - 2024/01/11 18:21:39 CET [2024/01/11 12:21:39 ET]
Table '3699460462 1' 3-max Seat #3 is the button
Seat 1: Azaar-nofear (200 in chips) 
Seat 3: Mahu2021 (1300 in chips) 
Mahu2021: posts small blind 30
Azaar-nofear: posts big blind 60
*** HOLE CARDS ***
Dealt to Mahu2021 [3s 9d]
Mahu2021: folds 
Uncalled bet (30) returned to Azaar-nofear
Azaar-nofear collected 60 from pot
*** SUMMARY ***
Total pot 60 | Rake 0 
Seat 1: Azaar-nofear (big blind) collected (60)
Seat 3: Mahu2021 (button) (small blind) folded before Flop



PokerStars Hand #248206835932: Tournament #3699460462, $1.84+$0.16 USD Hold'em No Limit - Level IV (30/60) - 2024/01/11 18:21:44 CET [2024/01/11 12:21:44 ET]
Table '3699460462 1' 3-max Seat #1 is the button
Seat 1: Azaar-nofear (230 in chips) 
Seat 3: Mahu2021 (1270 in chips) 
Azaar-nofear: posts small blind 30
Mahu2021: posts big blind 60
*** HOLE CARDS ***
Dealt to Mahu2021 [Jh Ah]
Azaar-nofear: folds 
Uncalled bet (30) returned to Mahu2021
Mahu2021 collected 60 from pot
Mahu2021: doesn't show hand 
*** SUMMARY ***
Total pot 60 | Rake 0 
Seat 1: Azaar-nofear (button) (small blind) folded before Flop
Seat 3: Mahu2021 (big blind) collected (60)



PokerStars Hand #248206837038: Tournament #3699460462, $1.84+$0.16 USD Hold'em No Limit - Level IV (30/60) - 2024/01/11 18:21:48 CET [2024/01/11 12:21:48 ET]
Table '3699460462 1' 3-max Seat #3 is the button
Seat 1: Azaar-nofear (200 in chips) 
Seat 3: Mahu2021 (1300 in chips) 
Mahu2021: posts small blind 30
Azaar-nofear: posts big blind 60
*** HOLE CARDS ***
Dealt to Mahu2021 [4d Kd]
Mahu2021: raises 180 to 240
Azaar-nofear: folds 
Uncalled bet (180) returned to Mahu2021
Mahu2021 collected 120 from pot
Mahu2021: doesn't show hand 
*** SUMMARY ***
Total pot 120 | Rake 0 
Seat 1: Azaar-nofear (big blind) folded before Flop
Seat 3: Mahu2021 (button) (small blind) collected (120)



PokerStars Hand #248206844278: Tournament #3699460462, $1.84+$0.16 USD Hold'em No Limit - Level V (40/80) - 2024/01/11 18:22:10 CET [2024/01/11 12:22:10 ET]
Table '3699460462 1' 3-max Seat #1 is the button
Seat 1: Azaar-nofear (140 in chips) 
Seat 3: Mahu2021 (1360 in chips) 
Azaar-nofear: posts small blind 40
Mahu2021: posts big blind 80
*** HOLE CARDS ***
Dealt to Mahu2021 [2h 7h]
Azaar-nofear: folds 
Uncalled bet (40) returned to Mahu2021
Mahu2021 collected 80 from pot
Mahu2021: doesn't show hand 
*** SUMMARY ***
Total pot 80 | Rake 0 
Seat 1: Azaar-nofear (button) (small blind) folded before Flop
Seat 3: Mahu2021 (big blind) collected (80)



PokerStars Hand #248206845540: Tournament #3699460462, $1.84+$0.16 USD Hold'em No Limit - Level V (40/80) - 2024/01/11 18:22:13 CET [2024/01/11 12:22:13 ET]
Table '3699460462 1' 3-max Seat #3 is the button
Seat 1: Azaar-nofear (100 in chips) 
Seat 3: Mahu2021 (1400 in chips) 
Mahu2021: posts small blind 40
Azaar-nofear: posts big blind 80
*** HOLE CARDS ***
Dealt to Mahu2021 [6s 6d]
Mahu2021: raises 80 to 160
Azaar-nofear: calls 20 and is all-in
Uncalled bet (60) returned to Mahu2021
*** FLOP *** [7s 3h Qs]
*** TURN *** [7s 3h Qs] [Ts]
*** RIVER *** [7s 3h Qs Ts] [8c]
*** SHOW DOWN ***
Azaar-nofear: shows [8h 3s] (two pair, Eights and Threes)
Mahu2021: shows [6s 6d] (a pair of Sixes)
Azaar-nofear collected 200 from pot
*** SUMMARY ***
Total pot 200 | Rake 0 
Board [7s 3h Qs Ts 8c]
Seat 1: Azaar-nofear (big blind) showed [8h 3s] and won (200) with two pair, Eights and Threes
Seat 3: Mahu2021 (button) (small blind) showed [6s 6d] and lost with a pair of Sixes



PokerStars Hand #248206849701: Tournament #3699460462, $1.84+$0.16 USD Hold'em No Limit - Level V (40/80) - 2024/01/11 18:22:26 CET [2024/01/11 12:22:26 ET]
Table '3699460462 1' 3-max Seat #1 is the button
Seat 1: Azaar-nofear (200 in chips) 
Seat 3: Mahu2021 (1300 in chips) 
Azaar-nofear: posts small blind 40
Mahu2021: posts big blind 80
*** HOLE CARDS ***
Dealt to Mahu2021 [Jh 8s]
Azaar-nofear: raises 120 to 200 and is all-in
Mahu2021: calls 120
*** FLOP *** [Jc 4s 8d]
*** TURN *** [Jc 4s 8d] [Qh]
*** RIVER *** [Jc 4s 8d Qh] [2h]
*** SHOW DOWN ***
Mahu2021: shows [Jh 8s] (two pair, Jacks and Eights)
Azaar-nofear: shows [Tc As] (high card Ace)
Mahu2021 collected 400 from pot
Azaar-nofear finished the tournament in 2nd place
Mahu2021 wins the tournament and receives $4.00 - congratulations!
*** SUMMARY ***
Total pot 400 | Rake 0 
Board [Jc 4s 8d Qh 2h]
Seat 1: Azaar-nofear (button) (small blind) showed [Tc As] and lost with high card Ace
Seat 3: Mahu2021 (big blind) showed [Jh 8s] and won (400) with two pair, Jacks and Eights



