PokerStars Hand #242979033027: Tournament #3574933136, $0.92+$0.08 USD Hold'em No Limit - Level I (10/20) - 2023/04/09 8:57:56 CET [2023/04/09 2:57:56 ET]
Table '3574933136 1' 3-max Seat #1 is the button
Seat 1: wouter198676 (500 in chips) 
Seat 2: cuprarrr (500 in chips) 
Seat 3: Mahu2021 (500 in chips) 
cuprarrr: posts small blind 10
Mahu2021: posts big blind 20
*** HOLE CARDS ***
Dealt to Mahu2021 [Ks 3h]
wouter198676: calls 20
cuprarrr: raises 20 to 40
Mahu2021: folds 
wouter198676: calls 20
*** FLOP *** [Jc 6h 9s]
cuprarrr: bets 40
wouter198676: folds 
Uncalled bet (40) returned to cuprarrr
cuprarrr collected 100 from pot
cuprarrr: doesn't show hand 
*** SUMMARY ***
Total pot 100 | Rake 0 
Board [Jc 6h 9s]
Seat 1: wouter198676 (button) folded on the Flop
Seat 2: cuprarrr (small blind) collected (100)
Seat 3: Mahu2021 (big blind) folded before Flop



PokerStars Hand #242979035427: Tournament #3574933136, $0.92+$0.08 USD Hold'em No Limit - Level I (10/20) - 2023/04/09 8:58:16 CET [2023/04/09 2:58:16 ET]
Table '3574933136 1' 3-max Seat #2 is the button
Seat 1: wouter198676 (460 in chips) 
Seat 2: cuprarrr (560 in chips) 
Seat 3: Mahu2021 (480 in chips) 
Mahu2021: posts small blind 10
wouter198676: posts big blind 20
*** HOLE CARDS ***
Dealt to Mahu2021 [Th 3c]
cuprarrr: calls 20
Mahu2021: folds 
wouter198676: checks 
*** FLOP *** [2s Jd Qd]
wouter198676: bets 20
cuprarrr: calls 20
*** TURN *** [2s Jd Qd] [8d]
wouter198676: bets 90
cuprarrr: folds 
Uncalled bet (90) returned to wouter198676
wouter198676 collected 90 from pot
*** SUMMARY ***
Total pot 90 | Rake 0 
Board [2s Jd Qd 8d]
Seat 1: wouter198676 (big blind) collected (90)
Seat 2: cuprarrr (button) folded on the Turn
Seat 3: Mahu2021 (small blind) folded before Flop



PokerStars Hand #242979037580: Tournament #3574933136, $0.92+$0.08 USD Hold'em No Limit - Level I (10/20) - 2023/04/09 8:58:35 CET [2023/04/09 2:58:35 ET]
Table '3574933136 1' 3-max Seat #3 is the button
Seat 1: wouter198676 (510 in chips) 
Seat 2: cuprarrr (520 in chips) 
Seat 3: Mahu2021 (470 in chips) 
wouter198676: posts small blind 10
cuprarrr: posts big blind 20
*** HOLE CARDS ***
Dealt to Mahu2021 [Kh 5s]
Mahu2021: calls 20
wouter198676: raises 60 to 80
cuprarrr: calls 60
Mahu2021: calls 60
*** FLOP *** [4d 6d 8s]
wouter198676: checks 
cuprarrr: bets 60
Mahu2021: calls 60
wouter198676: calls 60
*** TURN *** [4d 6d 8s] [Ks]
wouter198676: checks 
cuprarrr: bets 100
Mahu2021: raises 230 to 330 and is all-in
wouter198676: folds 
cuprarrr: folds 
Uncalled bet (230) returned to Mahu2021
Mahu2021 collected 620 from pot
Mahu2021: doesn't show hand 
*** SUMMARY ***
Total pot 620 | Rake 0 
Board [4d 6d 8s Ks]
Seat 1: wouter198676 (small blind) folded on the Turn
Seat 2: cuprarrr (big blind) folded on the Turn
Seat 3: Mahu2021 (button) collected (620)



PokerStars Hand #242979041774: Tournament #3574933136, $0.92+$0.08 USD Hold'em No Limit - Level I (10/20) - 2023/04/09 8:59:12 CET [2023/04/09 2:59:12 ET]
Table '3574933136 1' 3-max Seat #1 is the button
Seat 1: wouter198676 (370 in chips) 
Seat 2: cuprarrr (280 in chips) 
Seat 3: Mahu2021 (850 in chips) 
cuprarrr: posts small blind 10
Mahu2021: posts big blind 20
*** HOLE CARDS ***
Dealt to Mahu2021 [Qd Kc]
wouter198676: calls 20
cuprarrr: calls 10
Mahu2021: checks 
*** FLOP *** [2c 8c 7d]
cuprarrr: checks 
Mahu2021: checks 
wouter198676: bets 60
cuprarrr: folds 
Mahu2021: folds 
Uncalled bet (60) returned to wouter198676
wouter198676 collected 60 from pot
*** SUMMARY ***
Total pot 60 | Rake 0 
Board [2c 8c 7d]
Seat 1: wouter198676 (button) collected (60)
Seat 2: cuprarrr (small blind) folded on the Flop
Seat 3: Mahu2021 (big blind) folded on the Flop



PokerStars Hand #242979044150: Tournament #3574933136, $0.92+$0.08 USD Hold'em No Limit - Level I (10/20) - 2023/04/09 8:59:32 CET [2023/04/09 2:59:32 ET]
Table '3574933136 1' 3-max Seat #2 is the button
Seat 1: wouter198676 (410 in chips) 
Seat 2: cuprarrr (260 in chips) 
Seat 3: Mahu2021 (830 in chips) 
Mahu2021: posts small blind 10
wouter198676: posts big blind 20
*** HOLE CARDS ***
Dealt to Mahu2021 [As 7h]
cuprarrr: folds 
Mahu2021: raises 20 to 40
wouter198676: calls 20
*** FLOP *** [8c Tc Kc]
Mahu2021: checks 
wouter198676: checks 
*** TURN *** [8c Tc Kc] [9h]
Mahu2021: bets 20
wouter198676: calls 20
*** RIVER *** [8c Tc Kc 9h] [Ac]
Mahu2021: bets 40
wouter198676: folds 
Uncalled bet (40) returned to Mahu2021
Mahu2021 collected 120 from pot
Mahu2021: doesn't show hand 
*** SUMMARY ***
Total pot 120 | Rake 0 
Board [8c Tc Kc 9h Ac]
Seat 1: wouter198676 (big blind) folded on the River
Seat 2: cuprarrr (button) folded before Flop (didn't bet)
Seat 3: Mahu2021 (small blind) collected (120)



PokerStars Hand #242979046527: Tournament #3574933136, $0.92+$0.08 USD Hold'em No Limit - Level I (10/20) - 2023/04/09 8:59:52 CET [2023/04/09 2:59:52 ET]
Table '3574933136 1' 3-max Seat #3 is the button
Seat 1: wouter198676 (350 in chips) 
Seat 2: cuprarrr (260 in chips) 
Seat 3: Mahu2021 (890 in chips) 
wouter198676: posts small blind 10
cuprarrr: posts big blind 20
*** HOLE CARDS ***
Dealt to Mahu2021 [2s 6h]
Mahu2021: folds 
wouter198676: raises 40 to 60
cuprarrr: calls 40
*** FLOP *** [3d 4s 2h]
wouter198676: bets 60
cuprarrr: raises 140 to 200 and is all-in
wouter198676: calls 140
*** TURN *** [3d 4s 2h] [Td]
*** RIVER *** [3d 4s 2h Td] [Jc]
*** SHOW DOWN ***
wouter198676: shows [3s Ad] (a pair of Threes)
cuprarrr: shows [Ts 6d] (a pair of Tens)
cuprarrr collected 520 from pot
*** SUMMARY ***
Total pot 520 | Rake 0 
Board [3d 4s 2h Td Jc]
Seat 1: wouter198676 (small blind) showed [3s Ad] and lost with a pair of Threes
Seat 2: cuprarrr (big blind) showed [Ts 6d] and won (520) with a pair of Tens
Seat 3: Mahu2021 (button) folded before Flop (didn't bet)



PokerStars Hand #242979049952: Tournament #3574933136, $0.92+$0.08 USD Hold'em No Limit - Level II (15/30) - 2023/04/09 9:00:21 CET [2023/04/09 3:00:21 ET]
Table '3574933136 1' 3-max Seat #1 is the button
Seat 1: wouter198676 (90 in chips) 
Seat 2: cuprarrr (520 in chips) 
Seat 3: Mahu2021 (890 in chips) 
cuprarrr: posts small blind 15
Mahu2021: posts big blind 30
*** HOLE CARDS ***
Dealt to Mahu2021 [4s Ah]
wouter198676: raises 60 to 90 and is all-in
cuprarrr: calls 75
Mahu2021: calls 60
*** FLOP *** [8c 9h Kd]
cuprarrr: checks 
Mahu2021: checks 
*** TURN *** [8c 9h Kd] [6s]
cuprarrr: checks 
Mahu2021: checks 
*** RIVER *** [8c 9h Kd 6s] [Kc]
cuprarrr: checks 
Mahu2021: checks 
*** SHOW DOWN ***
cuprarrr: shows [3c Qs] (a pair of Kings)
Mahu2021: shows [4s Ah] (a pair of Kings - Ace kicker)
wouter198676: shows [5s As] (a pair of Kings)
Mahu2021 collected 135 from pot
wouter198676 collected 135 from pot
*** SUMMARY ***
Total pot 270 | Rake 0 
Board [8c 9h Kd 6s Kc]
Seat 1: wouter198676 (button) showed [5s As] and won (135) with a pair of Kings
Seat 2: cuprarrr (small blind) showed [3c Qs] and lost with a pair of Kings
Seat 3: Mahu2021 (big blind) showed [4s Ah] and won (135) with a pair of Kings



PokerStars Hand #242979051939: Tournament #3574933136, $0.92+$0.08 USD Hold'em No Limit - Level II (15/30) - 2023/04/09 9:00:38 CET [2023/04/09 3:00:38 ET]
Table '3574933136 1' 3-max Seat #2 is the button
Seat 1: wouter198676 (135 in chips) 
Seat 2: cuprarrr (430 in chips) 
Seat 3: Mahu2021 (935 in chips) 
Mahu2021: posts small blind 15
wouter198676: posts big blind 30
*** HOLE CARDS ***
Dealt to Mahu2021 [7c Jc]
cuprarrr: calls 30
Mahu2021: folds 
wouter198676: checks 
*** FLOP *** [Kd Ks Td]
wouter198676: checks 
cuprarrr: checks 
*** TURN *** [Kd Ks Td] [4d]
wouter198676: checks 
cuprarrr: bets 30
wouter198676: calls 30
*** RIVER *** [Kd Ks Td 4d] [Th]
wouter198676: checks 
cuprarrr: checks 
*** SHOW DOWN ***
wouter198676: shows [9h Qh] (two pair, Kings and Tens)
cuprarrr: mucks hand 
wouter198676 collected 135 from pot
*** SUMMARY ***
Total pot 135 | Rake 0 
Board [Kd Ks Td 4d Th]
Seat 1: wouter198676 (big blind) showed [9h Qh] and won (135) with two pair, Kings and Tens
Seat 2: cuprarrr (button) mucked [3s 4h]
Seat 3: Mahu2021 (small blind) folded before Flop



PokerStars Hand #242979055458: Tournament #3574933136, $0.92+$0.08 USD Hold'em No Limit - Level II (15/30) - 2023/04/09 9:01:05 CET [2023/04/09 3:01:05 ET]
Table '3574933136 1' 3-max Seat #3 is the button
Seat 1: wouter198676 (210 in chips) 
Seat 2: cuprarrr (370 in chips) 
Seat 3: Mahu2021 (920 in chips) 
wouter198676: posts small blind 15
cuprarrr: posts big blind 30
*** HOLE CARDS ***
Dealt to Mahu2021 [8s Qd]
Mahu2021: calls 30
wouter198676: calls 15
cuprarrr: checks 
*** FLOP *** [Kc Ts Jh]
wouter198676: checks 
cuprarrr: checks 
Mahu2021: bets 60
wouter198676: calls 60
cuprarrr: folds 
*** TURN *** [Kc Ts Jh] [Ks]
wouter198676: checks 
Mahu2021: checks 
*** RIVER *** [Kc Ts Jh Ks] [6h]
wouter198676: checks 
Mahu2021: checks 
*** SHOW DOWN ***
wouter198676: shows [4h Qh] (a pair of Kings)
Mahu2021: shows [8s Qd] (a pair of Kings)
wouter198676 collected 105 from pot
Mahu2021 collected 105 from pot
*** SUMMARY ***
Total pot 210 | Rake 0 
Board [Kc Ts Jh Ks 6h]
Seat 1: wouter198676 (small blind) showed [4h Qh] and won (105) with a pair of Kings
Seat 2: cuprarrr (big blind) folded on the Flop
Seat 3: Mahu2021 (button) showed [8s Qd] and won (105) with a pair of Kings



PokerStars Hand #242979058433: Tournament #3574933136, $0.92+$0.08 USD Hold'em No Limit - Level II (15/30) - 2023/04/09 9:01:27 CET [2023/04/09 3:01:27 ET]
Table '3574933136 1' 3-max Seat #1 is the button
Seat 1: wouter198676 (225 in chips) 
Seat 2: cuprarrr (340 in chips) 
Seat 3: Mahu2021 (935 in chips) 
cuprarrr: posts small blind 15
Mahu2021: posts big blind 30
*** HOLE CARDS ***
Dealt to Mahu2021 [7h 8h]
wouter198676: folds 
cuprarrr: calls 15
Mahu2021: checks 
*** FLOP *** [6d 8c Ks]
cuprarrr: bets 60
Mahu2021: calls 60
*** TURN *** [6d 8c Ks] [Ad]
cuprarrr: bets 120
Mahu2021: folds 
Uncalled bet (120) returned to cuprarrr
cuprarrr collected 180 from pot
cuprarrr: doesn't show hand 
*** SUMMARY ***
Total pot 180 | Rake 0 
Board [6d 8c Ks Ad]
Seat 1: wouter198676 (button) folded before Flop (didn't bet)
Seat 2: cuprarrr (small blind) collected (180)
Seat 3: Mahu2021 (big blind) folded on the Turn



PokerStars Hand #242979061112: Tournament #3574933136, $0.92+$0.08 USD Hold'em No Limit - Level II (15/30) - 2023/04/09 9:01:48 CET [2023/04/09 3:01:48 ET]
Table '3574933136 1' 3-max Seat #2 is the button
Seat 1: wouter198676 (225 in chips) 
Seat 2: cuprarrr (430 in chips) 
Seat 3: Mahu2021 (845 in chips) 
Mahu2021: posts small blind 15
wouter198676: posts big blind 30
*** HOLE CARDS ***
Dealt to Mahu2021 [Qd 6s]
cuprarrr: raises 30 to 60
Mahu2021: folds 
wouter198676: folds 
Uncalled bet (30) returned to cuprarrr
cuprarrr collected 75 from pot
cuprarrr: doesn't show hand 
*** SUMMARY ***
Total pot 75 | Rake 0 
Seat 1: wouter198676 (big blind) folded before Flop
Seat 2: cuprarrr (button) collected (75)
Seat 3: Mahu2021 (small blind) folded before Flop



PokerStars Hand #242979062031: Tournament #3574933136, $0.92+$0.08 USD Hold'em No Limit - Level II (15/30) - 2023/04/09 9:01:55 CET [2023/04/09 3:01:55 ET]
Table '3574933136 1' 3-max Seat #3 is the button
Seat 1: wouter198676 (195 in chips) 
Seat 2: cuprarrr (475 in chips) 
Seat 3: Mahu2021 (830 in chips) 
wouter198676: posts small blind 15
cuprarrr: posts big blind 30
*** HOLE CARDS ***
Dealt to Mahu2021 [Th 6d]
Mahu2021: folds 
wouter198676: folds 
Uncalled bet (15) returned to cuprarrr
cuprarrr collected 30 from pot
cuprarrr: doesn't show hand 
*** SUMMARY ***
Total pot 30 | Rake 0 
Seat 1: wouter198676 (small blind) folded before Flop
Seat 2: cuprarrr (big blind) collected (30)
Seat 3: Mahu2021 (button) folded before Flop (didn't bet)



PokerStars Hand #242979063537: Tournament #3574933136, $0.92+$0.08 USD Hold'em No Limit - Level III (20/40) - 2023/04/09 9:02:07 CET [2023/04/09 3:02:07 ET]
Table '3574933136 1' 3-max Seat #1 is the button
Seat 1: wouter198676 (180 in chips) 
Seat 2: cuprarrr (490 in chips) 
Seat 3: Mahu2021 (830 in chips) 
cuprarrr: posts small blind 20
Mahu2021: posts big blind 40
*** HOLE CARDS ***
Dealt to Mahu2021 [2d 4s]
wouter198676: folds 
cuprarrr: calls 20
Mahu2021: checks 
*** FLOP *** [Jh As 3d]
cuprarrr: checks 
Mahu2021: bets 40
cuprarrr: folds 
Uncalled bet (40) returned to Mahu2021
Mahu2021 collected 80 from pot
Mahu2021: doesn't show hand 
*** SUMMARY ***
Total pot 80 | Rake 0 
Board [Jh As 3d]
Seat 1: wouter198676 (button) folded before Flop (didn't bet)
Seat 2: cuprarrr (small blind) folded on the Flop
Seat 3: Mahu2021 (big blind) collected (80)



PokerStars Hand #242979065297: Tournament #3574933136, $0.92+$0.08 USD Hold'em No Limit - Level III (20/40) - 2023/04/09 9:02:20 CET [2023/04/09 3:02:20 ET]
Table '3574933136 1' 3-max Seat #2 is the button
Seat 1: wouter198676 (180 in chips) 
Seat 2: cuprarrr (450 in chips) 
Seat 3: Mahu2021 (870 in chips) 
Mahu2021: posts small blind 20
wouter198676: posts big blind 40
*** HOLE CARDS ***
Dealt to Mahu2021 [Ks 2s]
cuprarrr: calls 40
Mahu2021: calls 20
wouter198676: raises 140 to 180 and is all-in
cuprarrr: calls 140
Mahu2021: folds 
*** FLOP *** [5d 9c Qs]
*** TURN *** [5d 9c Qs] [8c]
*** RIVER *** [5d 9c Qs 8c] [6h]
*** SHOW DOWN ***
wouter198676: shows [Ah 3h] (high card Ace)
cuprarrr: shows [3c Qd] (a pair of Queens)
cuprarrr collected 400 from pot
wouter198676 finished the tournament in 3rd place
*** SUMMARY ***
Total pot 400 | Rake 0 
Board [5d 9c Qs 8c 6h]
Seat 1: wouter198676 (big blind) showed [Ah 3h] and lost with high card Ace
Seat 2: cuprarrr (button) showed [3c Qd] and won (400) with a pair of Queens
Seat 3: Mahu2021 (small blind) folded before Flop



PokerStars Hand #242979068747: Tournament #3574933136, $0.92+$0.08 USD Hold'em No Limit - Level III (20/40) - 2023/04/09 9:02:46 CET [2023/04/09 3:02:46 ET]
Table '3574933136 1' 3-max Seat #3 is the button
Seat 2: cuprarrr (670 in chips) 
Seat 3: Mahu2021 (830 in chips) 
Mahu2021: posts small blind 20
cuprarrr: posts big blind 40
*** HOLE CARDS ***
Dealt to Mahu2021 [7s Kc]
Mahu2021: calls 20
cuprarrr: checks 
*** FLOP *** [6d Jh 5s]
cuprarrr: checks 
Mahu2021: checks 
*** TURN *** [6d Jh 5s] [5d]
cuprarrr: checks 
Mahu2021: checks 
*** RIVER *** [6d Jh 5s 5d] [2d]
cuprarrr: checks 
Mahu2021: checks 
*** SHOW DOWN ***
cuprarrr: shows [Ad 8h] (a pair of Fives)
Mahu2021: mucks hand 
cuprarrr collected 80 from pot
*** SUMMARY ***
Total pot 80 | Rake 0 
Board [6d Jh 5s 5d 2d]
Seat 2: cuprarrr (big blind) showed [Ad 8h] and won (80) with a pair of Fives
Seat 3: Mahu2021 (button) (small blind) mucked [7s Kc]



PokerStars Hand #242979070305: Tournament #3574933136, $0.92+$0.08 USD Hold'em No Limit - Level III (20/40) - 2023/04/09 9:02:58 CET [2023/04/09 3:02:58 ET]
Table '3574933136 1' 3-max Seat #2 is the button
Seat 2: cuprarrr (710 in chips) 
Seat 3: Mahu2021 (790 in chips) 
cuprarrr: posts small blind 20
Mahu2021: posts big blind 40
*** HOLE CARDS ***
Dealt to Mahu2021 [5s Qd]
cuprarrr: calls 20
Mahu2021: checks 
*** FLOP *** [8c 7h Jc]
Mahu2021: checks 
cuprarrr: bets 40
Mahu2021: folds 
Uncalled bet (40) returned to cuprarrr
cuprarrr collected 80 from pot
cuprarrr: doesn't show hand 
*** SUMMARY ***
Total pot 80 | Rake 0 
Board [8c 7h Jc]
Seat 2: cuprarrr (button) (small blind) collected (80)
Seat 3: Mahu2021 (big blind) folded on the Flop



PokerStars Hand #242979071569: Tournament #3574933136, $0.92+$0.08 USD Hold'em No Limit - Level III (20/40) - 2023/04/09 9:03:08 CET [2023/04/09 3:03:08 ET]
Table '3574933136 1' 3-max Seat #3 is the button
Seat 2: cuprarrr (750 in chips) 
Seat 3: Mahu2021 (750 in chips) 
Mahu2021: posts small blind 20
cuprarrr: posts big blind 40
*** HOLE CARDS ***
Dealt to Mahu2021 [Qs 8c]
Mahu2021: calls 20
cuprarrr: checks 
*** FLOP *** [5h 9c Qh]
cuprarrr: checks 
Mahu2021: bets 40
cuprarrr: folds 
Uncalled bet (40) returned to Mahu2021
Mahu2021 collected 80 from pot
Mahu2021: doesn't show hand 
*** SUMMARY ***
Total pot 80 | Rake 0 
Board [5h 9c Qh]
Seat 2: cuprarrr (big blind) folded on the Flop
Seat 3: Mahu2021 (button) (small blind) collected (80)



PokerStars Hand #242979072932: Tournament #3574933136, $0.92+$0.08 USD Hold'em No Limit - Level III (20/40) - 2023/04/09 9:03:18 CET [2023/04/09 3:03:18 ET]
Table '3574933136 1' 3-max Seat #2 is the button
Seat 2: cuprarrr (710 in chips) 
Seat 3: Mahu2021 (790 in chips) 
cuprarrr: posts small blind 20
Mahu2021: posts big blind 40
*** HOLE CARDS ***
Dealt to Mahu2021 [Kc 9d]
cuprarrr: raises 40 to 80
Mahu2021: raises 710 to 790 and is all-in
cuprarrr: calls 630 and is all-in
Uncalled bet (80) returned to Mahu2021
*** FLOP *** [7s Jc 9c]
*** TURN *** [7s Jc 9c] [5c]
*** RIVER *** [7s Jc 9c 5c] [9s]
*** SHOW DOWN ***
Mahu2021: shows [Kc 9d] (three of a kind, Nines)
cuprarrr: shows [8c Qc] (a flush, Queen high)
cuprarrr collected 1420 from pot
*** SUMMARY ***
Total pot 1420 | Rake 0 
Board [7s Jc 9c 5c 9s]
Seat 2: cuprarrr (button) (small blind) showed [8c Qc] and won (1420) with a flush, Queen high
Seat 3: Mahu2021 (big blind) showed [Kc 9d] and lost with three of a kind, Nines



PokerStars Hand #242979074884: Tournament #3574933136, $0.92+$0.08 USD Hold'em No Limit - Level III (20/40) - 2023/04/09 9:03:33 CET [2023/04/09 3:03:33 ET]
Table '3574933136 1' 3-max Seat #3 is the button
Seat 2: cuprarrr (1420 in chips) 
Seat 3: Mahu2021 (80 in chips) 
Mahu2021: posts small blind 20
cuprarrr: posts big blind 40
*** HOLE CARDS ***
Dealt to Mahu2021 [2h 2c]
Mahu2021: raises 40 to 80 and is all-in
cuprarrr: calls 40
*** FLOP *** [8c 3c 5s]
*** TURN *** [8c 3c 5s] [Ac]
*** RIVER *** [8c 3c 5s Ac] [7c]
*** SHOW DOWN ***
cuprarrr: shows [5d 5h] (three of a kind, Fives)
Mahu2021: shows [2h 2c] (a flush, Ace high)
Mahu2021 collected 160 from pot
*** SUMMARY ***
Total pot 160 | Rake 0 
Board [8c 3c 5s Ac 7c]
Seat 2: cuprarrr (big blind) showed [5d 5h] and lost with three of a kind, Fives
Seat 3: Mahu2021 (button) (small blind) showed [2h 2c] and won (160) with a flush, Ace high



PokerStars Hand #242979076531: Tournament #3574933136, $0.92+$0.08 USD Hold'em No Limit - Level III (20/40) - 2023/04/09 9:03:46 CET [2023/04/09 3:03:46 ET]
Table '3574933136 1' 3-max Seat #2 is the button
Seat 2: cuprarrr (1340 in chips) 
Seat 3: Mahu2021 (160 in chips) 
cuprarrr: posts small blind 20
Mahu2021: posts big blind 40
*** HOLE CARDS ***
Dealt to Mahu2021 [Tc 6c]
cuprarrr: raises 40 to 80
Mahu2021: raises 80 to 160 and is all-in
cuprarrr: calls 80
*** FLOP *** [Kh Jh 4s]
*** TURN *** [Kh Jh 4s] [Ts]
*** RIVER *** [Kh Jh 4s Ts] [7c]
*** SHOW DOWN ***
Mahu2021: shows [Tc 6c] (a pair of Tens)
cuprarrr: shows [5c Qd] (high card King)
Mahu2021 collected 320 from pot
*** SUMMARY ***
Total pot 320 | Rake 0 
Board [Kh Jh 4s Ts 7c]
Seat 2: cuprarrr (button) (small blind) showed [5c Qd] and lost with high card King
Seat 3: Mahu2021 (big blind) showed [Tc 6c] and won (320) with a pair of Tens



PokerStars Hand #242979078732: Tournament #3574933136, $0.92+$0.08 USD Hold'em No Limit - Level IV (30/60) - 2023/04/09 9:04:02 CET [2023/04/09 3:04:02 ET]
Table '3574933136 1' 3-max Seat #3 is the button
Seat 2: cuprarrr (1180 in chips) 
Seat 3: Mahu2021 (320 in chips) 
Mahu2021: posts small blind 30
cuprarrr: posts big blind 60
*** HOLE CARDS ***
Dealt to Mahu2021 [9s 5s]
Mahu2021: raises 260 to 320 and is all-in
cuprarrr: calls 260
*** FLOP *** [3h 7d Ts]
*** TURN *** [3h 7d Ts] [6s]
*** RIVER *** [3h 7d Ts 6s] [3s]
*** SHOW DOWN ***
cuprarrr: shows [Kd 7c] (two pair, Sevens and Threes)
Mahu2021: shows [9s 5s] (a flush, Ten high)
Mahu2021 collected 640 from pot
*** SUMMARY ***
Total pot 640 | Rake 0 
Board [3h 7d Ts 6s 3s]
Seat 2: cuprarrr (big blind) showed [Kd 7c] and lost with two pair, Sevens and Threes
Seat 3: Mahu2021 (button) (small blind) showed [9s 5s] and won (640) with a flush, Ten high



PokerStars Hand #242979080630: Tournament #3574933136, $0.92+$0.08 USD Hold'em No Limit - Level IV (30/60) - 2023/04/09 9:04:16 CET [2023/04/09 3:04:16 ET]
Table '3574933136 1' 3-max Seat #2 is the button
Seat 2: cuprarrr (860 in chips) 
Seat 3: Mahu2021 (640 in chips) 
cuprarrr: posts small blind 30
Mahu2021: posts big blind 60
*** HOLE CARDS ***
Dealt to Mahu2021 [5h Qh]
cuprarrr: calls 30
Mahu2021: checks 
*** FLOP *** [Tc 4d 9h]
Mahu2021: checks 
cuprarrr: bets 240
Mahu2021: folds 
Uncalled bet (240) returned to cuprarrr
cuprarrr collected 120 from pot
cuprarrr: doesn't show hand 
*** SUMMARY ***
Total pot 120 | Rake 0 
Board [Tc 4d 9h]
Seat 2: cuprarrr (button) (small blind) collected (120)
Seat 3: Mahu2021 (big blind) folded on the Flop



PokerStars Hand #242979082780: Tournament #3574933136, $0.92+$0.08 USD Hold'em No Limit - Level IV (30/60) - 2023/04/09 9:04:33 CET [2023/04/09 3:04:33 ET]
Table '3574933136 1' 3-max Seat #3 is the button
Seat 2: cuprarrr (920 in chips) 
Seat 3: Mahu2021 (580 in chips) 
Mahu2021: posts small blind 30
cuprarrr: posts big blind 60
*** HOLE CARDS ***
Dealt to Mahu2021 [3h 6h]
Mahu2021: calls 30
cuprarrr: checks 
*** FLOP *** [7c 6c 8d]
cuprarrr: bets 180
Mahu2021: folds 
Uncalled bet (180) returned to cuprarrr
cuprarrr collected 120 from pot
cuprarrr: doesn't show hand 
*** SUMMARY ***
Total pot 120 | Rake 0 
Board [7c 6c 8d]
Seat 2: cuprarrr (big blind) collected (120)
Seat 3: Mahu2021 (button) (small blind) folded on the Flop



PokerStars Hand #242979084559: Tournament #3574933136, $0.92+$0.08 USD Hold'em No Limit - Level IV (30/60) - 2023/04/09 9:04:46 CET [2023/04/09 3:04:46 ET]
Table '3574933136 1' 3-max Seat #2 is the button
Seat 2: cuprarrr (980 in chips) 
Seat 3: Mahu2021 (520 in chips) 
cuprarrr: posts small blind 30
Mahu2021: posts big blind 60
*** HOLE CARDS ***
Dealt to Mahu2021 [Tc 9c]
cuprarrr: calls 30
Mahu2021: checks 
*** FLOP *** [4c 9d 2d]
Mahu2021: bets 460 and is all-in
cuprarrr: folds 
Uncalled bet (460) returned to Mahu2021
Mahu2021 collected 120 from pot
Mahu2021: doesn't show hand 
*** SUMMARY ***
Total pot 120 | Rake 0 
Board [4c 9d 2d]
Seat 2: cuprarrr (button) (small blind) folded on the Flop
Seat 3: Mahu2021 (big blind) collected (120)



PokerStars Hand #242979085853: Tournament #3574933136, $0.92+$0.08 USD Hold'em No Limit - Level IV (30/60) - 2023/04/09 9:04:56 CET [2023/04/09 3:04:56 ET]
Table '3574933136 1' 3-max Seat #3 is the button
Seat 2: cuprarrr (920 in chips) 
Seat 3: Mahu2021 (580 in chips) 
Mahu2021: posts small blind 30
cuprarrr: posts big blind 60
*** HOLE CARDS ***
Dealt to Mahu2021 [6c Qs]
Mahu2021: calls 30
cuprarrr: checks 
*** FLOP *** [Qd Ah As]
cuprarrr: bets 120
Mahu2021: raises 400 to 520 and is all-in
cuprarrr: calls 400
*** TURN *** [Qd Ah As] [Th]
*** RIVER *** [Qd Ah As Th] [2s]
*** SHOW DOWN ***
cuprarrr: shows [9s Kh] (a pair of Aces)
Mahu2021: shows [6c Qs] (two pair, Aces and Queens)
Mahu2021 collected 1160 from pot
*** SUMMARY ***
Total pot 1160 | Rake 0 
Board [Qd Ah As Th 2s]
Seat 2: cuprarrr (big blind) showed [9s Kh] and lost with a pair of Aces
Seat 3: Mahu2021 (button) (small blind) showed [6c Qs] and won (1160) with two pair, Aces and Queens



PokerStars Hand #242979088149: Tournament #3574933136, $0.92+$0.08 USD Hold'em No Limit - Level IV (30/60) - 2023/04/09 9:05:13 CET [2023/04/09 3:05:13 ET]
Table '3574933136 1' 3-max Seat #2 is the button
Seat 2: cuprarrr (340 in chips) 
Seat 3: Mahu2021 (1160 in chips) 
cuprarrr: posts small blind 30
Mahu2021: posts big blind 60
*** HOLE CARDS ***
Dealt to Mahu2021 [7h 8c]
cuprarrr: raises 280 to 340 and is all-in
Mahu2021: folds 
Uncalled bet (280) returned to cuprarrr
cuprarrr collected 120 from pot
cuprarrr: doesn't show hand 
*** SUMMARY ***
Total pot 120 | Rake 0 
Seat 2: cuprarrr (button) (small blind) collected (120)
Seat 3: Mahu2021 (big blind) folded before Flop



PokerStars Hand #242979089137: Tournament #3574933136, $0.92+$0.08 USD Hold'em No Limit - Level IV (30/60) - 2023/04/09 9:05:21 CET [2023/04/09 3:05:21 ET]
Table '3574933136 1' 3-max Seat #3 is the button
Seat 2: cuprarrr (400 in chips) 
Seat 3: Mahu2021 (1100 in chips) 
Mahu2021: posts small blind 30
cuprarrr: posts big blind 60
*** HOLE CARDS ***
Dealt to Mahu2021 [6s Qh]
Mahu2021: calls 30
cuprarrr: checks 
*** FLOP *** [7d 2s 8d]
cuprarrr: checks 
Mahu2021: bets 60
cuprarrr: calls 60
*** TURN *** [7d 2s 8d] [5d]
cuprarrr: bets 60
Mahu2021: calls 60
*** RIVER *** [7d 2s 8d 5d] [4c]
cuprarrr: bets 180
Mahu2021: calls 180
*** SHOW DOWN ***
cuprarrr: shows [6h Tc] (a straight, Four to Eight)
Mahu2021: shows [6s Qh] (a straight, Four to Eight)
cuprarrr collected 360 from pot
Mahu2021 collected 360 from pot
*** SUMMARY ***
Total pot 720 | Rake 0 
Board [7d 2s 8d 5d 4c]
Seat 2: cuprarrr (big blind) showed [6h Tc] and won (360) with a straight, Four to Eight
Seat 3: Mahu2021 (button) (small blind) showed [6s Qh] and won (360) with a straight, Four to Eight



PokerStars Hand #242979093090: Tournament #3574933136, $0.92+$0.08 USD Hold'em No Limit - Level IV (30/60) - 2023/04/09 9:05:51 CET [2023/04/09 3:05:51 ET]
Table '3574933136 1' 3-max Seat #2 is the button
Seat 2: cuprarrr (400 in chips) 
Seat 3: Mahu2021 (1100 in chips) 
cuprarrr: posts small blind 30
Mahu2021: posts big blind 60
*** HOLE CARDS ***
Dealt to Mahu2021 [Qh 8c]
cuprarrr: calls 30
Mahu2021: checks 
*** FLOP *** [3c Tc 2d]
Mahu2021: checks 
cuprarrr: bets 120
Mahu2021: folds 
Uncalled bet (120) returned to cuprarrr
cuprarrr collected 120 from pot
cuprarrr: doesn't show hand 
*** SUMMARY ***
Total pot 120 | Rake 0 
Board [3c Tc 2d]
Seat 2: cuprarrr (button) (small blind) collected (120)
Seat 3: Mahu2021 (big blind) folded on the Flop



PokerStars Hand #242979094943: Tournament #3574933136, $0.92+$0.08 USD Hold'em No Limit - Level V (40/80) - 2023/04/09 9:06:06 CET [2023/04/09 3:06:06 ET]
Table '3574933136 1' 3-max Seat #3 is the button
Seat 2: cuprarrr (460 in chips) 
Seat 3: Mahu2021 (1040 in chips) 
Mahu2021: posts small blind 40
cuprarrr: posts big blind 80
*** HOLE CARDS ***
Dealt to Mahu2021 [5d 7s]
Mahu2021: folds 
Uncalled bet (40) returned to cuprarrr
cuprarrr collected 80 from pot
cuprarrr: doesn't show hand 
*** SUMMARY ***
Total pot 80 | Rake 0 
Seat 2: cuprarrr (big blind) collected (80)
Seat 3: Mahu2021 (button) (small blind) folded before Flop



PokerStars Hand #242979095527: Tournament #3574933136, $0.92+$0.08 USD Hold'em No Limit - Level V (40/80) - 2023/04/09 9:06:10 CET [2023/04/09 3:06:10 ET]
Table '3574933136 1' 3-max Seat #2 is the button
Seat 2: cuprarrr (500 in chips) 
Seat 3: Mahu2021 (1000 in chips) 
cuprarrr: posts small blind 40
Mahu2021: posts big blind 80
*** HOLE CARDS ***
Dealt to Mahu2021 [9d Ah]
cuprarrr: calls 40
Mahu2021: raises 920 to 1000 and is all-in
cuprarrr: folds 
Uncalled bet (920) returned to Mahu2021
Mahu2021 collected 160 from pot
Mahu2021: doesn't show hand 
*** SUMMARY ***
Total pot 160 | Rake 0 
Seat 2: cuprarrr (button) (small blind) folded before Flop
Seat 3: Mahu2021 (big blind) collected (160)



PokerStars Hand #242979096501: Tournament #3574933136, $0.92+$0.08 USD Hold'em No Limit - Level V (40/80) - 2023/04/09 9:06:18 CET [2023/04/09 3:06:18 ET]
Table '3574933136 1' 3-max Seat #3 is the button
Seat 2: cuprarrr (420 in chips) 
Seat 3: Mahu2021 (1080 in chips) 
Mahu2021: posts small blind 40
cuprarrr: posts big blind 80
*** HOLE CARDS ***
Dealt to Mahu2021 [Ac Ah]
Mahu2021: raises 1000 to 1080 and is all-in
cuprarrr: calls 340 and is all-in
Uncalled bet (660) returned to Mahu2021
*** FLOP *** [7d Jh Ts]
*** TURN *** [7d Jh Ts] [Qh]
*** RIVER *** [7d Jh Ts Qh] [As]
*** SHOW DOWN ***
cuprarrr: shows [9h 9c] (a pair of Nines)
Mahu2021: shows [Ac Ah] (three of a kind, Aces)
Mahu2021 collected 840 from pot
cuprarrr finished the tournament in 2nd place
Mahu2021 wins the tournament and receives $2.00 - congratulations!
*** SUMMARY ***
Total pot 840 | Rake 0 
Board [7d Jh Ts Qh As]
Seat 2: cuprarrr (big blind) showed [9h 9c] and lost with a pair of Nines
Seat 3: Mahu2021 (button) (small blind) showed [Ac Ah] and won (840) with three of a kind, Aces



