PokerStars Hand #254746448718: Tournament #3856139205, $0.96+$0.04 USD Hold'em No Limit - Match Round I, Level I (25/50) - 2025/02/07 7:47:07 CET [2025/02/07 1:47:07 ET]
Table '3856139205 2' 4-max Seat #1 is the button
Seat 1: feng4126 (500 in chips) 
Seat 2: Mahu2021 (500 in chips) 
Seat 3: brockodiledun-d (500 in chips) 
Seat 4: herb956 (500 in chips) 
feng4126: posts the ante 10
Mahu2021: posts the ante 10
brockodiledun-d: posts the ante 10
herb956: posts the ante 10
Mahu2021: posts small blind 25
brockodiledun-d: posts big blind 50
*** HOLE CARDS ***
Dealt to Mahu2021 [Kc 7c]
herb956: folds 
feng4126: folds 
Mahu2021 has timed out
Mahu2021: folds 
Mahu2021 is sitting out
Uncalled bet (25) returned to brockodiledun-d
brockodiledun-d collected 90 from pot
*** SUMMARY ***
Total pot 90 | Rake 0 
Seat 1: feng4126 (button) folded before Flop (didn't bet)
Seat 2: Mahu2021 (small blind) folded before Flop
Seat 3: brockodiledun-d (big blind) collected (90)
Seat 4: herb956 folded before Flop (didn't bet)



PokerStars Hand #254746451300: Tournament #3856139205, $0.96+$0.04 USD Hold'em No Limit - Match Round I, Level I (25/50) - 2025/02/07 7:47:41 CET [2025/02/07 1:47:41 ET]
Table '3856139205 2' 4-max Seat #2 is the button
Seat 1: feng4126 (490 in chips) 
Seat 2: Mahu2021 (465 in chips) is sitting out
Seat 3: brockodiledun-d (555 in chips) 
Seat 4: herb956 (490 in chips) 
feng4126: posts the ante 10
Mahu2021: posts the ante 10
brockodiledun-d: posts the ante 10
herb956: posts the ante 10
brockodiledun-d: posts small blind 25
herb956: posts big blind 50
*** HOLE CARDS ***
Dealt to Mahu2021 [2c Kd]
feng4126: raises 50 to 100
Mahu2021: folds 
brockodiledun-d: calls 75
herb956: folds 
*** FLOP *** [Kc Qh 2h]
brockodiledun-d: checks 
feng4126: bets 150
brockodiledun-d: folds 
Uncalled bet (150) returned to feng4126
feng4126 collected 290 from pot
feng4126: doesn't show hand 
*** SUMMARY ***
Total pot 290 | Rake 0 
Board [Kc Qh 2h]
Seat 1: feng4126 collected (290)
Seat 2: Mahu2021 (button) folded before Flop (didn't bet)
Seat 3: brockodiledun-d (small blind) folded on the Flop
Seat 4: herb956 (big blind) folded before Flop



PokerStars Hand #254746453118: Tournament #3856139205, $0.96+$0.04 USD Hold'em No Limit - Match Round I, Level I (25/50) - 2025/02/07 7:48:05 CET [2025/02/07 1:48:05 ET]
Table '3856139205 2' 4-max Seat #3 is the button
Seat 1: feng4126 (670 in chips) 
Seat 2: Mahu2021 (455 in chips) is sitting out
Seat 3: brockodiledun-d (445 in chips) 
Seat 4: herb956 (430 in chips) 
feng4126: posts the ante 10
Mahu2021: posts the ante 10
brockodiledun-d: posts the ante 10
herb956: posts the ante 10
herb956: posts small blind 25
feng4126: posts big blind 50
*** HOLE CARDS ***
Dealt to Mahu2021 [8s Qd]
Mahu2021: folds 
brockodiledun-d: calls 50
herb956: folds 
feng4126: checks 
*** FLOP *** [9d Qs Td]
feng4126: checks 
brockodiledun-d: checks 
*** TURN *** [9d Qs Td] [Ad]
feng4126: checks 
brockodiledun-d: bets 100
feng4126: folds 
Uncalled bet (100) returned to brockodiledun-d
brockodiledun-d collected 165 from pot
*** SUMMARY ***
Total pot 165 | Rake 0 
Board [9d Qs Td Ad]
Seat 1: feng4126 (big blind) folded on the Turn
Seat 2: Mahu2021 folded before Flop (didn't bet)
Seat 3: brockodiledun-d (button) collected (165)
Seat 4: herb956 (small blind) folded before Flop



PokerStars Hand #254746455388: Tournament #3856139205, $0.96+$0.04 USD Hold'em No Limit - Match Round I, Level I (25/50) - 2025/02/07 7:48:34 CET [2025/02/07 1:48:34 ET]
Table '3856139205 2' 4-max Seat #4 is the button
Seat 1: feng4126 (610 in chips) 
Seat 2: Mahu2021 (445 in chips) is sitting out
Seat 3: brockodiledun-d (550 in chips) 
Seat 4: herb956 (395 in chips) 
feng4126: posts the ante 10
Mahu2021: posts the ante 10
brockodiledun-d: posts the ante 10
herb956: posts the ante 10
feng4126: posts small blind 25
Mahu2021: posts big blind 50
*** HOLE CARDS ***
Dealt to Mahu2021 [7h Js]
brockodiledun-d: folds 
herb956: folds 
feng4126: raises 50 to 100
Mahu2021: folds 
Uncalled bet (50) returned to feng4126
feng4126 collected 140 from pot
feng4126: doesn't show hand 
*** SUMMARY ***
Total pot 140 | Rake 0 
Seat 1: feng4126 (small blind) collected (140)
Seat 2: Mahu2021 (big blind) folded before Flop
Seat 3: brockodiledun-d folded before Flop (didn't bet)
Seat 4: herb956 (button) folded before Flop (didn't bet)



PokerStars Hand #254746456099: Tournament #3856139205, $0.96+$0.04 USD Hold'em No Limit - Match Round I, Level I (25/50) - 2025/02/07 7:48:43 CET [2025/02/07 1:48:43 ET]
Table '3856139205 2' 4-max Seat #1 is the button
Seat 1: feng4126 (690 in chips) 
Seat 2: Mahu2021 (385 in chips) is sitting out
Seat 3: brockodiledun-d (540 in chips) 
Seat 4: herb956 (385 in chips) 
feng4126: posts the ante 10
Mahu2021: posts the ante 10
brockodiledun-d: posts the ante 10
herb956: posts the ante 10
Mahu2021: posts small blind 25
brockodiledun-d: posts big blind 50
*** HOLE CARDS ***
Dealt to Mahu2021 [Qh Qd]
herb956: raises 325 to 375 and is all-in
feng4126: folds 
Mahu2021: folds 
brockodiledun-d: folds 
Uncalled bet (325) returned to herb956
herb956 collected 165 from pot
Mahu2021 has returned
*** SUMMARY ***
Total pot 165 | Rake 0 
Seat 1: feng4126 (button) folded before Flop (didn't bet)
Seat 2: Mahu2021 (small blind) folded before Flop
Seat 3: brockodiledun-d (big blind) folded before Flop
Seat 4: herb956 collected (165)



PokerStars Hand #254746456990: Tournament #3856139205, $0.96+$0.04 USD Hold'em No Limit - Match Round I, Level I (25/50) - 2025/02/07 7:48:55 CET [2025/02/07 1:48:55 ET]
Table '3856139205 2' 4-max Seat #2 is the button
Seat 1: feng4126 (680 in chips) 
Seat 2: Mahu2021 (350 in chips) 
Seat 3: brockodiledun-d (480 in chips) 
Seat 4: herb956 (490 in chips) 
feng4126: posts the ante 10
Mahu2021: posts the ante 10
brockodiledun-d: posts the ante 10
herb956: posts the ante 10
brockodiledun-d: posts small blind 25
herb956: posts big blind 50
*** HOLE CARDS ***
Dealt to Mahu2021 [3h 8c]
feng4126: raises 50 to 100
Mahu2021: folds 
brockodiledun-d: folds 
herb956: raises 380 to 480 and is all-in
feng4126: calls 380
*** FLOP *** [5h Kd Th]
*** TURN *** [5h Kd Th] [8h]
*** RIVER *** [5h Kd Th 8h] [Jc]
*** SHOW DOWN ***
herb956: shows [2h Ac] (high card Ace)
feng4126: shows [Td Ah] (a pair of Tens)
feng4126 collected 1025 from pot
herb956 is sitting out
herb956 finished the tournament in 13th place
*** SUMMARY ***
Total pot 1025 | Rake 0 
Board [5h Kd Th 8h Jc]
Seat 1: feng4126 showed [Td Ah] and won (1025) with a pair of Tens
Seat 2: Mahu2021 (button) folded before Flop (didn't bet)
Seat 3: brockodiledun-d (small blind) folded before Flop
Seat 4: herb956 (big blind) showed [2h Ac] and lost with high card Ace



PokerStars Hand #254746458633: Tournament #3856139205, $0.96+$0.04 USD Hold'em No Limit - Match Round I, Level I (25/50) - 2025/02/07 7:49:16 CET [2025/02/07 1:49:16 ET]
Table '3856139205 2' 4-max Seat #3 is the button
Seat 1: feng4126 (1215 in chips) 
Seat 2: Mahu2021 (340 in chips) 
Seat 3: brockodiledun-d (445 in chips) 
feng4126: posts the ante 10
Mahu2021: posts the ante 10
brockodiledun-d: posts the ante 10
feng4126: posts small blind 25
Mahu2021: posts big blind 50
*** HOLE CARDS ***
Dealt to Mahu2021 [4h 8h]
brockodiledun-d: folds 
feng4126: raises 50 to 100
Mahu2021: folds 
Uncalled bet (50) returned to feng4126
feng4126 collected 130 from pot
feng4126: doesn't show hand 
*** SUMMARY ***
Total pot 130 | Rake 0 
Seat 1: feng4126 (small blind) collected (130)
Seat 2: Mahu2021 (big blind) folded before Flop
Seat 3: brockodiledun-d (button) folded before Flop (didn't bet)



PokerStars Hand #254746459343: Tournament #3856139205, $0.96+$0.04 USD Hold'em No Limit - Match Round I, Level I (25/50) - 2025/02/07 7:49:26 CET [2025/02/07 1:49:26 ET]
Table '3856139205 2' 4-max Seat #1 is the button
Seat 1: feng4126 (1285 in chips) 
Seat 2: Mahu2021 (280 in chips) 
Seat 3: brockodiledun-d (435 in chips) 
feng4126: posts the ante 10
Mahu2021: posts the ante 10
brockodiledun-d: posts the ante 10
Mahu2021: posts small blind 25
brockodiledun-d: posts big blind 50
*** HOLE CARDS ***
Dealt to Mahu2021 [9h 9d]
feng4126: raises 1225 to 1275 and is all-in
Mahu2021: calls 245 and is all-in
brockodiledun-d: folds 
Uncalled bet (1005) returned to feng4126
*** FLOP *** [4d 3c Ts]
*** TURN *** [4d 3c Ts] [Kd]
*** RIVER *** [4d 3c Ts Kd] [3h]
*** SHOW DOWN ***
Mahu2021: shows [9h 9d] (two pair, Nines and Threes)
feng4126: shows [8d As] (a pair of Threes)
Mahu2021 collected 620 from pot
*** SUMMARY ***
Total pot 620 | Rake 0 
Board [4d 3c Ts Kd 3h]
Seat 1: feng4126 (button) showed [8d As] and lost with a pair of Threes
Seat 2: Mahu2021 (small blind) showed [9h 9d] and won (620) with two pair, Nines and Threes
Seat 3: brockodiledun-d (big blind) folded before Flop



PokerStars Hand #254746460766: Tournament #3856139205, $0.96+$0.04 USD Hold'em No Limit - Match Round I, Level I (25/50) - 2025/02/07 7:49:45 CET [2025/02/07 1:49:45 ET]
Table '3856139205 2' 4-max Seat #2 is the button
Seat 1: feng4126 (1005 in chips) 
Seat 2: Mahu2021 (620 in chips) 
Seat 3: brockodiledun-d (375 in chips) 
feng4126: posts the ante 10
Mahu2021: posts the ante 10
brockodiledun-d: posts the ante 10
brockodiledun-d: posts small blind 25
feng4126: posts big blind 50
*** HOLE CARDS ***
Dealt to Mahu2021 [5s Tc]
Mahu2021: folds 
brockodiledun-d: calls 25
feng4126: raises 150 to 200
brockodiledun-d: calls 150
*** FLOP *** [Ks Ah 4h]
brockodiledun-d: checks 
feng4126: bets 200
brockodiledun-d: folds 
Uncalled bet (200) returned to feng4126
feng4126 collected 430 from pot
feng4126: doesn't show hand 
*** SUMMARY ***
Total pot 430 | Rake 0 
Board [Ks Ah 4h]
Seat 1: feng4126 (big blind) collected (430)
Seat 2: Mahu2021 (button) folded before Flop (didn't bet)
Seat 3: brockodiledun-d (small blind) folded on the Flop



PokerStars Hand #254746463032: Tournament #3856139205, $0.96+$0.04 USD Hold'em No Limit - Match Round I, Level II (50/100) - 2025/02/07 7:50:15 CET [2025/02/07 1:50:15 ET]
Table '3856139205 2' 4-max Seat #3 is the button
Seat 1: feng4126 (1225 in chips) 
Seat 2: Mahu2021 (610 in chips) 
Seat 3: brockodiledun-d (165 in chips) 
feng4126: posts the ante 20
Mahu2021: posts the ante 20
brockodiledun-d: posts the ante 20
feng4126: posts small blind 50
Mahu2021: posts big blind 100
*** HOLE CARDS ***
Dealt to Mahu2021 [Kc 3d]
brockodiledun-d: raises 45 to 145 and is all-in
feng4126: folds 
Mahu2021: calls 45
*** FLOP *** [Ah 2d 6d]
*** TURN *** [Ah 2d 6d] [2h]
*** RIVER *** [Ah 2d 6d 2h] [2s]
*** SHOW DOWN ***
Mahu2021: shows [Kc 3d] (three of a kind, Deuces)
brockodiledun-d: shows [Jd Jc] (a full house, Deuces full of Jacks)
brockodiledun-d collected 400 from pot
*** SUMMARY ***
Total pot 400 | Rake 0 
Board [Ah 2d 6d 2h 2s]
Seat 1: feng4126 (small blind) folded before Flop
Seat 2: Mahu2021 (big blind) showed [Kc 3d] and lost with three of a kind, Deuces
Seat 3: brockodiledun-d (button) showed [Jd Jc] and won (400) with a full house, Deuces full of Jacks



PokerStars Hand #254746464442: Tournament #3856139205, $0.96+$0.04 USD Hold'em No Limit - Match Round I, Level II (50/100) - 2025/02/07 7:50:34 CET [2025/02/07 1:50:34 ET]
Table '3856139205 2' 4-max Seat #1 is the button
Seat 1: feng4126 (1155 in chips) 
Seat 2: Mahu2021 (445 in chips) 
Seat 3: brockodiledun-d (400 in chips) 
feng4126: posts the ante 20
Mahu2021: posts the ante 20
brockodiledun-d: posts the ante 20
Mahu2021: posts small blind 50
brockodiledun-d: posts big blind 100
*** HOLE CARDS ***
Dealt to Mahu2021 [7d 5s]
feng4126: folds 
Mahu2021: folds 
Uncalled bet (50) returned to brockodiledun-d
brockodiledun-d collected 160 from pot
*** SUMMARY ***
Total pot 160 | Rake 0 
Seat 1: feng4126 (button) folded before Flop (didn't bet)
Seat 2: Mahu2021 (small blind) folded before Flop
Seat 3: brockodiledun-d (big blind) collected (160)



PokerStars Hand #254746465035: Tournament #3856139205, $0.96+$0.04 USD Hold'em No Limit - Match Round I, Level II (50/100) - 2025/02/07 7:50:41 CET [2025/02/07 1:50:41 ET]
Table '3856139205 2' 4-max Seat #2 is the button
Seat 1: feng4126 (1135 in chips) 
Seat 2: Mahu2021 (375 in chips) 
Seat 3: brockodiledun-d (490 in chips) 
feng4126: posts the ante 20
Mahu2021: posts the ante 20
brockodiledun-d: posts the ante 20
brockodiledun-d: posts small blind 50
feng4126: posts big blind 100
*** HOLE CARDS ***
Dealt to Mahu2021 [4c 7s]
Mahu2021: folds 
brockodiledun-d: calls 50
feng4126: raises 1015 to 1115 and is all-in
brockodiledun-d: folds 
Uncalled bet (1015) returned to feng4126
feng4126 collected 260 from pot
feng4126: doesn't show hand 
*** SUMMARY ***
Total pot 260 | Rake 0 
Seat 1: feng4126 (big blind) collected (260)
Seat 2: Mahu2021 (button) folded before Flop (didn't bet)
Seat 3: brockodiledun-d (small blind) folded before Flop



PokerStars Hand #254746466126: Tournament #3856139205, $0.96+$0.04 USD Hold'em No Limit - Match Round I, Level II (50/100) - 2025/02/07 7:50:56 CET [2025/02/07 1:50:56 ET]
Table '3856139205 2' 4-max Seat #3 is the button
Seat 1: feng4126 (1275 in chips) 
Seat 2: Mahu2021 (355 in chips) 
Seat 3: brockodiledun-d (370 in chips) 
feng4126: posts the ante 20
Mahu2021: posts the ante 20
brockodiledun-d: posts the ante 20
feng4126: posts small blind 50
Mahu2021: posts big blind 100
*** HOLE CARDS ***
Dealt to Mahu2021 [6d 3s]
brockodiledun-d: folds 
feng4126: folds 
Uncalled bet (50) returned to Mahu2021
Mahu2021 collected 160 from pot
Mahu2021: doesn't show hand 
*** SUMMARY ***
Total pot 160 | Rake 0 
Seat 1: feng4126 (small blind) folded before Flop
Seat 2: Mahu2021 (big blind) collected (160)
Seat 3: brockodiledun-d (button) folded before Flop (didn't bet)



PokerStars Hand #254746466863: Tournament #3856139205, $0.96+$0.04 USD Hold'em No Limit - Match Round I, Level II (50/100) - 2025/02/07 7:51:05 CET [2025/02/07 1:51:05 ET]
Table '3856139205 2' 4-max Seat #1 is the button
Seat 1: feng4126 (1205 in chips) 
Seat 2: Mahu2021 (445 in chips) 
Seat 3: brockodiledun-d (350 in chips) 
feng4126: posts the ante 20
Mahu2021: posts the ante 20
brockodiledun-d: posts the ante 20
Mahu2021: posts small blind 50
brockodiledun-d: posts big blind 100
*** HOLE CARDS ***
Dealt to Mahu2021 [7s Js]
feng4126: folds 
Mahu2021: calls 50
brockodiledun-d: raises 100 to 200
Mahu2021: calls 100
*** FLOP *** [6h 8h Qc]
Mahu2021: checks 
brockodiledun-d: bets 130 and is all-in
Mahu2021: folds 
Uncalled bet (130) returned to brockodiledun-d
brockodiledun-d collected 460 from pot
*** SUMMARY ***
Total pot 460 | Rake 0 
Board [6h 8h Qc]
Seat 1: feng4126 (button) folded before Flop (didn't bet)
Seat 2: Mahu2021 (small blind) folded on the Flop
Seat 3: brockodiledun-d (big blind) collected (460)



PokerStars Hand #254746468494: Tournament #3856139205, $0.96+$0.04 USD Hold'em No Limit - Match Round I, Level II (50/100) - 2025/02/07 7:51:27 CET [2025/02/07 1:51:27 ET]
Table '3856139205 2' 4-max Seat #2 is the button
Seat 1: feng4126 (1185 in chips) 
Seat 2: Mahu2021 (225 in chips) 
Seat 3: brockodiledun-d (590 in chips) 
feng4126: posts the ante 20
Mahu2021: posts the ante 20
brockodiledun-d: posts the ante 20
brockodiledun-d: posts small blind 50
feng4126: posts big blind 100
*** HOLE CARDS ***
Dealt to Mahu2021 [Kc Qc]
Mahu2021: raises 105 to 205 and is all-in
brockodiledun-d: folds 
feng4126: folds 
Uncalled bet (105) returned to Mahu2021
Mahu2021 collected 310 from pot
Mahu2021: doesn't show hand 
*** SUMMARY ***
Total pot 310 | Rake 0 
Seat 1: feng4126 (big blind) folded before Flop
Seat 2: Mahu2021 (button) collected (310)
Seat 3: brockodiledun-d (small blind) folded before Flop



PokerStars Hand #254746469064: Tournament #3856139205, $0.96+$0.04 USD Hold'em No Limit - Match Round I, Level II (50/100) - 2025/02/07 7:51:35 CET [2025/02/07 1:51:35 ET]
Table '3856139205 2' 4-max Seat #3 is the button
Seat 1: feng4126 (1065 in chips) 
Seat 2: Mahu2021 (415 in chips) 
Seat 3: brockodiledun-d (520 in chips) 
feng4126: posts the ante 20
Mahu2021: posts the ante 20
brockodiledun-d: posts the ante 20
feng4126: posts small blind 50
Mahu2021: posts big blind 100
*** HOLE CARDS ***
Dealt to Mahu2021 [Ks 9d]
brockodiledun-d: calls 100
feng4126: raises 360 to 460
Mahu2021: calls 295 and is all-in
brockodiledun-d: calls 360
*** FLOP *** [6d 5h Ad]
feng4126: bets 200
brockodiledun-d: calls 40 and is all-in
Uncalled bet (160) returned to feng4126
*** TURN *** [6d 5h Ad] [8h]
*** RIVER *** [6d 5h Ad 8h] [4h]
*** SHOW DOWN ***
feng4126: shows [Ah Kd] (a pair of Aces)
brockodiledun-d: shows [9c Ac] (a pair of Aces - lower kicker)
feng4126 collected 210 from side pot
Mahu2021: shows [Ks 9d] (high card Ace)
feng4126 collected 1245 from main pot
brockodiledun-d finished the tournament in 8th place
Mahu2021 finished the tournament in 9th place
*** SUMMARY ***
Total pot 1455 Main pot 1245. Side pot 210. | Rake 0 
Board [6d 5h Ad 8h 4h]
Seat 1: feng4126 (small blind) showed [Ah Kd] and won (1455) with a pair of Aces
Seat 2: Mahu2021 (big blind) showed [Ks 9d] and lost with high card Ace
Seat 3: brockodiledun-d (button) showed [9c Ac] and lost with a pair of Aces



