PokerStars Hand #244358334526: Tournament #3606463619, $0.92+$0.08 USD Hold'em No Limit - Level I (10/20) - 2023/06/19 20:31:24 CET [2023/06/19 14:31:24 ET]
Table '3606463619 1' 3-max Seat #1 is the button
Seat 1: Mahu2021 (500 in chips) 
Seat 2: luciansta243 (500 in chips) 
Seat 3: Liiri (500 in chips) 
luciansta243: posts small blind 10
Liiri: posts big blind 20
*** HOLE CARDS ***
Dealt to Mahu2021 [6c 9c]
Mahu2021: calls 20
luciansta243: raises 40 to 60
Liiri: raises 440 to 500 and is all-in
Mahu2021: folds 
luciansta243: calls 440 and is all-in
*** FLOP *** [Tc Jh 9h]
*** TURN *** [Tc Jh 9h] [4s]
*** RIVER *** [Tc Jh 9h 4s] [Qs]
*** SHOW DOWN ***
luciansta243: shows [2h Kd] (a straight, Nine to King)
Liiri: shows [Ad Ks] (a straight, Ten to Ace)
Liiri collected 1020 from pot
luciansta243 finished the tournament in 3rd place
*** SUMMARY ***
Total pot 1020 | Rake 0 
Board [Tc Jh 9h 4s Qs]
Seat 1: Mahu2021 (button) folded before Flop
Seat 2: luciansta243 (small blind) showed [2h Kd] and lost with a straight, Nine to King
Seat 3: Liiri (big blind) showed [Ad Ks] and won (1020) with a straight, Ten to Ace



PokerStars Hand #244358342423: Tournament #3606463619, $0.92+$0.08 USD Hold'em No Limit - Level I (10/20) - 2023/06/19 20:31:49 CET [2023/06/19 14:31:49 ET]
Table '3606463619 1' 3-max Seat #3 is the button
Seat 1: Mahu2021 (480 in chips) 
Seat 3: Liiri (1020 in chips) 
Liiri: posts small blind 10
Mahu2021: posts big blind 20
*** HOLE CARDS ***
Dealt to Mahu2021 [9c 3c]
Liiri: folds 
Uncalled bet (10) returned to Mahu2021
Mahu2021 collected 20 from pot
Mahu2021: doesn't show hand 
*** SUMMARY ***
Total pot 20 | Rake 0 
Seat 1: Mahu2021 (big blind) collected (20)
Seat 3: Liiri (button) (small blind) folded before Flop



PokerStars Hand #244358343932: Tournament #3606463619, $0.92+$0.08 USD Hold'em No Limit - Level I (10/20) - 2023/06/19 20:31:54 CET [2023/06/19 14:31:54 ET]
Table '3606463619 1' 3-max Seat #1 is the button
Seat 1: Mahu2021 (490 in chips) 
Seat 3: Liiri (1010 in chips) 
Mahu2021: posts small blind 10
Liiri: posts big blind 20
*** HOLE CARDS ***
Dealt to Mahu2021 [Qc 9h]
Mahu2021: calls 10
Liiri: checks 
*** FLOP *** [3s Ah 6c]
Liiri: checks 
Mahu2021: bets 20
Liiri: folds 
Uncalled bet (20) returned to Mahu2021
Mahu2021 collected 40 from pot
Mahu2021: doesn't show hand 
*** SUMMARY ***
Total pot 40 | Rake 0 
Board [3s Ah 6c]
Seat 1: Mahu2021 (button) (small blind) collected (40)
Seat 3: Liiri (big blind) folded on the Flop



PokerStars Hand #244358347725: Tournament #3606463619, $0.92+$0.08 USD Hold'em No Limit - Level I (10/20) - 2023/06/19 20:32:06 CET [2023/06/19 14:32:06 ET]
Table '3606463619 1' 3-max Seat #3 is the button
Seat 1: Mahu2021 (510 in chips) 
Seat 3: Liiri (990 in chips) 
Liiri: posts small blind 10
Mahu2021: posts big blind 20
*** HOLE CARDS ***
Dealt to Mahu2021 [Qd 2c]
Liiri: folds 
Uncalled bet (10) returned to Mahu2021
Mahu2021 collected 20 from pot
Mahu2021: doesn't show hand 
*** SUMMARY ***
Total pot 20 | Rake 0 
Seat 1: Mahu2021 (big blind) collected (20)
Seat 3: Liiri (button) (small blind) folded before Flop



PokerStars Hand #244358349499: Tournament #3606463619, $0.92+$0.08 USD Hold'em No Limit - Level I (10/20) - 2023/06/19 20:32:11 CET [2023/06/19 14:32:11 ET]
Table '3606463619 1' 3-max Seat #1 is the button
Seat 1: Mahu2021 (520 in chips) 
Seat 3: Liiri (980 in chips) 
Mahu2021: posts small blind 10
Liiri: posts big blind 20
*** HOLE CARDS ***
Dealt to Mahu2021 [Jd 5s]
Mahu2021: folds 
Uncalled bet (10) returned to Liiri
Liiri collected 20 from pot
Liiri: doesn't show hand 
*** SUMMARY ***
Total pot 20 | Rake 0 
Seat 1: Mahu2021 (button) (small blind) folded before Flop
Seat 3: Liiri (big blind) collected (20)



PokerStars Hand #244358350802: Tournament #3606463619, $0.92+$0.08 USD Hold'em No Limit - Level I (10/20) - 2023/06/19 20:32:16 CET [2023/06/19 14:32:16 ET]
Table '3606463619 1' 3-max Seat #3 is the button
Seat 1: Mahu2021 (510 in chips) 
Seat 3: Liiri (990 in chips) 
Liiri: posts small blind 10
Mahu2021: posts big blind 20
*** HOLE CARDS ***
Dealt to Mahu2021 [Th 9h]
Liiri: raises 20 to 40
Mahu2021: calls 20
*** FLOP *** [5h Js 4d]
Mahu2021: checks 
Liiri: bets 40
Mahu2021: folds 
Uncalled bet (40) returned to Liiri
Liiri collected 80 from pot
Liiri: doesn't show hand 
*** SUMMARY ***
Total pot 80 | Rake 0 
Board [5h Js 4d]
Seat 1: Mahu2021 (big blind) folded on the Flop
Seat 3: Liiri (button) (small blind) collected (80)



PokerStars Hand #244358354965: Tournament #3606463619, $0.92+$0.08 USD Hold'em No Limit - Level I (10/20) - 2023/06/19 20:32:29 CET [2023/06/19 14:32:29 ET]
Table '3606463619 1' 3-max Seat #1 is the button
Seat 1: Mahu2021 (470 in chips) 
Seat 3: Liiri (1030 in chips) 
Mahu2021: posts small blind 10
Liiri: posts big blind 20
*** HOLE CARDS ***
Dealt to Mahu2021 [Ah 3c]
Mahu2021: calls 10
Liiri: checks 
*** FLOP *** [4h Js 4d]
Liiri: checks 
Mahu2021: bets 40
Liiri: folds 
Uncalled bet (40) returned to Mahu2021
Mahu2021 collected 40 from pot
Mahu2021: doesn't show hand 
*** SUMMARY ***
Total pot 40 | Rake 0 
Board [4h Js 4d]
Seat 1: Mahu2021 (button) (small blind) collected (40)
Seat 3: Liiri (big blind) folded on the Flop



PokerStars Hand #244358358863: Tournament #3606463619, $0.92+$0.08 USD Hold'em No Limit - Level I (10/20) - 2023/06/19 20:32:41 CET [2023/06/19 14:32:41 ET]
Table '3606463619 1' 3-max Seat #3 is the button
Seat 1: Mahu2021 (490 in chips) 
Seat 3: Liiri (1010 in chips) 
Liiri: posts small blind 10
Mahu2021: posts big blind 20
*** HOLE CARDS ***
Dealt to Mahu2021 [Ks 8h]
Liiri: calls 10
Mahu2021: checks 
*** FLOP *** [Jd 4c 4h]
Mahu2021: checks 
Liiri: bets 20
Mahu2021: folds 
Uncalled bet (20) returned to Liiri
Liiri collected 40 from pot
Liiri: doesn't show hand 
*** SUMMARY ***
Total pot 40 | Rake 0 
Board [Jd 4c 4h]
Seat 1: Mahu2021 (big blind) folded on the Flop
Seat 3: Liiri (button) (small blind) collected (40)



PokerStars Hand #244358362840: Tournament #3606463619, $0.92+$0.08 USD Hold'em No Limit - Level I (10/20) - 2023/06/19 20:32:54 CET [2023/06/19 14:32:54 ET]
Table '3606463619 1' 3-max Seat #1 is the button
Seat 1: Mahu2021 (470 in chips) 
Seat 3: Liiri (1030 in chips) 
Mahu2021: posts small blind 10
Liiri: posts big blind 20
*** HOLE CARDS ***
Dealt to Mahu2021 [6h 9s]
Mahu2021: folds 
Uncalled bet (10) returned to Liiri
Liiri collected 20 from pot
Liiri: doesn't show hand 
*** SUMMARY ***
Total pot 20 | Rake 0 
Seat 1: Mahu2021 (button) (small blind) folded before Flop
Seat 3: Liiri (big blind) collected (20)



PokerStars Hand #244358364113: Tournament #3606463619, $0.92+$0.08 USD Hold'em No Limit - Level I (10/20) - 2023/06/19 20:32:58 CET [2023/06/19 14:32:58 ET]
Table '3606463619 1' 3-max Seat #3 is the button
Seat 1: Mahu2021 (460 in chips) 
Seat 3: Liiri (1040 in chips) 
Liiri: posts small blind 10
Mahu2021: posts big blind 20
*** HOLE CARDS ***
Dealt to Mahu2021 [Tc Ac]
Liiri: folds 
Uncalled bet (10) returned to Mahu2021
Mahu2021 collected 20 from pot
Mahu2021: doesn't show hand 
*** SUMMARY ***
Total pot 20 | Rake 0 
Seat 1: Mahu2021 (big blind) collected (20)
Seat 3: Liiri (button) (small blind) folded before Flop



PokerStars Hand #244358365573: Tournament #3606463619, $0.92+$0.08 USD Hold'em No Limit - Level I (10/20) - 2023/06/19 20:33:03 CET [2023/06/19 14:33:03 ET]
Table '3606463619 1' 3-max Seat #1 is the button
Seat 1: Mahu2021 (470 in chips) 
Seat 3: Liiri (1030 in chips) 
Mahu2021: posts small blind 10
Liiri: posts big blind 20
*** HOLE CARDS ***
Dealt to Mahu2021 [4h Kd]
Mahu2021: raises 20 to 40
Liiri: folds 
Uncalled bet (20) returned to Mahu2021
Mahu2021 collected 40 from pot
Mahu2021: doesn't show hand 
*** SUMMARY ***
Total pot 40 | Rake 0 
Seat 1: Mahu2021 (button) (small blind) collected (40)
Seat 3: Liiri (big blind) folded before Flop



PokerStars Hand #244358367567: Tournament #3606463619, $0.92+$0.08 USD Hold'em No Limit - Level I (10/20) - 2023/06/19 20:33:09 CET [2023/06/19 14:33:09 ET]
Table '3606463619 1' 3-max Seat #3 is the button
Seat 1: Mahu2021 (490 in chips) 
Seat 3: Liiri (1010 in chips) 
Liiri: posts small blind 10
Mahu2021: posts big blind 20
*** HOLE CARDS ***
Dealt to Mahu2021 [3s Jc]
Liiri: folds 
Uncalled bet (10) returned to Mahu2021
Mahu2021 collected 20 from pot
Mahu2021: doesn't show hand 
*** SUMMARY ***
Total pot 20 | Rake 0 
Seat 1: Mahu2021 (big blind) collected (20)
Seat 3: Liiri (button) (small blind) folded before Flop



PokerStars Hand #244358369059: Tournament #3606463619, $0.92+$0.08 USD Hold'em No Limit - Level I (10/20) - 2023/06/19 20:33:14 CET [2023/06/19 14:33:14 ET]
Table '3606463619 1' 3-max Seat #1 is the button
Seat 1: Mahu2021 (500 in chips) 
Seat 3: Liiri (1000 in chips) 
Mahu2021: posts small blind 10
Liiri: posts big blind 20
*** HOLE CARDS ***
Dealt to Mahu2021 [Td 7s]
Mahu2021: calls 10
Liiri: checks 
*** FLOP *** [8c 2s Tc]
Liiri: checks 
Mahu2021: bets 40
Liiri: folds 
Uncalled bet (40) returned to Mahu2021
Mahu2021 collected 40 from pot
Mahu2021: doesn't show hand 
*** SUMMARY ***
Total pot 40 | Rake 0 
Board [8c 2s Tc]
Seat 1: Mahu2021 (button) (small blind) collected (40)
Seat 3: Liiri (big blind) folded on the Flop



PokerStars Hand #244358372749: Tournament #3606463619, $0.92+$0.08 USD Hold'em No Limit - Level I (10/20) - 2023/06/19 20:33:25 CET [2023/06/19 14:33:25 ET]
Table '3606463619 1' 3-max Seat #3 is the button
Seat 1: Mahu2021 (520 in chips) 
Seat 3: Liiri (980 in chips) 
Liiri: posts small blind 10
Mahu2021: posts big blind 20
*** HOLE CARDS ***
Dealt to Mahu2021 [Qd 8s]
Liiri: folds 
Uncalled bet (10) returned to Mahu2021
Mahu2021 collected 20 from pot
Mahu2021: doesn't show hand 
*** SUMMARY ***
Total pot 20 | Rake 0 
Seat 1: Mahu2021 (big blind) collected (20)
Seat 3: Liiri (button) (small blind) folded before Flop



PokerStars Hand #244358374639: Tournament #3606463619, $0.92+$0.08 USD Hold'em No Limit - Level I (10/20) - 2023/06/19 20:33:31 CET [2023/06/19 14:33:31 ET]
Table '3606463619 1' 3-max Seat #1 is the button
Seat 1: Mahu2021 (530 in chips) 
Seat 3: Liiri (970 in chips) 
Mahu2021: posts small blind 10
Liiri: posts big blind 20
*** HOLE CARDS ***
Dealt to Mahu2021 [Ad Td]
Mahu2021: raises 20 to 40
Liiri: calls 20
*** FLOP *** [5h 6d Js]
Liiri: checks 
Mahu2021: bets 40
Liiri: calls 40
*** TURN *** [5h 6d Js] [4d]
Liiri: checks 
Mahu2021: bets 450 and is all-in
Liiri: calls 450
*** RIVER *** [5h 6d Js 4d] [6h]
*** SHOW DOWN ***
Liiri: shows [8c Jd] (two pair, Jacks and Sixes)
Mahu2021: shows [Ad Td] (a pair of Sixes)
Liiri collected 1060 from pot
Mahu2021 finished the tournament in 2nd place
Liiri wins the tournament and receives $3.00 - congratulations!
*** SUMMARY ***
Total pot 1060 | Rake 0 
Board [5h 6d Js 4d 6h]
Seat 1: Mahu2021 (button) (small blind) showed [Ad Td] and lost with a pair of Sixes
Seat 3: Liiri (big blind) showed [8c Jd] and won (1060) with two pair, Jacks and Sixes



