PokerStars Hand #243233688897: Tournament #3580779424, $0.92+$0.08 USD Hold'em No Limit - Level I (10/20) - 2023/04/21 22:11:49 CET [2023/04/21 16:11:49 ET]
Table '3580779424 1' 3-max Seat #1 is the button
Seat 1: vov4iK24 (500 in chips) 
Seat 2: Mahu2021 (500 in chips) 
Seat 3: SiroTheKid (500 in chips) 
Mahu2021: posts small blind 10
SiroTheKid: posts big blind 20
*** HOLE CARDS ***
Dealt to Mahu2021 [Qc Jd]
vov4iK24: folds 
Mahu2021: raises 40 to 60
SiroTheKid: folds 
Uncalled bet (40) returned to Mahu2021
Mahu2021 collected 40 from pot
Mahu2021: doesn't show hand 
*** SUMMARY ***
Total pot 40 | Rake 0 
Seat 1: vov4iK24 (button) folded before Flop (didn't bet)
Seat 2: Mahu2021 (small blind) collected (40)
Seat 3: SiroTheKid (big blind) folded before Flop



PokerStars Hand #243233692121: Tournament #3580779424, $0.92+$0.08 USD Hold'em No Limit - Level I (10/20) - 2023/04/21 22:11:57 CET [2023/04/21 16:11:57 ET]
Table '3580779424 1' 3-max Seat #2 is the button
Seat 1: vov4iK24 (500 in chips) 
Seat 2: Mahu2021 (520 in chips) 
Seat 3: SiroTheKid (480 in chips) 
SiroTheKid: posts small blind 10
vov4iK24: posts big blind 20
*** HOLE CARDS ***
Dealt to Mahu2021 [4h Td]
Mahu2021: folds 
SiroTheKid: folds 
Uncalled bet (10) returned to vov4iK24
vov4iK24 collected 20 from pot
vov4iK24: doesn't show hand 
*** SUMMARY ***
Total pot 20 | Rake 0 
Seat 1: vov4iK24 (big blind) collected (20)
Seat 2: Mahu2021 (button) folded before Flop (didn't bet)
Seat 3: SiroTheKid (small blind) folded before Flop



PokerStars Hand #243233694106: Tournament #3580779424, $0.92+$0.08 USD Hold'em No Limit - Level I (10/20) - 2023/04/21 22:12:02 CET [2023/04/21 16:12:02 ET]
Table '3580779424 1' 3-max Seat #3 is the button
Seat 1: vov4iK24 (510 in chips) 
Seat 2: Mahu2021 (520 in chips) 
Seat 3: SiroTheKid (470 in chips) 
vov4iK24: posts small blind 10
Mahu2021: posts big blind 20
*** HOLE CARDS ***
Dealt to Mahu2021 [Ah 4s]
SiroTheKid: calls 20
vov4iK24: calls 10
Mahu2021: checks 
*** FLOP *** [9h Jh Qc]
vov4iK24: checks 
Mahu2021: checks 
SiroTheKid: bets 20
vov4iK24: folds 
Mahu2021: folds 
Uncalled bet (20) returned to SiroTheKid
SiroTheKid collected 60 from pot
*** SUMMARY ***
Total pot 60 | Rake 0 
Board [9h Jh Qc]
Seat 1: vov4iK24 (small blind) folded on the Flop
Seat 2: Mahu2021 (big blind) folded on the Flop
Seat 3: SiroTheKid (button) collected (60)



PokerStars Hand #243233701742: Tournament #3580779424, $0.92+$0.08 USD Hold'em No Limit - Level I (10/20) - 2023/04/21 22:12:20 CET [2023/04/21 16:12:20 ET]
Table '3580779424 1' 3-max Seat #1 is the button
Seat 1: vov4iK24 (490 in chips) 
Seat 2: Mahu2021 (500 in chips) 
Seat 3: SiroTheKid (510 in chips) 
Mahu2021: posts small blind 10
SiroTheKid: posts big blind 20
*** HOLE CARDS ***
Dealt to Mahu2021 [7c Tc]
vov4iK24: folds 
Mahu2021: calls 10
SiroTheKid: checks 
*** FLOP *** [7d 6c 3h]
Mahu2021: bets 40
SiroTheKid: raises 40 to 80
Mahu2021: calls 40
*** TURN *** [7d 6c 3h] [Jd]
Mahu2021: checks 
SiroTheKid: bets 200
Mahu2021: folds 
Uncalled bet (200) returned to SiroTheKid
SiroTheKid collected 200 from pot
*** SUMMARY ***
Total pot 200 | Rake 0 
Board [7d 6c 3h Jd]
Seat 1: vov4iK24 (button) folded before Flop (didn't bet)
Seat 2: Mahu2021 (small blind) folded on the Turn
Seat 3: SiroTheKid (big blind) collected (200)



PokerStars Hand #243233713897: Tournament #3580779424, $0.92+$0.08 USD Hold'em No Limit - Level I (10/20) - 2023/04/21 22:12:51 CET [2023/04/21 16:12:51 ET]
Table '3580779424 1' 3-max Seat #2 is the button
Seat 1: vov4iK24 (490 in chips) 
Seat 2: Mahu2021 (400 in chips) 
Seat 3: SiroTheKid (610 in chips) 
SiroTheKid: posts small blind 10
vov4iK24: posts big blind 20
*** HOLE CARDS ***
Dealt to Mahu2021 [5c 6c]
Mahu2021: calls 20
SiroTheKid: calls 10
vov4iK24: checks 
*** FLOP *** [3d 7d Td]
SiroTheKid: checks 
vov4iK24: checks 
Mahu2021: bets 60
SiroTheKid: folds 
vov4iK24: folds 
Uncalled bet (60) returned to Mahu2021
Mahu2021 collected 60 from pot
Mahu2021: doesn't show hand 
*** SUMMARY ***
Total pot 60 | Rake 0 
Board [3d 7d Td]
Seat 1: vov4iK24 (big blind) folded on the Flop
Seat 2: Mahu2021 (button) collected (60)
Seat 3: SiroTheKid (small blind) folded on the Flop



PokerStars Hand #243233721525: Tournament #3580779424, $0.92+$0.08 USD Hold'em No Limit - Level I (10/20) - 2023/04/21 22:13:10 CET [2023/04/21 16:13:10 ET]
Table '3580779424 1' 3-max Seat #3 is the button
Seat 1: vov4iK24 (470 in chips) 
Seat 2: Mahu2021 (440 in chips) 
Seat 3: SiroTheKid (590 in chips) 
vov4iK24: posts small blind 10
Mahu2021: posts big blind 20
*** HOLE CARDS ***
Dealt to Mahu2021 [9s As]
SiroTheKid: calls 20
vov4iK24: folds 
Mahu2021: checks 
*** FLOP *** [Ks 6d Ad]
Mahu2021: checks 
SiroTheKid: bets 50
Mahu2021: calls 50
*** TURN *** [Ks 6d Ad] [Tc]
Mahu2021: checks 
SiroTheKid: bets 150
Mahu2021: raises 220 to 370 and is all-in
SiroTheKid: calls 220
*** RIVER *** [Ks 6d Ad Tc] [Ts]
*** SHOW DOWN ***
Mahu2021: shows [9s As] (two pair, Aces and Tens)
SiroTheKid: shows [Kc 8c] (two pair, Kings and Tens)
Mahu2021 collected 890 from pot
*** SUMMARY ***
Total pot 890 | Rake 0 
Board [Ks 6d Ad Tc Ts]
Seat 1: vov4iK24 (small blind) folded before Flop
Seat 2: Mahu2021 (big blind) showed [9s As] and won (890) with two pair, Aces and Tens
Seat 3: SiroTheKid (button) showed [Kc 8c] and lost with two pair, Kings and Tens



PokerStars Hand #243233733936: Tournament #3580779424, $0.92+$0.08 USD Hold'em No Limit - Level I (10/20) - 2023/04/21 22:13:40 CET [2023/04/21 16:13:40 ET]
Table '3580779424 1' 3-max Seat #1 is the button
Seat 1: vov4iK24 (460 in chips) 
Seat 2: Mahu2021 (890 in chips) 
Seat 3: SiroTheKid (150 in chips) 
Mahu2021: posts small blind 10
SiroTheKid: posts big blind 20
*** HOLE CARDS ***
Dealt to Mahu2021 [Th Js]
vov4iK24: folds 
Mahu2021: calls 10
SiroTheKid: checks 
*** FLOP *** [Ac Qh Qd]
Mahu2021: checks 
SiroTheKid: bets 130 and is all-in
Mahu2021: folds 
Uncalled bet (130) returned to SiroTheKid
SiroTheKid collected 40 from pot
*** SUMMARY ***
Total pot 40 | Rake 0 
Board [Ac Qh Qd]
Seat 1: vov4iK24 (button) folded before Flop (didn't bet)
Seat 2: Mahu2021 (small blind) folded on the Flop
Seat 3: SiroTheKid (big blind) collected (40)



PokerStars Hand #243233745177: Tournament #3580779424, $0.92+$0.08 USD Hold'em No Limit - Level II (15/30) - 2023/04/21 22:14:08 CET [2023/04/21 16:14:08 ET]
Table '3580779424 1' 3-max Seat #2 is the button
Seat 1: vov4iK24 (460 in chips) 
Seat 2: Mahu2021 (870 in chips) 
Seat 3: SiroTheKid (170 in chips) 
SiroTheKid: posts small blind 15
vov4iK24: posts big blind 30
*** HOLE CARDS ***
Dealt to Mahu2021 [4d Ad]
Mahu2021: calls 30
SiroTheKid: raises 140 to 170 and is all-in
vov4iK24: raises 140 to 310
Mahu2021: folds 
Uncalled bet (140) returned to vov4iK24
*** FLOP *** [8h 3h Ts]
*** TURN *** [8h 3h Ts] [Jc]
*** RIVER *** [8h 3h Ts Jc] [Qh]
*** SHOW DOWN ***
SiroTheKid: shows [Ks 5d] (high card King)
vov4iK24: shows [Ac 8c] (a pair of Eights)
vov4iK24 collected 370 from pot
SiroTheKid finished the tournament in 3rd place
*** SUMMARY ***
Total pot 370 | Rake 0 
Board [8h 3h Ts Jc Qh]
Seat 1: vov4iK24 (big blind) showed [Ac 8c] and won (370) with a pair of Eights
Seat 2: Mahu2021 (button) folded before Flop
Seat 3: SiroTheKid (small blind) showed [Ks 5d] and lost with high card King



PokerStars Hand #243233753962: Tournament #3580779424, $0.92+$0.08 USD Hold'em No Limit - Level II (15/30) - 2023/04/21 22:14:29 CET [2023/04/21 16:14:29 ET]
Table '3580779424 1' 3-max Seat #1 is the button
Seat 1: vov4iK24 (660 in chips) 
Seat 2: Mahu2021 (840 in chips) 
vov4iK24: posts small blind 15
Mahu2021: posts big blind 30
*** HOLE CARDS ***
Dealt to Mahu2021 [4h 8h]
vov4iK24: calls 15
Mahu2021: checks 
*** FLOP *** [4s 5c Jc]
Mahu2021: bets 60
vov4iK24: calls 60
*** TURN *** [4s 5c Jc] [5s]
Mahu2021: checks 
vov4iK24: checks 
*** RIVER *** [4s 5c Jc 5s] [Kd]
Mahu2021: bets 120
vov4iK24: folds 
Uncalled bet (120) returned to Mahu2021
Mahu2021 collected 180 from pot
Mahu2021: doesn't show hand 
*** SUMMARY ***
Total pot 180 | Rake 0 
Board [4s 5c Jc 5s Kd]
Seat 1: vov4iK24 (button) (small blind) folded on the River
Seat 2: Mahu2021 (big blind) collected (180)



PokerStars Hand #243233761649: Tournament #3580779424, $0.92+$0.08 USD Hold'em No Limit - Level II (15/30) - 2023/04/21 22:14:48 CET [2023/04/21 16:14:48 ET]
Table '3580779424 1' 3-max Seat #2 is the button
Seat 1: vov4iK24 (570 in chips) 
Seat 2: Mahu2021 (930 in chips) 
Mahu2021: posts small blind 15
vov4iK24: posts big blind 30
*** HOLE CARDS ***
Dealt to Mahu2021 [8c Ac]
Mahu2021: raises 30 to 60
vov4iK24: folds 
Uncalled bet (30) returned to Mahu2021
Mahu2021 collected 60 from pot
Mahu2021: doesn't show hand 
*** SUMMARY ***
Total pot 60 | Rake 0 
Seat 1: vov4iK24 (big blind) folded before Flop
Seat 2: Mahu2021 (button) (small blind) collected (60)



PokerStars Hand #243233764943: Tournament #3580779424, $0.92+$0.08 USD Hold'em No Limit - Level II (15/30) - 2023/04/21 22:14:56 CET [2023/04/21 16:14:56 ET]
Table '3580779424 1' 3-max Seat #1 is the button
Seat 1: vov4iK24 (540 in chips) 
Seat 2: Mahu2021 (960 in chips) 
vov4iK24: posts small blind 15
Mahu2021: posts big blind 30
*** HOLE CARDS ***
Dealt to Mahu2021 [4d Js]
vov4iK24: calls 15
Mahu2021: checks 
*** FLOP *** [Qh 6h Jd]
Mahu2021: checks 
vov4iK24: checks 
*** TURN *** [Qh 6h Jd] [4c]
Mahu2021: checks 
vov4iK24: checks 
*** RIVER *** [Qh 6h Jd 4c] [7d]
Mahu2021: bets 60
vov4iK24: folds 
Uncalled bet (60) returned to Mahu2021
Mahu2021 collected 60 from pot
Mahu2021: doesn't show hand 
*** SUMMARY ***
Total pot 60 | Rake 0 
Board [Qh 6h Jd 4c 7d]
Seat 1: vov4iK24 (button) (small blind) folded on the River
Seat 2: Mahu2021 (big blind) collected (60)



PokerStars Hand #243233773896: Tournament #3580779424, $0.92+$0.08 USD Hold'em No Limit - Level II (15/30) - 2023/04/21 22:15:17 CET [2023/04/21 16:15:17 ET]
Table '3580779424 1' 3-max Seat #2 is the button
Seat 1: vov4iK24 (510 in chips) 
Seat 2: Mahu2021 (990 in chips) 
Mahu2021: posts small blind 15
vov4iK24: posts big blind 30
*** HOLE CARDS ***
Dealt to Mahu2021 [Js 2s]
Mahu2021: calls 15
vov4iK24: checks 
*** FLOP *** [Ad 5h 4d]
vov4iK24: checks 
Mahu2021: bets 30
vov4iK24: calls 30
*** TURN *** [Ad 5h 4d] [9s]
vov4iK24: checks 
Mahu2021: checks 
*** RIVER *** [Ad 5h 4d 9s] [2h]
vov4iK24: checks 
Mahu2021: checks 
*** SHOW DOWN ***
vov4iK24: shows [7c 3d] (a straight, Ace to Five)
Mahu2021: mucks hand 
vov4iK24 collected 120 from pot
*** SUMMARY ***
Total pot 120 | Rake 0 
Board [Ad 5h 4d 9s 2h]
Seat 1: vov4iK24 (big blind) showed [7c 3d] and won (120) with a straight, Ace to Five
Seat 2: Mahu2021 (button) (small blind) mucked [Js 2s]



PokerStars Hand #243233783571: Tournament #3580779424, $0.92+$0.08 USD Hold'em No Limit - Level II (15/30) - 2023/04/21 22:15:41 CET [2023/04/21 16:15:41 ET]
Table '3580779424 1' 3-max Seat #1 is the button
Seat 1: vov4iK24 (570 in chips) 
Seat 2: Mahu2021 (930 in chips) 
vov4iK24: posts small blind 15
Mahu2021: posts big blind 30
*** HOLE CARDS ***
Dealt to Mahu2021 [Qc 7d]
vov4iK24: raises 30 to 60
Mahu2021: calls 30
*** FLOP *** [8c 8d Jd]
Mahu2021: checks 
vov4iK24: bets 30
Mahu2021: calls 30
*** TURN *** [8c 8d Jd] [Ac]
Mahu2021: checks 
vov4iK24: bets 30
Mahu2021: folds 
Uncalled bet (30) returned to vov4iK24
vov4iK24 collected 180 from pot
vov4iK24: doesn't show hand 
*** SUMMARY ***
Total pot 180 | Rake 0 
Board [8c 8d Jd Ac]
Seat 1: vov4iK24 (button) (small blind) collected (180)
Seat 2: Mahu2021 (big blind) folded on the Turn



PokerStars Hand #243233791568: Tournament #3580779424, $0.92+$0.08 USD Hold'em No Limit - Level III (20/40) - 2023/04/21 22:16:00 CET [2023/04/21 16:16:00 ET]
Table '3580779424 1' 3-max Seat #2 is the button
Seat 1: vov4iK24 (660 in chips) 
Seat 2: Mahu2021 (840 in chips) 
Mahu2021: posts small blind 20
vov4iK24: posts big blind 40
*** HOLE CARDS ***
Dealt to Mahu2021 [Kd 2h]
Mahu2021: calls 20
vov4iK24: raises 620 to 660 and is all-in
Mahu2021: folds 
Uncalled bet (620) returned to vov4iK24
vov4iK24 collected 80 from pot
vov4iK24: doesn't show hand 
*** SUMMARY ***
Total pot 80 | Rake 0 
Seat 1: vov4iK24 (big blind) collected (80)
Seat 2: Mahu2021 (button) (small blind) folded before Flop



PokerStars Hand #243233795856: Tournament #3580779424, $0.92+$0.08 USD Hold'em No Limit - Level III (20/40) - 2023/04/21 22:16:10 CET [2023/04/21 16:16:10 ET]
Table '3580779424 1' 3-max Seat #1 is the button
Seat 1: vov4iK24 (700 in chips) 
Seat 2: Mahu2021 (800 in chips) 
vov4iK24: posts small blind 20
Mahu2021: posts big blind 40
*** HOLE CARDS ***
Dealt to Mahu2021 [Qc 4d]
vov4iK24: folds 
Uncalled bet (20) returned to Mahu2021
Mahu2021 collected 40 from pot
Mahu2021: doesn't show hand 
*** SUMMARY ***
Total pot 40 | Rake 0 
Seat 1: vov4iK24 (button) (small blind) folded before Flop
Seat 2: Mahu2021 (big blind) collected (40)



PokerStars Hand #243233797824: Tournament #3580779424, $0.92+$0.08 USD Hold'em No Limit - Level III (20/40) - 2023/04/21 22:16:15 CET [2023/04/21 16:16:15 ET]
Table '3580779424 1' 3-max Seat #2 is the button
Seat 1: vov4iK24 (680 in chips) 
Seat 2: Mahu2021 (820 in chips) 
Mahu2021: posts small blind 20
vov4iK24: posts big blind 40
*** HOLE CARDS ***
Dealt to Mahu2021 [4h 4s]
Mahu2021: raises 80 to 120
vov4iK24: folds 
Uncalled bet (80) returned to Mahu2021
Mahu2021 collected 80 from pot
Mahu2021: doesn't show hand 
*** SUMMARY ***
Total pot 80 | Rake 0 
Seat 1: vov4iK24 (big blind) folded before Flop
Seat 2: Mahu2021 (button) (small blind) collected (80)



PokerStars Hand #243233801051: Tournament #3580779424, $0.92+$0.08 USD Hold'em No Limit - Level III (20/40) - 2023/04/21 22:16:22 CET [2023/04/21 16:16:22 ET]
Table '3580779424 1' 3-max Seat #1 is the button
Seat 1: vov4iK24 (640 in chips) 
Seat 2: Mahu2021 (860 in chips) 
vov4iK24: posts small blind 20
Mahu2021: posts big blind 40
*** HOLE CARDS ***
Dealt to Mahu2021 [Kh Ks]
vov4iK24: folds 
Uncalled bet (20) returned to Mahu2021
Mahu2021 collected 40 from pot
Mahu2021: doesn't show hand 
*** SUMMARY ***
Total pot 40 | Rake 0 
Seat 1: vov4iK24 (button) (small blind) folded before Flop
Seat 2: Mahu2021 (big blind) collected (40)



PokerStars Hand #243233802553: Tournament #3580779424, $0.92+$0.08 USD Hold'em No Limit - Level III (20/40) - 2023/04/21 22:16:26 CET [2023/04/21 16:16:26 ET]
Table '3580779424 1' 3-max Seat #2 is the button
Seat 1: vov4iK24 (620 in chips) 
Seat 2: Mahu2021 (880 in chips) 
Mahu2021: posts small blind 20
vov4iK24: posts big blind 40
*** HOLE CARDS ***
Dealt to Mahu2021 [8h 4h]
Mahu2021: calls 20
vov4iK24: checks 
*** FLOP *** [8s 9s Qc]
vov4iK24: checks 
Mahu2021: bets 80
vov4iK24: folds 
Uncalled bet (80) returned to Mahu2021
Mahu2021 collected 80 from pot
Mahu2021: doesn't show hand 
*** SUMMARY ***
Total pot 80 | Rake 0 
Board [8s 9s Qc]
Seat 1: vov4iK24 (big blind) folded on the Flop
Seat 2: Mahu2021 (button) (small blind) collected (80)



PokerStars Hand #243233810042: Tournament #3580779424, $0.92+$0.08 USD Hold'em No Limit - Level III (20/40) - 2023/04/21 22:16:44 CET [2023/04/21 16:16:44 ET]
Table '3580779424 1' 3-max Seat #1 is the button
Seat 1: vov4iK24 (580 in chips) 
Seat 2: Mahu2021 (920 in chips) 
vov4iK24: posts small blind 20
Mahu2021: posts big blind 40
*** HOLE CARDS ***
Dealt to Mahu2021 [5h 2c]
vov4iK24: folds 
Uncalled bet (20) returned to Mahu2021
Mahu2021 collected 40 from pot
Mahu2021: doesn't show hand 
*** SUMMARY ***
Total pot 40 | Rake 0 
Seat 1: vov4iK24 (button) (small blind) folded before Flop
Seat 2: Mahu2021 (big blind) collected (40)



PokerStars Hand #243233811624: Tournament #3580779424, $0.92+$0.08 USD Hold'em No Limit - Level III (20/40) - 2023/04/21 22:16:48 CET [2023/04/21 16:16:48 ET]
Table '3580779424 1' 3-max Seat #2 is the button
Seat 1: vov4iK24 (560 in chips) 
Seat 2: Mahu2021 (940 in chips) 
Mahu2021: posts small blind 20
vov4iK24: posts big blind 40
*** HOLE CARDS ***
Dealt to Mahu2021 [5h 8s]
Mahu2021: folds 
Uncalled bet (20) returned to vov4iK24
vov4iK24 collected 40 from pot
vov4iK24: doesn't show hand 
*** SUMMARY ***
Total pot 40 | Rake 0 
Seat 1: vov4iK24 (big blind) collected (40)
Seat 2: Mahu2021 (button) (small blind) folded before Flop



PokerStars Hand #243233813550: Tournament #3580779424, $0.92+$0.08 USD Hold'em No Limit - Level III (20/40) - 2023/04/21 22:16:52 CET [2023/04/21 16:16:52 ET]
Table '3580779424 1' 3-max Seat #1 is the button
Seat 1: vov4iK24 (580 in chips) 
Seat 2: Mahu2021 (920 in chips) 
vov4iK24: posts small blind 20
Mahu2021: posts big blind 40
*** HOLE CARDS ***
Dealt to Mahu2021 [5s Th]
vov4iK24: calls 20
Mahu2021: checks 
*** FLOP *** [5c 4h Qc]
Mahu2021: checks 
vov4iK24: checks 
*** TURN *** [5c 4h Qc] [2d]
Mahu2021: checks 
vov4iK24: checks 
*** RIVER *** [5c 4h Qc 2d] [Ts]
Mahu2021: bets 80
vov4iK24: folds 
Uncalled bet (80) returned to Mahu2021
Mahu2021 collected 80 from pot
Mahu2021: doesn't show hand 
*** SUMMARY ***
Total pot 80 | Rake 0 
Board [5c 4h Qc 2d Ts]
Seat 1: vov4iK24 (button) (small blind) folded on the River
Seat 2: Mahu2021 (big blind) collected (80)



PokerStars Hand #243233822757: Tournament #3580779424, $0.92+$0.08 USD Hold'em No Limit - Level III (20/40) - 2023/04/21 22:17:14 CET [2023/04/21 16:17:14 ET]
Table '3580779424 1' 3-max Seat #2 is the button
Seat 1: vov4iK24 (540 in chips) 
Seat 2: Mahu2021 (960 in chips) 
Mahu2021: posts small blind 20
vov4iK24: posts big blind 40
*** HOLE CARDS ***
Dealt to Mahu2021 [4h 5h]
Mahu2021: raises 40 to 80
vov4iK24: folds 
Uncalled bet (40) returned to Mahu2021
Mahu2021 collected 80 from pot
Mahu2021: doesn't show hand 
*** SUMMARY ***
Total pot 80 | Rake 0 
Seat 1: vov4iK24 (big blind) folded before Flop
Seat 2: Mahu2021 (button) (small blind) collected (80)



PokerStars Hand #243233825896: Tournament #3580779424, $0.92+$0.08 USD Hold'em No Limit - Level III (20/40) - 2023/04/21 22:17:22 CET [2023/04/21 16:17:22 ET]
Table '3580779424 1' 3-max Seat #1 is the button
Seat 1: vov4iK24 (500 in chips) 
Seat 2: Mahu2021 (1000 in chips) 
vov4iK24: posts small blind 20
Mahu2021: posts big blind 40
*** HOLE CARDS ***
Dealt to Mahu2021 [Ks 2s]
vov4iK24: folds 
Uncalled bet (20) returned to Mahu2021
Mahu2021 collected 40 from pot
Mahu2021: doesn't show hand 
*** SUMMARY ***
Total pot 40 | Rake 0 
Seat 1: vov4iK24 (button) (small blind) folded before Flop
Seat 2: Mahu2021 (big blind) collected (40)



PokerStars Hand #243233828239: Tournament #3580779424, $0.92+$0.08 USD Hold'em No Limit - Level III (20/40) - 2023/04/21 22:17:27 CET [2023/04/21 16:17:27 ET]
Table '3580779424 1' 3-max Seat #2 is the button
Seat 1: vov4iK24 (480 in chips) 
Seat 2: Mahu2021 (1020 in chips) 
Mahu2021: posts small blind 20
vov4iK24: posts big blind 40
*** HOLE CARDS ***
Dealt to Mahu2021 [2s Qs]
Mahu2021: raises 40 to 80
vov4iK24: calls 40
*** FLOP *** [8h 9c Qd]
vov4iK24: checks 
Mahu2021: bets 160
vov4iK24: folds 
Uncalled bet (160) returned to Mahu2021
Mahu2021 collected 160 from pot
Mahu2021: doesn't show hand 
*** SUMMARY ***
Total pot 160 | Rake 0 
Board [8h 9c Qd]
Seat 1: vov4iK24 (big blind) folded on the Flop
Seat 2: Mahu2021 (button) (small blind) collected (160)



PokerStars Hand #243233833659: Tournament #3580779424, $0.92+$0.08 USD Hold'em No Limit - Level III (20/40) - 2023/04/21 22:17:40 CET [2023/04/21 16:17:40 ET]
Table '3580779424 1' 3-max Seat #1 is the button
Seat 1: vov4iK24 (400 in chips) 
Seat 2: Mahu2021 (1100 in chips) 
vov4iK24: posts small blind 20
Mahu2021: posts big blind 40
*** HOLE CARDS ***
Dealt to Mahu2021 [Qc 7d]
vov4iK24: folds 
Uncalled bet (20) returned to Mahu2021
Mahu2021 collected 40 from pot
Mahu2021: doesn't show hand 
*** SUMMARY ***
Total pot 40 | Rake 0 
Seat 1: vov4iK24 (button) (small blind) folded before Flop
Seat 2: Mahu2021 (big blind) collected (40)



PokerStars Hand #243233835833: Tournament #3580779424, $0.92+$0.08 USD Hold'em No Limit - Level III (20/40) - 2023/04/21 22:17:46 CET [2023/04/21 16:17:46 ET]
Table '3580779424 1' 3-max Seat #2 is the button
Seat 1: vov4iK24 (380 in chips) 
Seat 2: Mahu2021 (1120 in chips) 
Mahu2021: posts small blind 20
vov4iK24: posts big blind 40
*** HOLE CARDS ***
Dealt to Mahu2021 [4h 7s]
Mahu2021: folds 
Uncalled bet (20) returned to vov4iK24
vov4iK24 collected 40 from pot
vov4iK24: doesn't show hand 
*** SUMMARY ***
Total pot 40 | Rake 0 
Seat 1: vov4iK24 (big blind) collected (40)
Seat 2: Mahu2021 (button) (small blind) folded before Flop



PokerStars Hand #243233840221: Tournament #3580779424, $0.92+$0.08 USD Hold'em No Limit - Level IV (30/60) - 2023/04/21 22:17:56 CET [2023/04/21 16:17:56 ET]
Table '3580779424 1' 3-max Seat #1 is the button
Seat 1: vov4iK24 (400 in chips) 
Seat 2: Mahu2021 (1100 in chips) 
vov4iK24: posts small blind 30
Mahu2021: posts big blind 60
*** HOLE CARDS ***
Dealt to Mahu2021 [6s 3d]
vov4iK24: folds 
Uncalled bet (30) returned to Mahu2021
Mahu2021 collected 60 from pot
Mahu2021: doesn't show hand 
*** SUMMARY ***
Total pot 60 | Rake 0 
Seat 1: vov4iK24 (button) (small blind) folded before Flop
Seat 2: Mahu2021 (big blind) collected (60)



PokerStars Hand #243233841717: Tournament #3580779424, $0.92+$0.08 USD Hold'em No Limit - Level IV (30/60) - 2023/04/21 22:18:00 CET [2023/04/21 16:18:00 ET]
Table '3580779424 1' 3-max Seat #2 is the button
Seat 1: vov4iK24 (370 in chips) 
Seat 2: Mahu2021 (1130 in chips) 
Mahu2021: posts small blind 30
vov4iK24: posts big blind 60
*** HOLE CARDS ***
Dealt to Mahu2021 [5d 9d]
Mahu2021: calls 30
vov4iK24: checks 
*** FLOP *** [Qh 8d Qd]
vov4iK24: checks 
Mahu2021: bets 120
vov4iK24: raises 190 to 310 and is all-in
Mahu2021: calls 190
*** TURN *** [Qh 8d Qd] [3c]
*** RIVER *** [Qh 8d Qd 3c] [7h]
*** SHOW DOWN ***
vov4iK24: shows [2d 6d] (a pair of Queens)
Mahu2021: shows [5d 9d] (a pair of Queens - Nine kicker)
Mahu2021 collected 740 from pot
vov4iK24 finished the tournament in 2nd place
Mahu2021 wins the tournament and receives $2.00 - congratulations!
*** SUMMARY ***
Total pot 740 | Rake 0 
Board [Qh 8d Qd 3c 7h]
Seat 1: vov4iK24 (big blind) showed [2d 6d] and lost with a pair of Queens
Seat 2: Mahu2021 (button) (small blind) showed [5d 9d] and won (740) with a pair of Queens



