PokerStars Hand #253724928245: Tournament #3830948731, $0.46+$0.04 USD Hold'em No Limit - Level I (10/20) - 2024/12/06 8:05:26 CET [2024/12/06 2:05:26 ET]
Table '3830948731 1' 3-max Seat #1 is the button
Seat 1: Mahu2021 (500 in chips) 
Seat 2: agentul75 (500 in chips) 
Seat 3: TES$33 (500 in chips) 
agentul75: posts small blind 10
TES$33: posts big blind 20
*** HOLE CARDS ***
Dealt to Mahu2021 [3d 2d]
Mahu2021: folds 
agentul75: raises 480 to 500 and is all-in
TES$33: folds 
Uncalled bet (480) returned to agentul75
agentul75 collected 40 from pot
agentul75: doesn't show hand 
*** SUMMARY ***
Total pot 40 | Rake 0 
Seat 1: Mahu2021 (button) folded before Flop (didn't bet)
Seat 2: agentul75 (small blind) collected (40)
Seat 3: TES$33 (big blind) folded before Flop



PokerStars Hand #253724929362: Tournament #3830948731, $0.46+$0.04 USD Hold'em No Limit - Level I (10/20) - 2024/12/06 8:05:42 CET [2024/12/06 2:05:42 ET]
Table '3830948731 1' 3-max Seat #2 is the button
Seat 1: Mahu2021 (500 in chips) 
Seat 2: agentul75 (520 in chips) 
Seat 3: TES$33 (480 in chips) 
TES$33: posts small blind 10
Mahu2021: posts big blind 20
*** HOLE CARDS ***
Dealt to Mahu2021 [Qc 8d]
agentul75: raises 500 to 520 and is all-in
TES$33: folds 
Mahu2021: folds 
Uncalled bet (500) returned to agentul75
agentul75 collected 50 from pot
agentul75: doesn't show hand 
*** SUMMARY ***
Total pot 50 | Rake 0 
Seat 1: Mahu2021 (big blind) folded before Flop
Seat 2: agentul75 (button) collected (50)
Seat 3: TES$33 (small blind) folded before Flop



PokerStars Hand #253724930875: Tournament #3830948731, $0.46+$0.04 USD Hold'em No Limit - Level I (10/20) - 2024/12/06 8:06:02 CET [2024/12/06 2:06:02 ET]
Table '3830948731 1' 3-max Seat #3 is the button
Seat 1: Mahu2021 (480 in chips) 
Seat 2: agentul75 (550 in chips) 
Seat 3: TES$33 (470 in chips) 
Mahu2021: posts small blind 10
agentul75: posts big blind 20
*** HOLE CARDS ***
Dealt to Mahu2021 [4c 6s]
TES$33: folds 
Mahu2021: folds 
Uncalled bet (10) returned to agentul75
agentul75 collected 20 from pot
agentul75: doesn't show hand 
*** SUMMARY ***
Total pot 20 | Rake 0 
Seat 1: Mahu2021 (small blind) folded before Flop
Seat 2: agentul75 (big blind) collected (20)
Seat 3: TES$33 (button) folded before Flop (didn't bet)



PokerStars Hand #253724931272: Tournament #3830948731, $0.46+$0.04 USD Hold'em No Limit - Level I (10/20) - 2024/12/06 8:06:07 CET [2024/12/06 2:06:07 ET]
Table '3830948731 1' 3-max Seat #1 is the button
Seat 1: Mahu2021 (470 in chips) 
Seat 2: agentul75 (560 in chips) 
Seat 3: TES$33 (470 in chips) 
agentul75: posts small blind 10
TES$33: posts big blind 20
*** HOLE CARDS ***
Dealt to Mahu2021 [Ks 2s]
Mahu2021: calls 20
agentul75: folds 
TES$33: checks 
*** FLOP *** [3c Js Ts]
TES$33: checks 
Mahu2021: bets 50
TES$33: folds 
Uncalled bet (50) returned to Mahu2021
Mahu2021 collected 50 from pot
Mahu2021: doesn't show hand 
*** SUMMARY ***
Total pot 50 | Rake 0 
Board [3c Js Ts]
Seat 1: Mahu2021 (button) collected (50)
Seat 2: agentul75 (small blind) folded before Flop
Seat 3: TES$33 (big blind) folded on the Flop



PokerStars Hand #253724932431: Tournament #3830948731, $0.46+$0.04 USD Hold'em No Limit - Level I (10/20) - 2024/12/06 8:06:23 CET [2024/12/06 2:06:23 ET]
Table '3830948731 1' 3-max Seat #2 is the button
Seat 1: Mahu2021 (500 in chips) 
Seat 2: agentul75 (550 in chips) 
Seat 3: TES$33 (450 in chips) 
TES$33: posts small blind 10
Mahu2021: posts big blind 20
*** HOLE CARDS ***
Dealt to Mahu2021 [6h 4c]
agentul75: raises 530 to 550 and is all-in
TES$33: folds 
Mahu2021: folds 
Uncalled bet (530) returned to agentul75
agentul75 collected 50 from pot
agentul75: doesn't show hand 
*** SUMMARY ***
Total pot 50 | Rake 0 
Seat 1: Mahu2021 (big blind) folded before Flop
Seat 2: agentul75 (button) collected (50)
Seat 3: TES$33 (small blind) folded before Flop



PokerStars Hand #253724933096: Tournament #3830948731, $0.46+$0.04 USD Hold'em No Limit - Level I (10/20) - 2024/12/06 8:06:31 CET [2024/12/06 2:06:31 ET]
Table '3830948731 1' 3-max Seat #3 is the button
Seat 1: Mahu2021 (480 in chips) 
Seat 2: agentul75 (580 in chips) 
Seat 3: TES$33 (440 in chips) 
Mahu2021: posts small blind 10
agentul75: posts big blind 20
*** HOLE CARDS ***
Dealt to Mahu2021 [Qc 4d]
TES$33: folds 
Mahu2021: folds 
Uncalled bet (10) returned to agentul75
agentul75 collected 20 from pot
agentul75: doesn't show hand 
*** SUMMARY ***
Total pot 20 | Rake 0 
Seat 1: Mahu2021 (small blind) folded before Flop
Seat 2: agentul75 (big blind) collected (20)
Seat 3: TES$33 (button) folded before Flop (didn't bet)



PokerStars Hand #253724933503: Tournament #3830948731, $0.46+$0.04 USD Hold'em No Limit - Level I (10/20) - 2024/12/06 8:06:36 CET [2024/12/06 2:06:36 ET]
Table '3830948731 1' 3-max Seat #1 is the button
Seat 1: Mahu2021 (470 in chips) 
Seat 2: agentul75 (590 in chips) 
Seat 3: TES$33 (440 in chips) 
agentul75: posts small blind 10
TES$33: posts big blind 20
*** HOLE CARDS ***
Dealt to Mahu2021 [Ks Jc]
Mahu2021: calls 20
agentul75: calls 10
TES$33: checks 
*** FLOP *** [3h 9c Kc]
agentul75: checks 
TES$33: checks 
Mahu2021: bets 60
agentul75: calls 60
TES$33: folds 
*** TURN *** [3h 9c Kc] [4s]
agentul75: checks 
Mahu2021: bets 390 and is all-in
agentul75: folds 
Uncalled bet (390) returned to Mahu2021
Mahu2021 collected 180 from pot
Mahu2021: doesn't show hand 
*** SUMMARY ***
Total pot 180 | Rake 0 
Board [3h 9c Kc 4s]
Seat 1: Mahu2021 (button) collected (180)
Seat 2: agentul75 (small blind) folded on the Turn
Seat 3: TES$33 (big blind) folded on the Flop



PokerStars Hand #253724935321: Tournament #3830948731, $0.46+$0.04 USD Hold'em No Limit - Level I (10/20) - 2024/12/06 8:07:00 CET [2024/12/06 2:07:00 ET]
Table '3830948731 1' 3-max Seat #2 is the button
Seat 1: Mahu2021 (570 in chips) 
Seat 2: agentul75 (510 in chips) 
Seat 3: TES$33 (420 in chips) 
TES$33: posts small blind 10
Mahu2021: posts big blind 20
*** HOLE CARDS ***
Dealt to Mahu2021 [4c 6h]
agentul75: folds 
TES$33: raises 400 to 420 and is all-in
Mahu2021: folds 
Uncalled bet (400) returned to TES$33
TES$33 collected 40 from pot
TES$33: doesn't show hand 
*** SUMMARY ***
Total pot 40 | Rake 0 
Seat 1: Mahu2021 (big blind) folded before Flop
Seat 2: agentul75 (button) folded before Flop (didn't bet)
Seat 3: TES$33 (small blind) collected (40)



PokerStars Hand #253724936070: Tournament #3830948731, $0.46+$0.04 USD Hold'em No Limit - Level I (10/20) - 2024/12/06 8:07:10 CET [2024/12/06 2:07:10 ET]
Table '3830948731 1' 3-max Seat #3 is the button
Seat 1: Mahu2021 (550 in chips) 
Seat 2: agentul75 (510 in chips) 
Seat 3: TES$33 (440 in chips) 
Mahu2021: posts small blind 10
agentul75: posts big blind 20
*** HOLE CARDS ***
Dealt to Mahu2021 [6c 8h]
TES$33: raises 420 to 440 and is all-in
Mahu2021: folds 
agentul75: folds 
Uncalled bet (420) returned to TES$33
TES$33 collected 50 from pot
TES$33: doesn't show hand 
*** SUMMARY ***
Total pot 50 | Rake 0 
Seat 1: Mahu2021 (small blind) folded before Flop
Seat 2: agentul75 (big blind) folded before Flop
Seat 3: TES$33 (button) collected (50)



PokerStars Hand #253724936800: Tournament #3830948731, $0.46+$0.04 USD Hold'em No Limit - Level I (10/20) - 2024/12/06 8:07:20 CET [2024/12/06 2:07:20 ET]
Table '3830948731 1' 3-max Seat #1 is the button
Seat 1: Mahu2021 (540 in chips) 
Seat 2: agentul75 (490 in chips) 
Seat 3: TES$33 (470 in chips) 
agentul75: posts small blind 10
TES$33: posts big blind 20
*** HOLE CARDS ***
Dealt to Mahu2021 [Js Qh]
Mahu2021: calls 20
agentul75: folds 
TES$33: raises 450 to 470 and is all-in
Mahu2021: calls 450
*** FLOP *** [Ad 4s Ks]
*** TURN *** [Ad 4s Ks] [9d]
*** RIVER *** [Ad 4s Ks 9d] [Tc]
*** SHOW DOWN ***
TES$33: shows [Ah 4h] (two pair, Aces and Fours)
Mahu2021: shows [Js Qh] (a straight, Ten to Ace)
Mahu2021 collected 950 from pot
TES$33 finished the tournament in 3rd place
*** SUMMARY ***
Total pot 950 | Rake 0 
Board [Ad 4s Ks 9d Tc]
Seat 1: Mahu2021 (button) showed [Js Qh] and won (950) with a straight, Ten to Ace
Seat 2: agentul75 (small blind) folded before Flop
Seat 3: TES$33 (big blind) showed [Ah 4h] and lost with two pair, Aces and Fours



PokerStars Hand #253724938281: Tournament #3830948731, $0.46+$0.04 USD Hold'em No Limit - Level II (15/30) - 2024/12/06 8:07:40 CET [2024/12/06 2:07:40 ET]
Table '3830948731 1' 3-max Seat #2 is the button
Seat 1: Mahu2021 (1020 in chips) 
Seat 2: agentul75 (480 in chips) 
agentul75: posts small blind 15
Mahu2021: posts big blind 30
*** HOLE CARDS ***
Dealt to Mahu2021 [Kh Qs]
agentul75: folds 
Uncalled bet (15) returned to Mahu2021
Mahu2021 collected 30 from pot
Mahu2021: doesn't show hand 
*** SUMMARY ***
Total pot 30 | Rake 0 
Seat 1: Mahu2021 (big blind) collected (30)
Seat 2: agentul75 (button) (small blind) folded before Flop



PokerStars Hand #253724938602: Tournament #3830948731, $0.46+$0.04 USD Hold'em No Limit - Level II (15/30) - 2024/12/06 8:07:45 CET [2024/12/06 2:07:45 ET]
Table '3830948731 1' 3-max Seat #1 is the button
Seat 1: Mahu2021 (1035 in chips) 
Seat 2: agentul75 (465 in chips) 
Mahu2021: posts small blind 15
agentul75: posts big blind 30
*** HOLE CARDS ***
Dealt to Mahu2021 [5d Td]
Mahu2021: calls 15
agentul75: checks 
*** FLOP *** [2d 3s 2c]
agentul75: checks 
Mahu2021: checks 
*** TURN *** [2d 3s 2c] [8s]
agentul75: checks 
Mahu2021: checks 
*** RIVER *** [2d 3s 2c 8s] [Qd]
agentul75: checks 
Mahu2021: checks 
*** SHOW DOWN ***
agentul75: shows [7c 6d] (a pair of Deuces)
Mahu2021: shows [5d Td] (a pair of Deuces - Queen+Ten kicker)
Mahu2021 collected 60 from pot
*** SUMMARY ***
Total pot 60 | Rake 0 
Board [2d 3s 2c 8s Qd]
Seat 1: Mahu2021 (button) (small blind) showed [5d Td] and won (60) with a pair of Deuces
Seat 2: agentul75 (big blind) showed [7c 6d] and lost with a pair of Deuces



PokerStars Hand #253724940026: Tournament #3830948731, $0.46+$0.04 USD Hold'em No Limit - Level II (15/30) - 2024/12/06 8:08:04 CET [2024/12/06 2:08:04 ET]
Table '3830948731 1' 3-max Seat #2 is the button
Seat 1: Mahu2021 (1065 in chips) 
Seat 2: agentul75 (435 in chips) 
agentul75: posts small blind 15
Mahu2021: posts big blind 30
*** HOLE CARDS ***
Dealt to Mahu2021 [Th Jh]
agentul75: raises 60 to 90
Mahu2021: calls 60
*** FLOP *** [Ad 7s Ks]
Mahu2021: checks 
agentul75: checks 
*** TURN *** [Ad 7s Ks] [Jd]
Mahu2021: checks 
agentul75: bets 90
Mahu2021: calls 90
*** RIVER *** [Ad 7s Ks Jd] [Kd]
Mahu2021: checks 
agentul75: checks 
*** SHOW DOWN ***
Mahu2021: shows [Th Jh] (two pair, Kings and Jacks)
agentul75: shows [Js Qs] (two pair, Kings and Jacks)
Mahu2021 collected 180 from pot
agentul75 collected 180 from pot
*** SUMMARY ***
Total pot 360 | Rake 0 
Board [Ad 7s Ks Jd Kd]
Seat 1: Mahu2021 (big blind) showed [Th Jh] and won (180) with two pair, Kings and Jacks
Seat 2: agentul75 (button) (small blind) showed [Js Qs] and won (180) with two pair, Kings and Jacks



PokerStars Hand #253724942034: Tournament #3830948731, $0.46+$0.04 USD Hold'em No Limit - Level II (15/30) - 2024/12/06 8:08:32 CET [2024/12/06 2:08:32 ET]
Table '3830948731 1' 3-max Seat #1 is the button
Seat 1: Mahu2021 (1065 in chips) 
Seat 2: agentul75 (435 in chips) 
Mahu2021: posts small blind 15
agentul75: posts big blind 30
*** HOLE CARDS ***
Dealt to Mahu2021 [Ad 7h]
Mahu2021: raises 1035 to 1065 and is all-in
agentul75: folds 
Uncalled bet (1035) returned to Mahu2021
Mahu2021 collected 60 from pot
Mahu2021: doesn't show hand 
*** SUMMARY ***
Total pot 60 | Rake 0 
Seat 1: Mahu2021 (button) (small blind) collected (60)
Seat 2: agentul75 (big blind) folded before Flop



PokerStars Hand #253724942884: Tournament #3830948731, $0.46+$0.04 USD Hold'em No Limit - Level II (15/30) - 2024/12/06 8:08:43 CET [2024/12/06 2:08:43 ET]
Table '3830948731 1' 3-max Seat #2 is the button
Seat 1: Mahu2021 (1095 in chips) 
Seat 2: agentul75 (405 in chips) 
agentul75: posts small blind 15
Mahu2021: posts big blind 30
*** HOLE CARDS ***
Dealt to Mahu2021 [6s Kh]
agentul75: folds 
Uncalled bet (15) returned to Mahu2021
Mahu2021 collected 30 from pot
Mahu2021: doesn't show hand 
*** SUMMARY ***
Total pot 30 | Rake 0 
Seat 1: Mahu2021 (big blind) collected (30)
Seat 2: agentul75 (button) (small blind) folded before Flop



PokerStars Hand #253724943320: Tournament #3830948731, $0.46+$0.04 USD Hold'em No Limit - Level II (15/30) - 2024/12/06 8:08:48 CET [2024/12/06 2:08:48 ET]
Table '3830948731 1' 3-max Seat #1 is the button
Seat 1: Mahu2021 (1110 in chips) 
Seat 2: agentul75 (390 in chips) 
Mahu2021: posts small blind 15
agentul75: posts big blind 30
*** HOLE CARDS ***
Dealt to Mahu2021 [4s Ad]
Mahu2021: raises 1080 to 1110 and is all-in
agentul75: calls 360 and is all-in
Uncalled bet (720) returned to Mahu2021
*** FLOP *** [Kd 5c Js]
*** TURN *** [Kd 5c Js] [4d]
*** RIVER *** [Kd 5c Js 4d] [Qd]
*** SHOW DOWN ***
agentul75: shows [Ah Qh] (a pair of Queens)
Mahu2021: shows [4s Ad] (a pair of Fours)
agentul75 collected 780 from pot
*** SUMMARY ***
Total pot 780 | Rake 0 
Board [Kd 5c Js 4d Qd]
Seat 1: Mahu2021 (button) (small blind) showed [4s Ad] and lost with a pair of Fours
Seat 2: agentul75 (big blind) showed [Ah Qh] and won (780) with a pair of Queens



PokerStars Hand #253724944325: Tournament #3830948731, $0.46+$0.04 USD Hold'em No Limit - Level II (15/30) - 2024/12/06 8:09:02 CET [2024/12/06 2:09:02 ET]
Table '3830948731 1' 3-max Seat #2 is the button
Seat 1: Mahu2021 (720 in chips) 
Seat 2: agentul75 (780 in chips) 
agentul75: posts small blind 15
Mahu2021: posts big blind 30
*** HOLE CARDS ***
Dealt to Mahu2021 [Qd 5h]
agentul75: raises 750 to 780 and is all-in
Mahu2021: folds 
Uncalled bet (750) returned to agentul75
agentul75 collected 60 from pot
agentul75: doesn't show hand 
*** SUMMARY ***
Total pot 60 | Rake 0 
Seat 1: Mahu2021 (big blind) folded before Flop
Seat 2: agentul75 (button) (small blind) collected (60)



PokerStars Hand #253724945355: Tournament #3830948731, $0.46+$0.04 USD Hold'em No Limit - Level II (15/30) - 2024/12/06 8:09:16 CET [2024/12/06 2:09:16 ET]
Table '3830948731 1' 3-max Seat #1 is the button
Seat 1: Mahu2021 (690 in chips) 
Seat 2: agentul75 (810 in chips) 
Mahu2021: posts small blind 15
agentul75: posts big blind 30
*** HOLE CARDS ***
Dealt to Mahu2021 [4c 7c]
Mahu2021: folds 
Uncalled bet (15) returned to agentul75
agentul75 collected 30 from pot
agentul75: doesn't show hand 
*** SUMMARY ***
Total pot 30 | Rake 0 
Seat 1: Mahu2021 (button) (small blind) folded before Flop
Seat 2: agentul75 (big blind) collected (30)



PokerStars Hand #253724945658: Tournament #3830948731, $0.46+$0.04 USD Hold'em No Limit - Level II (15/30) - 2024/12/06 8:09:21 CET [2024/12/06 2:09:21 ET]
Table '3830948731 1' 3-max Seat #2 is the button
Seat 1: Mahu2021 (675 in chips) 
Seat 2: agentul75 (825 in chips) 
agentul75: posts small blind 15
Mahu2021: posts big blind 30
*** HOLE CARDS ***
Dealt to Mahu2021 [3s 8c]
agentul75: folds 
Uncalled bet (15) returned to Mahu2021
Mahu2021 collected 30 from pot
Mahu2021: doesn't show hand 
*** SUMMARY ***
Total pot 30 | Rake 0 
Seat 1: Mahu2021 (big blind) collected (30)
Seat 2: agentul75 (button) (small blind) folded before Flop



PokerStars Hand #253724946054: Tournament #3830948731, $0.46+$0.04 USD Hold'em No Limit - Level II (15/30) - 2024/12/06 8:09:26 CET [2024/12/06 2:09:26 ET]
Table '3830948731 1' 3-max Seat #1 is the button
Seat 1: Mahu2021 (690 in chips) 
Seat 2: agentul75 (810 in chips) 
Mahu2021: posts small blind 15
agentul75: posts big blind 30
*** HOLE CARDS ***
Dealt to Mahu2021 [Kd 8h]
Mahu2021: raises 660 to 690 and is all-in
agentul75: folds 
Uncalled bet (660) returned to Mahu2021
Mahu2021 collected 60 from pot
Mahu2021: doesn't show hand 
*** SUMMARY ***
Total pot 60 | Rake 0 
Seat 1: Mahu2021 (button) (small blind) collected (60)
Seat 2: agentul75 (big blind) folded before Flop



PokerStars Hand #253724946847: Tournament #3830948731, $0.46+$0.04 USD Hold'em No Limit - Level III (20/40) - 2024/12/06 8:09:37 CET [2024/12/06 2:09:37 ET]
Table '3830948731 1' 3-max Seat #2 is the button
Seat 1: Mahu2021 (720 in chips) 
Seat 2: agentul75 (780 in chips) 
agentul75: posts small blind 20
Mahu2021: posts big blind 40
*** HOLE CARDS ***
Dealt to Mahu2021 [6d 4h]
agentul75: folds 
Uncalled bet (20) returned to Mahu2021
Mahu2021 collected 40 from pot
Mahu2021: doesn't show hand 
*** SUMMARY ***
Total pot 40 | Rake 0 
Seat 1: Mahu2021 (big blind) collected (40)
Seat 2: agentul75 (button) (small blind) folded before Flop



PokerStars Hand #253724947177: Tournament #3830948731, $0.46+$0.04 USD Hold'em No Limit - Level III (20/40) - 2024/12/06 8:09:41 CET [2024/12/06 2:09:41 ET]
Table '3830948731 1' 3-max Seat #1 is the button
Seat 1: Mahu2021 (740 in chips) 
Seat 2: agentul75 (760 in chips) 
Mahu2021: posts small blind 20
agentul75: posts big blind 40
*** HOLE CARDS ***
Dealt to Mahu2021 [Kh 8c]
Mahu2021: raises 40 to 80
agentul75: folds 
Uncalled bet (40) returned to Mahu2021
Mahu2021 collected 80 from pot
Mahu2021: doesn't show hand 
*** SUMMARY ***
Total pot 80 | Rake 0 
Seat 1: Mahu2021 (button) (small blind) collected (80)
Seat 2: agentul75 (big blind) folded before Flop



PokerStars Hand #253724947664: Tournament #3830948731, $0.46+$0.04 USD Hold'em No Limit - Level III (20/40) - 2024/12/06 8:09:48 CET [2024/12/06 2:09:48 ET]
Table '3830948731 1' 3-max Seat #2 is the button
Seat 1: Mahu2021 (780 in chips) 
Seat 2: agentul75 (720 in chips) 
agentul75: posts small blind 20
Mahu2021: posts big blind 40
*** HOLE CARDS ***
Dealt to Mahu2021 [Td Jc]
agentul75: folds 
Uncalled bet (20) returned to Mahu2021
Mahu2021 collected 40 from pot
Mahu2021: doesn't show hand 
*** SUMMARY ***
Total pot 40 | Rake 0 
Seat 1: Mahu2021 (big blind) collected (40)
Seat 2: agentul75 (button) (small blind) folded before Flop



PokerStars Hand #253724948039: Tournament #3830948731, $0.46+$0.04 USD Hold'em No Limit - Level III (20/40) - 2024/12/06 8:09:53 CET [2024/12/06 2:09:53 ET]
Table '3830948731 1' 3-max Seat #1 is the button
Seat 1: Mahu2021 (800 in chips) 
Seat 2: agentul75 (700 in chips) 
Mahu2021: posts small blind 20
agentul75: posts big blind 40
*** HOLE CARDS ***
Dealt to Mahu2021 [8d 3s]
Mahu2021: folds 
Uncalled bet (20) returned to agentul75
agentul75 collected 40 from pot
agentul75: doesn't show hand 
*** SUMMARY ***
Total pot 40 | Rake 0 
Seat 1: Mahu2021 (button) (small blind) folded before Flop
Seat 2: agentul75 (big blind) collected (40)



PokerStars Hand #253724948357: Tournament #3830948731, $0.46+$0.04 USD Hold'em No Limit - Level III (20/40) - 2024/12/06 8:09:58 CET [2024/12/06 2:09:58 ET]
Table '3830948731 1' 3-max Seat #2 is the button
Seat 1: Mahu2021 (780 in chips) 
Seat 2: agentul75 (720 in chips) 
agentul75: posts small blind 20
Mahu2021: posts big blind 40
*** HOLE CARDS ***
Dealt to Mahu2021 [2c 9c]
agentul75: folds 
Uncalled bet (20) returned to Mahu2021
Mahu2021 collected 40 from pot
Mahu2021: doesn't show hand 
*** SUMMARY ***
Total pot 40 | Rake 0 
Seat 1: Mahu2021 (big blind) collected (40)
Seat 2: agentul75 (button) (small blind) folded before Flop



PokerStars Hand #253724949488: Tournament #3830948731, $0.46+$0.04 USD Hold'em No Limit - Level III (20/40) - 2024/12/06 8:10:13 CET [2024/12/06 2:10:13 ET]
Table '3830948731 1' 3-max Seat #1 is the button
Seat 1: Mahu2021 (800 in chips) 
Seat 2: agentul75 (700 in chips) 
Mahu2021: posts small blind 20
agentul75: posts big blind 40
*** HOLE CARDS ***
Dealt to Mahu2021 [Qh Jd]
Mahu2021: raises 40 to 80
agentul75: folds 
Uncalled bet (40) returned to Mahu2021
Mahu2021 collected 80 from pot
Mahu2021: doesn't show hand 
*** SUMMARY ***
Total pot 80 | Rake 0 
Seat 1: Mahu2021 (button) (small blind) collected (80)
Seat 2: agentul75 (big blind) folded before Flop



PokerStars Hand #253724950150: Tournament #3830948731, $0.46+$0.04 USD Hold'em No Limit - Level III (20/40) - 2024/12/06 8:10:22 CET [2024/12/06 2:10:22 ET]
Table '3830948731 1' 3-max Seat #2 is the button
Seat 1: Mahu2021 (840 in chips) 
Seat 2: agentul75 (660 in chips) 
agentul75: posts small blind 20
Mahu2021: posts big blind 40
*** HOLE CARDS ***
Dealt to Mahu2021 [Jd 4h]
agentul75: folds 
Uncalled bet (20) returned to Mahu2021
Mahu2021 collected 40 from pot
Mahu2021: doesn't show hand 
*** SUMMARY ***
Total pot 40 | Rake 0 
Seat 1: Mahu2021 (big blind) collected (40)
Seat 2: agentul75 (button) (small blind) folded before Flop



PokerStars Hand #253724950797: Tournament #3830948731, $0.46+$0.04 USD Hold'em No Limit - Level III (20/40) - 2024/12/06 8:10:31 CET [2024/12/06 2:10:31 ET]
Table '3830948731 1' 3-max Seat #1 is the button
Seat 1: Mahu2021 (860 in chips) 
Seat 2: agentul75 (640 in chips) 
Mahu2021: posts small blind 20
agentul75: posts big blind 40
*** HOLE CARDS ***
Dealt to Mahu2021 [Jh 9d]
Mahu2021: raises 40 to 80
agentul75: folds 
Uncalled bet (40) returned to Mahu2021
Mahu2021 collected 80 from pot
Mahu2021: doesn't show hand 
*** SUMMARY ***
Total pot 80 | Rake 0 
Seat 1: Mahu2021 (button) (small blind) collected (80)
Seat 2: agentul75 (big blind) folded before Flop



PokerStars Hand #253724951318: Tournament #3830948731, $0.46+$0.04 USD Hold'em No Limit - Level III (20/40) - 2024/12/06 8:10:38 CET [2024/12/06 2:10:38 ET]
Table '3830948731 1' 3-max Seat #2 is the button
Seat 1: Mahu2021 (900 in chips) 
Seat 2: agentul75 (600 in chips) 
agentul75: posts small blind 20
Mahu2021: posts big blind 40
*** HOLE CARDS ***
Dealt to Mahu2021 [Ks 4c]
agentul75: folds 
Uncalled bet (20) returned to Mahu2021
Mahu2021 collected 40 from pot
Mahu2021: doesn't show hand 
*** SUMMARY ***
Total pot 40 | Rake 0 
Seat 1: Mahu2021 (big blind) collected (40)
Seat 2: agentul75 (button) (small blind) folded before Flop



PokerStars Hand #253724951626: Tournament #3830948731, $0.46+$0.04 USD Hold'em No Limit - Level III (20/40) - 2024/12/06 8:10:43 CET [2024/12/06 2:10:43 ET]
Table '3830948731 1' 3-max Seat #1 is the button
Seat 1: Mahu2021 (920 in chips) 
Seat 2: agentul75 (580 in chips) 
Mahu2021: posts small blind 20
agentul75: posts big blind 40
*** HOLE CARDS ***
Dealt to Mahu2021 [2d Jd]
Mahu2021: raises 40 to 80
agentul75: raises 500 to 580 and is all-in
Mahu2021: folds 
Uncalled bet (500) returned to agentul75
agentul75 collected 160 from pot
agentul75: doesn't show hand 
*** SUMMARY ***
Total pot 160 | Rake 0 
Seat 1: Mahu2021 (button) (small blind) folded before Flop
Seat 2: agentul75 (big blind) collected (160)



PokerStars Hand #253724952270: Tournament #3830948731, $0.46+$0.04 USD Hold'em No Limit - Level III (20/40) - 2024/12/06 8:10:51 CET [2024/12/06 2:10:51 ET]
Table '3830948731 1' 3-max Seat #2 is the button
Seat 1: Mahu2021 (840 in chips) 
Seat 2: agentul75 (660 in chips) 
agentul75: posts small blind 20
Mahu2021: posts big blind 40
*** HOLE CARDS ***
Dealt to Mahu2021 [Td Qd]
agentul75: calls 20
Mahu2021: checks 
*** FLOP *** [8h Ac 6h]
Mahu2021: checks 
agentul75: bets 40
Mahu2021: calls 40
*** TURN *** [8h Ac 6h] [Jd]
Mahu2021: checks 
agentul75: checks 
*** RIVER *** [8h Ac 6h Jd] [Tc]
Mahu2021: bets 80
agentul75: folds 
Uncalled bet (80) returned to Mahu2021
Mahu2021 collected 160 from pot
Mahu2021: doesn't show hand 
*** SUMMARY ***
Total pot 160 | Rake 0 
Board [8h Ac 6h Jd Tc]
Seat 1: Mahu2021 (big blind) collected (160)
Seat 2: agentul75 (button) (small blind) folded on the River



PokerStars Hand #253724953661: Tournament #3830948731, $0.46+$0.04 USD Hold'em No Limit - Level III (20/40) - 2024/12/06 8:11:10 CET [2024/12/06 2:11:10 ET]
Table '3830948731 1' 3-max Seat #1 is the button
Seat 1: Mahu2021 (920 in chips) 
Seat 2: agentul75 (580 in chips) 
Mahu2021: posts small blind 20
agentul75: posts big blind 40
*** HOLE CARDS ***
Dealt to Mahu2021 [5c 6s]
Mahu2021: calls 20
agentul75: checks 
*** FLOP *** [Qh Jh Ad]
agentul75: checks 
Mahu2021: bets 40
agentul75: calls 40
*** TURN *** [Qh Jh Ad] [3c]
agentul75: checks 
Mahu2021: checks 
*** RIVER *** [Qh Jh Ad 3c] [Jd]
agentul75: checks 
Mahu2021: checks 
*** SHOW DOWN ***
agentul75: shows [5h 3h] (two pair, Jacks and Threes)
Mahu2021: mucks hand 
agentul75 collected 160 from pot
*** SUMMARY ***
Total pot 160 | Rake 0 
Board [Qh Jh Ad 3c Jd]
Seat 1: Mahu2021 (button) (small blind) mucked [5c 6s]
Seat 2: agentul75 (big blind) showed [5h 3h] and won (160) with two pair, Jacks and Threes



PokerStars Hand #253724955348: Tournament #3830948731, $0.46+$0.04 USD Hold'em No Limit - Level IV (30/60) - 2024/12/06 8:11:34 CET [2024/12/06 2:11:34 ET]
Table '3830948731 1' 3-max Seat #2 is the button
Seat 1: Mahu2021 (840 in chips) 
Seat 2: agentul75 (660 in chips) 
agentul75: posts small blind 30
Mahu2021: posts big blind 60
*** HOLE CARDS ***
Dealt to Mahu2021 [2s 9c]
agentul75: folds 
Uncalled bet (30) returned to Mahu2021
Mahu2021 collected 60 from pot
Mahu2021: doesn't show hand 
*** SUMMARY ***
Total pot 60 | Rake 0 
Seat 1: Mahu2021 (big blind) collected (60)
Seat 2: agentul75 (button) (small blind) folded before Flop



PokerStars Hand #253724955705: Tournament #3830948731, $0.46+$0.04 USD Hold'em No Limit - Level IV (30/60) - 2024/12/06 8:11:39 CET [2024/12/06 2:11:39 ET]
Table '3830948731 1' 3-max Seat #1 is the button
Seat 1: Mahu2021 (870 in chips) 
Seat 2: agentul75 (630 in chips) 
Mahu2021: posts small blind 30
agentul75: posts big blind 60
*** HOLE CARDS ***
Dealt to Mahu2021 [Jh 4s]
Mahu2021: raises 60 to 120
agentul75: folds 
Uncalled bet (60) returned to Mahu2021
Mahu2021 collected 120 from pot
Mahu2021: doesn't show hand 
*** SUMMARY ***
Total pot 120 | Rake 0 
Seat 1: Mahu2021 (button) (small blind) collected (120)
Seat 2: agentul75 (big blind) folded before Flop



PokerStars Hand #253724956188: Tournament #3830948731, $0.46+$0.04 USD Hold'em No Limit - Level IV (30/60) - 2024/12/06 8:11:46 CET [2024/12/06 2:11:46 ET]
Table '3830948731 1' 3-max Seat #2 is the button
Seat 1: Mahu2021 (930 in chips) 
Seat 2: agentul75 (570 in chips) 
agentul75: posts small blind 30
Mahu2021: posts big blind 60
*** HOLE CARDS ***
Dealt to Mahu2021 [8h Ac]
agentul75: calls 30
Mahu2021: raises 870 to 930 and is all-in
agentul75: folds 
Uncalled bet (870) returned to Mahu2021
Mahu2021 collected 120 from pot
Mahu2021: doesn't show hand 
*** SUMMARY ***
Total pot 120 | Rake 0 
Seat 1: Mahu2021 (big blind) collected (120)
Seat 2: agentul75 (button) (small blind) folded before Flop



PokerStars Hand #253724956902: Tournament #3830948731, $0.46+$0.04 USD Hold'em No Limit - Level IV (30/60) - 2024/12/06 8:11:56 CET [2024/12/06 2:11:56 ET]
Table '3830948731 1' 3-max Seat #1 is the button
Seat 1: Mahu2021 (990 in chips) 
Seat 2: agentul75 (510 in chips) 
Mahu2021: posts small blind 30
agentul75: posts big blind 60
*** HOLE CARDS ***
Dealt to Mahu2021 [4h 8s]
Mahu2021: folds 
Uncalled bet (30) returned to agentul75
agentul75 collected 60 from pot
agentul75: doesn't show hand 
*** SUMMARY ***
Total pot 60 | Rake 0 
Seat 1: Mahu2021 (button) (small blind) folded before Flop
Seat 2: agentul75 (big blind) collected (60)



PokerStars Hand #253724957276: Tournament #3830948731, $0.46+$0.04 USD Hold'em No Limit - Level IV (30/60) - 2024/12/06 8:12:01 CET [2024/12/06 2:12:01 ET]
Table '3830948731 1' 3-max Seat #2 is the button
Seat 1: Mahu2021 (960 in chips) 
Seat 2: agentul75 (540 in chips) 
agentul75: posts small blind 30
Mahu2021: posts big blind 60
*** HOLE CARDS ***
Dealt to Mahu2021 [5h 9d]
agentul75: folds 
Uncalled bet (30) returned to Mahu2021
Mahu2021 collected 60 from pot
Mahu2021: doesn't show hand 
*** SUMMARY ***
Total pot 60 | Rake 0 
Seat 1: Mahu2021 (big blind) collected (60)
Seat 2: agentul75 (button) (small blind) folded before Flop



PokerStars Hand #253724957648: Tournament #3830948731, $0.46+$0.04 USD Hold'em No Limit - Level IV (30/60) - 2024/12/06 8:12:06 CET [2024/12/06 2:12:06 ET]
Table '3830948731 1' 3-max Seat #1 is the button
Seat 1: Mahu2021 (990 in chips) 
Seat 2: agentul75 (510 in chips) 
Mahu2021: posts small blind 30
agentul75: posts big blind 60
*** HOLE CARDS ***
Dealt to Mahu2021 [5c Ad]
Mahu2021: raises 930 to 990 and is all-in
agentul75: folds 
Uncalled bet (930) returned to Mahu2021
Mahu2021 collected 120 from pot
Mahu2021: doesn't show hand 
*** SUMMARY ***
Total pot 120 | Rake 0 
Seat 1: Mahu2021 (button) (small blind) collected (120)
Seat 2: agentul75 (big blind) folded before Flop



PokerStars Hand #253724958161: Tournament #3830948731, $0.46+$0.04 USD Hold'em No Limit - Level IV (30/60) - 2024/12/06 8:12:14 CET [2024/12/06 2:12:14 ET]
Table '3830948731 1' 3-max Seat #2 is the button
Seat 1: Mahu2021 (1050 in chips) 
Seat 2: agentul75 (450 in chips) 
agentul75: posts small blind 30
Mahu2021: posts big blind 60
*** HOLE CARDS ***
Dealt to Mahu2021 [Jd 2s]
agentul75: folds 
Uncalled bet (30) returned to Mahu2021
Mahu2021 collected 60 from pot
Mahu2021: doesn't show hand 
*** SUMMARY ***
Total pot 60 | Rake 0 
Seat 1: Mahu2021 (big blind) collected (60)
Seat 2: agentul75 (button) (small blind) folded before Flop



PokerStars Hand #253724958517: Tournament #3830948731, $0.46+$0.04 USD Hold'em No Limit - Level IV (30/60) - 2024/12/06 8:12:19 CET [2024/12/06 2:12:19 ET]
Table '3830948731 1' 3-max Seat #1 is the button
Seat 1: Mahu2021 (1080 in chips) 
Seat 2: agentul75 (420 in chips) 
Mahu2021: posts small blind 30
agentul75: posts big blind 60
*** HOLE CARDS ***
Dealt to Mahu2021 [7h 9c]
Mahu2021: folds 
Uncalled bet (30) returned to agentul75
agentul75 collected 60 from pot
agentul75: doesn't show hand 
*** SUMMARY ***
Total pot 60 | Rake 0 
Seat 1: Mahu2021 (button) (small blind) folded before Flop
Seat 2: agentul75 (big blind) collected (60)



PokerStars Hand #253724958883: Tournament #3830948731, $0.46+$0.04 USD Hold'em No Limit - Level IV (30/60) - 2024/12/06 8:12:24 CET [2024/12/06 2:12:24 ET]
Table '3830948731 1' 3-max Seat #2 is the button
Seat 1: Mahu2021 (1050 in chips) 
Seat 2: agentul75 (450 in chips) 
agentul75: posts small blind 30
Mahu2021: posts big blind 60
*** HOLE CARDS ***
Dealt to Mahu2021 [Tc 5c]
agentul75: calls 30
Mahu2021: checks 
*** FLOP *** [7h 3s Js]
Mahu2021: checks 
agentul75: bets 60
Mahu2021: folds 
Uncalled bet (60) returned to agentul75
agentul75 collected 120 from pot
agentul75: doesn't show hand 
*** SUMMARY ***
Total pot 120 | Rake 0 
Board [7h 3s Js]
Seat 1: Mahu2021 (big blind) folded on the Flop
Seat 2: agentul75 (button) (small blind) collected (120)



PokerStars Hand #253724959743: Tournament #3830948731, $0.46+$0.04 USD Hold'em No Limit - Level IV (30/60) - 2024/12/06 8:12:36 CET [2024/12/06 2:12:36 ET]
Table '3830948731 1' 3-max Seat #1 is the button
Seat 1: Mahu2021 (990 in chips) 
Seat 2: agentul75 (510 in chips) 
Mahu2021: posts small blind 30
agentul75: posts big blind 60
*** HOLE CARDS ***
Dealt to Mahu2021 [6c Ts]
Mahu2021: folds 
Uncalled bet (30) returned to agentul75
agentul75 collected 60 from pot
agentul75: doesn't show hand 
*** SUMMARY ***
Total pot 60 | Rake 0 
Seat 1: Mahu2021 (button) (small blind) folded before Flop
Seat 2: agentul75 (big blind) collected (60)



PokerStars Hand #253724960073: Tournament #3830948731, $0.46+$0.04 USD Hold'em No Limit - Level IV (30/60) - 2024/12/06 8:12:40 CET [2024/12/06 2:12:40 ET]
Table '3830948731 1' 3-max Seat #2 is the button
Seat 1: Mahu2021 (960 in chips) 
Seat 2: agentul75 (540 in chips) 
agentul75: posts small blind 30
Mahu2021: posts big blind 60
*** HOLE CARDS ***
Dealt to Mahu2021 [9h Qc]
agentul75: folds 
Uncalled bet (30) returned to Mahu2021
Mahu2021 collected 60 from pot
Mahu2021: doesn't show hand 
*** SUMMARY ***
Total pot 60 | Rake 0 
Seat 1: Mahu2021 (big blind) collected (60)
Seat 2: agentul75 (button) (small blind) folded before Flop



PokerStars Hand #253724960407: Tournament #3830948731, $0.46+$0.04 USD Hold'em No Limit - Level IV (30/60) - 2024/12/06 8:12:46 CET [2024/12/06 2:12:46 ET]
Table '3830948731 1' 3-max Seat #1 is the button
Seat 1: Mahu2021 (990 in chips) 
Seat 2: agentul75 (510 in chips) 
Mahu2021: posts small blind 30
agentul75: posts big blind 60
*** HOLE CARDS ***
Dealt to Mahu2021 [6d 8d]
Mahu2021: calls 30
agentul75: raises 450 to 510 and is all-in
Mahu2021: folds 
Uncalled bet (450) returned to agentul75
agentul75 collected 120 from pot
agentul75: doesn't show hand 
*** SUMMARY ***
Total pot 120 | Rake 0 
Seat 1: Mahu2021 (button) (small blind) folded before Flop
Seat 2: agentul75 (big blind) collected (120)



PokerStars Hand #253724961015: Tournament #3830948731, $0.46+$0.04 USD Hold'em No Limit - Level IV (30/60) - 2024/12/06 8:12:54 CET [2024/12/06 2:12:54 ET]
Table '3830948731 1' 3-max Seat #2 is the button
Seat 1: Mahu2021 (930 in chips) 
Seat 2: agentul75 (570 in chips) 
agentul75: posts small blind 30
Mahu2021: posts big blind 60
*** HOLE CARDS ***
Dealt to Mahu2021 [3c Kc]
agentul75: raises 510 to 570 and is all-in
Mahu2021: folds 
Uncalled bet (510) returned to agentul75
agentul75 collected 120 from pot
agentul75: doesn't show hand 
*** SUMMARY ***
Total pot 120 | Rake 0 
Seat 1: Mahu2021 (big blind) folded before Flop
Seat 2: agentul75 (button) (small blind) collected (120)



PokerStars Hand #253724961538: Tournament #3830948731, $0.46+$0.04 USD Hold'em No Limit - Level IV (30/60) - 2024/12/06 8:13:01 CET [2024/12/06 2:13:01 ET]
Table '3830948731 1' 3-max Seat #1 is the button
Seat 1: Mahu2021 (870 in chips) 
Seat 2: agentul75 (630 in chips) 
Mahu2021: posts small blind 30
agentul75: posts big blind 60
*** HOLE CARDS ***
Dealt to Mahu2021 [Ac 6s]
Mahu2021: raises 60 to 120
agentul75: raises 510 to 630 and is all-in
Mahu2021: calls 510
*** FLOP *** [Jc 6c 2d]
*** TURN *** [Jc 6c 2d] [8d]
*** RIVER *** [Jc 6c 2d 8d] [2s]
*** SHOW DOWN ***
agentul75: shows [5s As] (a pair of Deuces)
Mahu2021: shows [Ac 6s] (two pair, Sixes and Deuces)
Mahu2021 collected 1260 from pot
agentul75 finished the tournament in 2nd place
Mahu2021 wins the tournament - congratulations!
Mahu2021 wins a '$1.50 Power Path Step 2 Ticket' ticket
*** SUMMARY ***
Total pot 1260 | Rake 0 
Board [Jc 6c 2d 8d 2s]
Seat 1: Mahu2021 (button) (small blind) showed [Ac 6s] and won (1260) with two pair, Sixes and Deuces
Seat 2: agentul75 (big blind) showed [5s As] and lost with a pair of Deuces



