PokerStars Hand #245793068991: Tournament #3640948056, $0.92+$0.08 USD Hold'em No Limit - Level I (10/20) - 2023/09/05 21:38:12 CET [2023/09/05 15:38:12 ET]
Table '3640948056 1' 3-max Seat #1 is the button
Seat 1: skywalker_sw (500 in chips) 
Seat 2: Oleh284 (500 in chips) 
Seat 3: Mahu2021 (500 in chips) 
Oleh284: posts small blind 10
Mahu2021: posts big blind 20
*** HOLE CARDS ***
Dealt to Mahu2021 [Kh 6h]
skywalker_sw: calls 20
Oleh284: calls 10
Mahu2021: checks 
*** FLOP *** [Jh 9h 4h]
Oleh284: bets 20
Mahu2021: calls 20
skywalker_sw: folds 
*** TURN *** [Jh 9h 4h] [Ah]
Oleh284: checks 
Mahu2021: bets 40
Oleh284: folds 
Uncalled bet (40) returned to Mahu2021
Mahu2021 collected 100 from pot
Mahu2021: doesn't show hand 
*** SUMMARY ***
Total pot 100 | Rake 0 
Board [Jh 9h 4h Ah]
Seat 1: skywalker_sw (button) folded on the Flop
Seat 2: Oleh284 (small blind) folded on the Turn
Seat 3: Mahu2021 (big blind) collected (100)



PokerStars Hand #245793075382: Tournament #3640948056, $0.92+$0.08 USD Hold'em No Limit - Level I (10/20) - 2023/09/05 21:38:30 CET [2023/09/05 15:38:30 ET]
Table '3640948056 1' 3-max Seat #2 is the button
Seat 1: skywalker_sw (480 in chips) 
Seat 2: Oleh284 (460 in chips) 
Seat 3: Mahu2021 (560 in chips) 
Mahu2021: posts small blind 10
skywalker_sw: posts big blind 20
*** HOLE CARDS ***
Dealt to Mahu2021 [8s Jh]
Oleh284: calls 20
Mahu2021: calls 10
skywalker_sw: checks 
*** FLOP *** [Tc 6c Qh]
Mahu2021: checks 
skywalker_sw has timed out
skywalker_sw: checks 
Oleh284: bets 20
Mahu2021: calls 20
skywalker_sw has timed out
skywalker_sw: folds 
skywalker_sw is sitting out
*** TURN *** [Tc 6c Qh] [2h]
skywalker_sw has returned
Mahu2021: checks 
Oleh284: bets 20
Mahu2021: folds 
Uncalled bet (20) returned to Oleh284
Oleh284 collected 100 from pot
*** SUMMARY ***
Total pot 100 | Rake 0 
Board [Tc 6c Qh 2h]
Seat 1: skywalker_sw (big blind) folded on the Flop
Seat 2: Oleh284 (button) collected (100)
Seat 3: Mahu2021 (small blind) folded on the Turn



PokerStars Hand #245793096750: Tournament #3640948056, $0.92+$0.08 USD Hold'em No Limit - Level I (10/20) - 2023/09/05 21:39:27 CET [2023/09/05 15:39:27 ET]
Table '3640948056 1' 3-max Seat #3 is the button
Seat 1: skywalker_sw (460 in chips) 
Seat 2: Oleh284 (520 in chips) 
Seat 3: Mahu2021 (520 in chips) 
skywalker_sw: posts small blind 10
Oleh284: posts big blind 20
*** HOLE CARDS ***
Dealt to Mahu2021 [Jc Td]
Mahu2021: raises 20 to 40
skywalker_sw: folds 
Oleh284: folds 
Uncalled bet (20) returned to Mahu2021
Mahu2021 collected 50 from pot
Mahu2021: doesn't show hand 
*** SUMMARY ***
Total pot 50 | Rake 0 
Seat 1: skywalker_sw (small blind) folded before Flop
Seat 2: Oleh284 (big blind) folded before Flop
Seat 3: Mahu2021 (button) collected (50)



PokerStars Hand #245793099877: Tournament #3640948056, $0.92+$0.08 USD Hold'em No Limit - Level I (10/20) - 2023/09/05 21:39:36 CET [2023/09/05 15:39:36 ET]
Table '3640948056 1' 3-max Seat #1 is the button
Seat 1: skywalker_sw (450 in chips) 
Seat 2: Oleh284 (500 in chips) 
Seat 3: Mahu2021 (550 in chips) 
Oleh284: posts small blind 10
Mahu2021: posts big blind 20
*** HOLE CARDS ***
Dealt to Mahu2021 [8h 5h]
skywalker_sw: calls 20
Oleh284: calls 10
Mahu2021: checks 
*** FLOP *** [Jh 6s 8c]
Oleh284: checks 
Mahu2021: checks 
skywalker_sw: bets 20
Oleh284: calls 20
Mahu2021: calls 20
*** TURN *** [Jh 6s 8c] [6h]
Oleh284: checks 
Mahu2021: checks 
skywalker_sw: checks 
*** RIVER *** [Jh 6s 8c 6h] [Kh]
Oleh284: checks 
Mahu2021: bets 120
skywalker_sw: folds 
Oleh284: folds 
Uncalled bet (120) returned to Mahu2021
Mahu2021 collected 120 from pot
Mahu2021: doesn't show hand 
*** SUMMARY ***
Total pot 120 | Rake 0 
Board [Jh 6s 8c 6h Kh]
Seat 1: skywalker_sw (button) folded on the River
Seat 2: Oleh284 (small blind) folded on the River
Seat 3: Mahu2021 (big blind) collected (120)



PokerStars Hand #245793109893: Tournament #3640948056, $0.92+$0.08 USD Hold'em No Limit - Level I (10/20) - 2023/09/05 21:40:03 CET [2023/09/05 15:40:03 ET]
Table '3640948056 1' 3-max Seat #2 is the button
Seat 1: skywalker_sw (410 in chips) 
Seat 2: Oleh284 (460 in chips) 
Seat 3: Mahu2021 (630 in chips) 
Mahu2021: posts small blind 10
skywalker_sw: posts big blind 20
*** HOLE CARDS ***
Dealt to Mahu2021 [3h 8h]
Oleh284: folds 
Mahu2021: folds 
Uncalled bet (10) returned to skywalker_sw
skywalker_sw collected 20 from pot
*** SUMMARY ***
Total pot 20 | Rake 0 
Seat 1: skywalker_sw (big blind) collected (20)
Seat 2: Oleh284 (button) folded before Flop (didn't bet)
Seat 3: Mahu2021 (small blind) folded before Flop



PokerStars Hand #245793111765: Tournament #3640948056, $0.92+$0.08 USD Hold'em No Limit - Level I (10/20) - 2023/09/05 21:40:08 CET [2023/09/05 15:40:08 ET]
Table '3640948056 1' 3-max Seat #3 is the button
Seat 1: skywalker_sw (420 in chips) 
Seat 2: Oleh284 (460 in chips) 
Seat 3: Mahu2021 (620 in chips) 
skywalker_sw: posts small blind 10
Oleh284: posts big blind 20
*** HOLE CARDS ***
Dealt to Mahu2021 [2s 2c]
Mahu2021: calls 20
skywalker_sw: raises 40 to 60
Oleh284: folds 
Mahu2021: calls 40
*** FLOP *** [6d 6s Ah]
skywalker_sw: bets 140
Mahu2021: folds 
Uncalled bet (140) returned to skywalker_sw
skywalker_sw collected 140 from pot
*** SUMMARY ***
Total pot 140 | Rake 0 
Board [6d 6s Ah]
Seat 1: skywalker_sw (small blind) collected (140)
Seat 2: Oleh284 (big blind) folded before Flop
Seat 3: Mahu2021 (button) folded on the Flop



PokerStars Hand #245793117274: Tournament #3640948056, $0.92+$0.08 USD Hold'em No Limit - Level I (10/20) - 2023/09/05 21:40:23 CET [2023/09/05 15:40:23 ET]
Table '3640948056 1' 3-max Seat #1 is the button
Seat 1: skywalker_sw (500 in chips) 
Seat 2: Oleh284 (440 in chips) 
Seat 3: Mahu2021 (560 in chips) 
Oleh284: posts small blind 10
Mahu2021: posts big blind 20
*** HOLE CARDS ***
Dealt to Mahu2021 [7d As]
skywalker_sw: folds 
Oleh284: calls 10
skywalker_sw is sitting out
Mahu2021: checks 
*** FLOP *** [Qd Kh Jh]
Oleh284: bets 20
Mahu2021: calls 20
*** TURN *** [Qd Kh Jh] [Ah]
Oleh284: bets 20
Mahu2021: calls 20
*** RIVER *** [Qd Kh Jh Ah] [2d]
Oleh284: bets 20
Mahu2021: calls 20
*** SHOW DOWN ***
Oleh284: shows [Qh Td] (a straight, Ten to Ace)
Mahu2021: mucks hand 
Oleh284 collected 160 from pot
*** SUMMARY ***
Total pot 160 | Rake 0 
Board [Qd Kh Jh Ah 2d]
Seat 1: skywalker_sw (button) folded before Flop (didn't bet)
Seat 2: Oleh284 (small blind) showed [Qh Td] and won (160) with a straight, Ten to Ace
Seat 3: Mahu2021 (big blind) mucked [7d As]



PokerStars Hand #245793124266: Tournament #3640948056, $0.92+$0.08 USD Hold'em No Limit - Level I (10/20) - 2023/09/05 21:40:42 CET [2023/09/05 15:40:42 ET]
Table '3640948056 1' 3-max Seat #2 is the button
Seat 1: skywalker_sw (500 in chips) is sitting out
Seat 2: Oleh284 (520 in chips) 
Seat 3: Mahu2021 (480 in chips) 
Mahu2021: posts small blind 10
skywalker_sw: posts big blind 20
*** HOLE CARDS ***
Dealt to Mahu2021 [Kc 7c]
Oleh284: folds 
Mahu2021: raises 20 to 40
skywalker_sw: folds 
Uncalled bet (20) returned to Mahu2021
Mahu2021 collected 40 from pot
Mahu2021: doesn't show hand 
*** SUMMARY ***
Total pot 40 | Rake 0 
Seat 1: skywalker_sw (big blind) folded before Flop
Seat 2: Oleh284 (button) folded before Flop (didn't bet)
Seat 3: Mahu2021 (small blind) collected (40)



PokerStars Hand #245793126322: Tournament #3640948056, $0.92+$0.08 USD Hold'em No Limit - Level I (10/20) - 2023/09/05 21:40:48 CET [2023/09/05 15:40:48 ET]
Table '3640948056 1' 3-max Seat #3 is the button
Seat 1: skywalker_sw (480 in chips) is sitting out
Seat 2: Oleh284 (520 in chips) 
Seat 3: Mahu2021 (500 in chips) 
skywalker_sw: posts small blind 10
Oleh284: posts big blind 20
*** HOLE CARDS ***
Dealt to Mahu2021 [3c 5s]
Mahu2021: folds 
skywalker_sw: folds 
Uncalled bet (10) returned to Oleh284
Oleh284 collected 20 from pot
*** SUMMARY ***
Total pot 20 | Rake 0 
Seat 1: skywalker_sw (small blind) folded before Flop
Seat 2: Oleh284 (big blind) collected (20)
Seat 3: Mahu2021 (button) folded before Flop (didn't bet)



PokerStars Hand #245793127959: Tournament #3640948056, $0.92+$0.08 USD Hold'em No Limit - Level I (10/20) - 2023/09/05 21:40:52 CET [2023/09/05 15:40:52 ET]
Table '3640948056 1' 3-max Seat #1 is the button
Seat 1: skywalker_sw (470 in chips) is sitting out
Seat 2: Oleh284 (530 in chips) 
Seat 3: Mahu2021 (500 in chips) 
Oleh284: posts small blind 10
Mahu2021: posts big blind 20
*** HOLE CARDS ***
Dealt to Mahu2021 [3c 6s]
skywalker_sw: folds 
Oleh284: folds 
Uncalled bet (10) returned to Mahu2021
Mahu2021 collected 20 from pot
Mahu2021: doesn't show hand 
*** SUMMARY ***
Total pot 20 | Rake 0 
Seat 1: skywalker_sw (button) folded before Flop (didn't bet)
Seat 2: Oleh284 (small blind) folded before Flop
Seat 3: Mahu2021 (big blind) collected (20)



PokerStars Hand #245793129589: Tournament #3640948056, $0.92+$0.08 USD Hold'em No Limit - Level I (10/20) - 2023/09/05 21:40:56 CET [2023/09/05 15:40:56 ET]
Table '3640948056 1' 3-max Seat #2 is the button
Seat 1: skywalker_sw (470 in chips) is sitting out
Seat 2: Oleh284 (520 in chips) 
Seat 3: Mahu2021 (510 in chips) 
Mahu2021: posts small blind 10
skywalker_sw: posts big blind 20
*** HOLE CARDS ***
Dealt to Mahu2021 [Jd 9s]
Oleh284: calls 20
Mahu2021: calls 10
skywalker_sw: folds 
*** FLOP *** [4s Tc 5h]
Mahu2021: checks 
Oleh284: bets 20
Mahu2021: calls 20
*** TURN *** [4s Tc 5h] [Kh]
Mahu2021: checks 
Oleh284: checks 
*** RIVER *** [4s Tc 5h Kh] [Qd]
Mahu2021: bets 100
Oleh284: folds 
Uncalled bet (100) returned to Mahu2021
Mahu2021 collected 100 from pot
Mahu2021: doesn't show hand 
*** SUMMARY ***
Total pot 100 | Rake 0 
Board [4s Tc 5h Kh Qd]
Seat 1: skywalker_sw (big blind) folded before Flop
Seat 2: Oleh284 (button) folded on the River
Seat 3: Mahu2021 (small blind) collected (100)



PokerStars Hand #245793137663: Tournament #3640948056, $0.92+$0.08 USD Hold'em No Limit - Level II (15/30) - 2023/09/05 21:41:19 CET [2023/09/05 15:41:19 ET]
Table '3640948056 1' 3-max Seat #3 is the button
Seat 1: skywalker_sw (450 in chips) is sitting out
Seat 2: Oleh284 (480 in chips) 
Seat 3: Mahu2021 (570 in chips) 
skywalker_sw: posts small blind 15
Oleh284: posts big blind 30
*** HOLE CARDS ***
Dealt to Mahu2021 [Js 5c]
Mahu2021: folds 
skywalker_sw: folds 
Uncalled bet (15) returned to Oleh284
Oleh284 collected 30 from pot
*** SUMMARY ***
Total pot 30 | Rake 0 
Seat 1: skywalker_sw (small blind) folded before Flop
Seat 2: Oleh284 (big blind) collected (30)
Seat 3: Mahu2021 (button) folded before Flop (didn't bet)



PokerStars Hand #245793139425: Tournament #3640948056, $0.92+$0.08 USD Hold'em No Limit - Level II (15/30) - 2023/09/05 21:41:23 CET [2023/09/05 15:41:23 ET]
Table '3640948056 1' 3-max Seat #1 is the button
Seat 1: skywalker_sw (435 in chips) is sitting out
Seat 2: Oleh284 (495 in chips) 
Seat 3: Mahu2021 (570 in chips) 
Oleh284: posts small blind 15
Mahu2021: posts big blind 30
*** HOLE CARDS ***
Dealt to Mahu2021 [8h 9h]
skywalker_sw: folds 
Oleh284: calls 15
Mahu2021: checks 
*** FLOP *** [Jd 3h Qh]
Oleh284: checks 
Mahu2021: bets 30
Oleh284: folds 
Uncalled bet (30) returned to Mahu2021
Mahu2021 collected 60 from pot
Mahu2021: doesn't show hand 
*** SUMMARY ***
Total pot 60 | Rake 0 
Board [Jd 3h Qh]
Seat 1: skywalker_sw (button) folded before Flop (didn't bet)
Seat 2: Oleh284 (small blind) folded on the Flop
Seat 3: Mahu2021 (big blind) collected (60)



PokerStars Hand #245793143311: Tournament #3640948056, $0.92+$0.08 USD Hold'em No Limit - Level II (15/30) - 2023/09/05 21:41:34 CET [2023/09/05 15:41:34 ET]
Table '3640948056 1' 3-max Seat #2 is the button
Seat 1: skywalker_sw (435 in chips) is sitting out
Seat 2: Oleh284 (465 in chips) 
Seat 3: Mahu2021 (600 in chips) 
Mahu2021: posts small blind 15
skywalker_sw: posts big blind 30
*** HOLE CARDS ***
Dealt to Mahu2021 [8d Jd]
Oleh284: calls 30
Mahu2021: calls 15
skywalker_sw: folds 
*** FLOP *** [7h 4c 3h]
Mahu2021: checks 
Oleh284: checks 
*** TURN *** [7h 4c 3h] [9c]
Mahu2021: checks 
Oleh284: bets 30
Mahu2021: calls 30
*** RIVER *** [7h 4c 3h 9c] [9h]
Mahu2021: checks 
Oleh284: bets 30
skywalker_sw has returned
Mahu2021: folds 
Uncalled bet (30) returned to Oleh284
Oleh284 collected 150 from pot
*** SUMMARY ***
Total pot 150 | Rake 0 
Board [7h 4c 3h 9c 9h]
Seat 1: skywalker_sw (big blind) folded before Flop
Seat 2: Oleh284 (button) collected (150)
Seat 3: Mahu2021 (small blind) folded on the River



PokerStars Hand #245793149012: Tournament #3640948056, $0.92+$0.08 USD Hold'em No Limit - Level II (15/30) - 2023/09/05 21:41:50 CET [2023/09/05 15:41:50 ET]
Table '3640948056 1' 3-max Seat #3 is the button
Seat 1: skywalker_sw (405 in chips) 
Seat 2: Oleh284 (555 in chips) 
Seat 3: Mahu2021 (540 in chips) 
skywalker_sw: posts small blind 15
Oleh284: posts big blind 30
*** HOLE CARDS ***
Dealt to Mahu2021 [Ks Ts]
Mahu2021: raises 30 to 60
skywalker_sw: calls 45
Oleh284: folds 
*** FLOP *** [8s 6c 9d]
skywalker_sw: checks 
Mahu2021: bets 90
skywalker_sw has timed out
skywalker_sw: folds 
skywalker_sw is sitting out
Uncalled bet (90) returned to Mahu2021
Mahu2021 collected 150 from pot
Mahu2021: doesn't show hand 
skywalker_sw has returned
*** SUMMARY ***
Total pot 150 | Rake 0 
Board [8s 6c 9d]
Seat 1: skywalker_sw (small blind) folded on the Flop
Seat 2: Oleh284 (big blind) folded before Flop
Seat 3: Mahu2021 (button) collected (150)



PokerStars Hand #245793160598: Tournament #3640948056, $0.92+$0.08 USD Hold'em No Limit - Level II (15/30) - 2023/09/05 21:42:22 CET [2023/09/05 15:42:22 ET]
Table '3640948056 1' 3-max Seat #1 is the button
Seat 1: skywalker_sw (345 in chips) 
Seat 2: Oleh284 (525 in chips) 
Seat 3: Mahu2021 (630 in chips) 
Oleh284: posts small blind 15
Mahu2021: posts big blind 30
*** HOLE CARDS ***
Dealt to Mahu2021 [4d Jd]
skywalker_sw: raises 60 to 90
Oleh284: folds 
Mahu2021: folds 
Uncalled bet (60) returned to skywalker_sw
skywalker_sw collected 75 from pot
*** SUMMARY ***
Total pot 75 | Rake 0 
Seat 1: skywalker_sw (button) collected (75)
Seat 2: Oleh284 (small blind) folded before Flop
Seat 3: Mahu2021 (big blind) folded before Flop



PokerStars Hand #245793164273: Tournament #3640948056, $0.92+$0.08 USD Hold'em No Limit - Level II (15/30) - 2023/09/05 21:42:31 CET [2023/09/05 15:42:31 ET]
Table '3640948056 1' 3-max Seat #2 is the button
Seat 1: skywalker_sw (390 in chips) 
Seat 2: Oleh284 (510 in chips) 
Seat 3: Mahu2021 (600 in chips) 
Mahu2021: posts small blind 15
skywalker_sw: posts big blind 30
*** HOLE CARDS ***
Dealt to Mahu2021 [Td 3d]
Oleh284: calls 30
Mahu2021: folds 
skywalker_sw: checks 
*** FLOP *** [Ah 9h Qd]
skywalker_sw: checks 
Oleh284: bets 30
skywalker_sw: folds 
Uncalled bet (30) returned to Oleh284
Oleh284 collected 75 from pot
*** SUMMARY ***
Total pot 75 | Rake 0 
Board [Ah 9h Qd]
Seat 1: skywalker_sw (big blind) folded on the Flop
Seat 2: Oleh284 (button) collected (75)
Seat 3: Mahu2021 (small blind) folded before Flop



PokerStars Hand #245793173669: Tournament #3640948056, $0.92+$0.08 USD Hold'em No Limit - Level II (15/30) - 2023/09/05 21:42:57 CET [2023/09/05 15:42:57 ET]
Table '3640948056 1' 3-max Seat #3 is the button
Seat 1: skywalker_sw (360 in chips) 
Seat 2: Oleh284 (555 in chips) 
Seat 3: Mahu2021 (585 in chips) 
skywalker_sw: posts small blind 15
Oleh284: posts big blind 30
*** HOLE CARDS ***
Dealt to Mahu2021 [5s Th]
Mahu2021: folds 
skywalker_sw: raises 30 to 60
Oleh284: folds 
Uncalled bet (30) returned to skywalker_sw
skywalker_sw collected 60 from pot
*** SUMMARY ***
Total pot 60 | Rake 0 
Seat 1: skywalker_sw (small blind) collected (60)
Seat 2: Oleh284 (big blind) folded before Flop
Seat 3: Mahu2021 (button) folded before Flop (didn't bet)



PokerStars Hand #245793180839: Tournament #3640948056, $0.92+$0.08 USD Hold'em No Limit - Level II (15/30) - 2023/09/05 21:43:17 CET [2023/09/05 15:43:17 ET]
Table '3640948056 1' 3-max Seat #1 is the button
Seat 1: skywalker_sw (390 in chips) 
Seat 2: Oleh284 (525 in chips) 
Seat 3: Mahu2021 (585 in chips) 
Oleh284: posts small blind 15
Mahu2021: posts big blind 30
*** HOLE CARDS ***
Dealt to Mahu2021 [Jd 9c]
skywalker_sw: calls 30
Oleh284: calls 15
Mahu2021: checks 
*** FLOP *** [8s Tc 8d]
Oleh284: bets 30
Mahu2021: calls 30
skywalker_sw: folds 
*** TURN *** [8s Tc 8d] [Kh]
Oleh284: checks 
Mahu2021: checks 
*** RIVER *** [8s Tc 8d Kh] [6h]
Oleh284: checks 
Mahu2021: bets 60
Oleh284: folds 
Uncalled bet (60) returned to Mahu2021
Mahu2021 collected 150 from pot
Mahu2021: doesn't show hand 
*** SUMMARY ***
Total pot 150 | Rake 0 
Board [8s Tc 8d Kh 6h]
Seat 1: skywalker_sw (button) folded on the Flop
Seat 2: Oleh284 (small blind) folded on the River
Seat 3: Mahu2021 (big blind) collected (150)



PokerStars Hand #245793190850: Tournament #3640948056, $0.92+$0.08 USD Hold'em No Limit - Level II (15/30) - 2023/09/05 21:43:45 CET [2023/09/05 15:43:45 ET]
Table '3640948056 1' 3-max Seat #2 is the button
Seat 1: skywalker_sw (360 in chips) 
Seat 2: Oleh284 (465 in chips) 
Seat 3: Mahu2021 (675 in chips) 
Mahu2021: posts small blind 15
skywalker_sw: posts big blind 30
*** HOLE CARDS ***
Dealt to Mahu2021 [4h 7c]
Oleh284: folds 
Mahu2021: raises 30 to 60
skywalker_sw: folds 
Uncalled bet (30) returned to Mahu2021
Mahu2021 collected 60 from pot
Mahu2021: doesn't show hand 
*** SUMMARY ***
Total pot 60 | Rake 0 
Seat 1: skywalker_sw (big blind) folded before Flop
Seat 2: Oleh284 (button) folded before Flop (didn't bet)
Seat 3: Mahu2021 (small blind) collected (60)



PokerStars Hand #245793193648: Tournament #3640948056, $0.92+$0.08 USD Hold'em No Limit - Level II (15/30) - 2023/09/05 21:43:52 CET [2023/09/05 15:43:52 ET]
Table '3640948056 1' 3-max Seat #3 is the button
Seat 1: skywalker_sw (330 in chips) 
Seat 2: Oleh284 (465 in chips) 
Seat 3: Mahu2021 (705 in chips) 
skywalker_sw: posts small blind 15
Oleh284: posts big blind 30
*** HOLE CARDS ***
Dealt to Mahu2021 [2h Js]
Mahu2021: folds 
skywalker_sw: calls 15
Oleh284: checks 
*** FLOP *** [Ad Ac 6c]
skywalker_sw: checks 
Oleh284: bets 30
skywalker_sw: folds 
Uncalled bet (30) returned to Oleh284
Oleh284 collected 60 from pot
*** SUMMARY ***
Total pot 60 | Rake 0 
Board [Ad Ac 6c]
Seat 1: skywalker_sw (small blind) folded on the Flop
Seat 2: Oleh284 (big blind) collected (60)
Seat 3: Mahu2021 (button) folded before Flop (didn't bet)



PokerStars Hand #245793201158: Tournament #3640948056, $0.92+$0.08 USD Hold'em No Limit - Level II (15/30) - 2023/09/05 21:44:13 CET [2023/09/05 15:44:13 ET]
Table '3640948056 1' 3-max Seat #1 is the button
Seat 1: skywalker_sw (300 in chips) 
Seat 2: Oleh284 (495 in chips) 
Seat 3: Mahu2021 (705 in chips) 
Oleh284: posts small blind 15
Mahu2021: posts big blind 30
*** HOLE CARDS ***
Dealt to Mahu2021 [6h 9c]
skywalker_sw: folds 
Oleh284: folds 
Uncalled bet (15) returned to Mahu2021
Mahu2021 collected 30 from pot
Mahu2021: doesn't show hand 
*** SUMMARY ***
Total pot 30 | Rake 0 
Seat 1: skywalker_sw (button) folded before Flop (didn't bet)
Seat 2: Oleh284 (small blind) folded before Flop
Seat 3: Mahu2021 (big blind) collected (30)



PokerStars Hand #245793205190: Tournament #3640948056, $0.92+$0.08 USD Hold'em No Limit - Level III (20/40) - 2023/09/05 21:44:24 CET [2023/09/05 15:44:24 ET]
Table '3640948056 1' 3-max Seat #2 is the button
Seat 1: skywalker_sw (300 in chips) 
Seat 2: Oleh284 (480 in chips) 
Seat 3: Mahu2021 (720 in chips) 
Mahu2021: posts small blind 20
skywalker_sw: posts big blind 40
*** HOLE CARDS ***
Dealt to Mahu2021 [3h 2s]
Oleh284: folds 
Mahu2021: calls 20
skywalker_sw: raises 80 to 120
Mahu2021: folds 
Uncalled bet (80) returned to skywalker_sw
skywalker_sw collected 80 from pot
*** SUMMARY ***
Total pot 80 | Rake 0 
Seat 1: skywalker_sw (big blind) collected (80)
Seat 2: Oleh284 (button) folded before Flop (didn't bet)
Seat 3: Mahu2021 (small blind) folded before Flop



PokerStars Hand #245793210241: Tournament #3640948056, $0.92+$0.08 USD Hold'em No Limit - Level III (20/40) - 2023/09/05 21:44:39 CET [2023/09/05 15:44:39 ET]
Table '3640948056 1' 3-max Seat #3 is the button
Seat 1: skywalker_sw (340 in chips) 
Seat 2: Oleh284 (480 in chips) 
Seat 3: Mahu2021 (680 in chips) 
skywalker_sw: posts small blind 20
Oleh284: posts big blind 40
*** HOLE CARDS ***
Dealt to Mahu2021 [Kd 8s]
Mahu2021: calls 40
skywalker_sw: calls 20
Oleh284: checks 
*** FLOP *** [Qd 3c Js]
skywalker_sw: checks 
Oleh284: checks 
Mahu2021: checks 
*** TURN *** [Qd 3c Js] [6d]
skywalker_sw: checks 
Oleh284: bets 40
Mahu2021: folds 
skywalker_sw: folds 
Uncalled bet (40) returned to Oleh284
Oleh284 collected 120 from pot
*** SUMMARY ***
Total pot 120 | Rake 0 
Board [Qd 3c Js 6d]
Seat 1: skywalker_sw (small blind) folded on the Turn
Seat 2: Oleh284 (big blind) collected (120)
Seat 3: Mahu2021 (button) folded on the Turn



PokerStars Hand #245793218763: Tournament #3640948056, $0.92+$0.08 USD Hold'em No Limit - Level III (20/40) - 2023/09/05 21:45:02 CET [2023/09/05 15:45:02 ET]
Table '3640948056 1' 3-max Seat #1 is the button
Seat 1: skywalker_sw (300 in chips) 
Seat 2: Oleh284 (560 in chips) 
Seat 3: Mahu2021 (640 in chips) 
Oleh284: posts small blind 20
Mahu2021: posts big blind 40
*** HOLE CARDS ***
Dealt to Mahu2021 [7s 8s]
skywalker_sw: raises 80 to 120
Oleh284: folds 
Mahu2021: calls 80
*** FLOP *** [Kd Jc 2h]
Mahu2021: checks 
skywalker_sw: bets 40
Mahu2021: folds 
Uncalled bet (40) returned to skywalker_sw
skywalker_sw collected 260 from pot
*** SUMMARY ***
Total pot 260 | Rake 0 
Board [Kd Jc 2h]
Seat 1: skywalker_sw (button) collected (260)
Seat 2: Oleh284 (small blind) folded before Flop
Seat 3: Mahu2021 (big blind) folded on the Flop



PokerStars Hand #245793225959: Tournament #3640948056, $0.92+$0.08 USD Hold'em No Limit - Level III (20/40) - 2023/09/05 21:45:22 CET [2023/09/05 15:45:22 ET]
Table '3640948056 1' 3-max Seat #2 is the button
Seat 1: skywalker_sw (440 in chips) 
Seat 2: Oleh284 (540 in chips) 
Seat 3: Mahu2021 (520 in chips) 
Mahu2021: posts small blind 20
skywalker_sw: posts big blind 40
*** HOLE CARDS ***
Dealt to Mahu2021 [3h 4s]
Oleh284: folds 
Mahu2021: folds 
Uncalled bet (20) returned to skywalker_sw
skywalker_sw collected 40 from pot
*** SUMMARY ***
Total pot 40 | Rake 0 
Seat 1: skywalker_sw (big blind) collected (40)
Seat 2: Oleh284 (button) folded before Flop (didn't bet)
Seat 3: Mahu2021 (small blind) folded before Flop



PokerStars Hand #245793227775: Tournament #3640948056, $0.92+$0.08 USD Hold'em No Limit - Level III (20/40) - 2023/09/05 21:45:27 CET [2023/09/05 15:45:27 ET]
Table '3640948056 1' 3-max Seat #3 is the button
Seat 1: skywalker_sw (460 in chips) 
Seat 2: Oleh284 (540 in chips) 
Seat 3: Mahu2021 (500 in chips) 
skywalker_sw: posts small blind 20
Oleh284: posts big blind 40
*** HOLE CARDS ***
Dealt to Mahu2021 [7h 8h]
Mahu2021: calls 40
skywalker_sw: folds 
Oleh284: checks 
*** FLOP *** [2c 6c 5h]
Oleh284: checks 
Mahu2021: bets 120
Oleh284: folds 
Uncalled bet (120) returned to Mahu2021
Mahu2021 collected 100 from pot
Mahu2021: doesn't show hand 
*** SUMMARY ***
Total pot 100 | Rake 0 
Board [2c 6c 5h]
Seat 1: skywalker_sw (small blind) folded before Flop
Seat 2: Oleh284 (big blind) folded on the Flop
Seat 3: Mahu2021 (button) collected (100)



PokerStars Hand #245793233527: Tournament #3640948056, $0.92+$0.08 USD Hold'em No Limit - Level III (20/40) - 2023/09/05 21:45:42 CET [2023/09/05 15:45:42 ET]
Table '3640948056 1' 3-max Seat #1 is the button
Seat 1: skywalker_sw (440 in chips) 
Seat 2: Oleh284 (500 in chips) 
Seat 3: Mahu2021 (560 in chips) 
Oleh284: posts small blind 20
Mahu2021: posts big blind 40
*** HOLE CARDS ***
Dealt to Mahu2021 [Tc 4s]
skywalker_sw: folds 
Oleh284: calls 20
Mahu2021: checks 
*** FLOP *** [Jh 7h Th]
Oleh284: bets 40
Mahu2021: calls 40
*** TURN *** [Jh 7h Th] [Js]
Oleh284: bets 40
Mahu2021: calls 40
*** RIVER *** [Jh 7h Th Js] [2c]
Oleh284: bets 40
Mahu2021: calls 40
*** SHOW DOWN ***
Oleh284: shows [7d 8c] (two pair, Jacks and Sevens)
Mahu2021: shows [Tc 4s] (two pair, Jacks and Tens)
Mahu2021 collected 320 from pot
*** SUMMARY ***
Total pot 320 | Rake 0 
Board [Jh 7h Th Js 2c]
Seat 1: skywalker_sw (button) folded before Flop (didn't bet)
Seat 2: Oleh284 (small blind) showed [7d 8c] and lost with two pair, Jacks and Sevens
Seat 3: Mahu2021 (big blind) showed [Tc 4s] and won (320) with two pair, Jacks and Tens



PokerStars Hand #245793240937: Tournament #3640948056, $0.92+$0.08 USD Hold'em No Limit - Level III (20/40) - 2023/09/05 21:46:03 CET [2023/09/05 15:46:03 ET]
Table '3640948056 1' 3-max Seat #2 is the button
Seat 1: skywalker_sw (440 in chips) 
Seat 2: Oleh284 (340 in chips) 
Seat 3: Mahu2021 (720 in chips) 
Mahu2021: posts small blind 20
skywalker_sw: posts big blind 40
*** HOLE CARDS ***
Dealt to Mahu2021 [8c Th]
Oleh284: folds 
Mahu2021: calls 20
skywalker_sw: checks 
*** FLOP *** [Qh 7c 5h]
Mahu2021: checks 
skywalker_sw: bets 40
Mahu2021: folds 
Uncalled bet (40) returned to skywalker_sw
skywalker_sw collected 80 from pot
*** SUMMARY ***
Total pot 80 | Rake 0 
Board [Qh 7c 5h]
Seat 1: skywalker_sw (big blind) collected (80)
Seat 2: Oleh284 (button) folded before Flop (didn't bet)
Seat 3: Mahu2021 (small blind) folded on the Flop



PokerStars Hand #245793247657: Tournament #3640948056, $0.92+$0.08 USD Hold'em No Limit - Level III (20/40) - 2023/09/05 21:46:21 CET [2023/09/05 15:46:21 ET]
Table '3640948056 1' 3-max Seat #3 is the button
Seat 1: skywalker_sw (480 in chips) 
Seat 2: Oleh284 (340 in chips) 
Seat 3: Mahu2021 (680 in chips) 
skywalker_sw: posts small blind 20
Oleh284: posts big blind 40
*** HOLE CARDS ***
Dealt to Mahu2021 [Tc 5h]
Mahu2021: folds 
skywalker_sw: calls 20
Oleh284: checks 
*** FLOP *** [6c 8s 7s]
skywalker_sw: bets 40
Oleh284: calls 40
*** TURN *** [6c 8s 7s] [2c]
skywalker_sw: checks 
Oleh284: checks 
*** RIVER *** [6c 8s 7s 2c] [3s]
skywalker_sw: checks 
Oleh284: bets 40
skywalker_sw: calls 40
*** SHOW DOWN ***
Oleh284: shows [3h 9c] (a pair of Threes)
skywalker_sw: shows [7d Qd] (a pair of Sevens)
skywalker_sw collected 240 from pot
*** SUMMARY ***
Total pot 240 | Rake 0 
Board [6c 8s 7s 2c 3s]
Seat 1: skywalker_sw (small blind) showed [7d Qd] and won (240) with a pair of Sevens
Seat 2: Oleh284 (big blind) showed [3h 9c] and lost with a pair of Threes
Seat 3: Mahu2021 (button) folded before Flop (didn't bet)



PokerStars Hand #245793257203: Tournament #3640948056, $0.92+$0.08 USD Hold'em No Limit - Level III (20/40) - 2023/09/05 21:46:47 CET [2023/09/05 15:46:47 ET]
Table '3640948056 1' 3-max Seat #1 is the button
Seat 1: skywalker_sw (600 in chips) 
Seat 2: Oleh284 (220 in chips) 
Seat 3: Mahu2021 (680 in chips) 
Oleh284: posts small blind 20
Mahu2021: posts big blind 40
*** HOLE CARDS ***
Dealt to Mahu2021 [2h 8c]
skywalker_sw: folds 
Oleh284: raises 40 to 80
Mahu2021: folds 
Uncalled bet (40) returned to Oleh284
Oleh284 collected 80 from pot
*** SUMMARY ***
Total pot 80 | Rake 0 
Seat 1: skywalker_sw (button) folded before Flop (didn't bet)
Seat 2: Oleh284 (small blind) collected (80)
Seat 3: Mahu2021 (big blind) folded before Flop



PokerStars Hand #245793260451: Tournament #3640948056, $0.92+$0.08 USD Hold'em No Limit - Level III (20/40) - 2023/09/05 21:46:56 CET [2023/09/05 15:46:56 ET]
Table '3640948056 1' 3-max Seat #2 is the button
Seat 1: skywalker_sw (600 in chips) 
Seat 2: Oleh284 (260 in chips) 
Seat 3: Mahu2021 (640 in chips) 
Mahu2021: posts small blind 20
skywalker_sw: posts big blind 40
*** HOLE CARDS ***
Dealt to Mahu2021 [9c 3h]
Oleh284: calls 40
Mahu2021: folds 
skywalker_sw: checks 
*** FLOP *** [Kc 4h Js]
skywalker_sw: bets 100
Oleh284: raises 120 to 220 and is all-in
skywalker_sw: calls 120
*** TURN *** [Kc 4h Js] [Ts]
*** RIVER *** [Kc 4h Js Ts] [6s]
*** SHOW DOWN ***
skywalker_sw: shows [Jc 8c] (a pair of Jacks)
Oleh284: shows [Kd 7s] (a pair of Kings)
Oleh284 collected 540 from pot
*** SUMMARY ***
Total pot 540 | Rake 0 
Board [Kc 4h Js Ts 6s]
Seat 1: skywalker_sw (big blind) showed [Jc 8c] and lost with a pair of Jacks
Seat 2: Oleh284 (button) showed [Kd 7s] and won (540) with a pair of Kings
Seat 3: Mahu2021 (small blind) folded before Flop



PokerStars Hand #245793269881: Tournament #3640948056, $0.92+$0.08 USD Hold'em No Limit - Level IV (30/60) - 2023/09/05 21:47:22 CET [2023/09/05 15:47:22 ET]
Table '3640948056 1' 3-max Seat #3 is the button
Seat 1: skywalker_sw (340 in chips) 
Seat 2: Oleh284 (540 in chips) 
Seat 3: Mahu2021 (620 in chips) 
skywalker_sw: posts small blind 30
Oleh284: posts big blind 60
*** HOLE CARDS ***
Dealt to Mahu2021 [Ad 9d]
Mahu2021: raises 60 to 120
skywalker_sw: raises 220 to 340 and is all-in
Oleh284: folds 
Mahu2021: calls 220
*** FLOP *** [Jd 2s Td]
*** TURN *** [Jd 2s Td] [Jh]
*** RIVER *** [Jd 2s Td Jh] [5d]
*** SHOW DOWN ***
skywalker_sw: shows [Tc Kd] (two pair, Jacks and Tens)
Mahu2021: shows [Ad 9d] (a flush, Ace high)
Mahu2021 collected 740 from pot
skywalker_sw finished the tournament in 3rd place
*** SUMMARY ***
Total pot 740 | Rake 0 
Board [Jd 2s Td Jh 5d]
Seat 1: skywalker_sw (small blind) showed [Tc Kd] and lost with two pair, Jacks and Tens
Seat 2: Oleh284 (big blind) folded before Flop
Seat 3: Mahu2021 (button) showed [Ad 9d] and won (740) with a flush, Ace high



PokerStars Hand #245793276437: Tournament #3640948056, $0.92+$0.08 USD Hold'em No Limit - Level IV (30/60) - 2023/09/05 21:47:40 CET [2023/09/05 15:47:40 ET]
Table '3640948056 1' 3-max Seat #2 is the button
Seat 2: Oleh284 (480 in chips) 
Seat 3: Mahu2021 (1020 in chips) 
Oleh284: posts small blind 30
Mahu2021: posts big blind 60
*** HOLE CARDS ***
Dealt to Mahu2021 [3s 8c]
Oleh284: calls 30
Mahu2021: checks 
*** FLOP *** [Qs 4d 6h]
Mahu2021: checks 
Oleh284: bets 60
Mahu2021: folds 
Uncalled bet (60) returned to Oleh284
Oleh284 collected 120 from pot
*** SUMMARY ***
Total pot 120 | Rake 0 
Board [Qs 4d 6h]
Seat 2: Oleh284 (button) (small blind) collected (120)
Seat 3: Mahu2021 (big blind) folded on the Flop



PokerStars Hand #245793280298: Tournament #3640948056, $0.92+$0.08 USD Hold'em No Limit - Level IV (30/60) - 2023/09/05 21:47:51 CET [2023/09/05 15:47:51 ET]
Table '3640948056 1' 3-max Seat #3 is the button
Seat 2: Oleh284 (540 in chips) 
Seat 3: Mahu2021 (960 in chips) 
Mahu2021: posts small blind 30
Oleh284: posts big blind 60
*** HOLE CARDS ***
Dealt to Mahu2021 [4s Jd]
Mahu2021: calls 30
Oleh284: checks 
*** FLOP *** [Td 7c 3s]
Oleh284: bets 60
Mahu2021: folds 
Uncalled bet (60) returned to Oleh284
Oleh284 collected 120 from pot
*** SUMMARY ***
Total pot 120 | Rake 0 
Board [Td 7c 3s]
Seat 2: Oleh284 (big blind) collected (120)
Seat 3: Mahu2021 (button) (small blind) folded on the Flop



PokerStars Hand #245793283556: Tournament #3640948056, $0.92+$0.08 USD Hold'em No Limit - Level IV (30/60) - 2023/09/05 21:47:59 CET [2023/09/05 15:47:59 ET]
Table '3640948056 1' 3-max Seat #2 is the button
Seat 2: Oleh284 (600 in chips) 
Seat 3: Mahu2021 (900 in chips) 
Oleh284: posts small blind 30
Mahu2021: posts big blind 60
*** HOLE CARDS ***
Dealt to Mahu2021 [4s 5s]
Oleh284: folds 
Uncalled bet (30) returned to Mahu2021
Mahu2021 collected 60 from pot
Mahu2021: doesn't show hand 
*** SUMMARY ***
Total pot 60 | Rake 0 
Seat 2: Oleh284 (button) (small blind) folded before Flop
Seat 3: Mahu2021 (big blind) collected (60)



PokerStars Hand #245793285246: Tournament #3640948056, $0.92+$0.08 USD Hold'em No Limit - Level IV (30/60) - 2023/09/05 21:48:04 CET [2023/09/05 15:48:04 ET]
Table '3640948056 1' 3-max Seat #3 is the button
Seat 2: Oleh284 (570 in chips) 
Seat 3: Mahu2021 (930 in chips) 
Mahu2021: posts small blind 30
Oleh284: posts big blind 60
*** HOLE CARDS ***
Dealt to Mahu2021 [Js Qs]
Mahu2021: raises 60 to 120
Oleh284: folds 
Uncalled bet (60) returned to Mahu2021
Mahu2021 collected 120 from pot
Mahu2021: doesn't show hand 
*** SUMMARY ***
Total pot 120 | Rake 0 
Seat 2: Oleh284 (big blind) folded before Flop
Seat 3: Mahu2021 (button) (small blind) collected (120)



PokerStars Hand #245793287391: Tournament #3640948056, $0.92+$0.08 USD Hold'em No Limit - Level IV (30/60) - 2023/09/05 21:48:10 CET [2023/09/05 15:48:10 ET]
Table '3640948056 1' 3-max Seat #2 is the button
Seat 2: Oleh284 (510 in chips) 
Seat 3: Mahu2021 (990 in chips) 
Oleh284: posts small blind 30
Mahu2021: posts big blind 60
*** HOLE CARDS ***
Dealt to Mahu2021 [8s 4h]
Oleh284: folds 
Uncalled bet (30) returned to Mahu2021
Mahu2021 collected 60 from pot
Mahu2021: doesn't show hand 
*** SUMMARY ***
Total pot 60 | Rake 0 
Seat 2: Oleh284 (button) (small blind) folded before Flop
Seat 3: Mahu2021 (big blind) collected (60)



PokerStars Hand #245793289038: Tournament #3640948056, $0.92+$0.08 USD Hold'em No Limit - Level IV (30/60) - 2023/09/05 21:48:14 CET [2023/09/05 15:48:14 ET]
Table '3640948056 1' 3-max Seat #3 is the button
Seat 2: Oleh284 (480 in chips) 
Seat 3: Mahu2021 (1020 in chips) 
Mahu2021: posts small blind 30
Oleh284: posts big blind 60
*** HOLE CARDS ***
Dealt to Mahu2021 [Jc 8c]
Mahu2021: raises 60 to 120
Oleh284: calls 60
*** FLOP *** [4h Jh As]
Oleh284: checks 
Mahu2021: checks 
*** TURN *** [4h Jh As] [6d]
Oleh284: checks 
Mahu2021: checks 
*** RIVER *** [4h Jh As 6d] [4s]
Oleh284: bets 120
Mahu2021: calls 120
*** SHOW DOWN ***
Oleh284: shows [9h 8s] (a pair of Fours)
Mahu2021: shows [Jc 8c] (two pair, Jacks and Fours)
Mahu2021 collected 480 from pot
*** SUMMARY ***
Total pot 480 | Rake 0 
Board [4h Jh As 6d 4s]
Seat 2: Oleh284 (big blind) showed [9h 8s] and lost with a pair of Fours
Seat 3: Mahu2021 (button) (small blind) showed [Jc 8c] and won (480) with two pair, Jacks and Fours



PokerStars Hand #245793294810: Tournament #3640948056, $0.92+$0.08 USD Hold'em No Limit - Level IV (30/60) - 2023/09/05 21:48:30 CET [2023/09/05 15:48:30 ET]
Table '3640948056 1' 3-max Seat #2 is the button
Seat 2: Oleh284 (240 in chips) 
Seat 3: Mahu2021 (1260 in chips) 
Oleh284: posts small blind 30
Mahu2021: posts big blind 60
*** HOLE CARDS ***
Dealt to Mahu2021 [Js 9c]
Oleh284: raises 180 to 240 and is all-in
Mahu2021: calls 180
*** FLOP *** [4s 9d Qd]
*** TURN *** [4s 9d Qd] [5h]
*** RIVER *** [4s 9d Qd 5h] [9h]
*** SHOW DOWN ***
Mahu2021: shows [Js 9c] (three of a kind, Nines)
Oleh284: shows [Jc 5c] (two pair, Nines and Fives)
Mahu2021 collected 480 from pot
Oleh284 finished the tournament in 2nd place
Mahu2021 wins the tournament and receives $3.00 - congratulations!
*** SUMMARY ***
Total pot 480 | Rake 0 
Board [4s 9d Qd 5h 9h]
Seat 2: Oleh284 (button) (small blind) showed [Jc 5c] and lost with two pair, Nines and Fives
Seat 3: Mahu2021 (big blind) showed [Js 9c] and won (480) with three of a kind, Nines



