PokerStars Hand #251535641631: Tournament #3778919483, $1.84+$0.16 USD Hold'em No Limit - Level I (10/20) - 2024/07/17 20:30:23 CET [2024/07/17 14:30:23 ET]
Table '3778919483 1' 3-max Seat #1 is the button
Seat 1: gclcosta (500 in chips) 
Seat 2: snaiperis33 (500 in chips) 
Seat 3: Mahu2021 (500 in chips) 
snaiperis33: posts small blind 10
Mahu2021: posts big blind 20
*** HOLE CARDS ***
Dealt to Mahu2021 [As 3c]
gclcosta: folds 
snaiperis33: raises 40 to 60
Mahu2021: calls 40
*** FLOP *** [6s 8d 5c]
snaiperis33: checks 
Mahu2021: checks 
*** TURN *** [6s 8d 5c] [3h]
snaiperis33: bets 20
Mahu2021: calls 20
*** RIVER *** [6s 8d 5c 3h] [5d]
snaiperis33: bets 20
Mahu2021: calls 20
*** SHOW DOWN ***
snaiperis33: shows [Ks Ah] (a pair of Fives)
Mahu2021: shows [As 3c] (two pair, Fives and Threes)
Mahu2021 collected 200 from pot
*** SUMMARY ***
Total pot 200 | Rake 0 
Board [6s 8d 5c 3h 5d]
Seat 1: gclcosta (button) folded before Flop (didn't bet)
Seat 2: snaiperis33 (small blind) showed [Ks Ah] and lost with a pair of Fives
Seat 3: Mahu2021 (big blind) showed [As 3c] and won (200) with two pair, Fives and Threes



PokerStars Hand #251535646651: Tournament #3778919483, $1.84+$0.16 USD Hold'em No Limit - Level I (10/20) - 2024/07/17 20:30:42 CET [2024/07/17 14:30:42 ET]
Table '3778919483 1' 3-max Seat #2 is the button
Seat 1: gclcosta (500 in chips) 
Seat 2: snaiperis33 (400 in chips) 
Seat 3: Mahu2021 (600 in chips) 
Mahu2021: posts small blind 10
gclcosta: posts big blind 20
*** HOLE CARDS ***
Dealt to Mahu2021 [2c 2h]
snaiperis33: folds 
Mahu2021: raises 20 to 40
gclcosta: folds 
Uncalled bet (20) returned to Mahu2021
Mahu2021 collected 40 from pot
Mahu2021: doesn't show hand 
*** SUMMARY ***
Total pot 40 | Rake 0 
Seat 1: gclcosta (big blind) folded before Flop
Seat 2: snaiperis33 (button) folded before Flop (didn't bet)
Seat 3: Mahu2021 (small blind) collected (40)



PokerStars Hand #251535648307: Tournament #3778919483, $1.84+$0.16 USD Hold'em No Limit - Level I (10/20) - 2024/07/17 20:30:48 CET [2024/07/17 14:30:48 ET]
Table '3778919483 1' 3-max Seat #3 is the button
Seat 1: gclcosta (480 in chips) 
Seat 2: snaiperis33 (400 in chips) 
Seat 3: Mahu2021 (620 in chips) 
gclcosta: posts small blind 10
snaiperis33: posts big blind 20
*** HOLE CARDS ***
Dealt to Mahu2021 [8s Jc]
Mahu2021: folds 
gclcosta: raises 20 to 40
snaiperis33: calls 20
*** FLOP *** [2c Jd 6c]
gclcosta: checks 
snaiperis33: checks 
*** TURN *** [2c Jd 6c] [Qh]
gclcosta: bets 40
snaiperis33: raises 50 to 90
gclcosta: calls 50
*** RIVER *** [2c Jd 6c Qh] [7s]
gclcosta: checks 
snaiperis33: checks 
*** SHOW DOWN ***
gclcosta: shows [Ks 2s] (a pair of Deuces)
snaiperis33: shows [4c 7c] (a pair of Sevens)
snaiperis33 collected 260 from pot
*** SUMMARY ***
Total pot 260 | Rake 0 
Board [2c Jd 6c Qh 7s]
Seat 1: gclcosta (small blind) showed [Ks 2s] and lost with a pair of Deuces
Seat 2: snaiperis33 (big blind) showed [4c 7c] and won (260) with a pair of Sevens
Seat 3: Mahu2021 (button) folded before Flop (didn't bet)



PokerStars Hand #251535655846: Tournament #3778919483, $1.84+$0.16 USD Hold'em No Limit - Level I (10/20) - 2024/07/17 20:31:16 CET [2024/07/17 14:31:16 ET]
Table '3778919483 1' 3-max Seat #1 is the button
Seat 1: gclcosta (350 in chips) 
Seat 2: snaiperis33 (530 in chips) 
Seat 3: Mahu2021 (620 in chips) 
snaiperis33: posts small blind 10
Mahu2021: posts big blind 20
*** HOLE CARDS ***
Dealt to Mahu2021 [5h 2c]
gclcosta: raises 330 to 350 and is all-in
snaiperis33: folds 
Mahu2021: folds 
Uncalled bet (330) returned to gclcosta
gclcosta collected 50 from pot
*** SUMMARY ***
Total pot 50 | Rake 0 
Seat 1: gclcosta (button) collected (50)
Seat 2: snaiperis33 (small blind) folded before Flop
Seat 3: Mahu2021 (big blind) folded before Flop



PokerStars Hand #251535658181: Tournament #3778919483, $1.84+$0.16 USD Hold'em No Limit - Level I (10/20) - 2024/07/17 20:31:25 CET [2024/07/17 14:31:25 ET]
Table '3778919483 1' 3-max Seat #2 is the button
Seat 1: gclcosta (380 in chips) 
Seat 2: snaiperis33 (520 in chips) 
Seat 3: Mahu2021 (600 in chips) 
Mahu2021: posts small blind 10
gclcosta: posts big blind 20
*** HOLE CARDS ***
Dealt to Mahu2021 [7s 8h]
snaiperis33: raises 20 to 40
Mahu2021: calls 30
gclcosta has timed out
gclcosta: folds 
gclcosta is sitting out
*** FLOP *** [2h Ac Jh]
Mahu2021: checks 
gclcosta has returned
snaiperis33: checks 
*** TURN *** [2h Ac Jh] [3h]
Mahu2021: checks 
snaiperis33: checks 
*** RIVER *** [2h Ac Jh 3h] [4h]
Mahu2021: bets 100
snaiperis33: folds 
Uncalled bet (100) returned to Mahu2021
Mahu2021 collected 100 from pot
Mahu2021: doesn't show hand 
*** SUMMARY ***
Total pot 100 | Rake 0 
Board [2h Ac Jh 3h 4h]
Seat 1: gclcosta (big blind) folded before Flop
Seat 2: snaiperis33 (button) folded on the River
Seat 3: Mahu2021 (small blind) collected (100)



PokerStars Hand #251535673827: Tournament #3778919483, $1.84+$0.16 USD Hold'em No Limit - Level I (10/20) - 2024/07/17 20:32:23 CET [2024/07/17 14:32:23 ET]
Table '3778919483 1' 3-max Seat #3 is the button
Seat 1: gclcosta (360 in chips) 
Seat 2: snaiperis33 (480 in chips) 
Seat 3: Mahu2021 (660 in chips) 
gclcosta: posts small blind 10
snaiperis33: posts big blind 20
*** HOLE CARDS ***
Dealt to Mahu2021 [8c 4s]
Mahu2021: folds 
gclcosta: raises 340 to 360 and is all-in
snaiperis33: calls 340
*** FLOP *** [7h 2d 2c]
*** TURN *** [7h 2d 2c] [9d]
*** RIVER *** [7h 2d 2c 9d] [8h]
*** SHOW DOWN ***
gclcosta: shows [As 8d] (two pair, Eights and Deuces)
snaiperis33: shows [9c Ad] (two pair, Nines and Deuces)
snaiperis33 collected 720 from pot
gclcosta finished the tournament in 3rd place
*** SUMMARY ***
Total pot 720 | Rake 0 
Board [7h 2d 2c 9d 8h]
Seat 1: gclcosta (small blind) showed [As 8d] and lost with two pair, Eights and Deuces
Seat 2: snaiperis33 (big blind) showed [9c Ad] and won (720) with two pair, Nines and Deuces
Seat 3: Mahu2021 (button) folded before Flop (didn't bet)



PokerStars Hand #251535678933: Tournament #3778919483, $1.84+$0.16 USD Hold'em No Limit - Level I (10/20) - 2024/07/17 20:32:42 CET [2024/07/17 14:32:42 ET]
Table '3778919483 1' 3-max Seat #2 is the button
Seat 2: snaiperis33 (840 in chips) 
Seat 3: Mahu2021 (660 in chips) 
snaiperis33: posts small blind 10
Mahu2021: posts big blind 20
*** HOLE CARDS ***
Dealt to Mahu2021 [Qh Js]
snaiperis33: raises 20 to 40
Mahu2021: calls 20
*** FLOP *** [Qd 6c 7h]
Mahu2021: checks 
snaiperis33: bets 42
Mahu2021: calls 42
*** TURN *** [Qd 6c 7h] [Td]
Mahu2021: checks 
snaiperis33: bets 85
Mahu2021: calls 85
*** RIVER *** [Qd 6c 7h Td] [Ks]
Mahu2021: checks 
snaiperis33: bets 673 and is all-in
Mahu2021: calls 493 and is all-in
Uncalled bet (180) returned to snaiperis33
*** SHOW DOWN ***
snaiperis33: shows [Jd 9c] (a straight, Nine to King)
Mahu2021: shows [Qh Js] (a pair of Queens)
snaiperis33 collected 1320 from pot
Mahu2021 finished the tournament in 2nd place
snaiperis33 wins the tournament and receives $6.00 - congratulations!
*** SUMMARY ***
Total pot 1320 | Rake 0 
Board [Qd 6c 7h Td Ks]
Seat 2: snaiperis33 (button) (small blind) showed [Jd 9c] and won (1320) with a straight, Nine to King
Seat 3: Mahu2021 (big blind) showed [Qh Js] and lost with a pair of Queens



