PokerStars Hand #247764494658: Tournament #3688954914, $1.84+$0.16 USD Hold'em No Limit - Level I (10/20) - 2023/12/20 13:12:48 CET [2023/12/20 7:12:48 ET]
Table '3688954914 1' 3-max Seat #1 is the button
Seat 1: DaRooka (500 in chips) 
Seat 2: apalev (500 in chips) 
Seat 3: Mahu2021 (500 in chips) 
apalev: posts small blind 10
Mahu2021: posts big blind 20
*** HOLE CARDS ***
Dealt to Mahu2021 [Jd 5h]
DaRooka: raises 50 to 70
apalev: raises 430 to 500 and is all-in
Mahu2021: folds 
DaRooka: calls 430 and is all-in
*** FLOP *** [4d 5s Kd]
*** TURN *** [4d 5s Kd] [Qd]
*** RIVER *** [4d 5s Kd Qd] [Ah]
*** SHOW DOWN ***
apalev: shows [Qs Ac] (two pair, Aces and Queens)
DaRooka: shows [6h 6d] (a pair of Sixes)
apalev collected 1020 from pot
DaRooka finished the tournament in 3rd place
*** SUMMARY ***
Total pot 1020 | Rake 0 
Board [4d 5s Kd Qd Ah]
Seat 1: DaRooka (button) showed [6h 6d] and lost with a pair of Sixes
Seat 2: apalev (small blind) showed [Qs Ac] and won (1020) with two pair, Aces and Queens
Seat 3: Mahu2021 (big blind) folded before Flop



PokerStars Hand #247764498549: Tournament #3688954914, $1.84+$0.16 USD Hold'em No Limit - Level I (10/20) - 2023/12/20 13:13:12 CET [2023/12/20 7:13:12 ET]
Table '3688954914 1' 3-max Seat #3 is the button
Seat 2: apalev (1020 in chips) 
Seat 3: Mahu2021 (480 in chips) 
Mahu2021: posts small blind 10
apalev: posts big blind 20
*** HOLE CARDS ***
Dealt to Mahu2021 [Tc 5d]
Mahu2021: folds 
Uncalled bet (10) returned to apalev
apalev collected 20 from pot
apalev: doesn't show hand 
*** SUMMARY ***
Total pot 20 | Rake 0 
Seat 2: apalev (big blind) collected (20)
Seat 3: Mahu2021 (button) (small blind) folded before Flop



PokerStars Hand #247764499939: Tournament #3688954914, $1.84+$0.16 USD Hold'em No Limit - Level I (10/20) - 2023/12/20 13:13:20 CET [2023/12/20 7:13:20 ET]
Table '3688954914 1' 3-max Seat #2 is the button
Seat 2: apalev (1030 in chips) 
Seat 3: Mahu2021 (470 in chips) 
apalev: posts small blind 10
Mahu2021: posts big blind 20
*** HOLE CARDS ***
Dealt to Mahu2021 [Jd 6d]
apalev: folds 
Uncalled bet (10) returned to Mahu2021
Mahu2021 collected 20 from pot
Mahu2021: doesn't show hand 
*** SUMMARY ***
Total pot 20 | Rake 0 
Seat 2: apalev (button) (small blind) folded before Flop
Seat 3: Mahu2021 (big blind) collected (20)



PokerStars Hand #247764500822: Tournament #3688954914, $1.84+$0.16 USD Hold'em No Limit - Level I (10/20) - 2023/12/20 13:13:25 CET [2023/12/20 7:13:25 ET]
Table '3688954914 1' 3-max Seat #3 is the button
Seat 2: apalev (1020 in chips) 
Seat 3: Mahu2021 (480 in chips) 
Mahu2021: posts small blind 10
apalev: posts big blind 20
*** HOLE CARDS ***
Dealt to Mahu2021 [Ad Ah]
Mahu2021: raises 460 to 480 and is all-in
apalev: folds 
Uncalled bet (460) returned to Mahu2021
Mahu2021 collected 40 from pot
Mahu2021: doesn't show hand 
*** SUMMARY ***
Total pot 40 | Rake 0 
Seat 2: apalev (big blind) folded before Flop
Seat 3: Mahu2021 (button) (small blind) collected (40)



PokerStars Hand #247764501938: Tournament #3688954914, $1.84+$0.16 USD Hold'em No Limit - Level I (10/20) - 2023/12/20 13:13:32 CET [2023/12/20 7:13:32 ET]
Table '3688954914 1' 3-max Seat #2 is the button
Seat 2: apalev (1000 in chips) 
Seat 3: Mahu2021 (500 in chips) 
apalev: posts small blind 10
Mahu2021: posts big blind 20
*** HOLE CARDS ***
Dealt to Mahu2021 [Th 5d]
apalev: folds 
Uncalled bet (10) returned to Mahu2021
Mahu2021 collected 20 from pot
Mahu2021: doesn't show hand 
*** SUMMARY ***
Total pot 20 | Rake 0 
Seat 2: apalev (button) (small blind) folded before Flop
Seat 3: Mahu2021 (big blind) collected (20)



PokerStars Hand #247764503116: Tournament #3688954914, $1.84+$0.16 USD Hold'em No Limit - Level I (10/20) - 2023/12/20 13:13:40 CET [2023/12/20 7:13:40 ET]
Table '3688954914 1' 3-max Seat #3 is the button
Seat 2: apalev (990 in chips) 
Seat 3: Mahu2021 (510 in chips) 
Mahu2021: posts small blind 10
apalev: posts big blind 20
*** HOLE CARDS ***
Dealt to Mahu2021 [Jh 7h]
Mahu2021: calls 10
apalev: raises 970 to 990 and is all-in
Mahu2021: folds 
Uncalled bet (970) returned to apalev
apalev collected 40 from pot
apalev: doesn't show hand 
*** SUMMARY ***
Total pot 40 | Rake 0 
Seat 2: apalev (big blind) collected (40)
Seat 3: Mahu2021 (button) (small blind) folded before Flop



PokerStars Hand #247764504442: Tournament #3688954914, $1.84+$0.16 USD Hold'em No Limit - Level I (10/20) - 2023/12/20 13:13:48 CET [2023/12/20 7:13:48 ET]
Table '3688954914 1' 3-max Seat #2 is the button
Seat 2: apalev (1010 in chips) 
Seat 3: Mahu2021 (490 in chips) 
apalev: posts small blind 10
Mahu2021: posts big blind 20
*** HOLE CARDS ***
Dealt to Mahu2021 [9s 4s]
apalev: folds 
Uncalled bet (10) returned to Mahu2021
Mahu2021 collected 20 from pot
Mahu2021: doesn't show hand 
*** SUMMARY ***
Total pot 20 | Rake 0 
Seat 2: apalev (button) (small blind) folded before Flop
Seat 3: Mahu2021 (big blind) collected (20)



PokerStars Hand #247764506183: Tournament #3688954914, $1.84+$0.16 USD Hold'em No Limit - Level I (10/20) - 2023/12/20 13:13:58 CET [2023/12/20 7:13:58 ET]
Table '3688954914 1' 3-max Seat #3 is the button
Seat 2: apalev (1000 in chips) 
Seat 3: Mahu2021 (500 in chips) 
Mahu2021: posts small blind 10
apalev: posts big blind 20
*** HOLE CARDS ***
Dealt to Mahu2021 [2c 5h]
Mahu2021: calls 10
apalev: checks 
*** FLOP *** [8d 2h 7d]
apalev: checks 
Mahu2021: bets 40
apalev: folds 
Uncalled bet (40) returned to Mahu2021
Mahu2021 collected 40 from pot
Mahu2021: doesn't show hand 
*** SUMMARY ***
Total pot 40 | Rake 0 
Board [8d 2h 7d]
Seat 2: apalev (big blind) folded on the Flop
Seat 3: Mahu2021 (button) (small blind) collected (40)



PokerStars Hand #247764511127: Tournament #3688954914, $1.84+$0.16 USD Hold'em No Limit - Level I (10/20) - 2023/12/20 13:14:28 CET [2023/12/20 7:14:28 ET]
Table '3688954914 1' 3-max Seat #2 is the button
Seat 2: apalev (980 in chips) 
Seat 3: Mahu2021 (520 in chips) 
apalev: posts small blind 10
Mahu2021: posts big blind 20
*** HOLE CARDS ***
Dealt to Mahu2021 [7s As]
apalev: raises 20 to 40
Mahu2021: calls 20
*** FLOP *** [Th Td Qd]
Mahu2021: checks 
apalev: checks 
*** TURN *** [Th Td Qd] [3d]
Mahu2021: checks 
apalev: bets 20
Mahu2021: folds 
Uncalled bet (20) returned to apalev
apalev collected 80 from pot
apalev: doesn't show hand 
*** SUMMARY ***
Total pot 80 | Rake 0 
Board [Th Td Qd 3d]
Seat 2: apalev (button) (small blind) collected (80)
Seat 3: Mahu2021 (big blind) folded on the Turn



PokerStars Hand #247764515818: Tournament #3688954914, $1.84+$0.16 USD Hold'em No Limit - Level I (10/20) - 2023/12/20 13:14:57 CET [2023/12/20 7:14:57 ET]
Table '3688954914 1' 3-max Seat #3 is the button
Seat 2: apalev (1020 in chips) 
Seat 3: Mahu2021 (480 in chips) 
Mahu2021: posts small blind 10
apalev: posts big blind 20
*** HOLE CARDS ***
Dealt to Mahu2021 [2c 7s]
Mahu2021: folds 
Uncalled bet (10) returned to apalev
apalev collected 20 from pot
apalev: doesn't show hand 
*** SUMMARY ***
Total pot 20 | Rake 0 
Seat 2: apalev (big blind) collected (20)
Seat 3: Mahu2021 (button) (small blind) folded before Flop



PokerStars Hand #247764516530: Tournament #3688954914, $1.84+$0.16 USD Hold'em No Limit - Level I (10/20) - 2023/12/20 13:15:01 CET [2023/12/20 7:15:01 ET]
Table '3688954914 1' 3-max Seat #2 is the button
Seat 2: apalev (1030 in chips) 
Seat 3: Mahu2021 (470 in chips) 
apalev: posts small blind 10
Mahu2021: posts big blind 20
*** HOLE CARDS ***
Dealt to Mahu2021 [5s 6d]
apalev: raises 40 to 60
Mahu2021: folds 
Uncalled bet (40) returned to apalev
apalev collected 40 from pot
apalev: doesn't show hand 
*** SUMMARY ***
Total pot 40 | Rake 0 
Seat 2: apalev (button) (small blind) collected (40)
Seat 3: Mahu2021 (big blind) folded before Flop



PokerStars Hand #247764518621: Tournament #3688954914, $1.84+$0.16 USD Hold'em No Limit - Level I (10/20) - 2023/12/20 13:15:14 CET [2023/12/20 7:15:14 ET]
Table '3688954914 1' 3-max Seat #3 is the button
Seat 2: apalev (1050 in chips) 
Seat 3: Mahu2021 (450 in chips) 
Mahu2021: posts small blind 10
apalev: posts big blind 20
*** HOLE CARDS ***
Dealt to Mahu2021 [Ah 4s]
Mahu2021: calls 10
apalev: raises 60 to 80
Mahu2021: folds 
Uncalled bet (60) returned to apalev
apalev collected 40 from pot
apalev: doesn't show hand 
*** SUMMARY ***
Total pot 40 | Rake 0 
Seat 2: apalev (big blind) collected (40)
Seat 3: Mahu2021 (button) (small blind) folded before Flop



PokerStars Hand #247764520114: Tournament #3688954914, $1.84+$0.16 USD Hold'em No Limit - Level I (10/20) - 2023/12/20 13:15:23 CET [2023/12/20 7:15:23 ET]
Table '3688954914 1' 3-max Seat #2 is the button
Seat 2: apalev (1070 in chips) 
Seat 3: Mahu2021 (430 in chips) 
apalev: posts small blind 10
Mahu2021: posts big blind 20
*** HOLE CARDS ***
Dealt to Mahu2021 [Kh 7h]
apalev: calls 10
Mahu2021: checks 
*** FLOP *** [Ad 4h 4s]
Mahu2021: checks 
apalev: checks 
*** TURN *** [Ad 4h 4s] [Qh]
Mahu2021: bets 20
apalev: folds 
Uncalled bet (20) returned to Mahu2021
Mahu2021 collected 40 from pot
Mahu2021: doesn't show hand 
*** SUMMARY ***
Total pot 40 | Rake 0 
Board [Ad 4h 4s Qh]
Seat 2: apalev (button) (small blind) folded on the Turn
Seat 3: Mahu2021 (big blind) collected (40)



PokerStars Hand #247764522498: Tournament #3688954914, $1.84+$0.16 USD Hold'em No Limit - Level I (10/20) - 2023/12/20 13:15:37 CET [2023/12/20 7:15:37 ET]
Table '3688954914 1' 3-max Seat #3 is the button
Seat 2: apalev (1050 in chips) 
Seat 3: Mahu2021 (450 in chips) 
Mahu2021: posts small blind 10
apalev: posts big blind 20
*** HOLE CARDS ***
Dealt to Mahu2021 [7d 2s]
Mahu2021: folds 
Uncalled bet (10) returned to apalev
apalev collected 20 from pot
apalev: doesn't show hand 
*** SUMMARY ***
Total pot 20 | Rake 0 
Seat 2: apalev (big blind) collected (20)
Seat 3: Mahu2021 (button) (small blind) folded before Flop



PokerStars Hand #247764523248: Tournament #3688954914, $1.84+$0.16 USD Hold'em No Limit - Level I (10/20) - 2023/12/20 13:15:42 CET [2023/12/20 7:15:42 ET]
Table '3688954914 1' 3-max Seat #2 is the button
Seat 2: apalev (1060 in chips) 
Seat 3: Mahu2021 (440 in chips) 
apalev: posts small blind 10
Mahu2021: posts big blind 20
*** HOLE CARDS ***
Dealt to Mahu2021 [2h Ac]
apalev: raises 20 to 40
Mahu2021: calls 20
*** FLOP *** [4s 6d 2d]
Mahu2021: checks 
apalev: checks 
*** TURN *** [4s 6d 2d] [Qd]
Mahu2021: checks 
apalev: bets 20
Mahu2021: calls 20
*** RIVER *** [4s 6d 2d Qd] [2c]
Mahu2021: checks 
apalev: checks 
*** SHOW DOWN ***
Mahu2021: shows [2h Ac] (three of a kind, Deuces)
apalev: mucks hand 
Mahu2021 collected 120 from pot
*** SUMMARY ***
Total pot 120 | Rake 0 
Board [4s 6d 2d Qd 2c]
Seat 2: apalev (button) (small blind) mucked [5c Qc]
Seat 3: Mahu2021 (big blind) showed [2h Ac] and won (120) with three of a kind, Deuces



PokerStars Hand #247764526814: Tournament #3688954914, $1.84+$0.16 USD Hold'em No Limit - Level II (15/30) - 2023/12/20 13:16:03 CET [2023/12/20 7:16:03 ET]
Table '3688954914 1' 3-max Seat #3 is the button
Seat 2: apalev (1000 in chips) 
Seat 3: Mahu2021 (500 in chips) 
Mahu2021: posts small blind 15
apalev: posts big blind 30
*** HOLE CARDS ***
Dealt to Mahu2021 [5s 8c]
Mahu2021: folds 
Uncalled bet (15) returned to apalev
apalev collected 30 from pot
apalev: doesn't show hand 
*** SUMMARY ***
Total pot 30 | Rake 0 
Seat 2: apalev (big blind) collected (30)
Seat 3: Mahu2021 (button) (small blind) folded before Flop



PokerStars Hand #247764528019: Tournament #3688954914, $1.84+$0.16 USD Hold'em No Limit - Level II (15/30) - 2023/12/20 13:16:11 CET [2023/12/20 7:16:11 ET]
Table '3688954914 1' 3-max Seat #2 is the button
Seat 2: apalev (1015 in chips) 
Seat 3: Mahu2021 (485 in chips) 
apalev: posts small blind 15
Mahu2021: posts big blind 30
*** HOLE CARDS ***
Dealt to Mahu2021 [Qs Kd]
apalev: folds 
Uncalled bet (15) returned to Mahu2021
Mahu2021 collected 30 from pot
Mahu2021: doesn't show hand 
*** SUMMARY ***
Total pot 30 | Rake 0 
Seat 2: apalev (button) (small blind) folded before Flop
Seat 3: Mahu2021 (big blind) collected (30)



PokerStars Hand #247764528729: Tournament #3688954914, $1.84+$0.16 USD Hold'em No Limit - Level II (15/30) - 2023/12/20 13:16:15 CET [2023/12/20 7:16:15 ET]
Table '3688954914 1' 3-max Seat #3 is the button
Seat 2: apalev (1000 in chips) 
Seat 3: Mahu2021 (500 in chips) 
Mahu2021: posts small blind 15
apalev: posts big blind 30
*** HOLE CARDS ***
Dealt to Mahu2021 [As Kd]
Mahu2021: raises 60 to 90
apalev: folds 
Uncalled bet (60) returned to Mahu2021
Mahu2021 collected 60 from pot
Mahu2021: doesn't show hand 
*** SUMMARY ***
Total pot 60 | Rake 0 
Seat 2: apalev (big blind) folded before Flop
Seat 3: Mahu2021 (button) (small blind) collected (60)



PokerStars Hand #247764530442: Tournament #3688954914, $1.84+$0.16 USD Hold'em No Limit - Level II (15/30) - 2023/12/20 13:16:26 CET [2023/12/20 7:16:26 ET]
Table '3688954914 1' 3-max Seat #2 is the button
Seat 2: apalev (970 in chips) 
Seat 3: Mahu2021 (530 in chips) 
apalev: posts small blind 15
Mahu2021: posts big blind 30
*** HOLE CARDS ***
Dealt to Mahu2021 [5d Ts]
apalev: folds 
Uncalled bet (15) returned to Mahu2021
Mahu2021 collected 30 from pot
Mahu2021: doesn't show hand 
*** SUMMARY ***
Total pot 30 | Rake 0 
Seat 2: apalev (button) (small blind) folded before Flop
Seat 3: Mahu2021 (big blind) collected (30)



PokerStars Hand #247764531392: Tournament #3688954914, $1.84+$0.16 USD Hold'em No Limit - Level II (15/30) - 2023/12/20 13:16:31 CET [2023/12/20 7:16:31 ET]
Table '3688954914 1' 3-max Seat #3 is the button
Seat 2: apalev (955 in chips) 
Seat 3: Mahu2021 (545 in chips) 
Mahu2021: posts small blind 15
apalev: posts big blind 30
*** HOLE CARDS ***
Dealt to Mahu2021 [2h Ah]
Mahu2021: calls 15
apalev: checks 
*** FLOP *** [9s Td 2s]
apalev: bets 30
Mahu2021: calls 30
*** TURN *** [9s Td 2s] [Ad]
apalev: bets 30
Mahu2021: calls 30
*** RIVER *** [9s Td 2s Ad] [Kc]
apalev: checks 
Mahu2021: bets 60
apalev: folds 
Uncalled bet (60) returned to Mahu2021
Mahu2021 collected 180 from pot
Mahu2021: doesn't show hand 
*** SUMMARY ***
Total pot 180 | Rake 0 
Board [9s Td 2s Ad Kc]
Seat 2: apalev (big blind) folded on the River
Seat 3: Mahu2021 (button) (small blind) collected (180)



PokerStars Hand #247764536555: Tournament #3688954914, $1.84+$0.16 USD Hold'em No Limit - Level II (15/30) - 2023/12/20 13:17:03 CET [2023/12/20 7:17:03 ET]
Table '3688954914 1' 3-max Seat #2 is the button
Seat 2: apalev (865 in chips) 
Seat 3: Mahu2021 (635 in chips) 
apalev: posts small blind 15
Mahu2021: posts big blind 30
*** HOLE CARDS ***
Dealt to Mahu2021 [5s 7s]
apalev: folds 
Uncalled bet (15) returned to Mahu2021
Mahu2021 collected 30 from pot
Mahu2021: doesn't show hand 
*** SUMMARY ***
Total pot 30 | Rake 0 
Seat 2: apalev (button) (small blind) folded before Flop
Seat 3: Mahu2021 (big blind) collected (30)



PokerStars Hand #247764537322: Tournament #3688954914, $1.84+$0.16 USD Hold'em No Limit - Level II (15/30) - 2023/12/20 13:17:08 CET [2023/12/20 7:17:08 ET]
Table '3688954914 1' 3-max Seat #3 is the button
Seat 2: apalev (850 in chips) 
Seat 3: Mahu2021 (650 in chips) 
Mahu2021: posts small blind 15
apalev: posts big blind 30
*** HOLE CARDS ***
Dealt to Mahu2021 [5d Qd]
Mahu2021: raises 30 to 60
apalev: calls 30
*** FLOP *** [Td 3d 8d]
apalev: checks 
Mahu2021: bets 30
apalev: folds 
Uncalled bet (30) returned to Mahu2021
Mahu2021 collected 120 from pot
Mahu2021: doesn't show hand 
*** SUMMARY ***
Total pot 120 | Rake 0 
Board [Td 3d 8d]
Seat 2: apalev (big blind) folded on the Flop
Seat 3: Mahu2021 (button) (small blind) collected (120)



PokerStars Hand #247764540684: Tournament #3688954914, $1.84+$0.16 USD Hold'em No Limit - Level II (15/30) - 2023/12/20 13:17:29 CET [2023/12/20 7:17:29 ET]
Table '3688954914 1' 3-max Seat #2 is the button
Seat 2: apalev (790 in chips) 
Seat 3: Mahu2021 (710 in chips) 
apalev: posts small blind 15
Mahu2021: posts big blind 30
*** HOLE CARDS ***
Dealt to Mahu2021 [Ks Kh]
apalev: folds 
Uncalled bet (15) returned to Mahu2021
Mahu2021 collected 30 from pot
Mahu2021: doesn't show hand 
*** SUMMARY ***
Total pot 30 | Rake 0 
Seat 2: apalev (button) (small blind) folded before Flop
Seat 3: Mahu2021 (big blind) collected (30)



PokerStars Hand #247764541456: Tournament #3688954914, $1.84+$0.16 USD Hold'em No Limit - Level II (15/30) - 2023/12/20 13:17:33 CET [2023/12/20 7:17:33 ET]
Table '3688954914 1' 3-max Seat #3 is the button
Seat 2: apalev (775 in chips) 
Seat 3: Mahu2021 (725 in chips) 
Mahu2021: posts small blind 15
apalev: posts big blind 30
*** HOLE CARDS ***
Dealt to Mahu2021 [4h Ks]
Mahu2021: calls 15
apalev: checks 
*** FLOP *** [5h 3h 8s]
apalev: checks 
Mahu2021: checks 
*** TURN *** [5h 3h 8s] [8d]
apalev: bets 90
Mahu2021: folds 
Uncalled bet (90) returned to apalev
apalev collected 60 from pot
apalev: doesn't show hand 
*** SUMMARY ***
Total pot 60 | Rake 0 
Board [5h 3h 8s 8d]
Seat 2: apalev (big blind) collected (60)
Seat 3: Mahu2021 (button) (small blind) folded on the Turn



PokerStars Hand #247764545923: Tournament #3688954914, $1.84+$0.16 USD Hold'em No Limit - Level II (15/30) - 2023/12/20 13:18:01 CET [2023/12/20 7:18:01 ET]
Table '3688954914 1' 3-max Seat #2 is the button
Seat 2: apalev (805 in chips) 
Seat 3: Mahu2021 (695 in chips) 
apalev: posts small blind 15
Mahu2021: posts big blind 30
*** HOLE CARDS ***
Dealt to Mahu2021 [2d Jd]
apalev: folds 
Uncalled bet (15) returned to Mahu2021
Mahu2021 collected 30 from pot
Mahu2021: doesn't show hand 
*** SUMMARY ***
Total pot 30 | Rake 0 
Seat 2: apalev (button) (small blind) folded before Flop
Seat 3: Mahu2021 (big blind) collected (30)



PokerStars Hand #247764546632: Tournament #3688954914, $1.84+$0.16 USD Hold'em No Limit - Level II (15/30) - 2023/12/20 13:18:05 CET [2023/12/20 7:18:05 ET]
Table '3688954914 1' 3-max Seat #3 is the button
Seat 2: apalev (790 in chips) 
Seat 3: Mahu2021 (710 in chips) 
Mahu2021: posts small blind 15
apalev: posts big blind 30
*** HOLE CARDS ***
Dealt to Mahu2021 [6c 8c]
Mahu2021: raises 30 to 60
apalev: calls 30
*** FLOP *** [Td 9h Ks]
apalev: bets 60
Mahu2021: folds 
Uncalled bet (60) returned to apalev
apalev collected 120 from pot
apalev: doesn't show hand 
*** SUMMARY ***
Total pot 120 | Rake 0 
Board [Td 9h Ks]
Seat 2: apalev (big blind) collected (120)
Seat 3: Mahu2021 (button) (small blind) folded on the Flop



PokerStars Hand #247764549591: Tournament #3688954914, $1.84+$0.16 USD Hold'em No Limit - Level II (15/30) - 2023/12/20 13:18:24 CET [2023/12/20 7:18:24 ET]
Table '3688954914 1' 3-max Seat #2 is the button
Seat 2: apalev (850 in chips) 
Seat 3: Mahu2021 (650 in chips) 
apalev: posts small blind 15
Mahu2021: posts big blind 30
*** HOLE CARDS ***
Dealt to Mahu2021 [3h 3s]
apalev: raises 60 to 90
Mahu2021: folds 
Uncalled bet (60) returned to apalev
apalev collected 60 from pot
apalev: doesn't show hand 
*** SUMMARY ***
Total pot 60 | Rake 0 
Seat 2: apalev (button) (small blind) collected (60)
Seat 3: Mahu2021 (big blind) folded before Flop



PokerStars Hand #247764551785: Tournament #3688954914, $1.84+$0.16 USD Hold'em No Limit - Level II (15/30) - 2023/12/20 13:18:37 CET [2023/12/20 7:18:37 ET]
Table '3688954914 1' 3-max Seat #3 is the button
Seat 2: apalev (880 in chips) 
Seat 3: Mahu2021 (620 in chips) 
Mahu2021: posts small blind 15
apalev: posts big blind 30
*** HOLE CARDS ***
Dealt to Mahu2021 [5c 9c]
Mahu2021: calls 15
apalev: checks 
*** FLOP *** [Ks Qd 3c]
apalev: checks 
Mahu2021: bets 30
apalev: calls 30
*** TURN *** [Ks Qd 3c] [2s]
apalev: checks 
Mahu2021: checks 
*** RIVER *** [Ks Qd 3c 2s] [Js]
apalev: checks 
Mahu2021: checks 
*** SHOW DOWN ***
apalev: shows [8h Qh] (a pair of Queens)
Mahu2021: mucks hand 
apalev collected 120 from pot
*** SUMMARY ***
Total pot 120 | Rake 0 
Board [Ks Qd 3c 2s Js]
Seat 2: apalev (big blind) showed [8h Qh] and won (120) with a pair of Queens
Seat 3: Mahu2021 (button) (small blind) mucked [5c 9c]



PokerStars Hand #247764555193: Tournament #3688954914, $1.84+$0.16 USD Hold'em No Limit - Level III (20/40) - 2023/12/20 13:18:58 CET [2023/12/20 7:18:58 ET]
Table '3688954914 1' 3-max Seat #2 is the button
Seat 2: apalev (940 in chips) 
Seat 3: Mahu2021 (560 in chips) 
apalev: posts small blind 20
Mahu2021: posts big blind 40
*** HOLE CARDS ***
Dealt to Mahu2021 [9d 8d]
apalev: raises 40 to 80
Mahu2021: calls 40
*** FLOP *** [5s Jd 2h]
Mahu2021: checks 
apalev: checks 
*** TURN *** [5s Jd 2h] [6s]
Mahu2021: checks 
apalev: checks 
*** RIVER *** [5s Jd 2h 6s] [Jh]
Mahu2021: checks 
apalev: checks 
*** SHOW DOWN ***
Mahu2021: shows [9d 8d] (a pair of Jacks)
apalev: shows [9h Qh] (a pair of Jacks - Queen kicker)
apalev collected 160 from pot
*** SUMMARY ***
Total pot 160 | Rake 0 
Board [5s Jd 2h 6s Jh]
Seat 2: apalev (button) (small blind) showed [9h Qh] and won (160) with a pair of Jacks
Seat 3: Mahu2021 (big blind) showed [9d 8d] and lost with a pair of Jacks



PokerStars Hand #247764558619: Tournament #3688954914, $1.84+$0.16 USD Hold'em No Limit - Level III (20/40) - 2023/12/20 13:19:19 CET [2023/12/20 7:19:19 ET]
Table '3688954914 1' 3-max Seat #3 is the button
Seat 2: apalev (1020 in chips) 
Seat 3: Mahu2021 (480 in chips) 
Mahu2021: posts small blind 20
apalev: posts big blind 40
*** HOLE CARDS ***
Dealt to Mahu2021 [3d 2s]
Mahu2021: folds 
Uncalled bet (20) returned to apalev
apalev collected 40 from pot
apalev: doesn't show hand 
*** SUMMARY ***
Total pot 40 | Rake 0 
Seat 2: apalev (big blind) collected (40)
Seat 3: Mahu2021 (button) (small blind) folded before Flop



