PokerStars Hand #252855375860: Tournament #3810256648, $1.84+$0.16 USD Hold'em No Limit - Level I (10/20) - 2024/10/10 9:54:25 CET [2024/10/10 3:54:25 ET]
Table '3810256648 1' 3-max Seat #1 is the button
Seat 1: Mahu2021 (500 in chips) 
Seat 2: any rua (500 in chips) 
Seat 3: messiasdk (500 in chips) 
any rua: posts small blind 10
messiasdk: posts big blind 20
*** HOLE CARDS ***
Dealt to Mahu2021 [9h 3c]
Mahu2021: folds 
any rua: folds 
Uncalled bet (10) returned to messiasdk
messiasdk collected 20 from pot
*** SUMMARY ***
Total pot 20 | Rake 0 
Seat 1: Mahu2021 (button) folded before Flop (didn't bet)
Seat 2: any rua (small blind) folded before Flop
Seat 3: messiasdk (big blind) collected (20)



PokerStars Hand #252855376579: Tournament #3810256648, $1.84+$0.16 USD Hold'em No Limit - Level I (10/20) - 2024/10/10 9:54:34 CET [2024/10/10 3:54:34 ET]
Table '3810256648 1' 3-max Seat #2 is the button
Seat 1: Mahu2021 (500 in chips) 
Seat 2: any rua (490 in chips) 
Seat 3: messiasdk (510 in chips) 
messiasdk: posts small blind 10
Mahu2021: posts big blind 20
*** HOLE CARDS ***
Dealt to Mahu2021 [Jd Jh]
any rua: raises 20 to 40
messiasdk: calls 30
Mahu2021: raises 460 to 500 and is all-in
any rua: calls 450 and is all-in
messiasdk: folds 
Uncalled bet (10) returned to Mahu2021
*** FLOP *** [Qc 9d 4c]
*** TURN *** [Qc 9d 4c] [As]
*** RIVER *** [Qc 9d 4c As] [3s]
*** SHOW DOWN ***
Mahu2021: shows [Jd Jh] (a pair of Jacks)
any rua: shows [5d Ac] (a pair of Aces)
any rua collected 1020 from pot
*** SUMMARY ***
Total pot 1020 | Rake 0 
Board [Qc 9d 4c As 3s]
Seat 1: Mahu2021 (big blind) showed [Jd Jh] and lost with a pair of Jacks
Seat 2: any rua (button) showed [5d Ac] and won (1020) with a pair of Aces
Seat 3: messiasdk (small blind) folded before Flop



PokerStars Hand #252855378866: Tournament #3810256648, $1.84+$0.16 USD Hold'em No Limit - Level I (10/20) - 2024/10/10 9:55:01 CET [2024/10/10 3:55:01 ET]
Table '3810256648 1' 3-max Seat #3 is the button
Seat 1: Mahu2021 (10 in chips) 
Seat 2: any rua (1020 in chips) 
Seat 3: messiasdk (470 in chips) 
Mahu2021: posts small blind 10 and is all-in
any rua: posts big blind 20
*** HOLE CARDS ***
Dealt to Mahu2021 [Kc 9h]
messiasdk: calls 20
any rua: raises 50 to 70
messiasdk: calls 50
*** FLOP *** [7d 5s 8d]
any rua: checks 
messiasdk: bets 60
any rua: calls 60
*** TURN *** [7d 5s 8d] [Qh]
any rua: checks 
messiasdk: checks 
*** RIVER *** [7d 5s 8d Qh] [9d]
any rua: bets 135
messiasdk: folds 
Uncalled bet (135) returned to any rua
*** SHOW DOWN ***
any rua: shows [Ac Qd] (a pair of Queens)
any rua collected 240 from side pot
Mahu2021: shows [Kc 9h] (a pair of Nines)
any rua collected 30 from main pot
Mahu2021 finished the tournament in 3rd place
*** SUMMARY ***
Total pot 270 Main pot 30. Side pot 240. | Rake 0 
Board [7d 5s 8d Qh 9d]
Seat 1: Mahu2021 (small blind) showed [Kc 9h] and lost with a pair of Nines
Seat 2: any rua (big blind) showed [Ac Qd] and won (270) with a pair of Queens
Seat 3: messiasdk (button) folded on the River



