PokerStars Hand #249511825700: Tournament #3730973279, $1.84+$0.16 USD Hold'em No Limit - Level I (10/20) - 2024/03/19 20:38:03 CET [2024/03/19 15:38:03 ET]
Table '3730973279 1' 3-max Seat #1 is the button
Seat 1: roberto20131 (500 in chips) 
Seat 2: anne1949 (500 in chips) 
Seat 3: Mahu2021 (500 in chips) 
anne1949: posts small blind 10
Mahu2021: posts big blind 20
*** HOLE CARDS ***
Dealt to Mahu2021 [4s Th]
roberto20131: raises 20 to 40
anne1949: folds 
Mahu2021: folds 
Uncalled bet (20) returned to roberto20131
roberto20131 collected 50 from pot
roberto20131: doesn't show hand 
*** SUMMARY ***
Total pot 50 | Rake 0 
Seat 1: roberto20131 (button) collected (50)
Seat 2: anne1949 (small blind) folded before Flop
Seat 3: Mahu2021 (big blind) folded before Flop



PokerStars Hand #249511827990: Tournament #3730973279, $1.84+$0.16 USD Hold'em No Limit - Level I (10/20) - 2024/03/19 20:38:10 CET [2024/03/19 15:38:10 ET]
Table '3730973279 1' 3-max Seat #2 is the button
Seat 1: roberto20131 (530 in chips) 
Seat 2: anne1949 (490 in chips) 
Seat 3: Mahu2021 (480 in chips) 
Mahu2021: posts small blind 10
roberto20131: posts big blind 20
*** HOLE CARDS ***
Dealt to Mahu2021 [9h Js]
anne1949: calls 20
Mahu2021: calls 10
roberto20131: checks 
*** FLOP *** [2d Jd 8h]
Mahu2021: bets 40
roberto20131: folds 
anne1949: folds 
Uncalled bet (40) returned to Mahu2021
Mahu2021 collected 60 from pot
Mahu2021: doesn't show hand 
*** SUMMARY ***
Total pot 60 | Rake 0 
Board [2d Jd 8h]
Seat 1: roberto20131 (big blind) folded on the Flop
Seat 2: anne1949 (button) folded on the Flop
Seat 3: Mahu2021 (small blind) collected (60)



PokerStars Hand #249511834866: Tournament #3730973279, $1.84+$0.16 USD Hold'em No Limit - Level I (10/20) - 2024/03/19 20:38:31 CET [2024/03/19 15:38:31 ET]
Table '3730973279 1' 3-max Seat #3 is the button
Seat 1: roberto20131 (510 in chips) 
Seat 2: anne1949 (470 in chips) 
Seat 3: Mahu2021 (520 in chips) 
roberto20131: posts small blind 10
anne1949: posts big blind 20
*** HOLE CARDS ***
Dealt to Mahu2021 [Tc As]
Mahu2021: raises 20 to 40
roberto20131: folds 
anne1949: raises 430 to 470 and is all-in
Mahu2021: folds 
Uncalled bet (430) returned to anne1949
anne1949 collected 90 from pot
anne1949: doesn't show hand 
*** SUMMARY ***
Total pot 90 | Rake 0 
Seat 1: roberto20131 (small blind) folded before Flop
Seat 2: anne1949 (big blind) collected (90)
Seat 3: Mahu2021 (button) folded before Flop



PokerStars Hand #249511839945: Tournament #3730973279, $1.84+$0.16 USD Hold'em No Limit - Level I (10/20) - 2024/03/19 20:38:47 CET [2024/03/19 15:38:47 ET]
Table '3730973279 1' 3-max Seat #1 is the button
Seat 1: roberto20131 (500 in chips) 
Seat 2: anne1949 (520 in chips) 
Seat 3: Mahu2021 (480 in chips) 
anne1949: posts small blind 10
Mahu2021: posts big blind 20
*** HOLE CARDS ***
Dealt to Mahu2021 [6c Js]
roberto20131: folds 
anne1949: raises 500 to 520 and is all-in
Mahu2021: folds 
Uncalled bet (500) returned to anne1949
anne1949 collected 40 from pot
anne1949: doesn't show hand 
*** SUMMARY ***
Total pot 40 | Rake 0 
Seat 1: roberto20131 (button) folded before Flop (didn't bet)
Seat 2: anne1949 (small blind) collected (40)
Seat 3: Mahu2021 (big blind) folded before Flop



PokerStars Hand #249511843267: Tournament #3730973279, $1.84+$0.16 USD Hold'em No Limit - Level I (10/20) - 2024/03/19 20:38:57 CET [2024/03/19 15:38:57 ET]
Table '3730973279 1' 3-max Seat #2 is the button
Seat 1: roberto20131 (500 in chips) 
Seat 2: anne1949 (540 in chips) 
Seat 3: Mahu2021 (460 in chips) 
Mahu2021: posts small blind 10
roberto20131: posts big blind 20
*** HOLE CARDS ***
Dealt to Mahu2021 [2d Ad]
anne1949: calls 20
Mahu2021: calls 10
roberto20131: checks 
*** FLOP *** [4c Kh 7h]
Mahu2021: checks 
roberto20131: checks 
anne1949: checks 
*** TURN *** [4c Kh 7h] [Td]
Mahu2021: checks 
roberto20131: checks 
anne1949: checks 
*** RIVER *** [4c Kh 7h Td] [8d]
Mahu2021: checks 
roberto20131: bets 40
anne1949: calls 40
Mahu2021: folds 
*** SHOW DOWN ***
roberto20131: shows [Jc 9h] (a straight, Seven to Jack)
anne1949: mucks hand 
roberto20131 collected 140 from pot
*** SUMMARY ***
Total pot 140 | Rake 0 
Board [4c Kh 7h Td 8d]
Seat 1: roberto20131 (big blind) showed [Jc 9h] and won (140) with a straight, Seven to Jack
Seat 2: anne1949 (button) mucked [Ts Jh]
Seat 3: Mahu2021 (small blind) folded on the River



PokerStars Hand #249511855948: Tournament #3730973279, $1.84+$0.16 USD Hold'em No Limit - Level I (10/20) - 2024/03/19 20:39:37 CET [2024/03/19 15:39:37 ET]
Table '3730973279 1' 3-max Seat #3 is the button
Seat 1: roberto20131 (580 in chips) 
Seat 2: anne1949 (480 in chips) 
Seat 3: Mahu2021 (440 in chips) 
roberto20131: posts small blind 10
anne1949: posts big blind 20
*** HOLE CARDS ***
Dealt to Mahu2021 [3s 7h]
Mahu2021: folds 
roberto20131: raises 20 to 40
anne1949: raises 440 to 480 and is all-in
roberto20131: folds 
Uncalled bet (440) returned to anne1949
anne1949 collected 80 from pot
anne1949: doesn't show hand 
*** SUMMARY ***
Total pot 80 | Rake 0 
Seat 1: roberto20131 (small blind) folded before Flop
Seat 2: anne1949 (big blind) collected (80)
Seat 3: Mahu2021 (button) folded before Flop (didn't bet)



PokerStars Hand #249511860597: Tournament #3730973279, $1.84+$0.16 USD Hold'em No Limit - Level I (10/20) - 2024/03/19 20:39:51 CET [2024/03/19 15:39:51 ET]
Table '3730973279 1' 3-max Seat #1 is the button
Seat 1: roberto20131 (540 in chips) 
Seat 2: anne1949 (520 in chips) 
Seat 3: Mahu2021 (440 in chips) 
anne1949: posts small blind 10
Mahu2021: posts big blind 20
*** HOLE CARDS ***
Dealt to Mahu2021 [2c 5c]
roberto20131: raises 20 to 40
anne1949: folds 
Mahu2021: calls 20
*** FLOP *** [5d 4h 8c]
Mahu2021: checks 
roberto20131: bets 50
Mahu2021: calls 50
*** TURN *** [5d 4h 8c] [3c]
Mahu2021: checks 
roberto20131: bets 450 and is all-in
Mahu2021: calls 350 and is all-in
Uncalled bet (100) returned to roberto20131
*** RIVER *** [5d 4h 8c 3c] [Js]
*** SHOW DOWN ***
Mahu2021: shows [2c 5c] (a pair of Fives)
roberto20131: shows [Ah As] (a pair of Aces)
roberto20131 collected 890 from pot
Mahu2021 finished the tournament in 3rd place
*** SUMMARY ***
Total pot 890 | Rake 0 
Board [5d 4h 8c 3c Js]
Seat 1: roberto20131 (button) showed [Ah As] and won (890) with a pair of Aces
Seat 2: anne1949 (small blind) folded before Flop
Seat 3: Mahu2021 (big blind) showed [2c 5c] and lost with a pair of Fives



