PokerStars Hand #245100610934: Tournament #3624348877, $0.92+$0.08 USD Hold'em No Limit - Level I (10/20) - 2023/07/30 11:59:55 CET [2023/07/30 5:59:55 ET]
Table '3624348877 1' 3-max Seat #1 is the button
Seat 1: goinhunting (500 in chips) 
Seat 2: ZEFUROZ (500 in chips) 
Seat 3: Mahu2021 (500 in chips) 
ZEFUROZ: posts small blind 10
Mahu2021: posts big blind 20
*** HOLE CARDS ***
Dealt to Mahu2021 [Js 4d]
goinhunting: raises 40 to 60
ZEFUROZ: folds 
Mahu2021: folds 
Uncalled bet (40) returned to goinhunting
goinhunting collected 50 from pot
*** SUMMARY ***
Total pot 50 | Rake 0 
Seat 1: goinhunting (button) collected (50)
Seat 2: ZEFUROZ (small blind) folded before Flop
Seat 3: Mahu2021 (big blind) folded before Flop



PokerStars Hand #245100612327: Tournament #3624348877, $0.92+$0.08 USD Hold'em No Limit - Level I (10/20) - 2023/07/30 12:00:07 CET [2023/07/30 6:00:07 ET]
Table '3624348877 1' 3-max Seat #2 is the button
Seat 1: goinhunting (530 in chips) 
Seat 2: ZEFUROZ (490 in chips) 
Seat 3: Mahu2021 (480 in chips) 
Mahu2021: posts small blind 10
goinhunting: posts big blind 20
*** HOLE CARDS ***
Dealt to Mahu2021 [Qc Ks]
ZEFUROZ: raises 20 to 40
Mahu2021: calls 30
goinhunting: calls 20
*** FLOP *** [9h 9c Ah]
Mahu2021: checks 
goinhunting: checks 
ZEFUROZ: bets 60
Mahu2021: folds 
goinhunting: calls 60
*** TURN *** [9h 9c Ah] [8c]
goinhunting: checks 
ZEFUROZ: checks 
*** RIVER *** [9h 9c Ah 8c] [7d]
goinhunting: checks 
ZEFUROZ: checks 
*** SHOW DOWN ***
goinhunting: shows [8s Ad] (two pair, Aces and Nines)
ZEFUROZ: mucks hand 
goinhunting collected 240 from pot
*** SUMMARY ***
Total pot 240 | Rake 0 
Board [9h 9c Ah 8c 7d]
Seat 1: goinhunting (big blind) showed [8s Ad] and won (240) with two pair, Aces and Nines
Seat 2: ZEFUROZ (button) mucked [6h Kh]
Seat 3: Mahu2021 (small blind) folded on the Flop



PokerStars Hand #245100617207: Tournament #3624348877, $0.92+$0.08 USD Hold'em No Limit - Level I (10/20) - 2023/07/30 12:00:43 CET [2023/07/30 6:00:43 ET]
Table '3624348877 1' 3-max Seat #3 is the button
Seat 1: goinhunting (670 in chips) 
Seat 2: ZEFUROZ (390 in chips) 
Seat 3: Mahu2021 (440 in chips) 
goinhunting: posts small blind 10
ZEFUROZ: posts big blind 20
*** HOLE CARDS ***
Dealt to Mahu2021 [Kd 4s]
Mahu2021: folds 
goinhunting: folds 
Uncalled bet (10) returned to ZEFUROZ
ZEFUROZ collected 20 from pot
*** SUMMARY ***
Total pot 20 | Rake 0 
Seat 1: goinhunting (small blind) folded before Flop
Seat 2: ZEFUROZ (big blind) collected (20)
Seat 3: Mahu2021 (button) folded before Flop (didn't bet)



PokerStars Hand #245100618247: Tournament #3624348877, $0.92+$0.08 USD Hold'em No Limit - Level I (10/20) - 2023/07/30 12:00:51 CET [2023/07/30 6:00:51 ET]
Table '3624348877 1' 3-max Seat #1 is the button
Seat 1: goinhunting (660 in chips) 
Seat 2: ZEFUROZ (400 in chips) 
Seat 3: Mahu2021 (440 in chips) 
ZEFUROZ: posts small blind 10
Mahu2021: posts big blind 20
*** HOLE CARDS ***
Dealt to Mahu2021 [2h 4c]
goinhunting: folds 
ZEFUROZ: folds 
Uncalled bet (10) returned to Mahu2021
Mahu2021 collected 20 from pot
Mahu2021: doesn't show hand 
*** SUMMARY ***
Total pot 20 | Rake 0 
Seat 1: goinhunting (button) folded before Flop (didn't bet)
Seat 2: ZEFUROZ (small blind) folded before Flop
Seat 3: Mahu2021 (big blind) collected (20)



PokerStars Hand #245100619933: Tournament #3624348877, $0.92+$0.08 USD Hold'em No Limit - Level I (10/20) - 2023/07/30 12:01:03 CET [2023/07/30 6:01:03 ET]
Table '3624348877 1' 3-max Seat #2 is the button
Seat 1: goinhunting (660 in chips) 
Seat 2: ZEFUROZ (390 in chips) 
Seat 3: Mahu2021 (450 in chips) 
Mahu2021: posts small blind 10
goinhunting: posts big blind 20
*** HOLE CARDS ***
Dealt to Mahu2021 [3h 8c]
ZEFUROZ: raises 20 to 40
Mahu2021: folds 
goinhunting: raises 60 to 100
ZEFUROZ: folds 
Uncalled bet (60) returned to goinhunting
goinhunting collected 90 from pot
*** SUMMARY ***
Total pot 90 | Rake 0 
Seat 1: goinhunting (big blind) collected (90)
Seat 2: ZEFUROZ (button) folded before Flop
Seat 3: Mahu2021 (small blind) folded before Flop



PokerStars Hand #245100621878: Tournament #3624348877, $0.92+$0.08 USD Hold'em No Limit - Level I (10/20) - 2023/07/30 12:01:17 CET [2023/07/30 6:01:17 ET]
Table '3624348877 1' 3-max Seat #3 is the button
Seat 1: goinhunting (710 in chips) 
Seat 2: ZEFUROZ (350 in chips) 
Seat 3: Mahu2021 (440 in chips) 
goinhunting: posts small blind 10
ZEFUROZ: posts big blind 20
*** HOLE CARDS ***
Dealt to Mahu2021 [2s 7h]
Mahu2021: folds 
goinhunting: folds 
Uncalled bet (10) returned to ZEFUROZ
ZEFUROZ collected 20 from pot
*** SUMMARY ***
Total pot 20 | Rake 0 
Seat 1: goinhunting (small blind) folded before Flop
Seat 2: ZEFUROZ (big blind) collected (20)
Seat 3: Mahu2021 (button) folded before Flop (didn't bet)



PokerStars Hand #245100623456: Tournament #3624348877, $0.92+$0.08 USD Hold'em No Limit - Level I (10/20) - 2023/07/30 12:01:28 CET [2023/07/30 6:01:28 ET]
Table '3624348877 1' 3-max Seat #1 is the button
Seat 1: goinhunting (700 in chips) 
Seat 2: ZEFUROZ (360 in chips) 
Seat 3: Mahu2021 (440 in chips) 
ZEFUROZ: posts small blind 10
Mahu2021: posts big blind 20
*** HOLE CARDS ***
Dealt to Mahu2021 [2h 7h]
goinhunting: folds 
ZEFUROZ: raises 20 to 40
Mahu2021: folds 
Uncalled bet (20) returned to ZEFUROZ
ZEFUROZ collected 40 from pot
*** SUMMARY ***
Total pot 40 | Rake 0 
Seat 1: goinhunting (button) folded before Flop (didn't bet)
Seat 2: ZEFUROZ (small blind) collected (40)
Seat 3: Mahu2021 (big blind) folded before Flop



PokerStars Hand #245100624771: Tournament #3624348877, $0.92+$0.08 USD Hold'em No Limit - Level I (10/20) - 2023/07/30 12:01:37 CET [2023/07/30 6:01:37 ET]
Table '3624348877 1' 3-max Seat #2 is the button
Seat 1: goinhunting (700 in chips) 
Seat 2: ZEFUROZ (380 in chips) 
Seat 3: Mahu2021 (420 in chips) 
Mahu2021: posts small blind 10
goinhunting: posts big blind 20
*** HOLE CARDS ***
Dealt to Mahu2021 [6d 9h]
ZEFUROZ: raises 20 to 40
Mahu2021: folds 
goinhunting: raises 60 to 100
ZEFUROZ: raises 280 to 380 and is all-in
goinhunting: folds 
Uncalled bet (280) returned to ZEFUROZ
ZEFUROZ collected 210 from pot
*** SUMMARY ***
Total pot 210 | Rake 0 
Seat 1: goinhunting (big blind) folded before Flop
Seat 2: ZEFUROZ (button) collected (210)
Seat 3: Mahu2021 (small blind) folded before Flop



PokerStars Hand #245100627278: Tournament #3624348877, $0.92+$0.08 USD Hold'em No Limit - Level I (10/20) - 2023/07/30 12:01:55 CET [2023/07/30 6:01:55 ET]
Table '3624348877 1' 3-max Seat #3 is the button
Seat 1: goinhunting (600 in chips) 
Seat 2: ZEFUROZ (490 in chips) 
Seat 3: Mahu2021 (410 in chips) 
goinhunting: posts small blind 10
ZEFUROZ: posts big blind 20
*** HOLE CARDS ***
Dealt to Mahu2021 [Jh 6h]
Mahu2021: raises 20 to 40
goinhunting: folds 
ZEFUROZ: raises 450 to 490 and is all-in
Mahu2021: folds 
Uncalled bet (450) returned to ZEFUROZ
ZEFUROZ collected 90 from pot
*** SUMMARY ***
Total pot 90 | Rake 0 
Seat 1: goinhunting (small blind) folded before Flop
Seat 2: ZEFUROZ (big blind) collected (90)
Seat 3: Mahu2021 (button) folded before Flop



PokerStars Hand #245100629221: Tournament #3624348877, $0.92+$0.08 USD Hold'em No Limit - Level I (10/20) - 2023/07/30 12:02:09 CET [2023/07/30 6:02:09 ET]
Table '3624348877 1' 3-max Seat #1 is the button
Seat 1: goinhunting (590 in chips) 
Seat 2: ZEFUROZ (540 in chips) 
Seat 3: Mahu2021 (370 in chips) 
ZEFUROZ: posts small blind 10
Mahu2021: posts big blind 20
*** HOLE CARDS ***
Dealt to Mahu2021 [2h 4s]
goinhunting: raises 40 to 60
ZEFUROZ: folds 
Mahu2021: folds 
Uncalled bet (40) returned to goinhunting
goinhunting collected 50 from pot
*** SUMMARY ***
Total pot 50 | Rake 0 
Seat 1: goinhunting (button) collected (50)
Seat 2: ZEFUROZ (small blind) folded before Flop
Seat 3: Mahu2021 (big blind) folded before Flop



PokerStars Hand #245100630459: Tournament #3624348877, $0.92+$0.08 USD Hold'em No Limit - Level I (10/20) - 2023/07/30 12:02:17 CET [2023/07/30 6:02:17 ET]
Table '3624348877 1' 3-max Seat #2 is the button
Seat 1: goinhunting (620 in chips) 
Seat 2: ZEFUROZ (530 in chips) 
Seat 3: Mahu2021 (350 in chips) 
Mahu2021: posts small blind 10
goinhunting: posts big blind 20
*** HOLE CARDS ***
Dealt to Mahu2021 [3c 8h]
ZEFUROZ: raises 20 to 40
Mahu2021: folds 
goinhunting: calls 20
*** FLOP *** [4c 6s Qs]
goinhunting: checks 
ZEFUROZ: bets 40
goinhunting: folds 
Uncalled bet (40) returned to ZEFUROZ
ZEFUROZ collected 90 from pot
*** SUMMARY ***
Total pot 90 | Rake 0 
Board [4c 6s Qs]
Seat 1: goinhunting (big blind) folded on the Flop
Seat 2: ZEFUROZ (button) collected (90)
Seat 3: Mahu2021 (small blind) folded before Flop



PokerStars Hand #245100632582: Tournament #3624348877, $0.92+$0.08 USD Hold'em No Limit - Level I (10/20) - 2023/07/30 12:02:32 CET [2023/07/30 6:02:32 ET]
Table '3624348877 1' 3-max Seat #3 is the button
Seat 1: goinhunting (580 in chips) 
Seat 2: ZEFUROZ (580 in chips) 
Seat 3: Mahu2021 (340 in chips) 
goinhunting: posts small blind 10
ZEFUROZ: posts big blind 20
*** HOLE CARDS ***
Dealt to Mahu2021 [4s As]
Mahu2021: raises 20 to 40
goinhunting: folds 
ZEFUROZ: calls 20
*** FLOP *** [8h 4h 2h]
ZEFUROZ: checks 
Mahu2021: bets 90
ZEFUROZ: folds 
Uncalled bet (90) returned to Mahu2021
Mahu2021 collected 90 from pot
Mahu2021: doesn't show hand 
*** SUMMARY ***
Total pot 90 | Rake 0 
Board [8h 4h 2h]
Seat 1: goinhunting (small blind) folded before Flop
Seat 2: ZEFUROZ (big blind) folded on the Flop
Seat 3: Mahu2021 (button) collected (90)



PokerStars Hand #245100635044: Tournament #3624348877, $0.92+$0.08 USD Hold'em No Limit - Level I (10/20) - 2023/07/30 12:02:49 CET [2023/07/30 6:02:49 ET]
Table '3624348877 1' 3-max Seat #1 is the button
Seat 1: goinhunting (570 in chips) 
Seat 2: ZEFUROZ (540 in chips) 
Seat 3: Mahu2021 (390 in chips) 
ZEFUROZ: posts small blind 10
Mahu2021: posts big blind 20
*** HOLE CARDS ***
Dealt to Mahu2021 [4c Ad]
goinhunting: folds 
ZEFUROZ: raises 520 to 540 and is all-in
Mahu2021: folds 
Uncalled bet (520) returned to ZEFUROZ
ZEFUROZ collected 40 from pot
*** SUMMARY ***
Total pot 40 | Rake 0 
Seat 1: goinhunting (button) folded before Flop (didn't bet)
Seat 2: ZEFUROZ (small blind) collected (40)
Seat 3: Mahu2021 (big blind) folded before Flop



PokerStars Hand #245100638135: Tournament #3624348877, $0.92+$0.08 USD Hold'em No Limit - Level II (15/30) - 2023/07/30 12:03:11 CET [2023/07/30 6:03:11 ET]
Table '3624348877 1' 3-max Seat #2 is the button
Seat 1: goinhunting (570 in chips) 
Seat 2: ZEFUROZ (560 in chips) 
Seat 3: Mahu2021 (370 in chips) 
Mahu2021: posts small blind 15
goinhunting: posts big blind 30
*** HOLE CARDS ***
Dealt to Mahu2021 [Jh 9s]
ZEFUROZ: folds 
Mahu2021: raises 30 to 60
goinhunting: calls 30
*** FLOP *** [Ah 9c 7s]
Mahu2021: checks 
goinhunting: bets 60
Mahu2021: calls 60
*** TURN *** [Ah 9c 7s] [Qs]
Mahu2021: checks 
goinhunting: checks 
*** RIVER *** [Ah 9c 7s Qs] [Jc]
Mahu2021: bets 240
goinhunting: folds 
Uncalled bet (240) returned to Mahu2021
Mahu2021 collected 240 from pot
Mahu2021: doesn't show hand 
*** SUMMARY ***
Total pot 240 | Rake 0 
Board [Ah 9c 7s Qs Jc]
Seat 1: goinhunting (big blind) folded on the River
Seat 2: ZEFUROZ (button) folded before Flop (didn't bet)
Seat 3: Mahu2021 (small blind) collected (240)



PokerStars Hand #245100642114: Tournament #3624348877, $0.92+$0.08 USD Hold'em No Limit - Level II (15/30) - 2023/07/30 12:03:38 CET [2023/07/30 6:03:38 ET]
Table '3624348877 1' 3-max Seat #3 is the button
Seat 1: goinhunting (450 in chips) 
Seat 2: ZEFUROZ (560 in chips) 
Seat 3: Mahu2021 (490 in chips) 
goinhunting: posts small blind 15
ZEFUROZ: posts big blind 30
*** HOLE CARDS ***
Dealt to Mahu2021 [Qd 3s]
Mahu2021: folds 
goinhunting: folds 
Uncalled bet (15) returned to ZEFUROZ
ZEFUROZ collected 30 from pot
*** SUMMARY ***
Total pot 30 | Rake 0 
Seat 1: goinhunting (small blind) folded before Flop
Seat 2: ZEFUROZ (big blind) collected (30)
Seat 3: Mahu2021 (button) folded before Flop (didn't bet)



PokerStars Hand #245100643087: Tournament #3624348877, $0.92+$0.08 USD Hold'em No Limit - Level II (15/30) - 2023/07/30 12:03:45 CET [2023/07/30 6:03:45 ET]
Table '3624348877 1' 3-max Seat #1 is the button
Seat 1: goinhunting (435 in chips) 
Seat 2: ZEFUROZ (575 in chips) 
Seat 3: Mahu2021 (490 in chips) 
ZEFUROZ: posts small blind 15
Mahu2021: posts big blind 30
*** HOLE CARDS ***
Dealt to Mahu2021 [As 3h]
goinhunting: folds 
ZEFUROZ: raises 30 to 60
Mahu2021: calls 30
*** FLOP *** [4s 7h 4h]
ZEFUROZ: bets 60
Mahu2021: folds 
Uncalled bet (60) returned to ZEFUROZ
ZEFUROZ collected 120 from pot
*** SUMMARY ***
Total pot 120 | Rake 0 
Board [4s 7h 4h]
Seat 1: goinhunting (button) folded before Flop (didn't bet)
Seat 2: ZEFUROZ (small blind) collected (120)
Seat 3: Mahu2021 (big blind) folded on the Flop



PokerStars Hand #245100646594: Tournament #3624348877, $0.92+$0.08 USD Hold'em No Limit - Level II (15/30) - 2023/07/30 12:04:09 CET [2023/07/30 6:04:09 ET]
Table '3624348877 1' 3-max Seat #2 is the button
Seat 1: goinhunting (435 in chips) 
Seat 2: ZEFUROZ (635 in chips) 
Seat 3: Mahu2021 (430 in chips) 
Mahu2021: posts small blind 15
goinhunting: posts big blind 30
*** HOLE CARDS ***
Dealt to Mahu2021 [9s Qd]
ZEFUROZ: folds 
Mahu2021: calls 15
goinhunting: raises 60 to 90
Mahu2021: calls 60
*** FLOP *** [Qh Td Ac]
Mahu2021: checks 
goinhunting: bets 90
Mahu2021: calls 90
*** TURN *** [Qh Td Ac] [3h]
Mahu2021: checks 
goinhunting: checks 
*** RIVER *** [Qh Td Ac 3h] [8c]
Mahu2021: bets 250 and is all-in
goinhunting: folds 
Uncalled bet (250) returned to Mahu2021
Mahu2021 collected 360 from pot
Mahu2021: doesn't show hand 
*** SUMMARY ***
Total pot 360 | Rake 0 
Board [Qh Td Ac 3h 8c]
Seat 1: goinhunting (big blind) folded on the River
Seat 2: ZEFUROZ (button) folded before Flop (didn't bet)
Seat 3: Mahu2021 (small blind) collected (360)



PokerStars Hand #245100651494: Tournament #3624348877, $0.92+$0.08 USD Hold'em No Limit - Level II (15/30) - 2023/07/30 12:04:43 CET [2023/07/30 6:04:43 ET]
Table '3624348877 1' 3-max Seat #3 is the button
Seat 1: goinhunting (255 in chips) 
Seat 2: ZEFUROZ (635 in chips) 
Seat 3: Mahu2021 (610 in chips) 
goinhunting: posts small blind 15
ZEFUROZ: posts big blind 30
*** HOLE CARDS ***
Dealt to Mahu2021 [Qc 7d]
Mahu2021: folds 
goinhunting: raises 225 to 255 and is all-in
ZEFUROZ: folds 
Uncalled bet (225) returned to goinhunting
goinhunting collected 60 from pot
*** SUMMARY ***
Total pot 60 | Rake 0 
Seat 1: goinhunting (small blind) collected (60)
Seat 2: ZEFUROZ (big blind) folded before Flop
Seat 3: Mahu2021 (button) folded before Flop (didn't bet)



PokerStars Hand #245100652593: Tournament #3624348877, $0.92+$0.08 USD Hold'em No Limit - Level II (15/30) - 2023/07/30 12:04:50 CET [2023/07/30 6:04:50 ET]
Table '3624348877 1' 3-max Seat #1 is the button
Seat 1: goinhunting (285 in chips) 
Seat 2: ZEFUROZ (605 in chips) 
Seat 3: Mahu2021 (610 in chips) 
ZEFUROZ: posts small blind 15
Mahu2021: posts big blind 30
*** HOLE CARDS ***
Dealt to Mahu2021 [7d 8c]
goinhunting: folds 
ZEFUROZ: raises 30 to 60
Mahu2021: calls 30
*** FLOP *** [3c 4s Jh]
ZEFUROZ: bets 30
Mahu2021: folds 
Uncalled bet (30) returned to ZEFUROZ
ZEFUROZ collected 120 from pot
*** SUMMARY ***
Total pot 120 | Rake 0 
Board [3c 4s Jh]
Seat 1: goinhunting (button) folded before Flop (didn't bet)
Seat 2: ZEFUROZ (small blind) collected (120)
Seat 3: Mahu2021 (big blind) folded on the Flop



PokerStars Hand #245100655990: Tournament #3624348877, $0.92+$0.08 USD Hold'em No Limit - Level II (15/30) - 2023/07/30 12:05:14 CET [2023/07/30 6:05:14 ET]
Table '3624348877 1' 3-max Seat #2 is the button
Seat 1: goinhunting (285 in chips) 
Seat 2: ZEFUROZ (665 in chips) 
Seat 3: Mahu2021 (550 in chips) 
Mahu2021: posts small blind 15
goinhunting: posts big blind 30
*** HOLE CARDS ***
Dealt to Mahu2021 [3d 7h]
ZEFUROZ: folds 
Mahu2021: folds 
Uncalled bet (15) returned to goinhunting
goinhunting collected 30 from pot
*** SUMMARY ***
Total pot 30 | Rake 0 
Seat 1: goinhunting (big blind) collected (30)
Seat 2: ZEFUROZ (button) folded before Flop (didn't bet)
Seat 3: Mahu2021 (small blind) folded before Flop



PokerStars Hand #245100657231: Tournament #3624348877, $0.92+$0.08 USD Hold'em No Limit - Level II (15/30) - 2023/07/30 12:05:22 CET [2023/07/30 6:05:22 ET]
Table '3624348877 1' 3-max Seat #3 is the button
Seat 1: goinhunting (300 in chips) 
Seat 2: ZEFUROZ (665 in chips) 
Seat 3: Mahu2021 (535 in chips) 
goinhunting: posts small blind 15
ZEFUROZ: posts big blind 30
*** HOLE CARDS ***
Dealt to Mahu2021 [As Qc]
Mahu2021: raises 60 to 90
goinhunting: folds 
ZEFUROZ: folds 
Uncalled bet (60) returned to Mahu2021
Mahu2021 collected 75 from pot
Mahu2021: doesn't show hand 
*** SUMMARY ***
Total pot 75 | Rake 0 
Seat 1: goinhunting (small blind) folded before Flop
Seat 2: ZEFUROZ (big blind) folded before Flop
Seat 3: Mahu2021 (button) collected (75)



PokerStars Hand #245100659310: Tournament #3624348877, $0.92+$0.08 USD Hold'em No Limit - Level II (15/30) - 2023/07/30 12:05:36 CET [2023/07/30 6:05:36 ET]
Table '3624348877 1' 3-max Seat #1 is the button
Seat 1: goinhunting (285 in chips) 
Seat 2: ZEFUROZ (635 in chips) 
Seat 3: Mahu2021 (580 in chips) 
ZEFUROZ: posts small blind 15
Mahu2021: posts big blind 30
*** HOLE CARDS ***
Dealt to Mahu2021 [Js 3d]
goinhunting: folds 
ZEFUROZ: raises 605 to 635 and is all-in
Mahu2021: folds 
Uncalled bet (605) returned to ZEFUROZ
ZEFUROZ collected 60 from pot
*** SUMMARY ***
Total pot 60 | Rake 0 
Seat 1: goinhunting (button) folded before Flop (didn't bet)
Seat 2: ZEFUROZ (small blind) collected (60)
Seat 3: Mahu2021 (big blind) folded before Flop



PokerStars Hand #245100661793: Tournament #3624348877, $0.92+$0.08 USD Hold'em No Limit - Level II (15/30) - 2023/07/30 12:05:53 CET [2023/07/30 6:05:53 ET]
Table '3624348877 1' 3-max Seat #2 is the button
Seat 1: goinhunting (285 in chips) 
Seat 2: ZEFUROZ (665 in chips) 
Seat 3: Mahu2021 (550 in chips) 
Mahu2021: posts small blind 15
goinhunting: posts big blind 30
*** HOLE CARDS ***
Dealt to Mahu2021 [6c 2s]
ZEFUROZ: folds 
Mahu2021: folds 
Uncalled bet (15) returned to goinhunting
goinhunting collected 30 from pot
*** SUMMARY ***
Total pot 30 | Rake 0 
Seat 1: goinhunting (big blind) collected (30)
Seat 2: ZEFUROZ (button) folded before Flop (didn't bet)
Seat 3: Mahu2021 (small blind) folded before Flop



PokerStars Hand #245100663569: Tournament #3624348877, $0.92+$0.08 USD Hold'em No Limit - Level III (20/40) - 2023/07/30 12:06:06 CET [2023/07/30 6:06:06 ET]
Table '3624348877 1' 3-max Seat #3 is the button
Seat 1: goinhunting (300 in chips) 
Seat 2: ZEFUROZ (665 in chips) 
Seat 3: Mahu2021 (535 in chips) 
goinhunting: posts small blind 20
ZEFUROZ: posts big blind 40
*** HOLE CARDS ***
Dealt to Mahu2021 [3s Qs]
Mahu2021: folds 
goinhunting: raises 80 to 120
ZEFUROZ: folds 
Uncalled bet (80) returned to goinhunting
goinhunting collected 80 from pot
*** SUMMARY ***
Total pot 80 | Rake 0 
Seat 1: goinhunting (small blind) collected (80)
Seat 2: ZEFUROZ (big blind) folded before Flop
Seat 3: Mahu2021 (button) folded before Flop (didn't bet)



PokerStars Hand #245100666924: Tournament #3624348877, $0.92+$0.08 USD Hold'em No Limit - Level III (20/40) - 2023/07/30 12:06:29 CET [2023/07/30 6:06:29 ET]
Table '3624348877 1' 3-max Seat #1 is the button
Seat 1: goinhunting (340 in chips) 
Seat 2: ZEFUROZ (625 in chips) 
Seat 3: Mahu2021 (535 in chips) 
ZEFUROZ: posts small blind 20
Mahu2021: posts big blind 40
*** HOLE CARDS ***
Dealt to Mahu2021 [8c 4s]
goinhunting: folds 
ZEFUROZ: folds 
Uncalled bet (20) returned to Mahu2021
Mahu2021 collected 40 from pot
Mahu2021: doesn't show hand 
*** SUMMARY ***
Total pot 40 | Rake 0 
Seat 1: goinhunting (button) folded before Flop (didn't bet)
Seat 2: ZEFUROZ (small blind) folded before Flop
Seat 3: Mahu2021 (big blind) collected (40)



PokerStars Hand #245100668095: Tournament #3624348877, $0.92+$0.08 USD Hold'em No Limit - Level III (20/40) - 2023/07/30 12:06:37 CET [2023/07/30 6:06:37 ET]
Table '3624348877 1' 3-max Seat #2 is the button
Seat 1: goinhunting (340 in chips) 
Seat 2: ZEFUROZ (605 in chips) 
Seat 3: Mahu2021 (555 in chips) 
Mahu2021: posts small blind 20
goinhunting: posts big blind 40
*** HOLE CARDS ***
Dealt to Mahu2021 [3s 6h]
ZEFUROZ: raises 40 to 80
Mahu2021: folds 
goinhunting: folds 
Uncalled bet (40) returned to ZEFUROZ
ZEFUROZ collected 100 from pot
*** SUMMARY ***
Total pot 100 | Rake 0 
Seat 1: goinhunting (big blind) folded before Flop
Seat 2: ZEFUROZ (button) collected (100)
Seat 3: Mahu2021 (small blind) folded before Flop



PokerStars Hand #245100670192: Tournament #3624348877, $0.92+$0.08 USD Hold'em No Limit - Level III (20/40) - 2023/07/30 12:06:51 CET [2023/07/30 6:06:51 ET]
Table '3624348877 1' 3-max Seat #3 is the button
Seat 1: goinhunting (300 in chips) 
Seat 2: ZEFUROZ (665 in chips) 
Seat 3: Mahu2021 (535 in chips) 
goinhunting: posts small blind 20
ZEFUROZ: posts big blind 40
*** HOLE CARDS ***
Dealt to Mahu2021 [Td 5c]
Mahu2021: folds 
goinhunting: folds 
Uncalled bet (20) returned to ZEFUROZ
ZEFUROZ collected 40 from pot
*** SUMMARY ***
Total pot 40 | Rake 0 
Seat 1: goinhunting (small blind) folded before Flop
Seat 2: ZEFUROZ (big blind) collected (40)
Seat 3: Mahu2021 (button) folded before Flop (didn't bet)



PokerStars Hand #245100671436: Tournament #3624348877, $0.92+$0.08 USD Hold'em No Limit - Level III (20/40) - 2023/07/30 12:06:59 CET [2023/07/30 6:06:59 ET]
Table '3624348877 1' 3-max Seat #1 is the button
Seat 1: goinhunting (280 in chips) 
Seat 2: ZEFUROZ (685 in chips) 
Seat 3: Mahu2021 (535 in chips) 
ZEFUROZ: posts small blind 20
Mahu2021: posts big blind 40
*** HOLE CARDS ***
Dealt to Mahu2021 [Qs 6h]
goinhunting: folds 
ZEFUROZ: raises 40 to 80
Mahu2021: calls 40
*** FLOP *** [Jd 7s 6c]
ZEFUROZ: bets 40
Mahu2021: raises 240 to 280
ZEFUROZ: folds 
Uncalled bet (240) returned to Mahu2021
Mahu2021 collected 240 from pot
Mahu2021: doesn't show hand 
*** SUMMARY ***
Total pot 240 | Rake 0 
Board [Jd 7s 6c]
Seat 1: goinhunting (button) folded before Flop (didn't bet)
Seat 2: ZEFUROZ (small blind) folded on the Flop
Seat 3: Mahu2021 (big blind) collected (240)



PokerStars Hand #245100675819: Tournament #3624348877, $0.92+$0.08 USD Hold'em No Limit - Level III (20/40) - 2023/07/30 12:07:29 CET [2023/07/30 6:07:29 ET]
Table '3624348877 1' 3-max Seat #2 is the button
Seat 1: goinhunting (280 in chips) 
Seat 2: ZEFUROZ (565 in chips) 
Seat 3: Mahu2021 (655 in chips) 
Mahu2021: posts small blind 20
goinhunting: posts big blind 40
*** HOLE CARDS ***
Dealt to Mahu2021 [Td 6d]
ZEFUROZ: folds 
Mahu2021: calls 20
goinhunting: raises 240 to 280 and is all-in
Mahu2021: folds 
Uncalled bet (240) returned to goinhunting
goinhunting collected 80 from pot
*** SUMMARY ***
Total pot 80 | Rake 0 
Seat 1: goinhunting (big blind) collected (80)
Seat 2: ZEFUROZ (button) folded before Flop (didn't bet)
Seat 3: Mahu2021 (small blind) folded before Flop



PokerStars Hand #245100677319: Tournament #3624348877, $0.92+$0.08 USD Hold'em No Limit - Level III (20/40) - 2023/07/30 12:07:40 CET [2023/07/30 6:07:40 ET]
Table '3624348877 1' 3-max Seat #3 is the button
Seat 1: goinhunting (320 in chips) 
Seat 2: ZEFUROZ (565 in chips) 
Seat 3: Mahu2021 (615 in chips) 
goinhunting: posts small blind 20
ZEFUROZ: posts big blind 40
*** HOLE CARDS ***
Dealt to Mahu2021 [Qc 5c]
Mahu2021: folds 
goinhunting: raises 280 to 320 and is all-in
ZEFUROZ: folds 
Uncalled bet (280) returned to goinhunting
goinhunting collected 80 from pot
*** SUMMARY ***
Total pot 80 | Rake 0 
Seat 1: goinhunting (small blind) collected (80)
Seat 2: ZEFUROZ (big blind) folded before Flop
Seat 3: Mahu2021 (button) folded before Flop (didn't bet)



PokerStars Hand #245100678684: Tournament #3624348877, $0.92+$0.08 USD Hold'em No Limit - Level III (20/40) - 2023/07/30 12:07:50 CET [2023/07/30 6:07:50 ET]
Table '3624348877 1' 3-max Seat #1 is the button
Seat 1: goinhunting (360 in chips) 
Seat 2: ZEFUROZ (525 in chips) 
Seat 3: Mahu2021 (615 in chips) 
ZEFUROZ: posts small blind 20
Mahu2021: posts big blind 40
*** HOLE CARDS ***
Dealt to Mahu2021 [Ts 8d]
goinhunting: raises 80 to 120
ZEFUROZ: raises 405 to 525 and is all-in
Mahu2021: folds 
goinhunting: calls 240 and is all-in
Uncalled bet (165) returned to ZEFUROZ
*** FLOP *** [Kd 2c 7h]
*** TURN *** [Kd 2c 7h] [3h]
*** RIVER *** [Kd 2c 7h 3h] [6d]
*** SHOW DOWN ***
ZEFUROZ: shows [Kh Qs] (a pair of Kings)
goinhunting: shows [Ah As] (a pair of Aces)
goinhunting collected 760 from pot
*** SUMMARY ***
Total pot 760 | Rake 0 
Board [Kd 2c 7h 3h 6d]
Seat 1: goinhunting (button) showed [Ah As] and won (760) with a pair of Aces
Seat 2: ZEFUROZ (small blind) showed [Kh Qs] and lost with a pair of Kings
Seat 3: Mahu2021 (big blind) folded before Flop



PokerStars Hand #245100681591: Tournament #3624348877, $0.92+$0.08 USD Hold'em No Limit - Level III (20/40) - 2023/07/30 12:08:09 CET [2023/07/30 6:08:09 ET]
Table '3624348877 1' 3-max Seat #2 is the button
Seat 1: goinhunting (760 in chips) 
Seat 2: ZEFUROZ (165 in chips) 
Seat 3: Mahu2021 (575 in chips) 
Mahu2021: posts small blind 20
goinhunting: posts big blind 40
*** HOLE CARDS ***
Dealt to Mahu2021 [Qs 6c]
ZEFUROZ: raises 125 to 165 and is all-in
Mahu2021: folds 
goinhunting: folds 
Uncalled bet (125) returned to ZEFUROZ
ZEFUROZ collected 100 from pot
*** SUMMARY ***
Total pot 100 | Rake 0 
Seat 1: goinhunting (big blind) folded before Flop
Seat 2: ZEFUROZ (button) collected (100)
Seat 3: Mahu2021 (small blind) folded before Flop



PokerStars Hand #245100684514: Tournament #3624348877, $0.92+$0.08 USD Hold'em No Limit - Level III (20/40) - 2023/07/30 12:08:30 CET [2023/07/30 6:08:30 ET]
Table '3624348877 1' 3-max Seat #3 is the button
Seat 1: goinhunting (720 in chips) 
Seat 2: ZEFUROZ (225 in chips) 
Seat 3: Mahu2021 (555 in chips) 
goinhunting: posts small blind 20
ZEFUROZ: posts big blind 40
*** HOLE CARDS ***
Dealt to Mahu2021 [Ad 3c]
Mahu2021: folds 
goinhunting: raises 80 to 120
ZEFUROZ: raises 105 to 225 and is all-in
goinhunting: calls 105
*** FLOP *** [Ac Qc 3s]
*** TURN *** [Ac Qc 3s] [7h]
*** RIVER *** [Ac Qc 3s 7h] [3d]
*** SHOW DOWN ***
goinhunting: shows [Jc Tc] (a pair of Threes)
ZEFUROZ: shows [Kd 8d] (a pair of Threes - Ace+King kicker)
ZEFUROZ collected 450 from pot
*** SUMMARY ***
Total pot 450 | Rake 0 
Board [Ac Qc 3s 7h 3d]
Seat 1: goinhunting (small blind) showed [Jc Tc] and lost with a pair of Threes
Seat 2: ZEFUROZ (big blind) showed [Kd 8d] and won (450) with a pair of Threes
Seat 3: Mahu2021 (button) folded before Flop (didn't bet)



PokerStars Hand #245100687311: Tournament #3624348877, $0.92+$0.08 USD Hold'em No Limit - Level III (20/40) - 2023/07/30 12:08:49 CET [2023/07/30 6:08:49 ET]
Table '3624348877 1' 3-max Seat #1 is the button
Seat 1: goinhunting (495 in chips) 
Seat 2: ZEFUROZ (450 in chips) 
Seat 3: Mahu2021 (555 in chips) 
ZEFUROZ: posts small blind 20
Mahu2021: posts big blind 40
*** HOLE CARDS ***
Dealt to Mahu2021 [6s 4s]
goinhunting: raises 80 to 120
ZEFUROZ: folds 
Mahu2021: folds 
Uncalled bet (80) returned to goinhunting
goinhunting collected 100 from pot
*** SUMMARY ***
Total pot 100 | Rake 0 
Seat 1: goinhunting (button) collected (100)
Seat 2: ZEFUROZ (small blind) folded before Flop
Seat 3: Mahu2021 (big blind) folded before Flop



PokerStars Hand #245100688988: Tournament #3624348877, $0.92+$0.08 USD Hold'em No Limit - Level IV (30/60) - 2023/07/30 12:09:00 CET [2023/07/30 6:09:00 ET]
Table '3624348877 1' 3-max Seat #2 is the button
Seat 1: goinhunting (555 in chips) 
Seat 2: ZEFUROZ (430 in chips) 
Seat 3: Mahu2021 (515 in chips) 
Mahu2021: posts small blind 30
goinhunting: posts big blind 60
*** HOLE CARDS ***
Dealt to Mahu2021 [Qh 9c]
ZEFUROZ: raises 370 to 430 and is all-in
Mahu2021: folds 
goinhunting: folds 
Uncalled bet (370) returned to ZEFUROZ
ZEFUROZ collected 150 from pot
*** SUMMARY ***
Total pot 150 | Rake 0 
Seat 1: goinhunting (big blind) folded before Flop
Seat 2: ZEFUROZ (button) collected (150)
Seat 3: Mahu2021 (small blind) folded before Flop



PokerStars Hand #245100690563: Tournament #3624348877, $0.92+$0.08 USD Hold'em No Limit - Level IV (30/60) - 2023/07/30 12:09:11 CET [2023/07/30 6:09:11 ET]
Table '3624348877 1' 3-max Seat #3 is the button
Seat 1: goinhunting (495 in chips) 
Seat 2: ZEFUROZ (520 in chips) 
Seat 3: Mahu2021 (485 in chips) 
goinhunting: posts small blind 30
ZEFUROZ: posts big blind 60
*** HOLE CARDS ***
Dealt to Mahu2021 [6h 7d]
Mahu2021: folds 
goinhunting: calls 30
ZEFUROZ: raises 460 to 520 and is all-in
goinhunting: folds 
Uncalled bet (460) returned to ZEFUROZ
ZEFUROZ collected 120 from pot
*** SUMMARY ***
Total pot 120 | Rake 0 
Seat 1: goinhunting (small blind) folded before Flop
Seat 2: ZEFUROZ (big blind) collected (120)
Seat 3: Mahu2021 (button) folded before Flop (didn't bet)



PokerStars Hand #245100695551: Tournament #3624348877, $0.92+$0.08 USD Hold'em No Limit - Level IV (30/60) - 2023/07/30 12:09:45 CET [2023/07/30 6:09:45 ET]
Table '3624348877 1' 3-max Seat #1 is the button
Seat 1: goinhunting (435 in chips) 
Seat 2: ZEFUROZ (580 in chips) 
Seat 3: Mahu2021 (485 in chips) 
ZEFUROZ: posts small blind 30
Mahu2021: posts big blind 60
*** HOLE CARDS ***
Dealt to Mahu2021 [5d 4c]
goinhunting: raises 60 to 120
ZEFUROZ: folds 
Mahu2021: calls 60
*** FLOP *** [5s Ac 3s]
Mahu2021: bets 365 and is all-in
goinhunting: folds 
Uncalled bet (365) returned to Mahu2021
Mahu2021 collected 270 from pot
Mahu2021: doesn't show hand 
*** SUMMARY ***
Total pot 270 | Rake 0 
Board [5s Ac 3s]
Seat 1: goinhunting (button) folded on the Flop
Seat 2: ZEFUROZ (small blind) folded before Flop
Seat 3: Mahu2021 (big blind) collected (270)



PokerStars Hand #245100699261: Tournament #3624348877, $0.92+$0.08 USD Hold'em No Limit - Level IV (30/60) - 2023/07/30 12:10:10 CET [2023/07/30 6:10:10 ET]
Table '3624348877 1' 3-max Seat #2 is the button
Seat 1: goinhunting (315 in chips) 
Seat 2: ZEFUROZ (550 in chips) 
Seat 3: Mahu2021 (635 in chips) 
Mahu2021: posts small blind 30
goinhunting: posts big blind 60
*** HOLE CARDS ***
Dealt to Mahu2021 [Kc Ah]
ZEFUROZ: folds 
Mahu2021: raises 60 to 120
goinhunting: folds 
Uncalled bet (60) returned to Mahu2021
Mahu2021 collected 120 from pot
Mahu2021: doesn't show hand 
*** SUMMARY ***
Total pot 120 | Rake 0 
Seat 1: goinhunting (big blind) folded before Flop
Seat 2: ZEFUROZ (button) folded before Flop (didn't bet)
Seat 3: Mahu2021 (small blind) collected (120)



PokerStars Hand #245100701031: Tournament #3624348877, $0.92+$0.08 USD Hold'em No Limit - Level IV (30/60) - 2023/07/30 12:10:22 CET [2023/07/30 6:10:22 ET]
Table '3624348877 1' 3-max Seat #3 is the button
Seat 1: goinhunting (255 in chips) 
Seat 2: ZEFUROZ (550 in chips) 
Seat 3: Mahu2021 (695 in chips) 
goinhunting: posts small blind 30
ZEFUROZ: posts big blind 60
*** HOLE CARDS ***
Dealt to Mahu2021 [8h Qd]
Mahu2021: folds 
goinhunting: raises 195 to 255 and is all-in
ZEFUROZ: folds 
Uncalled bet (195) returned to goinhunting
goinhunting collected 120 from pot
*** SUMMARY ***
Total pot 120 | Rake 0 
Seat 1: goinhunting (small blind) collected (120)
Seat 2: ZEFUROZ (big blind) folded before Flop
Seat 3: Mahu2021 (button) folded before Flop (didn't bet)



PokerStars Hand #245100705356: Tournament #3624348877, $0.92+$0.08 USD Hold'em No Limit - Level IV (30/60) - 2023/07/30 12:10:52 CET [2023/07/30 6:10:52 ET]
Table '3624348877 1' 3-max Seat #1 is the button
Seat 1: goinhunting (315 in chips) 
Seat 2: ZEFUROZ (490 in chips) 
Seat 3: Mahu2021 (695 in chips) 
ZEFUROZ: posts small blind 30
Mahu2021: posts big blind 60
*** HOLE CARDS ***
Dealt to Mahu2021 [As Qs]
goinhunting: raises 255 to 315 and is all-in
ZEFUROZ: folds 
Mahu2021: calls 255
*** FLOP *** [9d Kh Tc]
*** TURN *** [9d Kh Tc] [Ts]
*** RIVER *** [9d Kh Tc Ts] [2c]
*** SHOW DOWN ***
Mahu2021: shows [As Qs] (a pair of Tens)
goinhunting: shows [8s 8d] (two pair, Tens and Eights)
goinhunting collected 660 from pot
*** SUMMARY ***
Total pot 660 | Rake 0 
Board [9d Kh Tc Ts 2c]
Seat 1: goinhunting (button) showed [8s 8d] and won (660) with two pair, Tens and Eights
Seat 2: ZEFUROZ (small blind) folded before Flop
Seat 3: Mahu2021 (big blind) showed [As Qs] and lost with a pair of Tens



PokerStars Hand #245100707959: Tournament #3624348877, $0.92+$0.08 USD Hold'em No Limit - Level IV (30/60) - 2023/07/30 12:11:09 CET [2023/07/30 6:11:09 ET]
Table '3624348877 1' 3-max Seat #2 is the button
Seat 1: goinhunting (660 in chips) 
Seat 2: ZEFUROZ (460 in chips) 
Seat 3: Mahu2021 (380 in chips) 
Mahu2021: posts small blind 30
goinhunting: posts big blind 60
*** HOLE CARDS ***
Dealt to Mahu2021 [Ks 4s]
ZEFUROZ: folds 
Mahu2021: raises 320 to 380 and is all-in
goinhunting: folds 
Uncalled bet (320) returned to Mahu2021
Mahu2021 collected 120 from pot
Mahu2021: doesn't show hand 
*** SUMMARY ***
Total pot 120 | Rake 0 
Seat 1: goinhunting (big blind) folded before Flop
Seat 2: ZEFUROZ (button) folded before Flop (didn't bet)
Seat 3: Mahu2021 (small blind) collected (120)



PokerStars Hand #245100710291: Tournament #3624348877, $0.92+$0.08 USD Hold'em No Limit - Level IV (30/60) - 2023/07/30 12:11:25 CET [2023/07/30 6:11:25 ET]
Table '3624348877 1' 3-max Seat #3 is the button
Seat 1: goinhunting (600 in chips) 
Seat 2: ZEFUROZ (460 in chips) 
Seat 3: Mahu2021 (440 in chips) 
goinhunting: posts small blind 30
ZEFUROZ: posts big blind 60
*** HOLE CARDS ***
Dealt to Mahu2021 [Tc 2d]
Mahu2021: folds 
goinhunting: raises 60 to 120
ZEFUROZ: folds 
Uncalled bet (60) returned to goinhunting
goinhunting collected 120 from pot
*** SUMMARY ***
Total pot 120 | Rake 0 
Seat 1: goinhunting (small blind) collected (120)
Seat 2: ZEFUROZ (big blind) folded before Flop
Seat 3: Mahu2021 (button) folded before Flop (didn't bet)



PokerStars Hand #245100712699: Tournament #3624348877, $0.92+$0.08 USD Hold'em No Limit - Level IV (30/60) - 2023/07/30 12:11:41 CET [2023/07/30 6:11:41 ET]
Table '3624348877 1' 3-max Seat #1 is the button
Seat 1: goinhunting (660 in chips) 
Seat 2: ZEFUROZ (400 in chips) 
Seat 3: Mahu2021 (440 in chips) 
ZEFUROZ: posts small blind 30
Mahu2021: posts big blind 60
*** HOLE CARDS ***
Dealt to Mahu2021 [2h Jh]
goinhunting: folds 
ZEFUROZ: raises 340 to 400 and is all-in
Mahu2021: folds 
Uncalled bet (340) returned to ZEFUROZ
ZEFUROZ collected 120 from pot
*** SUMMARY ***
Total pot 120 | Rake 0 
Seat 1: goinhunting (button) folded before Flop (didn't bet)
Seat 2: ZEFUROZ (small blind) collected (120)
Seat 3: Mahu2021 (big blind) folded before Flop



PokerStars Hand #245100713955: Tournament #3624348877, $0.92+$0.08 USD Hold'em No Limit - Level IV (30/60) - 2023/07/30 12:11:50 CET [2023/07/30 6:11:50 ET]
Table '3624348877 1' 3-max Seat #2 is the button
Seat 1: goinhunting (660 in chips) 
Seat 2: ZEFUROZ (460 in chips) 
Seat 3: Mahu2021 (380 in chips) 
Mahu2021: posts small blind 30
goinhunting: posts big blind 60
*** HOLE CARDS ***
Dealt to Mahu2021 [7h 6h]
ZEFUROZ: folds 
Mahu2021: raises 60 to 120
goinhunting: calls 60
*** FLOP *** [Js 3d 3s]
Mahu2021: checks 
goinhunting: bets 120
Mahu2021: folds 
Uncalled bet (120) returned to goinhunting
goinhunting collected 240 from pot
*** SUMMARY ***
Total pot 240 | Rake 0 
Board [Js 3d 3s]
Seat 1: goinhunting (big blind) collected (240)
Seat 2: ZEFUROZ (button) folded before Flop (didn't bet)
Seat 3: Mahu2021 (small blind) folded on the Flop



PokerStars Hand #245100716858: Tournament #3624348877, $0.92+$0.08 USD Hold'em No Limit - Level V (40/80) - 2023/07/30 12:12:10 CET [2023/07/30 6:12:10 ET]
Table '3624348877 1' 3-max Seat #3 is the button
Seat 1: goinhunting (780 in chips) 
Seat 2: ZEFUROZ (460 in chips) 
Seat 3: Mahu2021 (260 in chips) 
goinhunting: posts small blind 40
ZEFUROZ: posts big blind 80
*** HOLE CARDS ***
Dealt to Mahu2021 [2s Js]
Mahu2021: folds 
goinhunting: raises 700 to 780 and is all-in
ZEFUROZ: calls 380 and is all-in
Uncalled bet (320) returned to goinhunting
*** FLOP *** [Qs 5c 6s]
*** TURN *** [Qs 5c 6s] [5h]
*** RIVER *** [Qs 5c 6s 5h] [6h]
*** SHOW DOWN ***
goinhunting: shows [Ac 4c] (two pair, Sixes and Fives)
ZEFUROZ: shows [4h Qc] (two pair, Queens and Sixes)
ZEFUROZ collected 920 from pot
*** SUMMARY ***
Total pot 920 | Rake 0 
Board [Qs 5c 6s 5h 6h]
Seat 1: goinhunting (small blind) showed [Ac 4c] and lost with two pair, Sixes and Fives
Seat 2: ZEFUROZ (big blind) showed [4h Qc] and won (920) with two pair, Queens and Sixes
Seat 3: Mahu2021 (button) folded before Flop (didn't bet)



PokerStars Hand #245100719718: Tournament #3624348877, $0.92+$0.08 USD Hold'em No Limit - Level V (40/80) - 2023/07/30 12:12:29 CET [2023/07/30 6:12:29 ET]
Table '3624348877 1' 3-max Seat #1 is the button
Seat 1: goinhunting (320 in chips) 
Seat 2: ZEFUROZ (920 in chips) 
Seat 3: Mahu2021 (260 in chips) 
ZEFUROZ: posts small blind 40
Mahu2021: posts big blind 80
*** HOLE CARDS ***
Dealt to Mahu2021 [Ah Js]
goinhunting: raises 240 to 320 and is all-in
ZEFUROZ: raises 600 to 920 and is all-in
Mahu2021: calls 180 and is all-in
Uncalled bet (600) returned to ZEFUROZ
*** FLOP *** [Kh 7s 6s]
*** TURN *** [Kh 7s 6s] [Td]
*** RIVER *** [Kh 7s 6s Td] [9s]
*** SHOW DOWN ***
ZEFUROZ: shows [3c Kc] (a pair of Kings)
goinhunting: shows [8h 8d] (a straight, Six to Ten)
goinhunting collected 120 from side pot
Mahu2021: shows [Ah Js] (high card Ace)
goinhunting collected 780 from main pot
Mahu2021 finished the tournament in 3rd place
*** SUMMARY ***
Total pot 900 Main pot 780. Side pot 120. | Rake 0 
Board [Kh 7s 6s Td 9s]
Seat 1: goinhunting (button) showed [8h 8d] and won (900) with a straight, Six to Ten
Seat 2: ZEFUROZ (small blind) showed [3c Kc] and lost with a pair of Kings
Seat 3: Mahu2021 (big blind) showed [Ah Js] and lost with high card Ace



