PokerStars Hand #252951489314: Tournament #3812497111, $0.46+$0.04 USD Hold'em No Limit - Level I (10/20) - 2024/10/16 9:19:17 CET [2024/10/16 3:19:17 ET]
Table '3812497111 1' 3-max Seat #1 is the button
Seat 1: kripan2006 (500 in chips) 
Seat 2: Mahu2021 (500 in chips) 
Seat 3: robot139 (500 in chips) 
Mahu2021: posts small blind 10
robot139: posts big blind 20
*** HOLE CARDS ***
Dealt to Mahu2021 [5s 4c]
kripan2006: calls 20
Mahu2021: folds 
robot139: checks 
*** FLOP *** [9d 8d 2s]
robot139: checks 
kripan2006: checks 
*** TURN *** [9d 8d 2s] [Kd]
robot139: checks 
kripan2006: checks 
*** RIVER *** [9d 8d 2s Kd] [Ah]
robot139: checks 
kripan2006: checks 
*** SHOW DOWN ***
robot139: shows [7h Ts] (high card Ace)
kripan2006: shows [4d Qh] (high card Ace - King+Queen kicker)
kripan2006 collected 50 from pot
*** SUMMARY ***
Total pot 50 | Rake 0 
Board [9d 8d 2s Kd Ah]
Seat 1: kripan2006 (button) showed [4d Qh] and won (50) with high card Ace
Seat 2: Mahu2021 (small blind) folded before Flop
Seat 3: robot139 (big blind) showed [7h Ts] and lost with high card Ace



PokerStars Hand #252951491045: Tournament #3812497111, $0.46+$0.04 USD Hold'em No Limit - Level I (10/20) - 2024/10/16 9:19:40 CET [2024/10/16 3:19:40 ET]
Table '3812497111 1' 3-max Seat #2 is the button
Seat 1: kripan2006 (530 in chips) 
Seat 2: Mahu2021 (490 in chips) 
Seat 3: robot139 (480 in chips) 
robot139: posts small blind 10
kripan2006: posts big blind 20
*** HOLE CARDS ***
Dealt to Mahu2021 [Td 6h]
Mahu2021: folds 
robot139: folds 
Uncalled bet (10) returned to kripan2006
kripan2006 collected 20 from pot
kripan2006: doesn't show hand 
*** SUMMARY ***
Total pot 20 | Rake 0 
Seat 1: kripan2006 (big blind) collected (20)
Seat 2: Mahu2021 (button) folded before Flop (didn't bet)
Seat 3: robot139 (small blind) folded before Flop



PokerStars Hand #252951491369: Tournament #3812497111, $0.46+$0.04 USD Hold'em No Limit - Level I (10/20) - 2024/10/16 9:19:44 CET [2024/10/16 3:19:44 ET]
Table '3812497111 1' 3-max Seat #3 is the button
Seat 1: kripan2006 (540 in chips) 
Seat 2: Mahu2021 (490 in chips) 
Seat 3: robot139 (470 in chips) 
kripan2006: posts small blind 10
Mahu2021: posts big blind 20
*** HOLE CARDS ***
Dealt to Mahu2021 [8d 6h]
robot139: folds 
kripan2006: calls 10
Mahu2021: checks 
*** FLOP *** [8h 6c Kd]
kripan2006: checks 
Mahu2021: checks 
*** TURN *** [8h 6c Kd] [5s]
kripan2006: checks 
Mahu2021: checks 
*** RIVER *** [8h 6c Kd 5s] [3h]
kripan2006: checks 
Mahu2021: bets 40
kripan2006: folds 
Uncalled bet (40) returned to Mahu2021
Mahu2021 collected 40 from pot
Mahu2021: doesn't show hand 
*** SUMMARY ***
Total pot 40 | Rake 0 
Board [8h 6c Kd 5s 3h]
Seat 1: kripan2006 (small blind) folded on the River
Seat 2: Mahu2021 (big blind) collected (40)
Seat 3: robot139 (button) folded before Flop (didn't bet)



PokerStars Hand #252951492897: Tournament #3812497111, $0.46+$0.04 USD Hold'em No Limit - Level I (10/20) - 2024/10/16 9:20:04 CET [2024/10/16 3:20:04 ET]
Table '3812497111 1' 3-max Seat #1 is the button
Seat 1: kripan2006 (520 in chips) 
Seat 2: Mahu2021 (510 in chips) 
Seat 3: robot139 (470 in chips) 
Mahu2021: posts small blind 10
robot139: posts big blind 20
*** HOLE CARDS ***
Dealt to Mahu2021 [8d 5c]
kripan2006: calls 20
Mahu2021: folds 
robot139: checks 
*** FLOP *** [Ac 3d 9s]
robot139: checks 
kripan2006: checks 
*** TURN *** [Ac 3d 9s] [6c]
robot139: checks 
kripan2006: checks 
*** RIVER *** [Ac 3d 9s 6c] [2h]
robot139: checks 
kripan2006: checks 
*** SHOW DOWN ***
robot139: shows [Ks 5h] (high card Ace)
kripan2006: mucks hand 
robot139 collected 50 from pot
*** SUMMARY ***
Total pot 50 | Rake 0 
Board [Ac 3d 9s 6c 2h]
Seat 1: kripan2006 (button) mucked [8s Th]
Seat 2: Mahu2021 (small blind) folded before Flop
Seat 3: robot139 (big blind) showed [Ks 5h] and won (50) with high card Ace



PokerStars Hand #252951494475: Tournament #3812497111, $0.46+$0.04 USD Hold'em No Limit - Level I (10/20) - 2024/10/16 9:20:24 CET [2024/10/16 3:20:24 ET]
Table '3812497111 1' 3-max Seat #2 is the button
Seat 1: kripan2006 (500 in chips) 
Seat 2: Mahu2021 (500 in chips) 
Seat 3: robot139 (500 in chips) 
robot139: posts small blind 10
kripan2006: posts big blind 20
*** HOLE CARDS ***
Dealt to Mahu2021 [Tc 2h]
Mahu2021: folds 
robot139: folds 
Uncalled bet (10) returned to kripan2006
kripan2006 collected 20 from pot
kripan2006: doesn't show hand 
*** SUMMARY ***
Total pot 20 | Rake 0 
Seat 1: kripan2006 (big blind) collected (20)
Seat 2: Mahu2021 (button) folded before Flop (didn't bet)
Seat 3: robot139 (small blind) folded before Flop



PokerStars Hand #252951495670: Tournament #3812497111, $0.46+$0.04 USD Hold'em No Limit - Level I (10/20) - 2024/10/16 9:20:40 CET [2024/10/16 3:20:40 ET]
Table '3812497111 1' 3-max Seat #3 is the button
Seat 1: kripan2006 (510 in chips) 
Seat 2: Mahu2021 (500 in chips) 
Seat 3: robot139 (490 in chips) 
kripan2006: posts small blind 10
Mahu2021: posts big blind 20
*** HOLE CARDS ***
Dealt to Mahu2021 [Qh Th]
robot139: folds 
kripan2006: calls 10
Mahu2021: raises 40 to 60
kripan2006: calls 40
*** FLOP *** [5c 4s Jd]
kripan2006: checks 
Mahu2021: checks 
*** TURN *** [5c 4s Jd] [Qd]
kripan2006: checks 
Mahu2021: bets 60
kripan2006: calls 60
*** RIVER *** [5c 4s Jd Qd] [2h]
kripan2006: checks 
Mahu2021: checks 
*** SHOW DOWN ***
kripan2006: shows [8c 9s] (high card Queen)
Mahu2021: shows [Qh Th] (a pair of Queens)
Mahu2021 collected 240 from pot
*** SUMMARY ***
Total pot 240 | Rake 0 
Board [5c 4s Jd Qd 2h]
Seat 1: kripan2006 (small blind) showed [8c 9s] and lost with high card Queen
Seat 2: Mahu2021 (big blind) showed [Qh Th] and won (240) with a pair of Queens
Seat 3: robot139 (button) folded before Flop (didn't bet)



PokerStars Hand #252951497532: Tournament #3812497111, $0.46+$0.04 USD Hold'em No Limit - Level I (10/20) - 2024/10/16 9:21:04 CET [2024/10/16 3:21:04 ET]
Table '3812497111 1' 3-max Seat #1 is the button
Seat 1: kripan2006 (390 in chips) 
Seat 2: Mahu2021 (620 in chips) 
Seat 3: robot139 (490 in chips) 
Mahu2021: posts small blind 10
robot139: posts big blind 20
*** HOLE CARDS ***
Dealt to Mahu2021 [5h 6d]
kripan2006: calls 20
Mahu2021: folds 
robot139: raises 100 to 120
kripan2006: folds 
Uncalled bet (100) returned to robot139
robot139 collected 50 from pot
robot139: doesn't show hand 
*** SUMMARY ***
Total pot 50 | Rake 0 
Seat 1: kripan2006 (button) folded before Flop
Seat 2: Mahu2021 (small blind) folded before Flop
Seat 3: robot139 (big blind) collected (50)



PokerStars Hand #252951498302: Tournament #3812497111, $0.46+$0.04 USD Hold'em No Limit - Level I (10/20) - 2024/10/16 9:21:14 CET [2024/10/16 3:21:14 ET]
Table '3812497111 1' 3-max Seat #2 is the button
Seat 1: kripan2006 (370 in chips) 
Seat 2: Mahu2021 (610 in chips) 
Seat 3: robot139 (520 in chips) 
robot139: posts small blind 10
kripan2006: posts big blind 20
*** HOLE CARDS ***
Dealt to Mahu2021 [7s Ac]
Mahu2021: raises 20 to 40
robot139: calls 30
kripan2006: calls 20
*** FLOP *** [7d Qs Td]
robot139: checks 
kripan2006: bets 60
Mahu2021: folds 
robot139: folds 
Uncalled bet (60) returned to kripan2006
kripan2006 collected 120 from pot
kripan2006: doesn't show hand 
*** SUMMARY ***
Total pot 120 | Rake 0 
Board [7d Qs Td]
Seat 1: kripan2006 (big blind) collected (120)
Seat 2: Mahu2021 (button) folded on the Flop
Seat 3: robot139 (small blind) folded on the Flop



PokerStars Hand #252951499704: Tournament #3812497111, $0.46+$0.04 USD Hold'em No Limit - Level II (15/30) - 2024/10/16 9:21:32 CET [2024/10/16 3:21:32 ET]
Table '3812497111 1' 3-max Seat #3 is the button
Seat 1: kripan2006 (450 in chips) 
Seat 2: Mahu2021 (570 in chips) 
Seat 3: robot139 (480 in chips) 
kripan2006: posts small blind 15
Mahu2021: posts big blind 30
*** HOLE CARDS ***
Dealt to Mahu2021 [8s Kd]
robot139: raises 45 to 75
kripan2006: calls 60
Mahu2021: folds 
*** FLOP *** [Qd 6d 9d]
kripan2006: bets 180
robot139: calls 180
*** TURN *** [Qd 6d 9d] [5s]
kripan2006: bets 195 and is all-in
robot139: calls 195
*** RIVER *** [Qd 6d 9d 5s] [2h]
*** SHOW DOWN ***
kripan2006: shows [Ad 6c] (a pair of Sixes)
robot139: shows [5d 5h] (three of a kind, Fives)
robot139 collected 930 from pot
kripan2006 finished the tournament in 3rd place
*** SUMMARY ***
Total pot 930 | Rake 0 
Board [Qd 6d 9d 5s 2h]
Seat 1: kripan2006 (small blind) showed [Ad 6c] and lost with a pair of Sixes
Seat 2: Mahu2021 (big blind) folded before Flop
Seat 3: robot139 (button) showed [5d 5h] and won (930) with three of a kind, Fives



PokerStars Hand #252951503369: Tournament #3812497111, $0.46+$0.04 USD Hold'em No Limit - Level II (15/30) - 2024/10/16 9:22:20 CET [2024/10/16 3:22:20 ET]
Table '3812497111 1' 3-max Seat #2 is the button
Seat 2: Mahu2021 (540 in chips) 
Seat 3: robot139 (960 in chips) 
Mahu2021: posts small blind 15
robot139: posts big blind 30
*** HOLE CARDS ***
Dealt to Mahu2021 [Ks Ts]
Mahu2021: raises 30 to 60
robot139: folds 
Uncalled bet (30) returned to Mahu2021
Mahu2021 collected 60 from pot
Mahu2021: doesn't show hand 
*** SUMMARY ***
Total pot 60 | Rake 0 
Seat 2: Mahu2021 (button) (small blind) collected (60)
Seat 3: robot139 (big blind) folded before Flop



PokerStars Hand #252951503808: Tournament #3812497111, $0.46+$0.04 USD Hold'em No Limit - Level II (15/30) - 2024/10/16 9:22:25 CET [2024/10/16 3:22:25 ET]
Table '3812497111 1' 3-max Seat #3 is the button
Seat 2: Mahu2021 (570 in chips) 
Seat 3: robot139 (930 in chips) 
robot139: posts small blind 15
Mahu2021: posts big blind 30
*** HOLE CARDS ***
Dealt to Mahu2021 [6c 7h]
robot139: folds 
Uncalled bet (15) returned to Mahu2021
Mahu2021 collected 30 from pot
Mahu2021: doesn't show hand 
*** SUMMARY ***
Total pot 30 | Rake 0 
Seat 2: Mahu2021 (big blind) collected (30)
Seat 3: robot139 (button) (small blind) folded before Flop



PokerStars Hand #252951504136: Tournament #3812497111, $0.46+$0.04 USD Hold'em No Limit - Level II (15/30) - 2024/10/16 9:22:30 CET [2024/10/16 3:22:30 ET]
Table '3812497111 1' 3-max Seat #2 is the button
Seat 2: Mahu2021 (585 in chips) 
Seat 3: robot139 (915 in chips) 
Mahu2021: posts small blind 15
robot139: posts big blind 30
*** HOLE CARDS ***
Dealt to Mahu2021 [Ks Qs]
Mahu2021: raises 30 to 60
robot139: raises 120 to 180
Mahu2021: calls 120
*** FLOP *** [6d 2s Jh]
robot139: checks 
Mahu2021: checks 
*** TURN *** [6d 2s Jh] [Jc]
robot139: bets 238
Mahu2021: folds 
Uncalled bet (238) returned to robot139
robot139 collected 360 from pot
robot139: doesn't show hand 
*** SUMMARY ***
Total pot 360 | Rake 0 
Board [6d 2s Jh Jc]
Seat 2: Mahu2021 (button) (small blind) folded on the Turn
Seat 3: robot139 (big blind) collected (360)



PokerStars Hand #252951505198: Tournament #3812497111, $0.46+$0.04 USD Hold'em No Limit - Level II (15/30) - 2024/10/16 9:22:44 CET [2024/10/16 3:22:44 ET]
Table '3812497111 1' 3-max Seat #3 is the button
Seat 2: Mahu2021 (405 in chips) 
Seat 3: robot139 (1095 in chips) 
robot139: posts small blind 15
Mahu2021: posts big blind 30
*** HOLE CARDS ***
Dealt to Mahu2021 [7h 2c]
robot139: raises 36 to 66
Mahu2021: folds 
Uncalled bet (36) returned to robot139
robot139 collected 60 from pot
robot139: doesn't show hand 
*** SUMMARY ***
Total pot 60 | Rake 0 
Seat 2: Mahu2021 (big blind) folded before Flop
Seat 3: robot139 (button) (small blind) collected (60)



PokerStars Hand #252951505530: Tournament #3812497111, $0.46+$0.04 USD Hold'em No Limit - Level II (15/30) - 2024/10/16 9:22:48 CET [2024/10/16 3:22:48 ET]
Table '3812497111 1' 3-max Seat #2 is the button
Seat 2: Mahu2021 (375 in chips) 
Seat 3: robot139 (1125 in chips) 
Mahu2021: posts small blind 15
robot139: posts big blind 30
*** HOLE CARDS ***
Dealt to Mahu2021 [2h 4c]
Mahu2021: folds 
Uncalled bet (15) returned to robot139
robot139 collected 30 from pot
robot139: doesn't show hand 
*** SUMMARY ***
Total pot 30 | Rake 0 
Seat 2: Mahu2021 (button) (small blind) folded before Flop
Seat 3: robot139 (big blind) collected (30)



PokerStars Hand #252951505860: Tournament #3812497111, $0.46+$0.04 USD Hold'em No Limit - Level II (15/30) - 2024/10/16 9:22:52 CET [2024/10/16 3:22:52 ET]
Table '3812497111 1' 3-max Seat #3 is the button
Seat 2: Mahu2021 (360 in chips) 
Seat 3: robot139 (1140 in chips) 
robot139: posts small blind 15
Mahu2021: posts big blind 30
*** HOLE CARDS ***
Dealt to Mahu2021 [Ah 6c]
robot139: raises 36 to 66
Mahu2021: calls 36
*** FLOP *** [5s Qh 7c]
Mahu2021: checks 
robot139: checks 
*** TURN *** [5s Qh 7c] [3h]
Mahu2021: checks 
robot139: checks 
*** RIVER *** [5s Qh 7c 3h] [6s]
Mahu2021: bets 294 and is all-in
robot139: folds 
Uncalled bet (294) returned to Mahu2021
Mahu2021 collected 132 from pot
Mahu2021: doesn't show hand 
*** SUMMARY ***
Total pot 132 | Rake 0 
Board [5s Qh 7c 3h 6s]
Seat 2: Mahu2021 (big blind) collected (132)
Seat 3: robot139 (button) (small blind) folded on the River



PokerStars Hand #252951506759: Tournament #3812497111, $0.46+$0.04 USD Hold'em No Limit - Level II (15/30) - 2024/10/16 9:23:04 CET [2024/10/16 3:23:04 ET]
Table '3812497111 1' 3-max Seat #2 is the button
Seat 2: Mahu2021 (426 in chips) 
Seat 3: robot139 (1074 in chips) 
Mahu2021: posts small blind 15
robot139: posts big blind 30
*** HOLE CARDS ***
Dealt to Mahu2021 [Qc 6s]
Mahu2021: calls 15
robot139: checks 
*** FLOP *** [5s Jd Kd]
robot139: checks 
Mahu2021: checks 
*** TURN *** [5s Jd Kd] [Jh]
robot139: checks 
Mahu2021: bets 30
robot139: folds 
Uncalled bet (30) returned to Mahu2021
Mahu2021 collected 60 from pot
Mahu2021: doesn't show hand 
*** SUMMARY ***
Total pot 60 | Rake 0 
Board [5s Jd Kd Jh]
Seat 2: Mahu2021 (button) (small blind) collected (60)
Seat 3: robot139 (big blind) folded on the Turn



PokerStars Hand #252951507538: Tournament #3812497111, $0.46+$0.04 USD Hold'em No Limit - Level II (15/30) - 2024/10/16 9:23:14 CET [2024/10/16 3:23:14 ET]
Table '3812497111 1' 3-max Seat #3 is the button
Seat 2: Mahu2021 (456 in chips) 
Seat 3: robot139 (1044 in chips) 
robot139: posts small blind 15
Mahu2021: posts big blind 30
*** HOLE CARDS ***
Dealt to Mahu2021 [Td As]
robot139: calls 15
Mahu2021: raises 90 to 120
robot139: raises 924 to 1044 and is all-in
Mahu2021: calls 336 and is all-in
Uncalled bet (588) returned to robot139
*** FLOP *** [Kc 2d 7d]
*** TURN *** [Kc 2d 7d] [Ad]
*** RIVER *** [Kc 2d 7d Ad] [6d]
*** SHOW DOWN ***
Mahu2021: shows [Td As] (a flush, Ace high)
robot139: shows [4s Ah] (a pair of Aces)
Mahu2021 collected 912 from pot
*** SUMMARY ***
Total pot 912 | Rake 0 
Board [Kc 2d 7d Ad 6d]
Seat 2: Mahu2021 (big blind) showed [Td As] and won (912) with a flush, Ace high
Seat 3: robot139 (button) (small blind) showed [4s Ah] and lost with a pair of Aces



PokerStars Hand #252951509077: Tournament #3812497111, $0.46+$0.04 USD Hold'em No Limit - Level III (20/40) - 2024/10/16 9:23:33 CET [2024/10/16 3:23:33 ET]
Table '3812497111 1' 3-max Seat #2 is the button
Seat 2: Mahu2021 (912 in chips) 
Seat 3: robot139 (588 in chips) 
Mahu2021: posts small blind 20
robot139: posts big blind 40
*** HOLE CARDS ***
Dealt to Mahu2021 [Qc 8d]
Mahu2021: calls 20
robot139: checks 
*** FLOP *** [Tc 8s 2d]
robot139: checks 
Mahu2021: bets 40
robot139: calls 40
*** TURN *** [Tc 8s 2d] [Kc]
robot139: checks 
Mahu2021: checks 
*** RIVER *** [Tc 8s 2d Kc] [9s]
robot139: checks 
Mahu2021: checks 
*** SHOW DOWN ***
robot139: shows [Td 5c] (a pair of Tens)
Mahu2021: mucks hand 
robot139 collected 160 from pot
*** SUMMARY ***
Total pot 160 | Rake 0 
Board [Tc 8s 2d Kc 9s]
Seat 2: Mahu2021 (button) (small blind) mucked [Qc 8d]
Seat 3: robot139 (big blind) showed [Td 5c] and won (160) with a pair of Tens



PokerStars Hand #252951510088: Tournament #3812497111, $0.46+$0.04 USD Hold'em No Limit - Level III (20/40) - 2024/10/16 9:23:46 CET [2024/10/16 3:23:46 ET]
Table '3812497111 1' 3-max Seat #3 is the button
Seat 2: Mahu2021 (832 in chips) 
Seat 3: robot139 (668 in chips) 
robot139: posts small blind 20
Mahu2021: posts big blind 40
*** HOLE CARDS ***
Dealt to Mahu2021 [Qc Ad]
robot139: calls 20
Mahu2021: raises 120 to 160
robot139: calls 120
*** FLOP *** [8d 6s 6h]
Mahu2021: checks 
robot139: bets 211
Mahu2021: raises 461 to 672 and is all-in
robot139: calls 297 and is all-in
Uncalled bet (164) returned to Mahu2021
*** TURN *** [8d 6s 6h] [Js]
*** RIVER *** [8d 6s 6h Js] [5c]
*** SHOW DOWN ***
Mahu2021: shows [Qc Ad] (a pair of Sixes)
robot139: shows [8c Tc] (two pair, Eights and Sixes)
robot139 collected 1336 from pot
*** SUMMARY ***
Total pot 1336 | Rake 0 
Board [8d 6s 6h Js 5c]
Seat 2: Mahu2021 (big blind) showed [Qc Ad] and lost with a pair of Sixes
Seat 3: robot139 (button) (small blind) showed [8c Tc] and won (1336) with two pair, Eights and Sixes



PokerStars Hand #252951511750: Tournament #3812497111, $0.46+$0.04 USD Hold'em No Limit - Level III (20/40) - 2024/10/16 9:24:08 CET [2024/10/16 3:24:08 ET]
Table '3812497111 1' 3-max Seat #2 is the button
Seat 2: Mahu2021 (164 in chips) 
Seat 3: robot139 (1336 in chips) 
Mahu2021: posts small blind 20
robot139: posts big blind 40
*** HOLE CARDS ***
Dealt to Mahu2021 [Qh 7d]
Mahu2021: raises 124 to 164 and is all-in
robot139: folds 
Uncalled bet (124) returned to Mahu2021
Mahu2021 collected 80 from pot
Mahu2021: doesn't show hand 
*** SUMMARY ***
Total pot 80 | Rake 0 
Seat 2: Mahu2021 (button) (small blind) collected (80)
Seat 3: robot139 (big blind) folded before Flop



PokerStars Hand #252951512220: Tournament #3812497111, $0.46+$0.04 USD Hold'em No Limit - Level III (20/40) - 2024/10/16 9:24:14 CET [2024/10/16 3:24:14 ET]
Table '3812497111 1' 3-max Seat #3 is the button
Seat 2: Mahu2021 (204 in chips) 
Seat 3: robot139 (1296 in chips) 
robot139: posts small blind 20
Mahu2021: posts big blind 40
*** HOLE CARDS ***
Dealt to Mahu2021 [3d As]
robot139: raises 48 to 88
Mahu2021: raises 116 to 204 and is all-in
robot139: calls 116
*** FLOP *** [8d Qh Ad]
*** TURN *** [8d Qh Ad] [Jc]
*** RIVER *** [8d Qh Ad Jc] [Kc]
*** SHOW DOWN ***
Mahu2021: shows [3d As] (a pair of Aces)
robot139: shows [Kd Qd] (two pair, Kings and Queens)
robot139 collected 408 from pot
Mahu2021 finished the tournament in 2nd place
robot139 wins the tournament - congratulations!
robot139 wins a '$1.50 Power Path Step 2 Ticket' ticket
*** SUMMARY ***
Total pot 408 | Rake 0 
Board [8d Qh Ad Jc Kc]
Seat 2: Mahu2021 (big blind) showed [3d As] and lost with a pair of Aces
Seat 3: robot139 (button) (small blind) showed [Kd Qd] and won (408) with two pair, Kings and Queens



