PokerStars Hand #244509261673: Tournament #3609944111, $0.92+$0.08 USD Hold'em No Limit - Level I (10/20) - 2023/06/28 14:51:21 CET [2023/06/28 8:51:21 ET]
Table '3609944111 1' 3-max Seat #1 is the button
Seat 1: Swazzy902 (500 in chips) 
Seat 2: lebj2607 (500 in chips) 
Seat 3: Mahu2021 (500 in chips) 
lebj2607: posts small blind 10
Mahu2021: posts big blind 20
*** HOLE CARDS ***
Dealt to Mahu2021 [Kc Ac]
Swazzy902: calls 20
lebj2607: calls 10
Mahu2021: raises 60 to 80
Swazzy902: calls 60
lebj2607: calls 60
*** FLOP *** [7s 9d Js]
lebj2607: checks 
Mahu2021: checks 
Swazzy902: bets 60
lebj2607: calls 60
Mahu2021: folds 
*** TURN *** [7s 9d Js] [Kd]
lebj2607: bets 360 and is all-in
Swazzy902: folds 
Uncalled bet (360) returned to lebj2607
lebj2607 collected 360 from pot
*** SUMMARY ***
Total pot 360 | Rake 0 
Board [7s 9d Js Kd]
Seat 1: Swazzy902 (button) folded on the Turn
Seat 2: lebj2607 (small blind) collected (360)
Seat 3: Mahu2021 (big blind) folded on the Flop



PokerStars Hand #244509267158: Tournament #3609944111, $0.92+$0.08 USD Hold'em No Limit - Level I (10/20) - 2023/06/28 14:51:51 CET [2023/06/28 8:51:51 ET]
Table '3609944111 1' 3-max Seat #2 is the button
Seat 1: Swazzy902 (360 in chips) 
Seat 2: lebj2607 (720 in chips) 
Seat 3: Mahu2021 (420 in chips) 
Mahu2021: posts small blind 10
Swazzy902: posts big blind 20
*** HOLE CARDS ***
Dealt to Mahu2021 [8h 9d]
lebj2607: calls 20
Mahu2021: calls 10
Swazzy902: checks 
*** FLOP *** [3c 6d 2s]
Mahu2021: checks 
Swazzy902: bets 20
lebj2607: calls 20
Mahu2021: calls 20
*** TURN *** [3c 6d 2s] [Qd]
Mahu2021: checks 
Swazzy902: bets 20
lebj2607: raises 20 to 40
Mahu2021: folds 
Swazzy902: calls 20
*** RIVER *** [3c 6d 2s Qd] [Th]
Swazzy902: checks 
lebj2607: bets 200
Swazzy902: folds 
Uncalled bet (200) returned to lebj2607
lebj2607 collected 200 from pot
*** SUMMARY ***
Total pot 200 | Rake 0 
Board [3c 6d 2s Qd Th]
Seat 1: Swazzy902 (big blind) folded on the River
Seat 2: lebj2607 (button) collected (200)
Seat 3: Mahu2021 (small blind) folded on the Turn



PokerStars Hand #244509272495: Tournament #3609944111, $0.92+$0.08 USD Hold'em No Limit - Level I (10/20) - 2023/06/28 14:52:21 CET [2023/06/28 8:52:21 ET]
Table '3609944111 1' 3-max Seat #3 is the button
Seat 1: Swazzy902 (280 in chips) 
Seat 2: lebj2607 (840 in chips) 
Seat 3: Mahu2021 (380 in chips) 
Swazzy902: posts small blind 10
lebj2607: posts big blind 20
*** HOLE CARDS ***
Dealt to Mahu2021 [5c 8s]
Mahu2021: folds 
Swazzy902: calls 10
lebj2607: checks 
*** FLOP *** [9c Qs Qh]
Swazzy902: checks 
lebj2607: checks 
*** TURN *** [9c Qs Qh] [4d]
Swazzy902: bets 40
lebj2607: calls 40
*** RIVER *** [9c Qs Qh 4d] [4c]
Swazzy902: checks 
lebj2607: checks 
*** SHOW DOWN ***
Swazzy902: shows [Qd 7h] (a full house, Queens full of Fours)
lebj2607: mucks hand 
Swazzy902 collected 120 from pot
*** SUMMARY ***
Total pot 120 | Rake 0 
Board [9c Qs Qh 4d 4c]
Seat 1: Swazzy902 (small blind) showed [Qd 7h] and won (120) with a full house, Queens full of Fours
Seat 2: lebj2607 (big blind) mucked [Td Jd]
Seat 3: Mahu2021 (button) folded before Flop (didn't bet)



PokerStars Hand #244509276695: Tournament #3609944111, $0.92+$0.08 USD Hold'em No Limit - Level I (10/20) - 2023/06/28 14:52:43 CET [2023/06/28 8:52:43 ET]
Table '3609944111 1' 3-max Seat #1 is the button
Seat 1: Swazzy902 (340 in chips) 
Seat 2: lebj2607 (780 in chips) 
Seat 3: Mahu2021 (380 in chips) 
lebj2607: posts small blind 10
Mahu2021: posts big blind 20
*** HOLE CARDS ***
Dealt to Mahu2021 [Jd Qd]
Swazzy902: calls 20
lebj2607: folds 
Mahu2021: checks 
*** FLOP *** [Kh 9s As]
Mahu2021: checks 
Swazzy902: bets 20
Mahu2021: calls 20
*** TURN *** [Kh 9s As] [9d]
Mahu2021: checks 
Swazzy902: checks 
*** RIVER *** [Kh 9s As 9d] [Tc]
Mahu2021: bets 340 and is all-in
Swazzy902: folds 
Uncalled bet (340) returned to Mahu2021
Mahu2021 collected 90 from pot
Mahu2021: doesn't show hand 
*** SUMMARY ***
Total pot 90 | Rake 0 
Board [Kh 9s As 9d Tc]
Seat 1: Swazzy902 (button) folded on the River
Seat 2: lebj2607 (small blind) folded before Flop
Seat 3: Mahu2021 (big blind) collected (90)



PokerStars Hand #244509279994: Tournament #3609944111, $0.92+$0.08 USD Hold'em No Limit - Level I (10/20) - 2023/06/28 14:53:01 CET [2023/06/28 8:53:01 ET]
Table '3609944111 1' 3-max Seat #2 is the button
Seat 1: Swazzy902 (300 in chips) 
Seat 2: lebj2607 (770 in chips) 
Seat 3: Mahu2021 (430 in chips) 
Mahu2021: posts small blind 10
Swazzy902: posts big blind 20
*** HOLE CARDS ***
Dealt to Mahu2021 [Ac 5c]
lebj2607: folds 
Mahu2021: raises 20 to 40
Swazzy902: folds 
Uncalled bet (20) returned to Mahu2021
Mahu2021 collected 40 from pot
Mahu2021: doesn't show hand 
*** SUMMARY ***
Total pot 40 | Rake 0 
Seat 1: Swazzy902 (big blind) folded before Flop
Seat 2: lebj2607 (button) folded before Flop (didn't bet)
Seat 3: Mahu2021 (small blind) collected (40)



PokerStars Hand #244509281093: Tournament #3609944111, $0.92+$0.08 USD Hold'em No Limit - Level I (10/20) - 2023/06/28 14:53:07 CET [2023/06/28 8:53:07 ET]
Table '3609944111 1' 3-max Seat #3 is the button
Seat 1: Swazzy902 (280 in chips) 
Seat 2: lebj2607 (770 in chips) 
Seat 3: Mahu2021 (450 in chips) 
Swazzy902: posts small blind 10
lebj2607: posts big blind 20
*** HOLE CARDS ***
Dealt to Mahu2021 [5s 8h]
Mahu2021: folds 
Swazzy902: calls 10
lebj2607: checks 
*** FLOP *** [Jh 3h 4d]
Swazzy902: checks 
lebj2607: checks 
*** TURN *** [Jh 3h 4d] [As]
Swazzy902: checks 
lebj2607: bets 20
Swazzy902: calls 20
*** RIVER *** [Jh 3h 4d As] [Qd]
Swazzy902: checks 
lebj2607: bets 80
Swazzy902: folds 
Uncalled bet (80) returned to lebj2607
lebj2607 collected 80 from pot
*** SUMMARY ***
Total pot 80 | Rake 0 
Board [Jh 3h 4d As Qd]
Seat 1: Swazzy902 (small blind) folded on the River
Seat 2: lebj2607 (big blind) collected (80)
Seat 3: Mahu2021 (button) folded before Flop (didn't bet)



PokerStars Hand #244509284937: Tournament #3609944111, $0.92+$0.08 USD Hold'em No Limit - Level I (10/20) - 2023/06/28 14:53:29 CET [2023/06/28 8:53:29 ET]
Table '3609944111 1' 3-max Seat #1 is the button
Seat 1: Swazzy902 (240 in chips) 
Seat 2: lebj2607 (810 in chips) 
Seat 3: Mahu2021 (450 in chips) 
lebj2607: posts small blind 10
Mahu2021: posts big blind 20
*** HOLE CARDS ***
Dealt to Mahu2021 [2d 3h]
Swazzy902: folds 
lebj2607: raises 20 to 40
Mahu2021: calls 20
*** FLOP *** [9s 6c 4c]
lebj2607: bets 20
Mahu2021: calls 20
*** TURN *** [9s 6c 4c] [8d]
lebj2607: bets 20
Mahu2021: calls 20
*** RIVER *** [9s 6c 4c 8d] [Jd]
lebj2607: bets 20
Mahu2021: folds 
Uncalled bet (20) returned to lebj2607
lebj2607 collected 160 from pot
*** SUMMARY ***
Total pot 160 | Rake 0 
Board [9s 6c 4c 8d Jd]
Seat 1: Swazzy902 (button) folded before Flop (didn't bet)
Seat 2: lebj2607 (small blind) collected (160)
Seat 3: Mahu2021 (big blind) folded on the River



PokerStars Hand #244509287969: Tournament #3609944111, $0.92+$0.08 USD Hold'em No Limit - Level I (10/20) - 2023/06/28 14:53:45 CET [2023/06/28 8:53:45 ET]
Table '3609944111 1' 3-max Seat #2 is the button
Seat 1: Swazzy902 (240 in chips) 
Seat 2: lebj2607 (890 in chips) 
Seat 3: Mahu2021 (370 in chips) 
Mahu2021: posts small blind 10
Swazzy902: posts big blind 20
*** HOLE CARDS ***
Dealt to Mahu2021 [8c 9c]
lebj2607: calls 20
Mahu2021: calls 10
Swazzy902: checks 
*** FLOP *** [3d 5s Ac]
Mahu2021: checks 
Swazzy902: checks 
lebj2607: checks 
*** TURN *** [3d 5s Ac] [9h]
Mahu2021: bets 20
Swazzy902: calls 20
lebj2607: folds 
*** RIVER *** [3d 5s Ac 9h] [Qd]
Mahu2021: bets 20
Swazzy902: folds 
Uncalled bet (20) returned to Mahu2021
Mahu2021 collected 100 from pot
Mahu2021: doesn't show hand 
*** SUMMARY ***
Total pot 100 | Rake 0 
Board [3d 5s Ac 9h Qd]
Seat 1: Swazzy902 (big blind) folded on the River
Seat 2: lebj2607 (button) folded on the Turn
Seat 3: Mahu2021 (small blind) collected (100)



PokerStars Hand #244509291458: Tournament #3609944111, $0.92+$0.08 USD Hold'em No Limit - Level I (10/20) - 2023/06/28 14:54:05 CET [2023/06/28 8:54:05 ET]
Table '3609944111 1' 3-max Seat #3 is the button
Seat 1: Swazzy902 (200 in chips) 
Seat 2: lebj2607 (870 in chips) 
Seat 3: Mahu2021 (430 in chips) 
Swazzy902: posts small blind 10
lebj2607: posts big blind 20
*** HOLE CARDS ***
Dealt to Mahu2021 [7h 5h]
Mahu2021: folds 
Swazzy902: calls 10
lebj2607: checks 
*** FLOP *** [Td 8h Tc]
Swazzy902: checks 
lebj2607: checks 
*** TURN *** [Td 8h Tc] [8c]
Swazzy902: bets 180 and is all-in
lebj2607: folds 
Uncalled bet (180) returned to Swazzy902
Swazzy902 collected 40 from pot
*** SUMMARY ***
Total pot 40 | Rake 0 
Board [Td 8h Tc 8c]
Seat 1: Swazzy902 (small blind) collected (40)
Seat 2: lebj2607 (big blind) folded on the Turn
Seat 3: Mahu2021 (button) folded before Flop (didn't bet)



PokerStars Hand #244509295355: Tournament #3609944111, $0.92+$0.08 USD Hold'em No Limit - Level II (15/30) - 2023/06/28 14:54:26 CET [2023/06/28 8:54:26 ET]
Table '3609944111 1' 3-max Seat #1 is the button
Seat 1: Swazzy902 (220 in chips) 
Seat 2: lebj2607 (850 in chips) 
Seat 3: Mahu2021 (430 in chips) 
lebj2607: posts small blind 15
Mahu2021: posts big blind 30
*** HOLE CARDS ***
Dealt to Mahu2021 [7h 5s]
Swazzy902: folds 
lebj2607: calls 15
Mahu2021: checks 
*** FLOP *** [As Jd 7c]
lebj2607: checks 
Mahu2021: bets 30
lebj2607: folds 
Uncalled bet (30) returned to Mahu2021
Mahu2021 collected 60 from pot
Mahu2021: doesn't show hand 
*** SUMMARY ***
Total pot 60 | Rake 0 
Board [As Jd 7c]
Seat 1: Swazzy902 (button) folded before Flop (didn't bet)
Seat 2: lebj2607 (small blind) folded on the Flop
Seat 3: Mahu2021 (big blind) collected (60)



PokerStars Hand #244509297611: Tournament #3609944111, $0.92+$0.08 USD Hold'em No Limit - Level II (15/30) - 2023/06/28 14:54:38 CET [2023/06/28 8:54:38 ET]
Table '3609944111 1' 3-max Seat #2 is the button
Seat 1: Swazzy902 (220 in chips) 
Seat 2: lebj2607 (820 in chips) 
Seat 3: Mahu2021 (460 in chips) 
Mahu2021: posts small blind 15
Swazzy902: posts big blind 30
*** HOLE CARDS ***
Dealt to Mahu2021 [3c 4d]
lebj2607: calls 30
Mahu2021: calls 15
Swazzy902: checks 
*** FLOP *** [Th 9h As]
Mahu2021: checks 
Swazzy902: checks 
lebj2607: checks 
*** TURN *** [Th 9h As] [8d]
Mahu2021: checks 
Swazzy902: bets 30
lebj2607: calls 30
Mahu2021: folds 
*** RIVER *** [Th 9h As 8d] [Jh]
Swazzy902: bets 160 and is all-in
lebj2607: calls 160
*** SHOW DOWN ***
Swazzy902: shows [Jc 7d] (a straight, Seven to Jack)
lebj2607: shows [Js 9d] (two pair, Jacks and Nines)
Swazzy902 collected 470 from pot
*** SUMMARY ***
Total pot 470 | Rake 0 
Board [Th 9h As 8d Jh]
Seat 1: Swazzy902 (big blind) showed [Jc 7d] and won (470) with a straight, Seven to Jack
Seat 2: lebj2607 (button) showed [Js 9d] and lost with two pair, Jacks and Nines
Seat 3: Mahu2021 (small blind) folded on the Turn



PokerStars Hand #244509302030: Tournament #3609944111, $0.92+$0.08 USD Hold'em No Limit - Level II (15/30) - 2023/06/28 14:55:02 CET [2023/06/28 8:55:02 ET]
Table '3609944111 1' 3-max Seat #3 is the button
Seat 1: Swazzy902 (470 in chips) 
Seat 2: lebj2607 (600 in chips) 
Seat 3: Mahu2021 (430 in chips) 
Swazzy902: posts small blind 15
lebj2607: posts big blind 30
*** HOLE CARDS ***
Dealt to Mahu2021 [8s 4s]
Mahu2021: folds 
Swazzy902: calls 15
lebj2607: checks 
*** FLOP *** [7c Tc Ks]
Swazzy902: bets 30
lebj2607: calls 30
*** TURN *** [7c Tc Ks] [Jh]
Swazzy902: bets 30
lebj2607: calls 30
*** RIVER *** [7c Tc Ks Jh] [Ac]
Swazzy902: checks 
lebj2607: checks 
*** SHOW DOWN ***
Swazzy902: shows [7d 6d] (a pair of Sevens)
lebj2607: shows [8c Kd] (a pair of Kings)
lebj2607 collected 180 from pot
*** SUMMARY ***
Total pot 180 | Rake 0 
Board [7c Tc Ks Jh Ac]
Seat 1: Swazzy902 (small blind) showed [7d 6d] and lost with a pair of Sevens
Seat 2: lebj2607 (big blind) showed [8c Kd] and won (180) with a pair of Kings
Seat 3: Mahu2021 (button) folded before Flop (didn't bet)



PokerStars Hand #244509305284: Tournament #3609944111, $0.92+$0.08 USD Hold'em No Limit - Level II (15/30) - 2023/06/28 14:55:22 CET [2023/06/28 8:55:22 ET]
Table '3609944111 1' 3-max Seat #1 is the button
Seat 1: Swazzy902 (380 in chips) 
Seat 2: lebj2607 (690 in chips) 
Seat 3: Mahu2021 (430 in chips) 
lebj2607: posts small blind 15
Mahu2021: posts big blind 30
*** HOLE CARDS ***
Dealt to Mahu2021 [Qs 4d]
Swazzy902: folds 
lebj2607: calls 15
Mahu2021: checks 
*** FLOP *** [Qc Kc 5d]
lebj2607: bets 30
Mahu2021: calls 30
*** TURN *** [Qc Kc 5d] [As]
lebj2607: bets 30
Mahu2021: calls 30
*** RIVER *** [Qc Kc 5d As] [7d]
lebj2607: bets 30
Mahu2021: raises 310 to 340 and is all-in
lebj2607: folds 
Uncalled bet (310) returned to Mahu2021
Mahu2021 collected 240 from pot
Mahu2021: doesn't show hand 
*** SUMMARY ***
Total pot 240 | Rake 0 
Board [Qc Kc 5d As 7d]
Seat 1: Swazzy902 (button) folded before Flop (didn't bet)
Seat 2: lebj2607 (small blind) folded on the River
Seat 3: Mahu2021 (big blind) collected (240)



PokerStars Hand #244509308193: Tournament #3609944111, $0.92+$0.08 USD Hold'em No Limit - Level II (15/30) - 2023/06/28 14:55:42 CET [2023/06/28 8:55:42 ET]
Table '3609944111 1' 3-max Seat #2 is the button
Seat 1: Swazzy902 (380 in chips) 
Seat 2: lebj2607 (570 in chips) 
Seat 3: Mahu2021 (550 in chips) 
Mahu2021: posts small blind 15
Swazzy902: posts big blind 30
*** HOLE CARDS ***
Dealt to Mahu2021 [5s Ts]
lebj2607: calls 30
Mahu2021: calls 15
Swazzy902: checks 
*** FLOP *** [5h 5d 7c]
Mahu2021: checks 
Swazzy902: checks 
lebj2607: checks 
*** TURN *** [5h 5d 7c] [Ac]
Mahu2021: bets 30
Swazzy902: folds 
lebj2607: folds 
Uncalled bet (30) returned to Mahu2021
Mahu2021 collected 90 from pot
Mahu2021: doesn't show hand 
*** SUMMARY ***
Total pot 90 | Rake 0 
Board [5h 5d 7c Ac]
Seat 1: Swazzy902 (big blind) folded on the Turn
Seat 2: lebj2607 (button) folded on the Turn
Seat 3: Mahu2021 (small blind) collected (90)



PokerStars Hand #244509310509: Tournament #3609944111, $0.92+$0.08 USD Hold'em No Limit - Level II (15/30) - 2023/06/28 14:55:57 CET [2023/06/28 8:55:57 ET]
Table '3609944111 1' 3-max Seat #3 is the button
Seat 1: Swazzy902 (350 in chips) 
Seat 2: lebj2607 (540 in chips) 
Seat 3: Mahu2021 (610 in chips) 
Swazzy902: posts small blind 15
lebj2607: posts big blind 30
*** HOLE CARDS ***
Dealt to Mahu2021 [5s 4h]
Mahu2021: folds 
Swazzy902: calls 15
lebj2607: checks 
*** FLOP *** [2c 3c 7h]
Swazzy902: checks 
lebj2607: checks 
*** TURN *** [2c 3c 7h] [6s]
Swazzy902: bets 30
lebj2607: calls 30
*** RIVER *** [2c 3c 7h 6s] [4d]
Swazzy902: bets 30
lebj2607: calls 30
*** SHOW DOWN ***
Swazzy902: shows [7s Ts] (a pair of Sevens)
lebj2607: mucks hand 
Swazzy902 collected 180 from pot
*** SUMMARY ***
Total pot 180 | Rake 0 
Board [2c 3c 7h 6s 4d]
Seat 1: Swazzy902 (small blind) showed [7s Ts] and won (180) with a pair of Sevens
Seat 2: lebj2607 (big blind) mucked [Ks 4s]
Seat 3: Mahu2021 (button) folded before Flop (didn't bet)



PokerStars Hand #244509313350: Tournament #3609944111, $0.92+$0.08 USD Hold'em No Limit - Level II (15/30) - 2023/06/28 14:56:16 CET [2023/06/28 8:56:16 ET]
Table '3609944111 1' 3-max Seat #1 is the button
Seat 1: Swazzy902 (440 in chips) 
Seat 2: lebj2607 (450 in chips) 
Seat 3: Mahu2021 (610 in chips) 
lebj2607: posts small blind 15
Mahu2021: posts big blind 30
*** HOLE CARDS ***
Dealt to Mahu2021 [7c Js]
Swazzy902: raises 30 to 60
lebj2607: calls 45
Mahu2021: calls 30
*** FLOP *** [6h 6s Jc]
lebj2607: checks 
Mahu2021: bets 180
Swazzy902: folds 
lebj2607: folds 
Uncalled bet (180) returned to Mahu2021
Mahu2021 collected 180 from pot
Mahu2021: doesn't show hand 
*** SUMMARY ***
Total pot 180 | Rake 0 
Board [6h 6s Jc]
Seat 1: Swazzy902 (button) folded on the Flop
Seat 2: lebj2607 (small blind) folded on the Flop
Seat 3: Mahu2021 (big blind) collected (180)



PokerStars Hand #244509315878: Tournament #3609944111, $0.92+$0.08 USD Hold'em No Limit - Level II (15/30) - 2023/06/28 14:56:32 CET [2023/06/28 8:56:32 ET]
Table '3609944111 1' 3-max Seat #2 is the button
Seat 1: Swazzy902 (380 in chips) 
Seat 2: lebj2607 (390 in chips) 
Seat 3: Mahu2021 (730 in chips) 
Mahu2021: posts small blind 15
Swazzy902: posts big blind 30
*** HOLE CARDS ***
Dealt to Mahu2021 [8c Qd]
lebj2607: calls 30
Mahu2021: calls 15
Swazzy902: checks 
*** FLOP *** [3c Jh 9c]
Mahu2021: checks 
Swazzy902: checks 
lebj2607: checks 
*** TURN *** [3c Jh 9c] [4h]
Mahu2021: checks 
Swazzy902: checks 
lebj2607: checks 
*** RIVER *** [3c Jh 9c 4h] [9s]
Mahu2021: checks 
Swazzy902: checks 
lebj2607: bets 30
Mahu2021: folds 
Swazzy902: folds 
Uncalled bet (30) returned to lebj2607
lebj2607 collected 90 from pot
*** SUMMARY ***
Total pot 90 | Rake 0 
Board [3c Jh 9c 4h 9s]
Seat 1: Swazzy902 (big blind) folded on the River
Seat 2: lebj2607 (button) collected (90)
Seat 3: Mahu2021 (small blind) folded on the River



PokerStars Hand #244509319302: Tournament #3609944111, $0.92+$0.08 USD Hold'em No Limit - Level II (15/30) - 2023/06/28 14:56:55 CET [2023/06/28 8:56:55 ET]
Table '3609944111 1' 3-max Seat #3 is the button
Seat 1: Swazzy902 (350 in chips) 
Seat 2: lebj2607 (450 in chips) 
Seat 3: Mahu2021 (700 in chips) 
Swazzy902: posts small blind 15
lebj2607: posts big blind 30
*** HOLE CARDS ***
Dealt to Mahu2021 [4d Ad]
Mahu2021: raises 30 to 60
Swazzy902: calls 45
lebj2607: calls 30
*** FLOP *** [9d 3d Td]
Swazzy902: checks 
lebj2607: bets 30
Mahu2021: calls 30
Swazzy902: calls 30
*** TURN *** [9d 3d Td] [2h]
Swazzy902: checks 
lebj2607: bets 30
Mahu2021: calls 30
Swazzy902: folds 
*** RIVER *** [9d 3d Td 2h] [Tc]
lebj2607: bets 330 and is all-in
Mahu2021: calls 330
*** SHOW DOWN ***
lebj2607: shows [9c Kh] (two pair, Tens and Nines)
Mahu2021: shows [4d Ad] (a flush, Ace high)
Mahu2021 collected 990 from pot
lebj2607 finished the tournament in 3rd place
*** SUMMARY ***
Total pot 990 | Rake 0 
Board [9d 3d Td 2h Tc]
Seat 1: Swazzy902 (small blind) folded on the Turn
Seat 2: lebj2607 (big blind) showed [9c Kh] and lost with two pair, Tens and Nines
Seat 3: Mahu2021 (button) showed [4d Ad] and won (990) with a flush, Ace high



PokerStars Hand #244509323363: Tournament #3609944111, $0.92+$0.08 USD Hold'em No Limit - Level II (15/30) - 2023/06/28 14:57:22 CET [2023/06/28 8:57:22 ET]
Table '3609944111 1' 3-max Seat #1 is the button
Seat 1: Swazzy902 (260 in chips) 
Seat 3: Mahu2021 (1240 in chips) 
Swazzy902: posts small blind 15
Mahu2021: posts big blind 30
*** HOLE CARDS ***
Dealt to Mahu2021 [7s Qc]
Swazzy902: calls 15
Mahu2021: checks 
*** FLOP *** [5c 9s 5h]
Mahu2021: checks 
Swazzy902: bets 230 and is all-in
Mahu2021: folds 
Uncalled bet (230) returned to Swazzy902
Swazzy902 collected 60 from pot
*** SUMMARY ***
Total pot 60 | Rake 0 
Board [5c 9s 5h]
Seat 1: Swazzy902 (button) (small blind) collected (60)
Seat 3: Mahu2021 (big blind) folded on the Flop



PokerStars Hand #244509325518: Tournament #3609944111, $0.92+$0.08 USD Hold'em No Limit - Level III (20/40) - 2023/06/28 14:57:36 CET [2023/06/28 8:57:36 ET]
Table '3609944111 1' 3-max Seat #3 is the button
Seat 1: Swazzy902 (290 in chips) 
Seat 3: Mahu2021 (1210 in chips) 
Mahu2021: posts small blind 20
Swazzy902: posts big blind 40
*** HOLE CARDS ***
Dealt to Mahu2021 [Ks 6s]
Mahu2021: raises 40 to 80
Swazzy902: calls 40
*** FLOP *** [Td Js Jc]
Swazzy902: checks 
Mahu2021: checks 
*** TURN *** [Td Js Jc] [3c]
Swazzy902: checks 
Mahu2021: checks 
*** RIVER *** [Td Js Jc 3c] [Ah]
Swazzy902: checks 
Mahu2021: bets 80
Swazzy902: folds 
Uncalled bet (80) returned to Mahu2021
Mahu2021 collected 160 from pot
Mahu2021: doesn't show hand 
*** SUMMARY ***
Total pot 160 | Rake 0 
Board [Td Js Jc 3c Ah]
Seat 1: Swazzy902 (big blind) folded on the River
Seat 3: Mahu2021 (button) (small blind) collected (160)



PokerStars Hand #244509327791: Tournament #3609944111, $0.92+$0.08 USD Hold'em No Limit - Level III (20/40) - 2023/06/28 14:57:52 CET [2023/06/28 8:57:52 ET]
Table '3609944111 1' 3-max Seat #1 is the button
Seat 1: Swazzy902 (210 in chips) 
Seat 3: Mahu2021 (1290 in chips) 
Swazzy902: posts small blind 20
Mahu2021: posts big blind 40
*** HOLE CARDS ***
Dealt to Mahu2021 [9s 7d]
Swazzy902: raises 40 to 80
Mahu2021: folds 
Uncalled bet (40) returned to Swazzy902
Swazzy902 collected 80 from pot
*** SUMMARY ***
Total pot 80 | Rake 0 
Seat 1: Swazzy902 (button) (small blind) collected (80)
Seat 3: Mahu2021 (big blind) folded before Flop



PokerStars Hand #244509329130: Tournament #3609944111, $0.92+$0.08 USD Hold'em No Limit - Level III (20/40) - 2023/06/28 14:58:00 CET [2023/06/28 8:58:00 ET]
Table '3609944111 1' 3-max Seat #3 is the button
Seat 1: Swazzy902 (250 in chips) 
Seat 3: Mahu2021 (1250 in chips) 
Mahu2021: posts small blind 20
Swazzy902: posts big blind 40
*** HOLE CARDS ***
Dealt to Mahu2021 [5s Qc]
Mahu2021: calls 20
Swazzy902: checks 
*** FLOP *** [4h 3h 6h]
Swazzy902: checks 
Mahu2021: bets 40
Swazzy902: calls 40
*** TURN *** [4h 3h 6h] [7c]
Swazzy902: checks 
Mahu2021: bets 200
Swazzy902: calls 170 and is all-in
Uncalled bet (30) returned to Mahu2021
*** RIVER *** [4h 3h 6h 7c] [Kh]
*** SHOW DOWN ***
Swazzy902: shows [2h 8d] (a flush, King high)
Mahu2021: shows [5s Qc] (a straight, Three to Seven)
Swazzy902 collected 500 from pot
*** SUMMARY ***
Total pot 500 | Rake 0 
Board [4h 3h 6h 7c Kh]
Seat 1: Swazzy902 (big blind) showed [2h 8d] and won (500) with a flush, King high
Seat 3: Mahu2021 (button) (small blind) showed [5s Qc] and lost with a straight, Three to Seven



PokerStars Hand #244509332499: Tournament #3609944111, $0.92+$0.08 USD Hold'em No Limit - Level III (20/40) - 2023/06/28 14:58:23 CET [2023/06/28 8:58:23 ET]
Table '3609944111 1' 3-max Seat #1 is the button
Seat 1: Swazzy902 (500 in chips) 
Seat 3: Mahu2021 (1000 in chips) 
Swazzy902: posts small blind 20
Mahu2021: posts big blind 40
*** HOLE CARDS ***
Dealt to Mahu2021 [2d Th]
Swazzy902: calls 20
Mahu2021: checks 
*** FLOP *** [9c 6s Ts]
Mahu2021: bets 80
Swazzy902: raises 80 to 160
Mahu2021: raises 800 to 960 and is all-in
Swazzy902: calls 300 and is all-in
Uncalled bet (500) returned to Mahu2021
*** TURN *** [9c 6s Ts] [5c]
*** RIVER *** [9c 6s Ts 5c] [8h]
*** SHOW DOWN ***
Mahu2021: shows [2d Th] (a pair of Tens)
Swazzy902: shows [6h Tc] (two pair, Tens and Sixes)
Swazzy902 collected 1000 from pot
*** SUMMARY ***
Total pot 1000 | Rake 0 
Board [9c 6s Ts 5c 8h]
Seat 1: Swazzy902 (button) (small blind) showed [6h Tc] and won (1000) with two pair, Tens and Sixes
Seat 3: Mahu2021 (big blind) showed [2d Th] and lost with a pair of Tens



PokerStars Hand #244509335329: Tournament #3609944111, $0.92+$0.08 USD Hold'em No Limit - Level III (20/40) - 2023/06/28 14:58:41 CET [2023/06/28 8:58:41 ET]
Table '3609944111 1' 3-max Seat #3 is the button
Seat 1: Swazzy902 (1000 in chips) 
Seat 3: Mahu2021 (500 in chips) 
Mahu2021: posts small blind 20
Swazzy902: posts big blind 40
*** HOLE CARDS ***
Dealt to Mahu2021 [2h 3c]
Mahu2021: calls 20
Swazzy902: checks 
*** FLOP *** [Kc Ks 8s]
Swazzy902: checks 
Mahu2021: checks 
*** TURN *** [Kc Ks 8s] [4h]
Swazzy902: checks 
Mahu2021: checks 
*** RIVER *** [Kc Ks 8s 4h] [Qc]
Swazzy902: bets 40
Mahu2021: folds 
Uncalled bet (40) returned to Swazzy902
Swazzy902 collected 80 from pot
*** SUMMARY ***
Total pot 80 | Rake 0 
Board [Kc Ks 8s 4h Qc]
Seat 1: Swazzy902 (big blind) collected (80)
Seat 3: Mahu2021 (button) (small blind) folded on the River



PokerStars Hand #244509337848: Tournament #3609944111, $0.92+$0.08 USD Hold'em No Limit - Level III (20/40) - 2023/06/28 14:58:58 CET [2023/06/28 8:58:58 ET]
Table '3609944111 1' 3-max Seat #1 is the button
Seat 1: Swazzy902 (1040 in chips) 
Seat 3: Mahu2021 (460 in chips) 
Swazzy902: posts small blind 20
Mahu2021: posts big blind 40
*** HOLE CARDS ***
Dealt to Mahu2021 [4h 9d]
Swazzy902: calls 20
Mahu2021: checks 
*** FLOP *** [7s Qc 6d]
Mahu2021: checks 
Swazzy902: bets 40
Mahu2021: folds 
Uncalled bet (40) returned to Swazzy902
Swazzy902 collected 80 from pot
*** SUMMARY ***
Total pot 80 | Rake 0 
Board [7s Qc 6d]
Seat 1: Swazzy902 (button) (small blind) collected (80)
Seat 3: Mahu2021 (big blind) folded on the Flop



PokerStars Hand #244509339339: Tournament #3609944111, $0.92+$0.08 USD Hold'em No Limit - Level III (20/40) - 2023/06/28 14:59:08 CET [2023/06/28 8:59:08 ET]
Table '3609944111 1' 3-max Seat #3 is the button
Seat 1: Swazzy902 (1080 in chips) 
Seat 3: Mahu2021 (420 in chips) 
Mahu2021: posts small blind 20
Swazzy902: posts big blind 40
*** HOLE CARDS ***
Dealt to Mahu2021 [8c 3d]
Mahu2021: folds 
Uncalled bet (20) returned to Swazzy902
Swazzy902 collected 40 from pot
*** SUMMARY ***
Total pot 40 | Rake 0 
Seat 1: Swazzy902 (big blind) collected (40)
Seat 3: Mahu2021 (button) (small blind) folded before Flop



PokerStars Hand #244509340007: Tournament #3609944111, $0.92+$0.08 USD Hold'em No Limit - Level III (20/40) - 2023/06/28 14:59:12 CET [2023/06/28 8:59:12 ET]
Table '3609944111 1' 3-max Seat #1 is the button
Seat 1: Swazzy902 (1100 in chips) 
Seat 3: Mahu2021 (400 in chips) 
Swazzy902: posts small blind 20
Mahu2021: posts big blind 40
*** HOLE CARDS ***
Dealt to Mahu2021 [5h 2d]
Swazzy902: calls 20
Mahu2021: checks 
*** FLOP *** [Qs 4d Ad]
Mahu2021: checks 
Swazzy902: bets 40
Mahu2021: calls 40
*** TURN *** [Qs 4d Ad] [7s]
Mahu2021: checks 
Swazzy902: bets 1020 and is all-in
Mahu2021: folds 
Uncalled bet (1020) returned to Swazzy902
Swazzy902 collected 160 from pot
*** SUMMARY ***
Total pot 160 | Rake 0 
Board [Qs 4d Ad 7s]
Seat 1: Swazzy902 (button) (small blind) collected (160)
Seat 3: Mahu2021 (big blind) folded on the Turn



PokerStars Hand #244509341900: Tournament #3609944111, $0.92+$0.08 USD Hold'em No Limit - Level III (20/40) - 2023/06/28 14:59:25 CET [2023/06/28 8:59:25 ET]
Table '3609944111 1' 3-max Seat #3 is the button
Seat 1: Swazzy902 (1180 in chips) 
Seat 3: Mahu2021 (320 in chips) 
Mahu2021: posts small blind 20
Swazzy902: posts big blind 40
*** HOLE CARDS ***
Dealt to Mahu2021 [Kd 9s]
Mahu2021: raises 280 to 320 and is all-in
Swazzy902: folds 
Uncalled bet (280) returned to Mahu2021
Mahu2021 collected 80 from pot
Mahu2021: doesn't show hand 
*** SUMMARY ***
Total pot 80 | Rake 0 
Seat 1: Swazzy902 (big blind) folded before Flop
Seat 3: Mahu2021 (button) (small blind) collected (80)



PokerStars Hand #244509342812: Tournament #3609944111, $0.92+$0.08 USD Hold'em No Limit - Level III (20/40) - 2023/06/28 14:59:31 CET [2023/06/28 8:59:31 ET]
Table '3609944111 1' 3-max Seat #1 is the button
Seat 1: Swazzy902 (1140 in chips) 
Seat 3: Mahu2021 (360 in chips) 
Swazzy902: posts small blind 20
Mahu2021: posts big blind 40
*** HOLE CARDS ***
Dealt to Mahu2021 [9d 4c]
Swazzy902: calls 20
Mahu2021: checks 
*** FLOP *** [Ah 9c Qd]
Mahu2021: checks 
Swazzy902: bets 40
Mahu2021: calls 40
*** TURN *** [Ah 9c Qd] [2s]
Mahu2021: checks 
Swazzy902: bets 40
Mahu2021: calls 40
*** RIVER *** [Ah 9c Qd 2s] [7d]
Mahu2021: bets 240 and is all-in
Swazzy902: folds 
Uncalled bet (240) returned to Mahu2021
Mahu2021 collected 240 from pot
Mahu2021: doesn't show hand 
*** SUMMARY ***
Total pot 240 | Rake 0 
Board [Ah 9c Qd 2s 7d]
Seat 1: Swazzy902 (button) (small blind) folded on the River
Seat 3: Mahu2021 (big blind) collected (240)



PokerStars Hand #244509345431: Tournament #3609944111, $0.92+$0.08 USD Hold'em No Limit - Level III (20/40) - 2023/06/28 14:59:49 CET [2023/06/28 8:59:49 ET]
Table '3609944111 1' 3-max Seat #3 is the button
Seat 1: Swazzy902 (1020 in chips) 
Seat 3: Mahu2021 (480 in chips) 
Mahu2021: posts small blind 20
Swazzy902: posts big blind 40
*** HOLE CARDS ***
Dealt to Mahu2021 [Kh 4h]
Mahu2021: calls 20
Swazzy902: checks 
*** FLOP *** [6h 5d 3s]
Swazzy902: checks 
Mahu2021: bets 40
Swazzy902: calls 40
*** TURN *** [6h 5d 3s] [7s]
Swazzy902: checks 
Mahu2021: bets 40
Swazzy902: calls 40
*** RIVER *** [6h 5d 3s 7s] [8c]
Swazzy902: checks 
Mahu2021: checks 
*** SHOW DOWN ***
Swazzy902: shows [6s 2c] (a pair of Sixes)
Mahu2021: shows [Kh 4h] (a straight, Four to Eight)
Mahu2021 collected 240 from pot
*** SUMMARY ***
Total pot 240 | Rake 0 
Board [6h 5d 3s 7s 8c]
Seat 1: Swazzy902 (big blind) showed [6s 2c] and lost with a pair of Sixes
Seat 3: Mahu2021 (button) (small blind) showed [Kh 4h] and won (240) with a straight, Four to Eight



PokerStars Hand #244509348847: Tournament #3609944111, $0.92+$0.08 USD Hold'em No Limit - Level III (20/40) - 2023/06/28 15:00:12 CET [2023/06/28 9:00:12 ET]
Table '3609944111 1' 3-max Seat #1 is the button
Seat 1: Swazzy902 (900 in chips) 
Seat 3: Mahu2021 (600 in chips) 
Swazzy902: posts small blind 20
Mahu2021: posts big blind 40
*** HOLE CARDS ***
Dealt to Mahu2021 [6s 4d]
Swazzy902: calls 20
Mahu2021: checks 
*** FLOP *** [7c Qs 9d]
Mahu2021: checks 
Swazzy902: checks 
*** TURN *** [7c Qs 9d] [Qh]
Mahu2021: checks 
Swazzy902: checks 
*** RIVER *** [7c Qs 9d Qh] [5d]
Mahu2021: checks 
Swazzy902: checks 
*** SHOW DOWN ***
Mahu2021: shows [6s 4d] (a pair of Queens)
Swazzy902: shows [3s 6c] (a pair of Queens)
Mahu2021 collected 40 from pot
Swazzy902 collected 40 from pot
*** SUMMARY ***
Total pot 80 | Rake 0 
Board [7c Qs 9d Qh 5d]
Seat 1: Swazzy902 (button) (small blind) showed [3s 6c] and won (40) with a pair of Queens
Seat 3: Mahu2021 (big blind) showed [6s 4d] and won (40) with a pair of Queens



PokerStars Hand #244509351356: Tournament #3609944111, $0.92+$0.08 USD Hold'em No Limit - Level IV (30/60) - 2023/06/28 15:00:28 CET [2023/06/28 9:00:28 ET]
Table '3609944111 1' 3-max Seat #3 is the button
Seat 1: Swazzy902 (900 in chips) 
Seat 3: Mahu2021 (600 in chips) 
Mahu2021: posts small blind 30
Swazzy902: posts big blind 60
*** HOLE CARDS ***
Dealt to Mahu2021 [2s 9d]
Mahu2021: folds 
Uncalled bet (30) returned to Swazzy902
Swazzy902 collected 60 from pot
*** SUMMARY ***
Total pot 60 | Rake 0 
Seat 1: Swazzy902 (big blind) collected (60)
Seat 3: Mahu2021 (button) (small blind) folded before Flop



PokerStars Hand #244509352554: Tournament #3609944111, $0.92+$0.08 USD Hold'em No Limit - Level IV (30/60) - 2023/06/28 15:00:36 CET [2023/06/28 9:00:36 ET]
Table '3609944111 1' 3-max Seat #1 is the button
Seat 1: Swazzy902 (930 in chips) 
Seat 3: Mahu2021 (570 in chips) 
Swazzy902: posts small blind 30
Mahu2021: posts big blind 60
*** HOLE CARDS ***
Dealt to Mahu2021 [As Kc]
Swazzy902: calls 30
Mahu2021: raises 510 to 570 and is all-in
Swazzy902: folds 
Uncalled bet (510) returned to Mahu2021
Mahu2021 collected 120 from pot
Mahu2021: doesn't show hand 
*** SUMMARY ***
Total pot 120 | Rake 0 
Seat 1: Swazzy902 (button) (small blind) folded before Flop
Seat 3: Mahu2021 (big blind) collected (120)



PokerStars Hand #244509353728: Tournament #3609944111, $0.92+$0.08 USD Hold'em No Limit - Level IV (30/60) - 2023/06/28 15:00:43 CET [2023/06/28 9:00:43 ET]
Table '3609944111 1' 3-max Seat #3 is the button
Seat 1: Swazzy902 (870 in chips) 
Seat 3: Mahu2021 (630 in chips) 
Mahu2021: posts small blind 30
Swazzy902: posts big blind 60
*** HOLE CARDS ***
Dealt to Mahu2021 [9h 2c]
Mahu2021: folds 
Uncalled bet (30) returned to Swazzy902
Swazzy902 collected 60 from pot
*** SUMMARY ***
Total pot 60 | Rake 0 
Seat 1: Swazzy902 (big blind) collected (60)
Seat 3: Mahu2021 (button) (small blind) folded before Flop



PokerStars Hand #244509354538: Tournament #3609944111, $0.92+$0.08 USD Hold'em No Limit - Level IV (30/60) - 2023/06/28 15:00:48 CET [2023/06/28 9:00:48 ET]
Table '3609944111 1' 3-max Seat #1 is the button
Seat 1: Swazzy902 (900 in chips) 
Seat 3: Mahu2021 (600 in chips) 
Swazzy902: posts small blind 30
Mahu2021: posts big blind 60
*** HOLE CARDS ***
Dealt to Mahu2021 [Kh 2d]
Swazzy902: calls 30
Mahu2021: checks 
*** FLOP *** [7d Kd Jc]
Mahu2021: bets 60
Swazzy902: calls 60
*** TURN *** [7d Kd Jc] [Ks]
Mahu2021: bets 60
Swazzy902: folds 
Uncalled bet (60) returned to Mahu2021
Mahu2021 collected 240 from pot
Mahu2021: doesn't show hand 
*** SUMMARY ***
Total pot 240 | Rake 0 
Board [7d Kd Jc Ks]
Seat 1: Swazzy902 (button) (small blind) folded on the Turn
Seat 3: Mahu2021 (big blind) collected (240)



PokerStars Hand #244509356340: Tournament #3609944111, $0.92+$0.08 USD Hold'em No Limit - Level IV (30/60) - 2023/06/28 15:00:59 CET [2023/06/28 9:00:59 ET]
Table '3609944111 1' 3-max Seat #3 is the button
Seat 1: Swazzy902 (780 in chips) 
Seat 3: Mahu2021 (720 in chips) 
Mahu2021: posts small blind 30
Swazzy902: posts big blind 60
*** HOLE CARDS ***
Dealt to Mahu2021 [Kd 2d]
Mahu2021: calls 30
Swazzy902: checks 
*** FLOP *** [9s 4s 3s]
Swazzy902: checks 
Mahu2021: checks 
*** TURN *** [9s 4s 3s] [6s]
Swazzy902: checks 
Mahu2021: bets 60
Swazzy902: raises 60 to 120
Mahu2021: folds 
Uncalled bet (60) returned to Swazzy902
Swazzy902 collected 240 from pot
*** SUMMARY ***
Total pot 240 | Rake 0 
Board [9s 4s 3s 6s]
Seat 1: Swazzy902 (big blind) collected (240)
Seat 3: Mahu2021 (button) (small blind) folded on the Turn



PokerStars Hand #244509358770: Tournament #3609944111, $0.92+$0.08 USD Hold'em No Limit - Level IV (30/60) - 2023/06/28 15:01:13 CET [2023/06/28 9:01:13 ET]
Table '3609944111 1' 3-max Seat #1 is the button
Seat 1: Swazzy902 (900 in chips) 
Seat 3: Mahu2021 (600 in chips) 
Swazzy902: posts small blind 30
Mahu2021: posts big blind 60
*** HOLE CARDS ***
Dealt to Mahu2021 [2d Jh]
Swazzy902: calls 30
Mahu2021: checks 
*** FLOP *** [4s 9c Jd]
Mahu2021: bets 60
Swazzy902: folds 
Uncalled bet (60) returned to Mahu2021
Mahu2021 collected 120 from pot
Mahu2021: doesn't show hand 
*** SUMMARY ***
Total pot 120 | Rake 0 
Board [4s 9c Jd]
Seat 1: Swazzy902 (button) (small blind) folded on the Flop
Seat 3: Mahu2021 (big blind) collected (120)



PokerStars Hand #244509360479: Tournament #3609944111, $0.92+$0.08 USD Hold'em No Limit - Level IV (30/60) - 2023/06/28 15:01:23 CET [2023/06/28 9:01:23 ET]
Table '3609944111 1' 3-max Seat #3 is the button
Seat 1: Swazzy902 (840 in chips) 
Seat 3: Mahu2021 (660 in chips) 
Mahu2021: posts small blind 30
Swazzy902: posts big blind 60
*** HOLE CARDS ***
Dealt to Mahu2021 [Jh 3d]
Mahu2021: calls 30
Swazzy902: checks 
*** FLOP *** [9c 4c Ac]
Swazzy902: checks 
Mahu2021: bets 60
Swazzy902: calls 60
*** TURN *** [9c 4c Ac] [Ts]
Swazzy902: checks 
Mahu2021: checks 
*** RIVER *** [9c 4c Ac Ts] [4h]
Swazzy902: checks 
Mahu2021: bets 240
Swazzy902: folds 
Uncalled bet (240) returned to Mahu2021
Mahu2021 collected 240 from pot
Mahu2021: doesn't show hand 
*** SUMMARY ***
Total pot 240 | Rake 0 
Board [9c 4c Ac Ts 4h]
Seat 1: Swazzy902 (big blind) folded on the River
Seat 3: Mahu2021 (button) (small blind) collected (240)



PokerStars Hand #244509363792: Tournament #3609944111, $0.92+$0.08 USD Hold'em No Limit - Level IV (30/60) - 2023/06/28 15:01:41 CET [2023/06/28 9:01:41 ET]
Table '3609944111 1' 3-max Seat #1 is the button
Seat 1: Swazzy902 (720 in chips) 
Seat 3: Mahu2021 (780 in chips) 
Swazzy902: posts small blind 30
Mahu2021: posts big blind 60
*** HOLE CARDS ***
Dealt to Mahu2021 [6d 7h]
Swazzy902: calls 30
Mahu2021: checks 
*** FLOP *** [7s 9h Ts]
Mahu2021: checks 
Swazzy902: checks 
*** TURN *** [7s 9h Ts] [Kc]
Mahu2021: checks 
Swazzy902: checks 
*** RIVER *** [7s 9h Ts Kc] [Jd]
Mahu2021: checks 
Swazzy902: bets 60
Mahu2021: folds 
Uncalled bet (60) returned to Swazzy902
Swazzy902 collected 120 from pot
*** SUMMARY ***
Total pot 120 | Rake 0 
Board [7s 9h Ts Kc Jd]
Seat 1: Swazzy902 (button) (small blind) collected (120)
Seat 3: Mahu2021 (big blind) folded on the River



PokerStars Hand #244509366211: Tournament #3609944111, $0.92+$0.08 USD Hold'em No Limit - Level IV (30/60) - 2023/06/28 15:01:56 CET [2023/06/28 9:01:56 ET]
Table '3609944111 1' 3-max Seat #3 is the button
Seat 1: Swazzy902 (780 in chips) 
Seat 3: Mahu2021 (720 in chips) 
Mahu2021: posts small blind 30
Swazzy902: posts big blind 60
*** HOLE CARDS ***
Dealt to Mahu2021 [Qh Qd]
Mahu2021: raises 660 to 720 and is all-in
Swazzy902: folds 
Uncalled bet (660) returned to Mahu2021
Mahu2021 collected 120 from pot
Mahu2021: doesn't show hand 
*** SUMMARY ***
Total pot 120 | Rake 0 
Seat 1: Swazzy902 (big blind) folded before Flop
Seat 3: Mahu2021 (button) (small blind) collected (120)



PokerStars Hand #244509367435: Tournament #3609944111, $0.92+$0.08 USD Hold'em No Limit - Level IV (30/60) - 2023/06/28 15:02:02 CET [2023/06/28 9:02:02 ET]
Table '3609944111 1' 3-max Seat #1 is the button
Seat 1: Swazzy902 (720 in chips) 
Seat 3: Mahu2021 (780 in chips) 
Swazzy902: posts small blind 30
Mahu2021: posts big blind 60
*** HOLE CARDS ***
Dealt to Mahu2021 [Ad Ts]
Swazzy902: calls 30
Mahu2021: raises 720 to 780 and is all-in
Swazzy902: folds 
Uncalled bet (720) returned to Mahu2021
Mahu2021 collected 120 from pot
Mahu2021: doesn't show hand 
*** SUMMARY ***
Total pot 120 | Rake 0 
Seat 1: Swazzy902 (button) (small blind) folded before Flop
Seat 3: Mahu2021 (big blind) collected (120)



PokerStars Hand #244509368658: Tournament #3609944111, $0.92+$0.08 USD Hold'em No Limit - Level IV (30/60) - 2023/06/28 15:02:09 CET [2023/06/28 9:02:09 ET]
Table '3609944111 1' 3-max Seat #3 is the button
Seat 1: Swazzy902 (660 in chips) 
Seat 3: Mahu2021 (840 in chips) 
Mahu2021: posts small blind 30
Swazzy902: posts big blind 60
*** HOLE CARDS ***
Dealt to Mahu2021 [4h Td]
Mahu2021: calls 30
Swazzy902: checks 
*** FLOP *** [Th Ah Qc]
Swazzy902: checks 
Mahu2021: bets 60
Swazzy902: folds 
Uncalled bet (60) returned to Mahu2021
Mahu2021 collected 120 from pot
Mahu2021: doesn't show hand 
*** SUMMARY ***
Total pot 120 | Rake 0 
Board [Th Ah Qc]
Seat 1: Swazzy902 (big blind) folded on the Flop
Seat 3: Mahu2021 (button) (small blind) collected (120)



PokerStars Hand #244509370436: Tournament #3609944111, $0.92+$0.08 USD Hold'em No Limit - Level IV (30/60) - 2023/06/28 15:02:19 CET [2023/06/28 9:02:19 ET]
Table '3609944111 1' 3-max Seat #1 is the button
Seat 1: Swazzy902 (600 in chips) 
Seat 3: Mahu2021 (900 in chips) 
Swazzy902: posts small blind 30
Mahu2021: posts big blind 60
*** HOLE CARDS ***
Dealt to Mahu2021 [Qh 3h]
Swazzy902: calls 30
Mahu2021: checks 
*** FLOP *** [9c 2c 6s]
Mahu2021: checks 
Swazzy902: bets 60
Mahu2021: folds 
Uncalled bet (60) returned to Swazzy902
Swazzy902 collected 120 from pot
*** SUMMARY ***
Total pot 120 | Rake 0 
Board [9c 2c 6s]
Seat 1: Swazzy902 (button) (small blind) collected (120)
Seat 3: Mahu2021 (big blind) folded on the Flop



PokerStars Hand #244509372068: Tournament #3609944111, $0.92+$0.08 USD Hold'em No Limit - Level IV (30/60) - 2023/06/28 15:02:28 CET [2023/06/28 9:02:28 ET]
Table '3609944111 1' 3-max Seat #3 is the button
Seat 1: Swazzy902 (660 in chips) 
Seat 3: Mahu2021 (840 in chips) 
Mahu2021: posts small blind 30
Swazzy902: posts big blind 60
*** HOLE CARDS ***
Dealt to Mahu2021 [2d Qh]
Mahu2021: calls 30
Swazzy902: checks 
*** FLOP *** [6h Ah 3s]
Swazzy902: checks 
Mahu2021: bets 60
Swazzy902: calls 60
*** TURN *** [6h Ah 3s] [Ts]
Swazzy902: checks 
Mahu2021: checks 
*** RIVER *** [6h Ah 3s Ts] [7s]
Swazzy902: bets 60
Mahu2021: folds 
Uncalled bet (60) returned to Swazzy902
Swazzy902 collected 240 from pot
*** SUMMARY ***
Total pot 240 | Rake 0 
Board [6h Ah 3s Ts 7s]
Seat 1: Swazzy902 (big blind) collected (240)
Seat 3: Mahu2021 (button) (small blind) folded on the River



PokerStars Hand #244509374888: Tournament #3609944111, $0.92+$0.08 USD Hold'em No Limit - Level IV (30/60) - 2023/06/28 15:02:43 CET [2023/06/28 9:02:43 ET]
Table '3609944111 1' 3-max Seat #1 is the button
Seat 1: Swazzy902 (780 in chips) 
Seat 3: Mahu2021 (720 in chips) 
Swazzy902: posts small blind 30
Mahu2021: posts big blind 60
*** HOLE CARDS ***
Dealt to Mahu2021 [3c 2s]
Swazzy902: calls 30
Mahu2021: checks 
*** FLOP *** [Qs 4s 6h]
Mahu2021: checks 
Swazzy902: bets 60
Mahu2021: calls 60
*** TURN *** [Qs 4s 6h] [9s]
Mahu2021: checks 
Swazzy902: checks 
*** RIVER *** [Qs 4s 6h 9s] [4d]
Mahu2021: bets 120
Swazzy902: raises 540 to 660 and is all-in
Mahu2021: folds 
Uncalled bet (540) returned to Swazzy902
Swazzy902 collected 480 from pot
*** SUMMARY ***
Total pot 480 | Rake 0 
Board [Qs 4s 6h 9s 4d]
Seat 1: Swazzy902 (button) (small blind) collected (480)
Seat 3: Mahu2021 (big blind) folded on the River



PokerStars Hand #244509377972: Tournament #3609944111, $0.92+$0.08 USD Hold'em No Limit - Level IV (30/60) - 2023/06/28 15:03:00 CET [2023/06/28 9:03:00 ET]
Table '3609944111 1' 3-max Seat #3 is the button
Seat 1: Swazzy902 (1020 in chips) 
Seat 3: Mahu2021 (480 in chips) 
Mahu2021: posts small blind 30
Swazzy902: posts big blind 60
*** HOLE CARDS ***
Dealt to Mahu2021 [8d Kd]
Mahu2021: raises 60 to 120
Swazzy902: calls 60
*** FLOP *** [5c 5h 8h]
Swazzy902: checks 
Mahu2021: bets 360 and is all-in
Swazzy902: folds 
Uncalled bet (360) returned to Mahu2021
Mahu2021 collected 240 from pot
Mahu2021: doesn't show hand 
*** SUMMARY ***
Total pot 240 | Rake 0 
Board [5c 5h 8h]
Seat 1: Swazzy902 (big blind) folded on the Flop
Seat 3: Mahu2021 (button) (small blind) collected (240)



PokerStars Hand #244509379694: Tournament #3609944111, $0.92+$0.08 USD Hold'em No Limit - Level IV (30/60) - 2023/06/28 15:03:10 CET [2023/06/28 9:03:10 ET]
Table '3609944111 1' 3-max Seat #1 is the button
Seat 1: Swazzy902 (900 in chips) 
Seat 3: Mahu2021 (600 in chips) 
Swazzy902: posts small blind 30
Mahu2021: posts big blind 60
*** HOLE CARDS ***
Dealt to Mahu2021 [6s 7c]
Swazzy902: calls 30
Mahu2021: checks 
*** FLOP *** [2c 3c Jh]
Mahu2021: checks 
Swazzy902: bets 60
Mahu2021: folds 
Uncalled bet (60) returned to Swazzy902
Swazzy902 collected 120 from pot
*** SUMMARY ***
Total pot 120 | Rake 0 
Board [2c 3c Jh]
Seat 1: Swazzy902 (button) (small blind) collected (120)
Seat 3: Mahu2021 (big blind) folded on the Flop



PokerStars Hand #244509381843: Tournament #3609944111, $0.92+$0.08 USD Hold'em No Limit - Level IV (30/60) - 2023/06/28 15:03:22 CET [2023/06/28 9:03:22 ET]
Table '3609944111 1' 3-max Seat #3 is the button
Seat 1: Swazzy902 (960 in chips) 
Seat 3: Mahu2021 (540 in chips) 
Mahu2021: posts small blind 30
Swazzy902: posts big blind 60
*** HOLE CARDS ***
Dealt to Mahu2021 [6c 7c]
Mahu2021: calls 30
Swazzy902: checks 
*** FLOP *** [3h 9d 4d]
Swazzy902: checks 
Mahu2021: checks 
*** TURN *** [3h 9d 4d] [4h]
Swazzy902: checks 
Mahu2021: checks 
*** RIVER *** [3h 9d 4d 4h] [4s]
Swazzy902: bets 60
Mahu2021: folds 
Uncalled bet (60) returned to Swazzy902
Swazzy902 collected 120 from pot
*** SUMMARY ***
Total pot 120 | Rake 0 
Board [3h 9d 4d 4h 4s]
Seat 1: Swazzy902 (big blind) collected (120)
Seat 3: Mahu2021 (button) (small blind) folded on the River



PokerStars Hand #244509386653: Tournament #3609944111, $0.92+$0.08 USD Hold'em No Limit - Level V (40/80) - 2023/06/28 15:03:48 CET [2023/06/28 9:03:48 ET]
Table '3609944111 1' 3-max Seat #1 is the button
Seat 1: Swazzy902 (1020 in chips) 
Seat 3: Mahu2021 (480 in chips) 
Swazzy902: posts small blind 40
Mahu2021: posts big blind 80
*** HOLE CARDS ***
Dealt to Mahu2021 [Td 4h]
Swazzy902: calls 40
Mahu2021: checks 
*** FLOP *** [9c 7s 5s]
Mahu2021: checks 
Swazzy902: bets 80
Mahu2021: folds 
Uncalled bet (80) returned to Swazzy902
Swazzy902 collected 160 from pot
*** SUMMARY ***
Total pot 160 | Rake 0 
Board [9c 7s 5s]
Seat 1: Swazzy902 (button) (small blind) collected (160)
Seat 3: Mahu2021 (big blind) folded on the Flop



PokerStars Hand #244509388364: Tournament #3609944111, $0.92+$0.08 USD Hold'em No Limit - Level V (40/80) - 2023/06/28 15:03:57 CET [2023/06/28 9:03:57 ET]
Table '3609944111 1' 3-max Seat #3 is the button
Seat 1: Swazzy902 (1100 in chips) 
Seat 3: Mahu2021 (400 in chips) 
Mahu2021: posts small blind 40
Swazzy902: posts big blind 80
*** HOLE CARDS ***
Dealt to Mahu2021 [Qs 6s]
Mahu2021: raises 320 to 400 and is all-in
Swazzy902: folds 
Uncalled bet (320) returned to Mahu2021
Mahu2021 collected 160 from pot
Mahu2021: doesn't show hand 
*** SUMMARY ***
Total pot 160 | Rake 0 
Seat 1: Swazzy902 (big blind) folded before Flop
Seat 3: Mahu2021 (button) (small blind) collected (160)



PokerStars Hand #244509389542: Tournament #3609944111, $0.92+$0.08 USD Hold'em No Limit - Level V (40/80) - 2023/06/28 15:04:03 CET [2023/06/28 9:04:03 ET]
Table '3609944111 1' 3-max Seat #1 is the button
Seat 1: Swazzy902 (1020 in chips) 
Seat 3: Mahu2021 (480 in chips) 
Swazzy902: posts small blind 40
Mahu2021: posts big blind 80
*** HOLE CARDS ***
Dealt to Mahu2021 [3h 5s]
Swazzy902: calls 40
Mahu2021: checks 
*** FLOP *** [2d 2c Jc]
Mahu2021: checks 
Swazzy902: bets 80
Mahu2021: folds 
Uncalled bet (80) returned to Swazzy902
Swazzy902 collected 160 from pot
*** SUMMARY ***
Total pot 160 | Rake 0 
Board [2d 2c Jc]
Seat 1: Swazzy902 (button) (small blind) collected (160)
Seat 3: Mahu2021 (big blind) folded on the Flop



PokerStars Hand #244509391400: Tournament #3609944111, $0.92+$0.08 USD Hold'em No Limit - Level V (40/80) - 2023/06/28 15:04:13 CET [2023/06/28 9:04:13 ET]
Table '3609944111 1' 3-max Seat #3 is the button
Seat 1: Swazzy902 (1100 in chips) 
Seat 3: Mahu2021 (400 in chips) 
Mahu2021: posts small blind 40
Swazzy902: posts big blind 80
*** HOLE CARDS ***
Dealt to Mahu2021 [Qs 4h]
Mahu2021: calls 40
Swazzy902: checks 
*** FLOP *** [8h Js Ac]
Swazzy902: checks 
Mahu2021: bets 80
Swazzy902: calls 80
*** TURN *** [8h Js Ac] [2h]
Swazzy902: checks 
Mahu2021: checks 
*** RIVER *** [8h Js Ac 2h] [2s]
Swazzy902: bets 80
Mahu2021: folds 
Uncalled bet (80) returned to Swazzy902
Swazzy902 collected 320 from pot
*** SUMMARY ***
Total pot 320 | Rake 0 
Board [8h Js Ac 2h 2s]
Seat 1: Swazzy902 (big blind) collected (320)
Seat 3: Mahu2021 (button) (small blind) folded on the River



PokerStars Hand #244509394013: Tournament #3609944111, $0.92+$0.08 USD Hold'em No Limit - Level V (40/80) - 2023/06/28 15:04:27 CET [2023/06/28 9:04:27 ET]
Table '3609944111 1' 3-max Seat #1 is the button
Seat 1: Swazzy902 (1260 in chips) 
Seat 3: Mahu2021 (240 in chips) 
Swazzy902: posts small blind 40
Mahu2021: posts big blind 80
*** HOLE CARDS ***
Dealt to Mahu2021 [9d 8s]
Swazzy902: calls 40
Mahu2021: raises 160 to 240 and is all-in
Swazzy902: calls 160
*** FLOP *** [Ah 7c 4d]
*** TURN *** [Ah 7c 4d] [Qc]
*** RIVER *** [Ah 7c 4d Qc] [4s]
*** SHOW DOWN ***
Mahu2021: shows [9d 8s] (a pair of Fours)
Swazzy902: shows [9c Tc] (a pair of Fours - Ace+Queen+Ten kicker)
Swazzy902 collected 480 from pot
Mahu2021 finished the tournament in 2nd place
Swazzy902 wins the tournament and receives $3.00 - congratulations!
*** SUMMARY ***
Total pot 480 | Rake 0 
Board [Ah 7c 4d Qc 4s]
Seat 1: Swazzy902 (button) (small blind) showed [9c Tc] and won (480) with a pair of Fours
Seat 3: Mahu2021 (big blind) showed [9d 8s] and lost with a pair of Fours



