PokerStars Hand #248677491785: Tournament #3711020285, $1.84+$0.16 USD Hold'em No Limit - Level I (10/20) - 2024/02/04 11:01:29 CET [2024/02/04 5:01:29 ET]
Table '3711020285 1' 3-max Seat #1 is the button
Seat 1: IDACU (500 in chips) 
Seat 2: sashka1995hs (500 in chips) 
Seat 3: Mahu2021 (500 in chips) 
sashka1995hs: posts small blind 10
Mahu2021: posts big blind 20
*** HOLE CARDS ***
Dealt to Mahu2021 [Qc 3s]
IDACU: folds 
sashka1995hs: calls 10
Mahu2021: checks 
*** FLOP *** [9d 6s 4s]
sashka1995hs: bets 20
Mahu2021: folds 
Uncalled bet (20) returned to sashka1995hs
sashka1995hs collected 40 from pot
*** SUMMARY ***
Total pot 40 | Rake 0 
Board [9d 6s 4s]
Seat 1: IDACU (button) folded before Flop (didn't bet)
Seat 2: sashka1995hs (small blind) collected (40)
Seat 3: Mahu2021 (big blind) folded on the Flop



PokerStars Hand #248677493904: Tournament #3711020285, $1.84+$0.16 USD Hold'em No Limit - Level I (10/20) - 2024/02/04 11:01:43 CET [2024/02/04 5:01:43 ET]
Table '3711020285 1' 3-max Seat #2 is the button
Seat 1: IDACU (500 in chips) 
Seat 2: sashka1995hs (520 in chips) 
Seat 3: Mahu2021 (480 in chips) 
Mahu2021: posts small blind 10
IDACU: posts big blind 20
*** HOLE CARDS ***
Dealt to Mahu2021 [3h 8h]
sashka1995hs: folds 
Mahu2021: folds 
Uncalled bet (10) returned to IDACU
IDACU collected 20 from pot
IDACU: doesn't show hand 
*** SUMMARY ***
Total pot 20 | Rake 0 
Seat 1: IDACU (big blind) collected (20)
Seat 2: sashka1995hs (button) folded before Flop (didn't bet)
Seat 3: Mahu2021 (small blind) folded before Flop



PokerStars Hand #248677494547: Tournament #3711020285, $1.84+$0.16 USD Hold'em No Limit - Level I (10/20) - 2024/02/04 11:01:48 CET [2024/02/04 5:01:48 ET]
Table '3711020285 1' 3-max Seat #3 is the button
Seat 1: IDACU (510 in chips) 
Seat 2: sashka1995hs (520 in chips) 
Seat 3: Mahu2021 (470 in chips) 
IDACU: posts small blind 10
sashka1995hs: posts big blind 20
*** HOLE CARDS ***
Dealt to Mahu2021 [5c 2d]
Mahu2021: folds 
IDACU: raises 20 to 40
sashka1995hs: calls 20
*** FLOP *** [6h Qd Jc]
IDACU: checks 
sashka1995hs: checks 
*** TURN *** [6h Qd Jc] [8c]
IDACU: checks 
sashka1995hs: bets 30
IDACU: folds 
Uncalled bet (30) returned to sashka1995hs
sashka1995hs collected 80 from pot
*** SUMMARY ***
Total pot 80 | Rake 0 
Board [6h Qd Jc 8c]
Seat 1: IDACU (small blind) folded on the Turn
Seat 2: sashka1995hs (big blind) collected (80)
Seat 3: Mahu2021 (button) folded before Flop (didn't bet)



PokerStars Hand #248677498279: Tournament #3711020285, $1.84+$0.16 USD Hold'em No Limit - Level I (10/20) - 2024/02/04 11:02:13 CET [2024/02/04 5:02:13 ET]
Table '3711020285 1' 3-max Seat #1 is the button
Seat 1: IDACU (470 in chips) 
Seat 2: sashka1995hs (560 in chips) 
Seat 3: Mahu2021 (470 in chips) 
sashka1995hs: posts small blind 10
Mahu2021: posts big blind 20
*** HOLE CARDS ***
Dealt to Mahu2021 [6c 3c]
IDACU: raises 20 to 40
sashka1995hs: folds 
Mahu2021: calls 20
*** FLOP *** [4c 6h 7h]
Mahu2021: checks 
IDACU: bets 90
Mahu2021: calls 90
*** TURN *** [4c 6h 7h] [6d]
Mahu2021: checks 
IDACU: bets 340 and is all-in
Mahu2021: calls 340 and is all-in
*** RIVER *** [4c 6h 7h 6d] [7s]
*** SHOW DOWN ***
Mahu2021: shows [6c 3c] (a full house, Sixes full of Sevens)
IDACU: shows [Th Tc] (two pair, Tens and Sevens)
Mahu2021 collected 950 from pot
IDACU finished the tournament in 3rd place
*** SUMMARY ***
Total pot 950 | Rake 0 
Board [4c 6h 7h 6d 7s]
Seat 1: IDACU (button) showed [Th Tc] and lost with two pair, Tens and Sevens
Seat 2: sashka1995hs (small blind) folded before Flop
Seat 3: Mahu2021 (big blind) showed [6c 3c] and won (950) with a full house, Sixes full of Sevens



PokerStars Hand #248677501895: Tournament #3711020285, $1.84+$0.16 USD Hold'em No Limit - Level I (10/20) - 2024/02/04 11:02:38 CET [2024/02/04 5:02:38 ET]
Table '3711020285 1' 3-max Seat #3 is the button
Seat 2: sashka1995hs (550 in chips) 
Seat 3: Mahu2021 (950 in chips) 
Mahu2021: posts small blind 10
sashka1995hs: posts big blind 20
*** HOLE CARDS ***
Dealt to Mahu2021 [Ac 5h]
Mahu2021: calls 10
sashka1995hs: checks 
*** FLOP *** [Ad 6s Th]
sashka1995hs: checks 
Mahu2021: bets 40
sashka1995hs: folds 
Uncalled bet (40) returned to Mahu2021
Mahu2021 collected 40 from pot
Mahu2021: doesn't show hand 
*** SUMMARY ***
Total pot 40 | Rake 0 
Board [Ad 6s Th]
Seat 2: sashka1995hs (big blind) folded on the Flop
Seat 3: Mahu2021 (button) (small blind) collected (40)



PokerStars Hand #248677505541: Tournament #3711020285, $1.84+$0.16 USD Hold'em No Limit - Level I (10/20) - 2024/02/04 11:03:03 CET [2024/02/04 5:03:03 ET]
Table '3711020285 1' 3-max Seat #2 is the button
Seat 2: sashka1995hs (530 in chips) 
Seat 3: Mahu2021 (970 in chips) 
sashka1995hs: posts small blind 10
Mahu2021: posts big blind 20
*** HOLE CARDS ***
Dealt to Mahu2021 [3d Jh]
sashka1995hs: folds 
Uncalled bet (10) returned to Mahu2021
Mahu2021 collected 20 from pot
Mahu2021: doesn't show hand 
*** SUMMARY ***
Total pot 20 | Rake 0 
Seat 2: sashka1995hs (button) (small blind) folded before Flop
Seat 3: Mahu2021 (big blind) collected (20)



PokerStars Hand #248677506186: Tournament #3711020285, $1.84+$0.16 USD Hold'em No Limit - Level I (10/20) - 2024/02/04 11:03:07 CET [2024/02/04 5:03:07 ET]
Table '3711020285 1' 3-max Seat #3 is the button
Seat 2: sashka1995hs (520 in chips) 
Seat 3: Mahu2021 (980 in chips) 
Mahu2021: posts small blind 10
sashka1995hs: posts big blind 20
*** HOLE CARDS ***
Dealt to Mahu2021 [3h Qd]
Mahu2021: folds 
Uncalled bet (10) returned to sashka1995hs
sashka1995hs collected 20 from pot
*** SUMMARY ***
Total pot 20 | Rake 0 
Seat 2: sashka1995hs (big blind) collected (20)
Seat 3: Mahu2021 (button) (small blind) folded before Flop



PokerStars Hand #248677506847: Tournament #3711020285, $1.84+$0.16 USD Hold'em No Limit - Level I (10/20) - 2024/02/04 11:03:12 CET [2024/02/04 5:03:12 ET]
Table '3711020285 1' 3-max Seat #2 is the button
Seat 2: sashka1995hs (530 in chips) 
Seat 3: Mahu2021 (970 in chips) 
sashka1995hs: posts small blind 10
Mahu2021: posts big blind 20
*** HOLE CARDS ***
Dealt to Mahu2021 [Ks 9c]
sashka1995hs: folds 
Uncalled bet (10) returned to Mahu2021
Mahu2021 collected 20 from pot
Mahu2021: doesn't show hand 
*** SUMMARY ***
Total pot 20 | Rake 0 
Seat 2: sashka1995hs (button) (small blind) folded before Flop
Seat 3: Mahu2021 (big blind) collected (20)



PokerStars Hand #248677508002: Tournament #3711020285, $1.84+$0.16 USD Hold'em No Limit - Level I (10/20) - 2024/02/04 11:03:20 CET [2024/02/04 5:03:20 ET]
Table '3711020285 1' 3-max Seat #3 is the button
Seat 2: sashka1995hs (520 in chips) 
Seat 3: Mahu2021 (980 in chips) 
Mahu2021: posts small blind 10
sashka1995hs: posts big blind 20
*** HOLE CARDS ***
Dealt to Mahu2021 [Ks 6h]
Mahu2021: raises 20 to 40
sashka1995hs: calls 20
*** FLOP *** [9c Ad 8h]
sashka1995hs: checks 
Mahu2021: bets 40
sashka1995hs: folds 
Uncalled bet (40) returned to Mahu2021
Mahu2021 collected 80 from pot
Mahu2021: doesn't show hand 
*** SUMMARY ***
Total pot 80 | Rake 0 
Board [9c Ad 8h]
Seat 2: sashka1995hs (big blind) folded on the Flop
Seat 3: Mahu2021 (button) (small blind) collected (80)



PokerStars Hand #248677509911: Tournament #3711020285, $1.84+$0.16 USD Hold'em No Limit - Level I (10/20) - 2024/02/04 11:03:33 CET [2024/02/04 5:03:33 ET]
Table '3711020285 1' 3-max Seat #2 is the button
Seat 2: sashka1995hs (480 in chips) 
Seat 3: Mahu2021 (1020 in chips) 
sashka1995hs: posts small blind 10
Mahu2021: posts big blind 20
*** HOLE CARDS ***
Dealt to Mahu2021 [Kc 5s]
sashka1995hs: folds 
Uncalled bet (10) returned to Mahu2021
Mahu2021 collected 20 from pot
Mahu2021: doesn't show hand 
*** SUMMARY ***
Total pot 20 | Rake 0 
Seat 2: sashka1995hs (button) (small blind) folded before Flop
Seat 3: Mahu2021 (big blind) collected (20)



PokerStars Hand #248677510716: Tournament #3711020285, $1.84+$0.16 USD Hold'em No Limit - Level I (10/20) - 2024/02/04 11:03:38 CET [2024/02/04 5:03:38 ET]
Table '3711020285 1' 3-max Seat #3 is the button
Seat 2: sashka1995hs (470 in chips) 
Seat 3: Mahu2021 (1030 in chips) 
Mahu2021: posts small blind 10
sashka1995hs: posts big blind 20
*** HOLE CARDS ***
Dealt to Mahu2021 [5c 8s]
Mahu2021: calls 10
sashka1995hs: checks 
*** FLOP *** [6s Jc 3d]
sashka1995hs: checks 
Mahu2021: bets 20
sashka1995hs: folds 
Uncalled bet (20) returned to Mahu2021
Mahu2021 collected 40 from pot
Mahu2021: doesn't show hand 
*** SUMMARY ***
Total pot 40 | Rake 0 
Board [6s Jc 3d]
Seat 2: sashka1995hs (big blind) folded on the Flop
Seat 3: Mahu2021 (button) (small blind) collected (40)



PokerStars Hand #248677513005: Tournament #3711020285, $1.84+$0.16 USD Hold'em No Limit - Level I (10/20) - 2024/02/04 11:03:54 CET [2024/02/04 5:03:54 ET]
Table '3711020285 1' 3-max Seat #2 is the button
Seat 2: sashka1995hs (450 in chips) 
Seat 3: Mahu2021 (1050 in chips) 
sashka1995hs: posts small blind 10
Mahu2021: posts big blind 20
*** HOLE CARDS ***
Dealt to Mahu2021 [2d 5s]
sashka1995hs: folds 
Uncalled bet (10) returned to Mahu2021
Mahu2021 collected 20 from pot
Mahu2021: doesn't show hand 
*** SUMMARY ***
Total pot 20 | Rake 0 
Seat 2: sashka1995hs (button) (small blind) folded before Flop
Seat 3: Mahu2021 (big blind) collected (20)



PokerStars Hand #248677514408: Tournament #3711020285, $1.84+$0.16 USD Hold'em No Limit - Level I (10/20) - 2024/02/04 11:04:03 CET [2024/02/04 5:04:03 ET]
Table '3711020285 1' 3-max Seat #3 is the button
Seat 2: sashka1995hs (440 in chips) 
Seat 3: Mahu2021 (1060 in chips) 
Mahu2021: posts small blind 10
sashka1995hs: posts big blind 20
*** HOLE CARDS ***
Dealt to Mahu2021 [Ts Qc]
Mahu2021: raises 40 to 60
sashka1995hs: folds 
Uncalled bet (40) returned to Mahu2021
Mahu2021 collected 40 from pot
Mahu2021: doesn't show hand 
*** SUMMARY ***
Total pot 40 | Rake 0 
Seat 2: sashka1995hs (big blind) folded before Flop
Seat 3: Mahu2021 (button) (small blind) collected (40)



PokerStars Hand #248677515544: Tournament #3711020285, $1.84+$0.16 USD Hold'em No Limit - Level I (10/20) - 2024/02/04 11:04:11 CET [2024/02/04 5:04:11 ET]
Table '3711020285 1' 3-max Seat #2 is the button
Seat 2: sashka1995hs (420 in chips) 
Seat 3: Mahu2021 (1080 in chips) 
sashka1995hs: posts small blind 10
Mahu2021: posts big blind 20
*** HOLE CARDS ***
Dealt to Mahu2021 [Td Jh]
sashka1995hs: calls 10
Mahu2021: raises 40 to 60
sashka1995hs: folds 
Uncalled bet (40) returned to Mahu2021
Mahu2021 collected 40 from pot
Mahu2021: doesn't show hand 
*** SUMMARY ***
Total pot 40 | Rake 0 
Seat 2: sashka1995hs (button) (small blind) folded before Flop
Seat 3: Mahu2021 (big blind) collected (40)



PokerStars Hand #248677517075: Tournament #3711020285, $1.84+$0.16 USD Hold'em No Limit - Level I (10/20) - 2024/02/04 11:04:21 CET [2024/02/04 5:04:21 ET]
Table '3711020285 1' 3-max Seat #3 is the button
Seat 2: sashka1995hs (400 in chips) 
Seat 3: Mahu2021 (1100 in chips) 
Mahu2021: posts small blind 10
sashka1995hs: posts big blind 20
*** HOLE CARDS ***
Dealt to Mahu2021 [9c 3c]
Mahu2021: folds 
Uncalled bet (10) returned to sashka1995hs
sashka1995hs collected 20 from pot
*** SUMMARY ***
Total pot 20 | Rake 0 
Seat 2: sashka1995hs (big blind) collected (20)
Seat 3: Mahu2021 (button) (small blind) folded before Flop



PokerStars Hand #248677519050: Tournament #3711020285, $1.84+$0.16 USD Hold'em No Limit - Level II (15/30) - 2024/02/04 11:04:35 CET [2024/02/04 5:04:35 ET]
Table '3711020285 1' 3-max Seat #2 is the button
Seat 2: sashka1995hs (410 in chips) 
Seat 3: Mahu2021 (1090 in chips) 
sashka1995hs: posts small blind 15
Mahu2021: posts big blind 30
*** HOLE CARDS ***
Dealt to Mahu2021 [8d As]
sashka1995hs: calls 15
Mahu2021: raises 60 to 90
sashka1995hs: calls 60
*** FLOP *** [2c 3d Ts]
Mahu2021: checks 
sashka1995hs: checks 
*** TURN *** [2c 3d Ts] [9c]
Mahu2021: checks 
sashka1995hs: checks 
*** RIVER *** [2c 3d Ts 9c] [Kd]
Mahu2021: checks 
sashka1995hs: bets 30
Mahu2021: folds 
Uncalled bet (30) returned to sashka1995hs
sashka1995hs collected 180 from pot
*** SUMMARY ***
Total pot 180 | Rake 0 
Board [2c 3d Ts 9c Kd]
Seat 2: sashka1995hs (button) (small blind) collected (180)
Seat 3: Mahu2021 (big blind) folded on the River



PokerStars Hand #248677522356: Tournament #3711020285, $1.84+$0.16 USD Hold'em No Limit - Level II (15/30) - 2024/02/04 11:04:57 CET [2024/02/04 5:04:57 ET]
Table '3711020285 1' 3-max Seat #3 is the button
Seat 2: sashka1995hs (500 in chips) 
Seat 3: Mahu2021 (1000 in chips) 
Mahu2021: posts small blind 15
sashka1995hs: posts big blind 30
*** HOLE CARDS ***
Dealt to Mahu2021 [6d 7c]
Mahu2021: calls 15
sashka1995hs: checks 
*** FLOP *** [7s 6s 4s]
sashka1995hs: checks 
Mahu2021: bets 30
sashka1995hs: folds 
Uncalled bet (30) returned to Mahu2021
Mahu2021 collected 60 from pot
Mahu2021: doesn't show hand 
*** SUMMARY ***
Total pot 60 | Rake 0 
Board [7s 6s 4s]
Seat 2: sashka1995hs (big blind) folded on the Flop
Seat 3: Mahu2021 (button) (small blind) collected (60)



PokerStars Hand #248677524956: Tournament #3711020285, $1.84+$0.16 USD Hold'em No Limit - Level II (15/30) - 2024/02/04 11:05:14 CET [2024/02/04 5:05:14 ET]
Table '3711020285 1' 3-max Seat #2 is the button
Seat 2: sashka1995hs (470 in chips) 
Seat 3: Mahu2021 (1030 in chips) 
sashka1995hs: posts small blind 15
Mahu2021: posts big blind 30
*** HOLE CARDS ***
Dealt to Mahu2021 [5s 6h]
sashka1995hs: folds 
Uncalled bet (15) returned to Mahu2021
Mahu2021 collected 30 from pot
Mahu2021: doesn't show hand 
*** SUMMARY ***
Total pot 30 | Rake 0 
Seat 2: sashka1995hs (button) (small blind) folded before Flop
Seat 3: Mahu2021 (big blind) collected (30)



PokerStars Hand #248677525676: Tournament #3711020285, $1.84+$0.16 USD Hold'em No Limit - Level II (15/30) - 2024/02/04 11:05:18 CET [2024/02/04 5:05:18 ET]
Table '3711020285 1' 3-max Seat #3 is the button
Seat 2: sashka1995hs (455 in chips) 
Seat 3: Mahu2021 (1045 in chips) 
Mahu2021: posts small blind 15
sashka1995hs: posts big blind 30
*** HOLE CARDS ***
Dealt to Mahu2021 [3d 3h]
Mahu2021: raises 30 to 60
sashka1995hs: calls 30
*** FLOP *** [3c 8c 5d]
sashka1995hs: checks 
Mahu2021: bets 30
sashka1995hs: calls 30
*** TURN *** [3c 8c 5d] [6s]
sashka1995hs: checks 
Mahu2021: bets 30
sashka1995hs: calls 30
*** RIVER *** [3c 8c 5d 6s] [Qd]
sashka1995hs: checks 
Mahu2021: bets 30
sashka1995hs: calls 30
*** SHOW DOWN ***
Mahu2021: shows [3d 3h] (three of a kind, Threes)
sashka1995hs: mucks hand 
Mahu2021 collected 300 from pot
*** SUMMARY ***
Total pot 300 | Rake 0 
Board [3c 8c 5d 6s Qd]
Seat 2: sashka1995hs (big blind) mucked [7d 6c]
Seat 3: Mahu2021 (button) (small blind) showed [3d 3h] and won (300) with three of a kind, Threes



PokerStars Hand #248677528836: Tournament #3711020285, $1.84+$0.16 USD Hold'em No Limit - Level II (15/30) - 2024/02/04 11:05:40 CET [2024/02/04 5:05:40 ET]
Table '3711020285 1' 3-max Seat #2 is the button
Seat 2: sashka1995hs (305 in chips) 
Seat 3: Mahu2021 (1195 in chips) 
sashka1995hs: posts small blind 15
Mahu2021: posts big blind 30
*** HOLE CARDS ***
Dealt to Mahu2021 [Jh Qd]
sashka1995hs: raises 30 to 60
Mahu2021: calls 30
*** FLOP *** [6c 5h Jd]
Mahu2021: bets 1135 and is all-in
sashka1995hs: folds 
Uncalled bet (1135) returned to Mahu2021
Mahu2021 collected 120 from pot
Mahu2021: doesn't show hand 
*** SUMMARY ***
Total pot 120 | Rake 0 
Board [6c 5h Jd]
Seat 2: sashka1995hs (button) (small blind) folded on the Flop
Seat 3: Mahu2021 (big blind) collected (120)



PokerStars Hand #248677530709: Tournament #3711020285, $1.84+$0.16 USD Hold'em No Limit - Level II (15/30) - 2024/02/04 11:05:52 CET [2024/02/04 5:05:52 ET]
Table '3711020285 1' 3-max Seat #3 is the button
Seat 2: sashka1995hs (245 in chips) 
Seat 3: Mahu2021 (1255 in chips) 
Mahu2021: posts small blind 15
sashka1995hs: posts big blind 30
*** HOLE CARDS ***
Dealt to Mahu2021 [8d Kd]
Mahu2021: raises 30 to 60
sashka1995hs: calls 30
*** FLOP *** [Tc 2h 6h]
sashka1995hs: checks 
Mahu2021: checks 
*** TURN *** [Tc 2h 6h] [8h]
sashka1995hs: bets 185 and is all-in
Mahu2021: calls 185
*** RIVER *** [Tc 2h 6h 8h] [Jh]
*** SHOW DOWN ***
sashka1995hs: shows [Th 7d] (a flush, Jack high)
Mahu2021: shows [8d Kd] (a pair of Eights)
sashka1995hs collected 490 from pot
*** SUMMARY ***
Total pot 490 | Rake 0 
Board [Tc 2h 6h 8h Jh]
Seat 2: sashka1995hs (big blind) showed [Th 7d] and won (490) with a flush, Jack high
Seat 3: Mahu2021 (button) (small blind) showed [8d Kd] and lost with a pair of Eights



PokerStars Hand #248677533277: Tournament #3711020285, $1.84+$0.16 USD Hold'em No Limit - Level II (15/30) - 2024/02/04 11:06:09 CET [2024/02/04 5:06:09 ET]
Table '3711020285 1' 3-max Seat #2 is the button
Seat 2: sashka1995hs (490 in chips) 
Seat 3: Mahu2021 (1010 in chips) 
sashka1995hs: posts small blind 15
Mahu2021: posts big blind 30
*** HOLE CARDS ***
Dealt to Mahu2021 [Th As]
sashka1995hs: calls 15
Mahu2021: raises 60 to 90
sashka1995hs: calls 60
*** FLOP *** [2c Qh 9d]
Mahu2021: checks 
sashka1995hs: checks 
*** TURN *** [2c Qh 9d] [5c]
Mahu2021: checks 
sashka1995hs: checks 
*** RIVER *** [2c Qh 9d 5c] [Kh]
Mahu2021: checks 
sashka1995hs: bets 60
Mahu2021: calls 60
*** SHOW DOWN ***
sashka1995hs: shows [Kc 7s] (a pair of Kings)
Mahu2021: mucks hand 
sashka1995hs collected 300 from pot
*** SUMMARY ***
Total pot 300 | Rake 0 
Board [2c Qh 9d 5c Kh]
Seat 2: sashka1995hs (button) (small blind) showed [Kc 7s] and won (300) with a pair of Kings
Seat 3: Mahu2021 (big blind) mucked [Th As]



PokerStars Hand #248677537902: Tournament #3711020285, $1.84+$0.16 USD Hold'em No Limit - Level II (15/30) - 2024/02/04 11:06:40 CET [2024/02/04 5:06:40 ET]
Table '3711020285 1' 3-max Seat #3 is the button
Seat 2: sashka1995hs (640 in chips) 
Seat 3: Mahu2021 (860 in chips) 
Mahu2021: posts small blind 15
sashka1995hs: posts big blind 30
*** HOLE CARDS ***
Dealt to Mahu2021 [5c 3c]
Mahu2021: calls 15
sashka1995hs: checks 
*** FLOP *** [2h Jd Qh]
sashka1995hs: bets 30
Mahu2021: folds 
Uncalled bet (30) returned to sashka1995hs
sashka1995hs collected 60 from pot
*** SUMMARY ***
Total pot 60 | Rake 0 
Board [2h Jd Qh]
Seat 2: sashka1995hs (big blind) collected (60)
Seat 3: Mahu2021 (button) (small blind) folded on the Flop



PokerStars Hand #248677541549: Tournament #3711020285, $1.84+$0.16 USD Hold'em No Limit - Level II (15/30) - 2024/02/04 11:07:05 CET [2024/02/04 5:07:05 ET]
Table '3711020285 1' 3-max Seat #2 is the button
Seat 2: sashka1995hs (670 in chips) 
Seat 3: Mahu2021 (830 in chips) 
sashka1995hs: posts small blind 15
Mahu2021: posts big blind 30
*** HOLE CARDS ***
Dealt to Mahu2021 [8d 4c]
sashka1995hs: raises 30 to 60
Mahu2021: folds 
Uncalled bet (30) returned to sashka1995hs
sashka1995hs collected 60 from pot
*** SUMMARY ***
Total pot 60 | Rake 0 
Seat 2: sashka1995hs (button) (small blind) collected (60)
Seat 3: Mahu2021 (big blind) folded before Flop



PokerStars Hand #248677542459: Tournament #3711020285, $1.84+$0.16 USD Hold'em No Limit - Level II (15/30) - 2024/02/04 11:07:11 CET [2024/02/04 5:07:11 ET]
Table '3711020285 1' 3-max Seat #3 is the button
Seat 2: sashka1995hs (700 in chips) 
Seat 3: Mahu2021 (800 in chips) 
Mahu2021: posts small blind 15
sashka1995hs: posts big blind 30
*** HOLE CARDS ***
Dealt to Mahu2021 [8c 8d]
Mahu2021: raises 770 to 800 and is all-in
sashka1995hs: calls 670 and is all-in
Uncalled bet (100) returned to Mahu2021
*** FLOP *** [Kd 3s Jd]
*** TURN *** [Kd 3s Jd] [2s]
*** RIVER *** [Kd 3s Jd 2s] [7c]
*** SHOW DOWN ***
sashka1995hs: shows [As Ts] (high card Ace)
Mahu2021: shows [8c 8d] (a pair of Eights)
Mahu2021 collected 1400 from pot
sashka1995hs finished the tournament in 2nd place
Mahu2021 wins the tournament and receives $8.00 - congratulations!
*** SUMMARY ***
Total pot 1400 | Rake 0 
Board [Kd 3s Jd 2s 7c]
Seat 2: sashka1995hs (big blind) showed [As Ts] and lost with high card Ace
Seat 3: Mahu2021 (button) (small blind) showed [8c 8d] and won (1400) with a pair of Eights



