PokerStars Hand #247052398381: Tournament #3671904762, $1.84+$0.16 USD Hold'em No Limit - Level I (10/20) - 2023/11/11 20:13:50 CET [2023/11/11 14:13:50 ET]
Table '3671904762 1' 3-max Seat #1 is the button
Seat 1: woland (500 in chips) 
Seat 2: Mahu2021 (500 in chips) 
Seat 3: Nicko Buko (500 in chips) 
Mahu2021: posts small blind 10
Nicko Buko: posts big blind 20
*** HOLE CARDS ***
Dealt to Mahu2021 [9h Js]
woland: folds 
Mahu2021: calls 10
Nicko Buko: checks 
*** FLOP *** [Kd 7d 8c]
Mahu2021: checks 
Nicko Buko: checks 
*** TURN *** [Kd 7d 8c] [6c]
Mahu2021: bets 20
Nicko Buko: folds 
Uncalled bet (20) returned to Mahu2021
Mahu2021 collected 40 from pot
Mahu2021: doesn't show hand 
*** SUMMARY ***
Total pot 40 | Rake 0 
Board [Kd 7d 8c 6c]
Seat 1: woland (button) folded before Flop (didn't bet)
Seat 2: Mahu2021 (small blind) collected (40)
Seat 3: Nicko Buko (big blind) folded on the Turn



PokerStars Hand #247052404649: Tournament #3671904762, $1.84+$0.16 USD Hold'em No Limit - Level I (10/20) - 2023/11/11 20:14:07 CET [2023/11/11 14:14:07 ET]
Table '3671904762 1' 3-max Seat #2 is the button
Seat 1: woland (500 in chips) 
Seat 2: Mahu2021 (520 in chips) 
Seat 3: Nicko Buko (480 in chips) 
Nicko Buko: posts small blind 10
woland: posts big blind 20
*** HOLE CARDS ***
Dealt to Mahu2021 [7d Qc]
Mahu2021: folds 
Nicko Buko: raises 20 to 40
woland: folds 
Uncalled bet (20) returned to Nicko Buko
Nicko Buko collected 40 from pot
Nicko Buko: doesn't show hand 
*** SUMMARY ***
Total pot 40 | Rake 0 
Seat 1: woland (big blind) folded before Flop
Seat 2: Mahu2021 (button) folded before Flop (didn't bet)
Seat 3: Nicko Buko (small blind) collected (40)



PokerStars Hand #247052408205: Tournament #3671904762, $1.84+$0.16 USD Hold'em No Limit - Level I (10/20) - 2023/11/11 20:14:17 CET [2023/11/11 14:14:17 ET]
Table '3671904762 1' 3-max Seat #3 is the button
Seat 1: woland (480 in chips) 
Seat 2: Mahu2021 (520 in chips) 
Seat 3: Nicko Buko (500 in chips) 
woland: posts small blind 10
Mahu2021: posts big blind 20
*** HOLE CARDS ***
Dealt to Mahu2021 [Qc Ah]
Nicko Buko: folds 
woland: calls 10
Mahu2021: raises 60 to 80
woland: folds 
Uncalled bet (60) returned to Mahu2021
Mahu2021 collected 40 from pot
Mahu2021: doesn't show hand 
*** SUMMARY ***
Total pot 40 | Rake 0 
Seat 1: woland (small blind) folded before Flop
Seat 2: Mahu2021 (big blind) collected (40)
Seat 3: Nicko Buko (button) folded before Flop (didn't bet)



PokerStars Hand #247052411544: Tournament #3671904762, $1.84+$0.16 USD Hold'em No Limit - Level I (10/20) - 2023/11/11 20:14:26 CET [2023/11/11 14:14:26 ET]
Table '3671904762 1' 3-max Seat #1 is the button
Seat 1: woland (460 in chips) 
Seat 2: Mahu2021 (540 in chips) 
Seat 3: Nicko Buko (500 in chips) 
Mahu2021: posts small blind 10
Nicko Buko: posts big blind 20
*** HOLE CARDS ***
Dealt to Mahu2021 [4s 3c]
woland: calls 20
Mahu2021: calls 10
Nicko Buko: raises 480 to 500 and is all-in
woland: folds 
Mahu2021: folds 
Uncalled bet (480) returned to Nicko Buko
Nicko Buko collected 60 from pot
Nicko Buko: doesn't show hand 
*** SUMMARY ***
Total pot 60 | Rake 0 
Seat 1: woland (button) folded before Flop
Seat 2: Mahu2021 (small blind) folded before Flop
Seat 3: Nicko Buko (big blind) collected (60)



PokerStars Hand #247052417893: Tournament #3671904762, $1.84+$0.16 USD Hold'em No Limit - Level I (10/20) - 2023/11/11 20:14:44 CET [2023/11/11 14:14:44 ET]
Table '3671904762 1' 3-max Seat #2 is the button
Seat 1: woland (440 in chips) 
Seat 2: Mahu2021 (520 in chips) 
Seat 3: Nicko Buko (540 in chips) 
Nicko Buko: posts small blind 10
woland: posts big blind 20
*** HOLE CARDS ***
Dealt to Mahu2021 [7d 3d]
Mahu2021: folds 
Nicko Buko: calls 10
woland: checks 
*** FLOP *** [Js 6s Jc]
Nicko Buko: checks 
woland: checks 
*** TURN *** [Js 6s Jc] [Kc]
Nicko Buko: bets 40
woland: folds 
Uncalled bet (40) returned to Nicko Buko
Nicko Buko collected 40 from pot
Nicko Buko: doesn't show hand 
*** SUMMARY ***
Total pot 40 | Rake 0 
Board [Js 6s Jc Kc]
Seat 1: woland (big blind) folded on the Turn
Seat 2: Mahu2021 (button) folded before Flop (didn't bet)
Seat 3: Nicko Buko (small blind) collected (40)



PokerStars Hand #247052424585: Tournament #3671904762, $1.84+$0.16 USD Hold'em No Limit - Level I (10/20) - 2023/11/11 20:15:03 CET [2023/11/11 14:15:03 ET]
Table '3671904762 1' 3-max Seat #3 is the button
Seat 1: woland (420 in chips) 
Seat 2: Mahu2021 (520 in chips) 
Seat 3: Nicko Buko (560 in chips) 
woland: posts small blind 10
Mahu2021: posts big blind 20
*** HOLE CARDS ***
Dealt to Mahu2021 [8s 2c]
Nicko Buko: folds 
woland: folds 
Uncalled bet (10) returned to Mahu2021
Mahu2021 collected 20 from pot
Mahu2021: doesn't show hand 
*** SUMMARY ***
Total pot 20 | Rake 0 
Seat 1: woland (small blind) folded before Flop
Seat 2: Mahu2021 (big blind) collected (20)
Seat 3: Nicko Buko (button) folded before Flop (didn't bet)



PokerStars Hand #247052427213: Tournament #3671904762, $1.84+$0.16 USD Hold'em No Limit - Level I (10/20) - 2023/11/11 20:15:10 CET [2023/11/11 14:15:10 ET]
Table '3671904762 1' 3-max Seat #1 is the button
Seat 1: woland (410 in chips) 
Seat 2: Mahu2021 (530 in chips) 
Seat 3: Nicko Buko (560 in chips) 
Mahu2021: posts small blind 10
Nicko Buko: posts big blind 20
*** HOLE CARDS ***
Dealt to Mahu2021 [4c 9d]
woland: folds 
Mahu2021: folds 
Uncalled bet (10) returned to Nicko Buko
Nicko Buko collected 20 from pot
Nicko Buko: doesn't show hand 
*** SUMMARY ***
Total pot 20 | Rake 0 
Seat 1: woland (button) folded before Flop (didn't bet)
Seat 2: Mahu2021 (small blind) folded before Flop
Seat 3: Nicko Buko (big blind) collected (20)



PokerStars Hand #247052429938: Tournament #3671904762, $1.84+$0.16 USD Hold'em No Limit - Level I (10/20) - 2023/11/11 20:15:18 CET [2023/11/11 14:15:18 ET]
Table '3671904762 1' 3-max Seat #2 is the button
Seat 1: woland (410 in chips) 
Seat 2: Mahu2021 (520 in chips) 
Seat 3: Nicko Buko (570 in chips) 
Nicko Buko: posts small blind 10
woland: posts big blind 20
*** HOLE CARDS ***
Dealt to Mahu2021 [Qs Tc]
Mahu2021: raises 20 to 40
Nicko Buko: folds 
woland: folds 
Uncalled bet (20) returned to Mahu2021
Mahu2021 collected 50 from pot
Mahu2021: doesn't show hand 
*** SUMMARY ***
Total pot 50 | Rake 0 
Seat 1: woland (big blind) folded before Flop
Seat 2: Mahu2021 (button) collected (50)
Seat 3: Nicko Buko (small blind) folded before Flop



PokerStars Hand #247052432372: Tournament #3671904762, $1.84+$0.16 USD Hold'em No Limit - Level I (10/20) - 2023/11/11 20:15:25 CET [2023/11/11 14:15:25 ET]
Table '3671904762 1' 3-max Seat #3 is the button
Seat 1: woland (390 in chips) 
Seat 2: Mahu2021 (550 in chips) 
Seat 3: Nicko Buko (560 in chips) 
woland: posts small blind 10
Mahu2021: posts big blind 20
*** HOLE CARDS ***
Dealt to Mahu2021 [7c 9s]
Nicko Buko: folds 
woland: raises 20 to 40
Mahu2021: calls 20
*** FLOP *** [5s Qc Qh]
woland: checks 
Mahu2021: checks 
*** TURN *** [5s Qc Qh] [6h]
woland: checks 
Mahu2021: checks 
*** RIVER *** [5s Qc Qh 6h] [9d]
woland: bets 80
Mahu2021: calls 80
*** SHOW DOWN ***
woland: shows [Qs Kc] (three of a kind, Queens)
Mahu2021: mucks hand 
woland collected 240 from pot
*** SUMMARY ***
Total pot 240 | Rake 0 
Board [5s Qc Qh 6h 9d]
Seat 1: woland (small blind) showed [Qs Kc] and won (240) with three of a kind, Queens
Seat 2: Mahu2021 (big blind) mucked [7c 9s]
Seat 3: Nicko Buko (button) folded before Flop (didn't bet)



PokerStars Hand #247052440456: Tournament #3671904762, $1.84+$0.16 USD Hold'em No Limit - Level I (10/20) - 2023/11/11 20:15:47 CET [2023/11/11 14:15:47 ET]
Table '3671904762 1' 3-max Seat #1 is the button
Seat 1: woland (510 in chips) 
Seat 2: Mahu2021 (430 in chips) 
Seat 3: Nicko Buko (560 in chips) 
Mahu2021: posts small blind 10
Nicko Buko: posts big blind 20
*** HOLE CARDS ***
Dealt to Mahu2021 [9c 4h]
woland: folds 
Mahu2021: folds 
Uncalled bet (10) returned to Nicko Buko
Nicko Buko collected 20 from pot
Nicko Buko: doesn't show hand 
*** SUMMARY ***
Total pot 20 | Rake 0 
Seat 1: woland (button) folded before Flop (didn't bet)
Seat 2: Mahu2021 (small blind) folded before Flop
Seat 3: Nicko Buko (big blind) collected (20)



PokerStars Hand #247052444544: Tournament #3671904762, $1.84+$0.16 USD Hold'em No Limit - Level II (15/30) - 2023/11/11 20:15:59 CET [2023/11/11 14:15:59 ET]
Table '3671904762 1' 3-max Seat #2 is the button
Seat 1: woland (510 in chips) 
Seat 2: Mahu2021 (420 in chips) 
Seat 3: Nicko Buko (570 in chips) 
Nicko Buko: posts small blind 15
woland: posts big blind 30
*** HOLE CARDS ***
Dealt to Mahu2021 [7s 3h]
Mahu2021: folds 
Nicko Buko: folds 
Uncalled bet (15) returned to woland
woland collected 30 from pot
woland: doesn't show hand 
*** SUMMARY ***
Total pot 30 | Rake 0 
Seat 1: woland (big blind) collected (30)
Seat 2: Mahu2021 (button) folded before Flop (didn't bet)
Seat 3: Nicko Buko (small blind) folded before Flop



PokerStars Hand #247052446663: Tournament #3671904762, $1.84+$0.16 USD Hold'em No Limit - Level II (15/30) - 2023/11/11 20:16:05 CET [2023/11/11 14:16:05 ET]
Table '3671904762 1' 3-max Seat #3 is the button
Seat 1: woland (525 in chips) 
Seat 2: Mahu2021 (420 in chips) 
Seat 3: Nicko Buko (555 in chips) 
woland: posts small blind 15
Mahu2021: posts big blind 30
*** HOLE CARDS ***
Dealt to Mahu2021 [5s 3h]
Nicko Buko: folds 
woland: folds 
Uncalled bet (15) returned to Mahu2021
Mahu2021 collected 30 from pot
Mahu2021: doesn't show hand 
*** SUMMARY ***
Total pot 30 | Rake 0 
Seat 1: woland (small blind) folded before Flop
Seat 2: Mahu2021 (big blind) collected (30)
Seat 3: Nicko Buko (button) folded before Flop (didn't bet)



PokerStars Hand #247052448560: Tournament #3671904762, $1.84+$0.16 USD Hold'em No Limit - Level II (15/30) - 2023/11/11 20:16:10 CET [2023/11/11 14:16:10 ET]
Table '3671904762 1' 3-max Seat #1 is the button
Seat 1: woland (510 in chips) 
Seat 2: Mahu2021 (435 in chips) 
Seat 3: Nicko Buko (555 in chips) 
Mahu2021: posts small blind 15
Nicko Buko: posts big blind 30
*** HOLE CARDS ***
Dealt to Mahu2021 [5h 9c]
woland: folds 
Mahu2021: folds 
Uncalled bet (15) returned to Nicko Buko
Nicko Buko collected 30 from pot
Nicko Buko: doesn't show hand 
*** SUMMARY ***
Total pot 30 | Rake 0 
Seat 1: woland (button) folded before Flop (didn't bet)
Seat 2: Mahu2021 (small blind) folded before Flop
Seat 3: Nicko Buko (big blind) collected (30)



PokerStars Hand #247052450214: Tournament #3671904762, $1.84+$0.16 USD Hold'em No Limit - Level II (15/30) - 2023/11/11 20:16:15 CET [2023/11/11 14:16:15 ET]
Table '3671904762 1' 3-max Seat #2 is the button
Seat 1: woland (510 in chips) 
Seat 2: Mahu2021 (420 in chips) 
Seat 3: Nicko Buko (570 in chips) 
Nicko Buko: posts small blind 15
woland: posts big blind 30
*** HOLE CARDS ***
Dealt to Mahu2021 [Kd Jd]
Mahu2021: raises 30 to 60
Nicko Buko: folds 
woland: folds 
Uncalled bet (30) returned to Mahu2021
Mahu2021 collected 75 from pot
Mahu2021: doesn't show hand 
*** SUMMARY ***
Total pot 75 | Rake 0 
Seat 1: woland (big blind) folded before Flop
Seat 2: Mahu2021 (button) collected (75)
Seat 3: Nicko Buko (small blind) folded before Flop



PokerStars Hand #247052452402: Tournament #3671904762, $1.84+$0.16 USD Hold'em No Limit - Level II (15/30) - 2023/11/11 20:16:21 CET [2023/11/11 14:16:21 ET]
Table '3671904762 1' 3-max Seat #3 is the button
Seat 1: woland (480 in chips) 
Seat 2: Mahu2021 (465 in chips) 
Seat 3: Nicko Buko (555 in chips) 
woland: posts small blind 15
Mahu2021: posts big blind 30
*** HOLE CARDS ***
Dealt to Mahu2021 [3c 7d]
Nicko Buko: folds 
woland: folds 
Uncalled bet (15) returned to Mahu2021
Mahu2021 collected 30 from pot
Mahu2021: doesn't show hand 
*** SUMMARY ***
Total pot 30 | Rake 0 
Seat 1: woland (small blind) folded before Flop
Seat 2: Mahu2021 (big blind) collected (30)
Seat 3: Nicko Buko (button) folded before Flop (didn't bet)



PokerStars Hand #247052454097: Tournament #3671904762, $1.84+$0.16 USD Hold'em No Limit - Level II (15/30) - 2023/11/11 20:16:25 CET [2023/11/11 14:16:25 ET]
Table '3671904762 1' 3-max Seat #1 is the button
Seat 1: woland (465 in chips) 
Seat 2: Mahu2021 (480 in chips) 
Seat 3: Nicko Buko (555 in chips) 
Mahu2021: posts small blind 15
Nicko Buko: posts big blind 30
*** HOLE CARDS ***
Dealt to Mahu2021 [7d 5h]
woland: folds 
Mahu2021: folds 
Uncalled bet (15) returned to Nicko Buko
Nicko Buko collected 30 from pot
Nicko Buko: doesn't show hand 
*** SUMMARY ***
Total pot 30 | Rake 0 
Seat 1: woland (button) folded before Flop (didn't bet)
Seat 2: Mahu2021 (small blind) folded before Flop
Seat 3: Nicko Buko (big blind) collected (30)



PokerStars Hand #247052456020: Tournament #3671904762, $1.84+$0.16 USD Hold'em No Limit - Level II (15/30) - 2023/11/11 20:16:31 CET [2023/11/11 14:16:31 ET]
Table '3671904762 1' 3-max Seat #2 is the button
Seat 1: woland (465 in chips) 
Seat 2: Mahu2021 (465 in chips) 
Seat 3: Nicko Buko (570 in chips) 
Nicko Buko: posts small blind 15
woland: posts big blind 30
*** HOLE CARDS ***
Dealt to Mahu2021 [Kh 5c]
Mahu2021: folds 
Nicko Buko: raises 30 to 60
woland: calls 30
*** FLOP *** [Kd 8s 9d]
Nicko Buko: bets 30
woland: calls 30
*** TURN *** [Kd 8s 9d] [3h]
Nicko Buko: bets 90
woland: folds 
Uncalled bet (90) returned to Nicko Buko
Nicko Buko collected 180 from pot
Nicko Buko: doesn't show hand 
*** SUMMARY ***
Total pot 180 | Rake 0 
Board [Kd 8s 9d 3h]
Seat 1: woland (big blind) folded on the Turn
Seat 2: Mahu2021 (button) folded before Flop (didn't bet)
Seat 3: Nicko Buko (small blind) collected (180)



PokerStars Hand #247052465794: Tournament #3671904762, $1.84+$0.16 USD Hold'em No Limit - Level II (15/30) - 2023/11/11 20:16:58 CET [2023/11/11 14:16:58 ET]
Table '3671904762 1' 3-max Seat #3 is the button
Seat 1: woland (375 in chips) 
Seat 2: Mahu2021 (465 in chips) 
Seat 3: Nicko Buko (660 in chips) 
woland: posts small blind 15
Mahu2021: posts big blind 30
*** HOLE CARDS ***
Dealt to Mahu2021 [Ad As]
Nicko Buko: folds 
woland: folds 
Uncalled bet (15) returned to Mahu2021
Mahu2021 collected 30 from pot
Mahu2021: doesn't show hand 
*** SUMMARY ***
Total pot 30 | Rake 0 
Seat 1: woland (small blind) folded before Flop
Seat 2: Mahu2021 (big blind) collected (30)
Seat 3: Nicko Buko (button) folded before Flop (didn't bet)



PokerStars Hand #247052467448: Tournament #3671904762, $1.84+$0.16 USD Hold'em No Limit - Level II (15/30) - 2023/11/11 20:17:03 CET [2023/11/11 14:17:03 ET]
Table '3671904762 1' 3-max Seat #1 is the button
Seat 1: woland (360 in chips) 
Seat 2: Mahu2021 (480 in chips) 
Seat 3: Nicko Buko (660 in chips) 
Mahu2021: posts small blind 15
Nicko Buko: posts big blind 30
*** HOLE CARDS ***
Dealt to Mahu2021 [3s 9d]
woland: raises 330 to 360 and is all-in
Mahu2021: folds 
Nicko Buko: folds 
Uncalled bet (330) returned to woland
woland collected 75 from pot
woland: doesn't show hand 
*** SUMMARY ***
Total pot 75 | Rake 0 
Seat 1: woland (button) collected (75)
Seat 2: Mahu2021 (small blind) folded before Flop
Seat 3: Nicko Buko (big blind) folded before Flop



PokerStars Hand #247052470013: Tournament #3671904762, $1.84+$0.16 USD Hold'em No Limit - Level II (15/30) - 2023/11/11 20:17:10 CET [2023/11/11 14:17:10 ET]
Table '3671904762 1' 3-max Seat #2 is the button
Seat 1: woland (405 in chips) 
Seat 2: Mahu2021 (465 in chips) 
Seat 3: Nicko Buko (630 in chips) 
Nicko Buko: posts small blind 15
woland: posts big blind 30
*** HOLE CARDS ***
Dealt to Mahu2021 [8c Jc]
Mahu2021: calls 30
Nicko Buko: calls 15
woland: checks 
*** FLOP *** [7s Js 4c]
Nicko Buko: checks 
woland: checks 
Mahu2021: bets 60
Nicko Buko: folds 
woland: folds 
Uncalled bet (60) returned to Mahu2021
Mahu2021 collected 90 from pot
Mahu2021: doesn't show hand 
*** SUMMARY ***
Total pot 90 | Rake 0 
Board [7s Js 4c]
Seat 1: woland (big blind) folded on the Flop
Seat 2: Mahu2021 (button) collected (90)
Seat 3: Nicko Buko (small blind) folded on the Flop



PokerStars Hand #247052475938: Tournament #3671904762, $1.84+$0.16 USD Hold'em No Limit - Level II (15/30) - 2023/11/11 20:17:27 CET [2023/11/11 14:17:27 ET]
Table '3671904762 1' 3-max Seat #3 is the button
Seat 1: woland (375 in chips) 
Seat 2: Mahu2021 (525 in chips) 
Seat 3: Nicko Buko (600 in chips) 
woland: posts small blind 15
Mahu2021: posts big blind 30
*** HOLE CARDS ***
Dealt to Mahu2021 [Tc 9s]
Nicko Buko: folds 
woland: folds 
Uncalled bet (15) returned to Mahu2021
Mahu2021 collected 30 from pot
Mahu2021: doesn't show hand 
*** SUMMARY ***
Total pot 30 | Rake 0 
Seat 1: woland (small blind) folded before Flop
Seat 2: Mahu2021 (big blind) collected (30)
Seat 3: Nicko Buko (button) folded before Flop (didn't bet)



PokerStars Hand #247052479334: Tournament #3671904762, $1.84+$0.16 USD Hold'em No Limit - Level II (15/30) - 2023/11/11 20:17:36 CET [2023/11/11 14:17:36 ET]
Table '3671904762 1' 3-max Seat #1 is the button
Seat 1: woland (360 in chips) 
Seat 2: Mahu2021 (540 in chips) 
Seat 3: Nicko Buko (600 in chips) 
Mahu2021: posts small blind 15
Nicko Buko: posts big blind 30
*** HOLE CARDS ***
Dealt to Mahu2021 [2c Qh]
woland: folds 
Mahu2021: folds 
Uncalled bet (15) returned to Nicko Buko
Nicko Buko collected 30 from pot
Nicko Buko: doesn't show hand 
*** SUMMARY ***
Total pot 30 | Rake 0 
Seat 1: woland (button) folded before Flop (didn't bet)
Seat 2: Mahu2021 (small blind) folded before Flop
Seat 3: Nicko Buko (big blind) collected (30)



PokerStars Hand #247052480971: Tournament #3671904762, $1.84+$0.16 USD Hold'em No Limit - Level II (15/30) - 2023/11/11 20:17:41 CET [2023/11/11 14:17:41 ET]
Table '3671904762 1' 3-max Seat #2 is the button
Seat 1: woland (360 in chips) 
Seat 2: Mahu2021 (525 in chips) 
Seat 3: Nicko Buko (615 in chips) 
Nicko Buko: posts small blind 15
woland: posts big blind 30
*** HOLE CARDS ***
Dealt to Mahu2021 [9h 7h]
Mahu2021: calls 30
Nicko Buko: raises 585 to 615 and is all-in
woland: folds 
Mahu2021: folds 
Uncalled bet (585) returned to Nicko Buko
Nicko Buko collected 90 from pot
Nicko Buko: doesn't show hand 
*** SUMMARY ***
Total pot 90 | Rake 0 
Seat 1: woland (big blind) folded before Flop
Seat 2: Mahu2021 (button) folded before Flop
Seat 3: Nicko Buko (small blind) collected (90)



PokerStars Hand #247052486989: Tournament #3671904762, $1.84+$0.16 USD Hold'em No Limit - Level III (20/40) - 2023/11/11 20:17:58 CET [2023/11/11 14:17:58 ET]
Table '3671904762 1' 3-max Seat #3 is the button
Seat 1: woland (330 in chips) 
Seat 2: Mahu2021 (495 in chips) 
Seat 3: Nicko Buko (675 in chips) 
woland: posts small blind 20
Mahu2021: posts big blind 40
*** HOLE CARDS ***
Dealt to Mahu2021 [2c Qc]
Nicko Buko: raises 635 to 675 and is all-in
woland: folds 
Mahu2021: folds 
Uncalled bet (635) returned to Nicko Buko
Nicko Buko collected 100 from pot
Nicko Buko: doesn't show hand 
*** SUMMARY ***
Total pot 100 | Rake 0 
Seat 1: woland (small blind) folded before Flop
Seat 2: Mahu2021 (big blind) folded before Flop
Seat 3: Nicko Buko (button) collected (100)



PokerStars Hand #247052490030: Tournament #3671904762, $1.84+$0.16 USD Hold'em No Limit - Level III (20/40) - 2023/11/11 20:18:06 CET [2023/11/11 14:18:06 ET]
Table '3671904762 1' 3-max Seat #1 is the button
Seat 1: woland (310 in chips) 
Seat 2: Mahu2021 (455 in chips) 
Seat 3: Nicko Buko (735 in chips) 
Mahu2021: posts small blind 20
Nicko Buko: posts big blind 40
*** HOLE CARDS ***
Dealt to Mahu2021 [Kc Kd]
woland: folds 
Mahu2021: raises 40 to 80
Nicko Buko: folds 
Uncalled bet (40) returned to Mahu2021
Mahu2021 collected 80 from pot
Mahu2021: doesn't show hand 
*** SUMMARY ***
Total pot 80 | Rake 0 
Seat 1: woland (button) folded before Flop (didn't bet)
Seat 2: Mahu2021 (small blind) collected (80)
Seat 3: Nicko Buko (big blind) folded before Flop



PokerStars Hand #247052493456: Tournament #3671904762, $1.84+$0.16 USD Hold'em No Limit - Level III (20/40) - 2023/11/11 20:18:16 CET [2023/11/11 14:18:16 ET]
Table '3671904762 1' 3-max Seat #2 is the button
Seat 1: woland (310 in chips) 
Seat 2: Mahu2021 (495 in chips) 
Seat 3: Nicko Buko (695 in chips) 
Nicko Buko: posts small blind 20
woland: posts big blind 40
*** HOLE CARDS ***
Dealt to Mahu2021 [Ks 2h]
Mahu2021: folds 
Nicko Buko: raises 655 to 695 and is all-in
woland: calls 270 and is all-in
Uncalled bet (385) returned to Nicko Buko
*** FLOP *** [Ac 4s 3d]
*** TURN *** [Ac 4s 3d] [Qs]
*** RIVER *** [Ac 4s 3d Qs] [Td]
*** SHOW DOWN ***
Nicko Buko: shows [5h 5d] (a pair of Fives)
woland: shows [7h 7c] (a pair of Sevens)
woland collected 620 from pot
*** SUMMARY ***
Total pot 620 | Rake 0 
Board [Ac 4s 3d Qs Td]
Seat 1: woland (big blind) showed [7h 7c] and won (620) with a pair of Sevens
Seat 2: Mahu2021 (button) folded before Flop (didn't bet)
Seat 3: Nicko Buko (small blind) showed [5h 5d] and lost with a pair of Fives



PokerStars Hand #247052498337: Tournament #3671904762, $1.84+$0.16 USD Hold'em No Limit - Level III (20/40) - 2023/11/11 20:18:30 CET [2023/11/11 14:18:30 ET]
Table '3671904762 1' 3-max Seat #3 is the button
Seat 1: woland (620 in chips) 
Seat 2: Mahu2021 (495 in chips) 
Seat 3: Nicko Buko (385 in chips) 
woland: posts small blind 20
Mahu2021: posts big blind 40
*** HOLE CARDS ***
Dealt to Mahu2021 [2s Th]
Nicko Buko: raises 345 to 385 and is all-in
woland: folds 
Mahu2021: folds 
Uncalled bet (345) returned to Nicko Buko
Nicko Buko collected 100 from pot
Nicko Buko: doesn't show hand 
*** SUMMARY ***
Total pot 100 | Rake 0 
Seat 1: woland (small blind) folded before Flop
Seat 2: Mahu2021 (big blind) folded before Flop
Seat 3: Nicko Buko (button) collected (100)



PokerStars Hand #247052501344: Tournament #3671904762, $1.84+$0.16 USD Hold'em No Limit - Level III (20/40) - 2023/11/11 20:18:38 CET [2023/11/11 14:18:38 ET]
Table '3671904762 1' 3-max Seat #1 is the button
Seat 1: woland (600 in chips) 
Seat 2: Mahu2021 (455 in chips) 
Seat 3: Nicko Buko (445 in chips) 
Mahu2021: posts small blind 20
Nicko Buko: posts big blind 40
*** HOLE CARDS ***
Dealt to Mahu2021 [Js Qs]
woland: folds 
Mahu2021: raises 40 to 80
Nicko Buko: folds 
Uncalled bet (40) returned to Mahu2021
Mahu2021 collected 80 from pot
Mahu2021: doesn't show hand 
*** SUMMARY ***
Total pot 80 | Rake 0 
Seat 1: woland (button) folded before Flop (didn't bet)
Seat 2: Mahu2021 (small blind) collected (80)
Seat 3: Nicko Buko (big blind) folded before Flop



PokerStars Hand #247052504073: Tournament #3671904762, $1.84+$0.16 USD Hold'em No Limit - Level III (20/40) - 2023/11/11 20:18:46 CET [2023/11/11 14:18:46 ET]
Table '3671904762 1' 3-max Seat #2 is the button
Seat 1: woland (600 in chips) 
Seat 2: Mahu2021 (495 in chips) 
Seat 3: Nicko Buko (405 in chips) 
Nicko Buko: posts small blind 20
woland: posts big blind 40
*** HOLE CARDS ***
Dealt to Mahu2021 [9s 3c]
Mahu2021: folds 
Nicko Buko: folds 
Uncalled bet (20) returned to woland
woland collected 40 from pot
woland: doesn't show hand 
*** SUMMARY ***
Total pot 40 | Rake 0 
Seat 1: woland (big blind) collected (40)
Seat 2: Mahu2021 (button) folded before Flop (didn't bet)
Seat 3: Nicko Buko (small blind) folded before Flop



PokerStars Hand #247052507353: Tournament #3671904762, $1.84+$0.16 USD Hold'em No Limit - Level III (20/40) - 2023/11/11 20:18:56 CET [2023/11/11 14:18:56 ET]
Table '3671904762 1' 3-max Seat #3 is the button
Seat 1: woland (620 in chips) 
Seat 2: Mahu2021 (495 in chips) 
Seat 3: Nicko Buko (385 in chips) 
woland: posts small blind 20
Mahu2021: posts big blind 40
*** HOLE CARDS ***
Dealt to Mahu2021 [2d 5s]
Nicko Buko: folds 
woland: folds 
Uncalled bet (20) returned to Mahu2021
Mahu2021 collected 40 from pot
Mahu2021: doesn't show hand 
*** SUMMARY ***
Total pot 40 | Rake 0 
Seat 1: woland (small blind) folded before Flop
Seat 2: Mahu2021 (big blind) collected (40)
Seat 3: Nicko Buko (button) folded before Flop (didn't bet)



PokerStars Hand #247052509022: Tournament #3671904762, $1.84+$0.16 USD Hold'em No Limit - Level III (20/40) - 2023/11/11 20:19:00 CET [2023/11/11 14:19:00 ET]
Table '3671904762 1' 3-max Seat #1 is the button
Seat 1: woland (600 in chips) 
Seat 2: Mahu2021 (515 in chips) 
Seat 3: Nicko Buko (385 in chips) 
Mahu2021: posts small blind 20
Nicko Buko: posts big blind 40
*** HOLE CARDS ***
Dealt to Mahu2021 [Qc Th]
woland: folds 
Mahu2021: raises 40 to 80
Nicko Buko: folds 
Uncalled bet (40) returned to Mahu2021
Mahu2021 collected 80 from pot
Mahu2021: doesn't show hand 
*** SUMMARY ***
Total pot 80 | Rake 0 
Seat 1: woland (button) folded before Flop (didn't bet)
Seat 2: Mahu2021 (small blind) collected (80)
Seat 3: Nicko Buko (big blind) folded before Flop



PokerStars Hand #247052512086: Tournament #3671904762, $1.84+$0.16 USD Hold'em No Limit - Level III (20/40) - 2023/11/11 20:19:09 CET [2023/11/11 14:19:09 ET]
Table '3671904762 1' 3-max Seat #2 is the button
Seat 1: woland (600 in chips) 
Seat 2: Mahu2021 (555 in chips) 
Seat 3: Nicko Buko (345 in chips) 
Nicko Buko: posts small blind 20
woland: posts big blind 40
*** HOLE CARDS ***
Dealt to Mahu2021 [2c Ad]
Mahu2021: calls 40
Nicko Buko: calls 20
woland: checks 
*** FLOP *** [8c 5c Th]
Nicko Buko: checks 
woland: checks 
Mahu2021: checks 
*** TURN *** [8c 5c Th] [9d]
Nicko Buko: bets 60
woland: folds 
Mahu2021: folds 
Uncalled bet (60) returned to Nicko Buko
Nicko Buko collected 120 from pot
Nicko Buko: doesn't show hand 
*** SUMMARY ***
Total pot 120 | Rake 0 
Board [8c 5c Th 9d]
Seat 1: woland (big blind) folded on the Turn
Seat 2: Mahu2021 (button) folded on the Turn
Seat 3: Nicko Buko (small blind) collected (120)



PokerStars Hand #247052523989: Tournament #3671904762, $1.84+$0.16 USD Hold'em No Limit - Level III (20/40) - 2023/11/11 20:19:42 CET [2023/11/11 14:19:42 ET]
Table '3671904762 1' 3-max Seat #3 is the button
Seat 1: woland (560 in chips) 
Seat 2: Mahu2021 (515 in chips) 
Seat 3: Nicko Buko (425 in chips) 
woland: posts small blind 20
Mahu2021: posts big blind 40
*** HOLE CARDS ***
Dealt to Mahu2021 [Qd 3d]
Nicko Buko: folds 
woland: folds 
Uncalled bet (20) returned to Mahu2021
Mahu2021 collected 40 from pot
Mahu2021: doesn't show hand 
*** SUMMARY ***
Total pot 40 | Rake 0 
Seat 1: woland (small blind) folded before Flop
Seat 2: Mahu2021 (big blind) collected (40)
Seat 3: Nicko Buko (button) folded before Flop (didn't bet)



PokerStars Hand #247052526120: Tournament #3671904762, $1.84+$0.16 USD Hold'em No Limit - Level III (20/40) - 2023/11/11 20:19:48 CET [2023/11/11 14:19:48 ET]
Table '3671904762 1' 3-max Seat #1 is the button
Seat 1: woland (540 in chips) 
Seat 2: Mahu2021 (535 in chips) 
Seat 3: Nicko Buko (425 in chips) 
Mahu2021: posts small blind 20
Nicko Buko: posts big blind 40
*** HOLE CARDS ***
Dealt to Mahu2021 [4d 9h]
woland: folds 
Mahu2021: folds 
Uncalled bet (20) returned to Nicko Buko
Nicko Buko collected 40 from pot
Nicko Buko: doesn't show hand 
*** SUMMARY ***
Total pot 40 | Rake 0 
Seat 1: woland (button) folded before Flop (didn't bet)
Seat 2: Mahu2021 (small blind) folded before Flop
Seat 3: Nicko Buko (big blind) collected (40)



PokerStars Hand #247052529058: Tournament #3671904762, $1.84+$0.16 USD Hold'em No Limit - Level IV (30/60) - 2023/11/11 20:19:56 CET [2023/11/11 14:19:56 ET]
Table '3671904762 1' 3-max Seat #2 is the button
Seat 1: woland (540 in chips) 
Seat 2: Mahu2021 (515 in chips) 
Seat 3: Nicko Buko (445 in chips) 
Nicko Buko: posts small blind 30
woland: posts big blind 60
*** HOLE CARDS ***
Dealt to Mahu2021 [4c 3s]
Mahu2021: folds 
Nicko Buko: raises 385 to 445 and is all-in
woland: calls 385
*** FLOP *** [6s Qh 3d]
*** TURN *** [6s Qh 3d] [5c]
*** RIVER *** [6s Qh 3d 5c] [7d]
*** SHOW DOWN ***
Nicko Buko: shows [Qc 7s] (two pair, Queens and Sevens)
woland: shows [4h Ah] (a straight, Three to Seven)
woland collected 890 from pot
Nicko Buko finished the tournament in 3rd place
*** SUMMARY ***
Total pot 890 | Rake 0 
Board [6s Qh 3d 5c 7d]
Seat 1: woland (big blind) showed [4h Ah] and won (890) with a straight, Three to Seven
Seat 2: Mahu2021 (button) folded before Flop (didn't bet)
Seat 3: Nicko Buko (small blind) showed [Qc 7s] and lost with two pair, Queens and Sevens



PokerStars Hand #247052536213: Tournament #3671904762, $1.84+$0.16 USD Hold'em No Limit - Level IV (30/60) - 2023/11/11 20:20:17 CET [2023/11/11 14:20:17 ET]
Table '3671904762 1' 3-max Seat #1 is the button
Seat 1: woland (985 in chips) 
Seat 2: Mahu2021 (515 in chips) 
woland: posts small blind 30
Mahu2021: posts big blind 60
*** HOLE CARDS ***
Dealt to Mahu2021 [6d 4d]
woland: folds 
Uncalled bet (30) returned to Mahu2021
Mahu2021 collected 60 from pot
Mahu2021: doesn't show hand 
*** SUMMARY ***
Total pot 60 | Rake 0 
Seat 1: woland (button) (small blind) folded before Flop
Seat 2: Mahu2021 (big blind) collected (60)



PokerStars Hand #247052538575: Tournament #3671904762, $1.84+$0.16 USD Hold'em No Limit - Level IV (30/60) - 2023/11/11 20:20:24 CET [2023/11/11 14:20:24 ET]
Table '3671904762 1' 3-max Seat #2 is the button
Seat 1: woland (955 in chips) 
Seat 2: Mahu2021 (545 in chips) 
Mahu2021: posts small blind 30
woland: posts big blind 60
*** HOLE CARDS ***
Dealt to Mahu2021 [3c Tc]
Mahu2021: folds 
Uncalled bet (30) returned to woland
woland collected 60 from pot
woland: doesn't show hand 
*** SUMMARY ***
Total pot 60 | Rake 0 
Seat 1: woland (big blind) collected (60)
Seat 2: Mahu2021 (button) (small blind) folded before Flop



PokerStars Hand #247052541457: Tournament #3671904762, $1.84+$0.16 USD Hold'em No Limit - Level IV (30/60) - 2023/11/11 20:20:32 CET [2023/11/11 14:20:32 ET]
Table '3671904762 1' 3-max Seat #1 is the button
Seat 1: woland (985 in chips) 
Seat 2: Mahu2021 (515 in chips) 
woland: posts small blind 30
Mahu2021: posts big blind 60
*** HOLE CARDS ***
Dealt to Mahu2021 [9s Ah]
woland: calls 30
Mahu2021: checks 
*** FLOP *** [Qh 8c 2h]
Mahu2021: checks 
woland: checks 
*** TURN *** [Qh 8c 2h] [3c]
Mahu2021: checks 
woland: checks 
*** RIVER *** [Qh 8c 2h 3c] [2d]
Mahu2021: checks 
woland: checks 
*** SHOW DOWN ***
Mahu2021: shows [9s Ah] (a pair of Deuces)
woland: mucks hand 
Mahu2021 collected 120 from pot
*** SUMMARY ***
Total pot 120 | Rake 0 
Board [Qh 8c 2h 3c 2d]
Seat 1: woland (button) (small blind) mucked [9d Kd]
Seat 2: Mahu2021 (big blind) showed [9s Ah] and won (120) with a pair of Deuces



PokerStars Hand #247052546314: Tournament #3671904762, $1.84+$0.16 USD Hold'em No Limit - Level IV (30/60) - 2023/11/11 20:20:46 CET [2023/11/11 14:20:46 ET]
Table '3671904762 1' 3-max Seat #2 is the button
Seat 1: woland (925 in chips) 
Seat 2: Mahu2021 (575 in chips) 
Mahu2021: posts small blind 30
woland: posts big blind 60
*** HOLE CARDS ***
Dealt to Mahu2021 [Qs Th]
Mahu2021: raises 60 to 120
woland: folds 
Uncalled bet (60) returned to Mahu2021
Mahu2021 collected 120 from pot
Mahu2021: doesn't show hand 
*** SUMMARY ***
Total pot 120 | Rake 0 
Seat 1: woland (big blind) folded before Flop
Seat 2: Mahu2021 (button) (small blind) collected (120)



PokerStars Hand #247052548480: Tournament #3671904762, $1.84+$0.16 USD Hold'em No Limit - Level IV (30/60) - 2023/11/11 20:20:52 CET [2023/11/11 14:20:52 ET]
Table '3671904762 1' 3-max Seat #1 is the button
Seat 1: woland (865 in chips) 
Seat 2: Mahu2021 (635 in chips) 
woland: posts small blind 30
Mahu2021: posts big blind 60
*** HOLE CARDS ***
Dealt to Mahu2021 [4d 7c]
woland: folds 
Uncalled bet (30) returned to Mahu2021
Mahu2021 collected 60 from pot
Mahu2021: doesn't show hand 
*** SUMMARY ***
Total pot 60 | Rake 0 
Seat 1: woland (button) (small blind) folded before Flop
Seat 2: Mahu2021 (big blind) collected (60)



PokerStars Hand #247052550104: Tournament #3671904762, $1.84+$0.16 USD Hold'em No Limit - Level IV (30/60) - 2023/11/11 20:20:56 CET [2023/11/11 14:20:56 ET]
Table '3671904762 1' 3-max Seat #2 is the button
Seat 1: woland (835 in chips) 
Seat 2: Mahu2021 (665 in chips) 
Mahu2021: posts small blind 30
woland: posts big blind 60
*** HOLE CARDS ***
Dealt to Mahu2021 [Ts 6d]
Mahu2021: calls 30
woland: checks 
*** FLOP *** [9h Jd 4d]
woland: checks 
Mahu2021: checks 
*** TURN *** [9h Jd 4d] [5d]
woland: bets 120
Mahu2021: folds 
Uncalled bet (120) returned to woland
woland collected 120 from pot
woland: doesn't show hand 
*** SUMMARY ***
Total pot 120 | Rake 0 
Board [9h Jd 4d 5d]
Seat 1: woland (big blind) collected (120)
Seat 2: Mahu2021 (button) (small blind) folded on the Turn



PokerStars Hand #247052555746: Tournament #3671904762, $1.84+$0.16 USD Hold'em No Limit - Level IV (30/60) - 2023/11/11 20:21:12 CET [2023/11/11 14:21:12 ET]
Table '3671904762 1' 3-max Seat #1 is the button
Seat 1: woland (895 in chips) 
Seat 2: Mahu2021 (605 in chips) 
woland: posts small blind 30
Mahu2021: posts big blind 60
*** HOLE CARDS ***
Dealt to Mahu2021 [Jh Ts]
woland: folds 
Uncalled bet (30) returned to Mahu2021
Mahu2021 collected 60 from pot
Mahu2021: doesn't show hand 
*** SUMMARY ***
Total pot 60 | Rake 0 
Seat 1: woland (button) (small blind) folded before Flop
Seat 2: Mahu2021 (big blind) collected (60)



PokerStars Hand #247052558041: Tournament #3671904762, $1.84+$0.16 USD Hold'em No Limit - Level IV (30/60) - 2023/11/11 20:21:19 CET [2023/11/11 14:21:19 ET]
Table '3671904762 1' 3-max Seat #2 is the button
Seat 1: woland (865 in chips) 
Seat 2: Mahu2021 (635 in chips) 
Mahu2021: posts small blind 30
woland: posts big blind 60
*** HOLE CARDS ***
Dealt to Mahu2021 [Qd 5h]
Mahu2021: calls 30
woland: checks 
*** FLOP *** [7h 3c 6c]
woland: checks 
Mahu2021: bets 60
woland: folds 
Uncalled bet (60) returned to Mahu2021
Mahu2021 collected 120 from pot
Mahu2021: doesn't show hand 
*** SUMMARY ***
Total pot 120 | Rake 0 
Board [7h 3c 6c]
Seat 1: woland (big blind) folded on the Flop
Seat 2: Mahu2021 (button) (small blind) collected (120)



PokerStars Hand #247052563542: Tournament #3671904762, $1.84+$0.16 USD Hold'em No Limit - Level IV (30/60) - 2023/11/11 20:21:34 CET [2023/11/11 14:21:34 ET]
Table '3671904762 1' 3-max Seat #1 is the button
Seat 1: woland (805 in chips) 
Seat 2: Mahu2021 (695 in chips) 
woland: posts small blind 30
Mahu2021: posts big blind 60
*** HOLE CARDS ***
Dealt to Mahu2021 [Kc 3c]
woland: calls 30
Mahu2021: checks 
*** FLOP *** [4s 6s 5h]
Mahu2021: checks 
woland: checks 
*** TURN *** [4s 6s 5h] [6d]
Mahu2021: checks 
woland: checks 
*** RIVER *** [4s 6s 5h 6d] [Ks]
Mahu2021: bets 60
woland: folds 
Uncalled bet (60) returned to Mahu2021
Mahu2021 collected 120 from pot
Mahu2021: doesn't show hand 
*** SUMMARY ***
Total pot 120 | Rake 0 
Board [4s 6s 5h 6d Ks]
Seat 1: woland (button) (small blind) folded on the River
Seat 2: Mahu2021 (big blind) collected (120)



PokerStars Hand #247052568711: Tournament #3671904762, $1.84+$0.16 USD Hold'em No Limit - Level IV (30/60) - 2023/11/11 20:21:49 CET [2023/11/11 14:21:49 ET]
Table '3671904762 1' 3-max Seat #2 is the button
Seat 1: woland (745 in chips) 
Seat 2: Mahu2021 (755 in chips) 
Mahu2021: posts small blind 30
woland: posts big blind 60
*** HOLE CARDS ***
Dealt to Mahu2021 [Jh Qd]
Mahu2021: raises 60 to 120
woland: raises 625 to 745 and is all-in
Mahu2021: calls 625
*** FLOP *** [Tc 8c 8h]
*** TURN *** [Tc 8c 8h] [5h]
*** RIVER *** [Tc 8c 8h 5h] [5c]
*** SHOW DOWN ***
woland: shows [Ac Ks] (two pair, Eights and Fives)
Mahu2021: shows [Jh Qd] (two pair, Eights and Fives - lower kicker)
woland collected 1490 from pot
*** SUMMARY ***
Total pot 1490 | Rake 0 
Board [Tc 8c 8h 5h 5c]
Seat 1: woland (big blind) showed [Ac Ks] and won (1490) with two pair, Eights and Fives
Seat 2: Mahu2021 (button) (small blind) showed [Jh Qd] and lost with two pair, Eights and Fives



PokerStars Hand #247052575264: Tournament #3671904762, $1.84+$0.16 USD Hold'em No Limit - Level V (40/80) - 2023/11/11 20:22:08 CET [2023/11/11 14:22:08 ET]
Table '3671904762 1' 3-max Seat #1 is the button
Seat 1: woland (1490 in chips) 
Seat 2: Mahu2021 (10 in chips) 
woland: posts small blind 40
Mahu2021: posts big blind 10 and is all-in
*** HOLE CARDS ***
Dealt to Mahu2021 [8s 6c]
Uncalled bet (30) returned to woland
*** FLOP *** [9d 8h Jh]
*** TURN *** [9d 8h Jh] [Qc]
*** RIVER *** [9d 8h Jh Qc] [Qs]
*** SHOW DOWN ***
Mahu2021: shows [8s 6c] (two pair, Queens and Eights)
woland: shows [3s Ts] (a straight, Eight to Queen)
woland collected 20 from pot
Mahu2021 finished the tournament in 2nd place
woland wins the tournament and receives $4.00 - congratulations!
*** SUMMARY ***
Total pot 20 | Rake 0 
Board [9d 8h Jh Qc Qs]
Seat 1: woland (button) (small blind) showed [3s Ts] and won (20) with a straight, Eight to Queen
Seat 2: Mahu2021 (big blind) showed [8s 6c] and lost with two pair, Queens and Eights



