PokerStars Zoom Hand #254844537208:  Hold'em No Limit ($0.05/$0.10) - 2025/02/13 13:23:48 CET [2025/02/13 7:23:48 ET]
Table 'Aludra' 6-max Seat #1 is the button
Seat 1: xbengi ($17.69 in chips) 
Seat 2: swalley9999 ($13.88 in chips) 
Seat 3: Mahu2021 ($10 in chips) 
Seat 4: dmaap1 ($11.05 in chips) 
Seat 5: luvingkind ($9.85 in chips) 
Seat 6: Matzet1ka ($11.08 in chips) 
swalley9999: posts small blind $0.05
Mahu2021: posts big blind $0.10
*** HOLE CARDS ***
Dealt to Mahu2021 [9h Js]
dmaap1: folds 
luvingkind has timed out
luvingkind: folds 
Matzet1ka: folds 
xbengi: folds 
swalley9999: raises $0.20 to $0.30
Mahu2021: calls $0.20
*** FLOP *** [Qd 6h 2c]
swalley9999: bets $0.20
Mahu2021: folds 
Uncalled bet ($0.20) returned to swalley9999
swalley9999 collected $0.57 from pot
swalley9999: doesn't show hand 
*** SUMMARY ***
Total pot $0.60 | Rake $0.03 
Board [Qd 6h 2c]
Seat 1: xbengi (button) folded before Flop (didn't bet)
Seat 2: swalley9999 (small blind) collected ($0.57)
Seat 3: Mahu2021 (big blind) folded on the Flop
Seat 4: dmaap1 folded before Flop (didn't bet)
Seat 5: luvingkind folded before Flop (didn't bet)
Seat 6: Matzet1ka folded before Flop (didn't bet)



PokerStars Zoom Hand #254844543038:  Hold'em No Limit ($0.05/$0.10) - 2025/02/13 13:24:32 CET [2025/02/13 7:24:32 ET]
Table 'Aludra' 6-max Seat #1 is the button
Seat 1: pepelino19 ($3.85 in chips) 
Seat 2: Mahu2021 ($9.70 in chips) 
Seat 3: geokomkjdoc ($2.26 in chips) 
Seat 4: capitalista ($10.20 in chips) 
Seat 5: humo97 ($10.64 in chips) 
Seat 6: chueko148 ($4.36 in chips) 
Mahu2021: posts small blind $0.05
geokomkjdoc: posts big blind $0.10
*** HOLE CARDS ***
Dealt to Mahu2021 [Th Qc]
capitalista: folds 
humo97: folds 
chueko148: folds 
pepelino19: folds 
Mahu2021: raises $0.20 to $0.30
geokomkjdoc: folds 
Uncalled bet ($0.20) returned to Mahu2021
Mahu2021 collected $0.20 from pot
Mahu2021: doesn't show hand 
*** SUMMARY ***
Total pot $0.20 | Rake $0 
Seat 1: pepelino19 (button) folded before Flop (didn't bet)
Seat 2: Mahu2021 (small blind) collected ($0.20)
Seat 3: geokomkjdoc (big blind) folded before Flop
Seat 4: capitalista folded before Flop (didn't bet)
Seat 5: humo97 folded before Flop (didn't bet)
Seat 6: chueko148 folded before Flop (didn't bet)



PokerStars Zoom Hand #254844544903:  Hold'em No Limit ($0.05/$0.10) - 2025/02/13 13:24:46 CET [2025/02/13 7:24:46 ET]
Table 'Aludra' 6-max Seat #1 is the button
Seat 1: Mahu2021 ($9.80 in chips) 
Seat 2: Matzet1ka ($10.93 in chips) 
Seat 3: capitalista ($10.10 in chips) 
Seat 4: fbje ($6.01 in chips) 
Seat 5: Bur1k ($6.79 in chips) 
Seat 6: samoraize ($18.89 in chips) 
Matzet1ka: posts small blind $0.05
capitalista: posts big blind $0.10
*** HOLE CARDS ***
Dealt to Mahu2021 [Th 9h]
fbje: folds 
Bur1k: folds 
samoraize: calls $0.10
Mahu2021: calls $0.10
Matzet1ka: folds 
capitalista: checks 
*** FLOP *** [8d 8h 2d]
capitalista: checks 
samoraize: checks 
Mahu2021: checks 
*** TURN *** [8d 8h 2d] [7h]
capitalista: checks 
samoraize: checks 
Mahu2021: bets $0.33
capitalista: folds 
samoraize: calls $0.33
*** RIVER *** [8d 8h 2d 7h] [2h]
samoraize: bets $18.46 and is all-in
Mahu2021: folds 
Uncalled bet ($18.46) returned to samoraize
samoraize collected $0.96 from pot
samoraize: doesn't show hand 
*** SUMMARY ***
Total pot $1.01 | Rake $0.05 
Board [8d 8h 2d 7h 2h]
Seat 1: Mahu2021 (button) folded on the River
Seat 2: Matzet1ka (small blind) folded before Flop
Seat 3: capitalista (big blind) folded on the Turn
Seat 4: fbje folded before Flop (didn't bet)
Seat 5: Bur1k folded before Flop (didn't bet)
Seat 6: samoraize collected ($0.96)



PokerStars Zoom Hand #254844552184:  Hold'em No Limit ($0.05/$0.10) - 2025/02/13 13:25:41 CET [2025/02/13 7:25:41 ET]
Table 'Aludra' 6-max Seat #1 is the button
Seat 1: geokomkjdoc ($3.08 in chips) 
Seat 2: ji6413 ($10 in chips) 
Seat 3: Miracle of 50k ($10.10 in chips) 
Seat 4: coxyboy313 ($9.85 in chips) 
Seat 5: Mahu2021 ($9.37 in chips) 
Seat 6: Bur1k ($5 in chips) 
ji6413: posts small blind $0.05
Miracle of 50k: posts big blind $0.10
*** HOLE CARDS ***
Dealt to Mahu2021 [6d 5h]
coxyboy313: folds 
Mahu2021: folds 
Bur1k: raises $0.15 to $0.25
geokomkjdoc: folds 
ji6413: folds 
Miracle of 50k: folds 
Uncalled bet ($0.15) returned to Bur1k
Bur1k collected $0.25 from pot
Bur1k: doesn't show hand 
*** SUMMARY ***
Total pot $0.25 | Rake $0 
Seat 1: geokomkjdoc (button) folded before Flop (didn't bet)
Seat 2: ji6413 (small blind) folded before Flop
Seat 3: Miracle of 50k (big blind) folded before Flop
Seat 4: coxyboy313 folded before Flop (didn't bet)
Seat 5: Mahu2021 folded before Flop (didn't bet)
Seat 6: Bur1k collected ($0.25)



PokerStars Zoom Hand #254844551528:  Hold'em No Limit ($0.05/$0.10) - 2025/02/13 13:25:36 CET [2025/02/13 7:25:36 ET]
Table 'Aludra' 6-max Seat #1 is the button
Seat 1: dkbro530 ($9.09 in chips) 
Seat 2: dmaap1 ($11.53 in chips) 
Seat 3: Matzet1ka ($10 in chips) 
Seat 4: sho0506 ($10 in chips) 
Seat 5: MaxVedernikov ($22.49 in chips) 
Seat 6: Mahu2021 ($9.37 in chips) 
dmaap1: posts small blind $0.05
Matzet1ka: posts big blind $0.10
*** HOLE CARDS ***
Dealt to Mahu2021 [Qh 5s]
sho0506: folds 
MaxVedernikov: folds 
Mahu2021: folds 
dkbro530: calls $0.10
dmaap1: folds 
Matzet1ka: checks 
*** FLOP *** [Jd 2s 8s]
Matzet1ka: checks 
dkbro530: bets $0.10
Matzet1ka: folds 
Uncalled bet ($0.10) returned to dkbro530
dkbro530 collected $0.24 from pot
dkbro530: doesn't show hand 
*** SUMMARY ***
Total pot $0.25 | Rake $0.01 
Board [Jd 2s 8s]
Seat 1: dkbro530 (button) collected ($0.24)
Seat 2: dmaap1 (small blind) folded before Flop
Seat 3: Matzet1ka (big blind) folded on the Flop
Seat 4: sho0506 folded before Flop (didn't bet)
Seat 5: MaxVedernikov folded before Flop (didn't bet)
Seat 6: Mahu2021 folded before Flop (didn't bet)



PokerStars Zoom Hand #254844552850:  Hold'em No Limit ($0.05/$0.10) - 2025/02/13 13:25:46 CET [2025/02/13 7:25:46 ET]
Table 'Aludra' 6-max Seat #1 is the button
Seat 1: coxyboy313 ($9.85 in chips) 
Seat 2: ji6413 ($10 in chips) 
Seat 3: Menippos ($10 in chips) 
Seat 4: Mahu2021 ($9.37 in chips) 
Seat 5: fery_a_szabo ($5 in chips) 
Seat 6: MaxVedernikov ($22.49 in chips) 
ji6413: posts small blind $0.05
Menippos: posts big blind $0.10
*** HOLE CARDS ***
Dealt to Mahu2021 [4c 4s]
Mahu2021: raises $0.14 to $0.24
fery_a_szabo: folds 
MaxVedernikov: folds 
coxyboy313: folds 
ji6413: folds 
Menippos: calls $0.14
*** FLOP *** [3s 4h Td]
Menippos: checks 
Mahu2021: bets $0.51
Menippos: folds 
Uncalled bet ($0.51) returned to Mahu2021
Mahu2021 collected $0.51 from pot
Mahu2021: doesn't show hand 
*** SUMMARY ***
Total pot $0.53 | Rake $0.02 
Board [3s 4h Td]
Seat 1: coxyboy313 (button) folded before Flop (didn't bet)
Seat 2: ji6413 (small blind) folded before Flop
Seat 3: Menippos (big blind) folded on the Flop
Seat 4: Mahu2021 collected ($0.51)
Seat 5: fery_a_szabo folded before Flop (didn't bet)
Seat 6: MaxVedernikov folded before Flop (didn't bet)



PokerStars Zoom Hand #254844556016:  Hold'em No Limit ($0.05/$0.10) - 2025/02/13 13:26:10 CET [2025/02/13 7:26:10 ET]
Table 'Aludra' 6-max Seat #1 is the button
Seat 1: Smailodon ($9.68 in chips) 
Seat 2: sho0506 ($10 in chips) 
Seat 3: Mahu2021 ($9.64 in chips) 
Seat 4: Gattini37 ($10 in chips) 
Seat 5: ciceron86 ($10 in chips) 
Seat 6: dlxodud0102 ($12.18 in chips) 
sho0506: posts small blind $0.05
Mahu2021: posts big blind $0.10
*** HOLE CARDS ***
Dealt to Mahu2021 [Ts 3d]
Gattini37: folds 
ciceron86: folds 
dlxodud0102: folds 
Smailodon: folds 
sho0506: raises $0.20 to $0.30
Mahu2021: folds 
Uncalled bet ($0.20) returned to sho0506
sho0506 collected $0.20 from pot
sho0506: doesn't show hand 
*** SUMMARY ***
Total pot $0.20 | Rake $0 
Seat 1: Smailodon (button) folded before Flop (didn't bet)
Seat 2: sho0506 (small blind) collected ($0.20)
Seat 3: Mahu2021 (big blind) folded before Flop
Seat 4: Gattini37 folded before Flop (didn't bet)
Seat 5: ciceron86 folded before Flop (didn't bet)
Seat 6: dlxodud0102 folded before Flop (didn't bet)



PokerStars Zoom Hand #254844558635:  Hold'em No Limit ($0.05/$0.10) - 2025/02/13 13:26:30 CET [2025/02/13 7:26:30 ET]
Table 'Aludra' 6-max Seat #1 is the button
Seat 1: Bubedame112 ($19.33 in chips) 
Seat 2: Mahu2021 ($9.54 in chips) 
Seat 3: pepelino19 ($7.45 in chips) 
Seat 4: ciceron86 ($10 in chips) 
Seat 5: Matzet1ka ($10.02 in chips) 
Seat 6: capitalista ($10 in chips) 
Mahu2021: posts small blind $0.05
pepelino19: posts big blind $0.10
*** HOLE CARDS ***
Dealt to Mahu2021 [Kd 2c]
ciceron86: folds 
Matzet1ka: folds 
capitalista: folds 
Bubedame112: folds 
Mahu2021: folds 
Uncalled bet ($0.05) returned to pepelino19
pepelino19 collected $0.10 from pot
pepelino19: doesn't show hand 
*** SUMMARY ***
Total pot $0.10 | Rake $0 
Seat 1: Bubedame112 (button) folded before Flop (didn't bet)
Seat 2: Mahu2021 (small blind) folded before Flop
Seat 3: pepelino19 (big blind) collected ($0.10)
Seat 4: ciceron86 folded before Flop (didn't bet)
Seat 5: Matzet1ka folded before Flop (didn't bet)
Seat 6: capitalista folded before Flop (didn't bet)



PokerStars Zoom Hand #254844559882:  Hold'em No Limit ($0.05/$0.10) - 2025/02/13 13:26:39 CET [2025/02/13 7:26:39 ET]
Table 'Aludra' 6-max Seat #1 is the button
Seat 1: fbje ($6.20 in chips) 
Seat 2: chenghanli626 ($1.38 in chips) 
Seat 3: fery_a_szabo ($2.72 in chips) 
Seat 4: samoraize ($19.07 in chips) 
Seat 5: pepelino19 ($7.50 in chips) 
Seat 6: Mahu2021 ($9.49 in chips) 
chenghanli626: posts small blind $0.05
fery_a_szabo: posts big blind $0.10
*** HOLE CARDS ***
Dealt to Mahu2021 [8c 8s]
samoraize: folds 
pepelino19: folds 
Mahu2021: raises $0.14 to $0.24
fbje: folds 
chenghanli626: folds 
fery_a_szabo: folds 
Uncalled bet ($0.14) returned to Mahu2021
Mahu2021 collected $0.25 from pot
Mahu2021: doesn't show hand 
*** SUMMARY ***
Total pot $0.25 | Rake $0 
Seat 1: fbje (button) folded before Flop (didn't bet)
Seat 2: chenghanli626 (small blind) folded before Flop
Seat 3: fery_a_szabo (big blind) folded before Flop
Seat 4: samoraize folded before Flop (didn't bet)
Seat 5: pepelino19 folded before Flop (didn't bet)
Seat 6: Mahu2021 collected ($0.25)



PokerStars Zoom Hand #254844562508:  Hold'em No Limit ($0.05/$0.10) - 2025/02/13 13:26:59 CET [2025/02/13 7:26:59 ET]
Table 'Aludra' 6-max Seat #1 is the button
Seat 1: Geison69 ($12.26 in chips) 
Seat 2: GSanf ($14.23 in chips) 
Seat 3: Mahu2021 ($9.64 in chips) 
Seat 4: capitalista ($11.55 in chips) 
Seat 5: pokerzoom15 ($12.31 in chips) 
Seat 6: Maestro90208 ($26.69 in chips) 
GSanf: posts small blind $0.05
Mahu2021: posts big blind $0.10
*** HOLE CARDS ***
Dealt to Mahu2021 [6s Ts]
capitalista: folds 
pokerzoom15: folds 
Maestro90208: folds 
Geison69: folds 
GSanf: folds 
Uncalled bet ($0.05) returned to Mahu2021
Mahu2021 collected $0.10 from pot
Mahu2021: doesn't show hand 
*** SUMMARY ***
Total pot $0.10 | Rake $0 
Seat 1: Geison69 (button) folded before Flop (didn't bet)
Seat 2: GSanf (small blind) folded before Flop
Seat 3: Mahu2021 (big blind) collected ($0.10)
Seat 4: capitalista folded before Flop (didn't bet)
Seat 5: pokerzoom15 folded before Flop (didn't bet)
Seat 6: Maestro90208 folded before Flop (didn't bet)



PokerStars Zoom Hand #254844561486:  Hold'em No Limit ($0.05/$0.10) - 2025/02/13 13:26:51 CET [2025/02/13 7:26:51 ET]
Table 'Aludra' 6-max Seat #1 is the button
Seat 1: samoraize ($18.97 in chips) 
Seat 2: fery_a_szabo ($4.62 in chips) 
Seat 3: dlxodud0102 ($32.22 in chips) 
Seat 4: Matzet1ka ($10 in chips) 
Seat 5: Mahu2021 ($9.64 in chips) 
Seat 6: ciceron86 ($24.92 in chips) 
fery_a_szabo: posts small blind $0.05
dlxodud0102: posts big blind $0.10
*** HOLE CARDS ***
Dealt to Mahu2021 [7s 8h]
Matzet1ka: folds 
Mahu2021: folds 
ciceron86: raises $0.10 to $0.20
samoraize: folds 
fery_a_szabo: folds 
dlxodud0102: raises $0.70 to $0.90
ciceron86: folds 
Uncalled bet ($0.70) returned to dlxodud0102
dlxodud0102 collected $0.45 from pot
dlxodud0102: doesn't show hand 
*** SUMMARY ***
Total pot $0.45 | Rake $0 
Seat 1: samoraize (button) folded before Flop (didn't bet)
Seat 2: fery_a_szabo (small blind) folded before Flop
Seat 3: dlxodud0102 (big blind) collected ($0.45)
Seat 4: Matzet1ka folded before Flop (didn't bet)
Seat 5: Mahu2021 folded before Flop (didn't bet)
Seat 6: ciceron86 folded before Flop



PokerStars Zoom Hand #254844564882:  Hold'em No Limit ($0.05/$0.10) - 2025/02/13 13:27:17 CET [2025/02/13 7:27:17 ET]
Table 'Aludra' 6-max Seat #1 is the button
Seat 1: Cristi/Arg ($18.08 in chips) 
Seat 2: Mahu2021 ($9.69 in chips) 
Seat 3: Tisoon ($10.25 in chips) 
Seat 4: aimaisan ($12.22 in chips) 
Seat 5: ciceron86 ($10 in chips) 
Seat 6: Yiupsong ($27.66 in chips) 
Mahu2021: posts small blind $0.05
Tisoon: posts big blind $0.10
*** HOLE CARDS ***
Dealt to Mahu2021 [7s 5d]
aimaisan: folds 
ciceron86: raises $0.15 to $0.25
Yiupsong: folds 
Cristi/Arg: folds 
Mahu2021: folds 
Tisoon: folds 
Uncalled bet ($0.15) returned to ciceron86
ciceron86 collected $0.25 from pot
ciceron86: doesn't show hand 
*** SUMMARY ***
Total pot $0.25 | Rake $0 
Seat 1: Cristi/Arg (button) folded before Flop (didn't bet)
Seat 2: Mahu2021 (small blind) folded before Flop
Seat 3: Tisoon (big blind) folded before Flop
Seat 4: aimaisan folded before Flop (didn't bet)
Seat 5: ciceron86 collected ($0.25)
Seat 6: Yiupsong folded before Flop (didn't bet)



PokerStars Zoom Hand #254844565564:  Hold'em No Limit ($0.05/$0.10) - 2025/02/13 13:27:22 CET [2025/02/13 7:27:22 ET]
Table 'Aludra' 6-max Seat #1 is the button
Seat 1: Mahu2021 ($9.64 in chips) 
Seat 2: Bubedame112 ($19.18 in chips) 
Seat 3: 50´s Ghost ($15.28 in chips) 
Seat 4: BigfootWwa ($10 in chips) 
Seat 5: chueko148 ($4.74 in chips) 
Seat 6: ForrestG451 ($10.38 in chips) 
Bubedame112: posts small blind $0.05
50´s Ghost: posts big blind $0.10
*** HOLE CARDS ***
Dealt to Mahu2021 [Qs Ah]
BigfootWwa: raises $0.15 to $0.25
chueko148: folds 
ForrestG451: folds 
Mahu2021: calls $0.25
Bubedame112: raises $18.93 to $19.18 and is all-in
50´s Ghost: folds 
BigfootWwa: folds 
Mahu2021: folds 
Uncalled bet ($18.93) returned to Bubedame112
Bubedame112 collected $0.85 from pot
Bubedame112: doesn't show hand 
*** SUMMARY ***
Total pot $0.85 | Rake $0 
Seat 1: Mahu2021 (button) folded before Flop
Seat 2: Bubedame112 (small blind) collected ($0.85)
Seat 3: 50´s Ghost (big blind) folded before Flop
Seat 4: BigfootWwa folded before Flop
Seat 5: chueko148 folded before Flop (didn't bet)
Seat 6: ForrestG451 folded before Flop (didn't bet)



PokerStars Zoom Hand #254844559210:  Hold'em No Limit ($0.05/$0.10) - 2025/02/13 13:26:34 CET [2025/02/13 7:26:34 ET]
Table 'Aludra' 6-max Seat #1 is the button
Seat 1: Mahu2021 ($9.49 in chips) 
Seat 2: VQHPoker ($6.30 in chips) 
Seat 3: humo97 ($10.66 in chips) 
Seat 4: Tangros ($10 in chips) 
Seat 5: dlxodud0102 ($35.08 in chips) 
Seat 6: fbje ($6.20 in chips) 
VQHPoker: posts small blind $0.05
humo97: posts big blind $0.10
*** HOLE CARDS ***
Dealt to Mahu2021 [3c Qd]
Tangros: raises $0.20 to $0.30
dlxodud0102: folds 
fbje: folds 
Mahu2021: folds 
VQHPoker: folds 
humo97: calls $0.20
*** FLOP *** [4c 6h Jd]
humo97: checks 
Tangros: checks 
*** TURN *** [4c 6h Jd] [Ks]
humo97: checks 
Tangros: bets $0.46
humo97: calls $0.46
*** RIVER *** [4c 6h Jd Ks] [2s]
humo97: checks 
Tangros: bets $1.85
humo97: calls $1.85
*** SHOW DOWN ***
Tangros: shows [Qc As] (high card Ace)
humo97: shows [8d Kd] (a pair of Kings)
humo97 collected $5.03 from pot
*** SUMMARY ***
Total pot $5.27 | Rake $0.24 
Board [4c 6h Jd Ks 2s]
Seat 1: Mahu2021 (button) folded before Flop (didn't bet)
Seat 2: VQHPoker (small blind) folded before Flop
Seat 3: humo97 (big blind) showed [8d Kd] and won ($5.03) with a pair of Kings
Seat 4: Tangros showed [Qc As] and lost with high card Ace
Seat 5: dlxodud0102 folded before Flop (didn't bet)
Seat 6: fbje folded before Flop (didn't bet)



PokerStars Zoom Hand #254844568526:  Hold'em No Limit ($0.05/$0.10) - 2025/02/13 13:27:44 CET [2025/02/13 7:27:44 ET]
Table 'Aludra' 6-max Seat #1 is the button
Seat 1: aimaisan ($12.07 in chips) 
Seat 2: Matzet1ka ($10.45 in chips) 
Seat 3: JLajoie ($10.23 in chips) 
Seat 4: QKJope ($5.05 in chips) 
Seat 5: Mahu2021 ($9.39 in chips) 
Seat 6: Pastor28 ($18.59 in chips) 
Matzet1ka: posts small blind $0.05
JLajoie: posts big blind $0.10
*** HOLE CARDS ***
Dealt to Mahu2021 [Ah 3s]
QKJope has timed out
QKJope: folds 
Mahu2021: folds 
Pastor28: folds 
aimaisan: folds 
Matzet1ka: folds 
Uncalled bet ($0.05) returned to JLajoie
JLajoie collected $0.10 from pot
JLajoie: doesn't show hand 
*** SUMMARY ***
Total pot $0.10 | Rake $0 
Seat 1: aimaisan (button) folded before Flop (didn't bet)
Seat 2: Matzet1ka (small blind) folded before Flop
Seat 3: JLajoie (big blind) collected ($0.10)
Seat 4: QKJope folded before Flop (didn't bet)
Seat 5: Mahu2021 folded before Flop (didn't bet)
Seat 6: Pastor28 folded before Flop (didn't bet)



PokerStars Zoom Hand #254844564367:  Hold'em No Limit ($0.05/$0.10) - 2025/02/13 13:27:13 CET [2025/02/13 7:27:13 ET]
Table 'Aludra' 6-max Seat #1 is the button
Seat 1: royacht ($10.75 in chips) 
Seat 2: Ready2Rollu ($11.43 in chips) 
Seat 3: T.Drader ($8.96 in chips) 
Seat 4: Mahu2021 ($9.69 in chips) 
Seat 5: Yiupsong ($27.66 in chips) 
Seat 6: sho0506 ($10.15 in chips) 
Ready2Rollu: posts small blind $0.05
T.Drader: posts big blind $0.10
*** HOLE CARDS ***
Dealt to Mahu2021 [2h 6c]
Mahu2021: folds 
Yiupsong: folds 
sho0506: folds 
royacht: raises $0.10 to $0.20
Ready2Rollu: folds 
T.Drader: calls $0.10
*** FLOP *** [3h 8d Kd]
T.Drader: bets $0.22
royacht: raises $0.44 to $0.66
T.Drader: calls $0.44
*** TURN *** [3h 8d Kd] [4h]
T.Drader: bets $0.85
royacht: raises $1.70 to $2.55
T.Drader: calls $1.70
*** RIVER *** [3h 8d Kd 4h] [4s]
T.Drader: checks 
royacht: checks 
*** SHOW DOWN ***
T.Drader: shows [Kh Ah] (two pair, Kings and Fours)
royacht: shows [Ad Kc] (two pair, Kings and Fours)
T.Drader collected $3.28 from pot
royacht collected $3.28 from pot
*** SUMMARY ***
Total pot $6.87 | Rake $0.31 
Board [3h 8d Kd 4h 4s]
Seat 1: royacht (button) showed [Ad Kc] and won ($3.28) with two pair, Kings and Fours
Seat 2: Ready2Rollu (small blind) folded before Flop
Seat 3: T.Drader (big blind) showed [Kh Ah] and won ($3.28) with two pair, Kings and Fours
Seat 4: Mahu2021 folded before Flop (didn't bet)
Seat 5: Yiupsong folded before Flop (didn't bet)
Seat 6: sho0506 folded before Flop (didn't bet)



PokerStars Zoom Hand #254844569051:  Hold'em No Limit ($0.05/$0.10) - 2025/02/13 13:27:48 CET [2025/02/13 7:27:48 ET]
Table 'Aludra' 6-max Seat #1 is the button
Seat 1: Mahu2021 ($9.39 in chips) 
Seat 2: chueko148 ($5.07 in chips) 
Seat 3: RoVaLo12 ($12.30 in chips) 
Seat 4: aimaisan ($18.82 in chips) 
Seat 5: Pastor28 ($18.59 in chips) 
Seat 6: Geison69 ($12.67 in chips) 
chueko148: posts small blind $0.05
RoVaLo12: posts big blind $0.10
*** HOLE CARDS ***
Dealt to Mahu2021 [Th Kh]
aimaisan: folds 
Pastor28: raises $0.10 to $0.20
Geison69: folds 
Mahu2021: calls $0.20
chueko148: folds 
RoVaLo12: calls $0.10
*** FLOP *** [Qh 8h 5c]
RoVaLo12: checks 
Pastor28: checks 
Mahu2021: bets $0.62
RoVaLo12: folds 
Pastor28: folds 
Uncalled bet ($0.62) returned to Mahu2021
Mahu2021 collected $0.62 from pot
Mahu2021: doesn't show hand 
*** SUMMARY ***
Total pot $0.65 | Rake $0.03 
Board [Qh 8h 5c]
Seat 1: Mahu2021 (button) collected ($0.62)
Seat 2: chueko148 (small blind) folded before Flop
Seat 3: RoVaLo12 (big blind) folded on the Flop
Seat 4: aimaisan folded before Flop (didn't bet)
Seat 5: Pastor28 folded on the Flop
Seat 6: Geison69 folded before Flop (didn't bet)



PokerStars Zoom Hand #254844567897:  Hold'em No Limit ($0.05/$0.10) - 2025/02/13 13:27:40 CET [2025/02/13 7:27:40 ET]
Table 'Aludra' 6-max Seat #1 is the button
Seat 1: Menippos ($8.29 in chips) 
Seat 2: Pastor28 ($18.64 in chips) 
Seat 3: ForrestG451 ($10.65 in chips) 
Seat 4: pokerzoom15 ($17.77 in chips) 
Seat 5: tea38 ($7.82 in chips) 
Seat 6: Mahu2021 ($9.39 in chips) 
Pastor28: posts small blind $0.05
ForrestG451: posts big blind $0.10
*** HOLE CARDS ***
Dealt to Mahu2021 [3h 5s]
pokerzoom15: folds 
tea38: folds 
Mahu2021: folds 
Menippos: raises $0.20 to $0.30
Pastor28: folds 
ForrestG451: calls $0.20
*** FLOP *** [Jc 7s 4s]
ForrestG451: checks 
Menippos: checks 
*** TURN *** [Jc 7s 4s] [6h]
ForrestG451: checks 
Menippos: bets $0.31
ForrestG451: folds 
Uncalled bet ($0.31) returned to Menippos
Menippos collected $0.62 from pot
Menippos: doesn't show hand 
*** SUMMARY ***
Total pot $0.65 | Rake $0.03 
Board [Jc 7s 4s 6h]
Seat 1: Menippos (button) collected ($0.62)
Seat 2: Pastor28 (small blind) folded before Flop
Seat 3: ForrestG451 (big blind) folded on the Turn
Seat 4: pokerzoom15 folded before Flop (didn't bet)
Seat 5: tea38 folded before Flop (didn't bet)
Seat 6: Mahu2021 folded before Flop (didn't bet)



PokerStars Zoom Hand #254844572103:  Hold'em No Limit ($0.05/$0.10) - 2025/02/13 13:28:11 CET [2025/02/13 7:28:11 ET]
Table 'Aludra' 6-max Seat #1 is the button
Seat 1: pokerzoom15 ($27.07 in chips) 
Seat 2: Geison69 ($12.60 in chips) 
Seat 3: VitorArj ($10 in chips) 
Seat 4: aimaisan ($11.82 in chips) 
Seat 5: Mahu2021 ($9.81 in chips) 
Seat 6: royacht ($10.52 in chips) 
Geison69: posts small blind $0.05
VitorArj: posts big blind $0.10
*** HOLE CARDS ***
Dealt to Mahu2021 [Qd Kd]
aimaisan: folds 
Mahu2021: raises $0.14 to $0.24
royacht: calls $0.24
pokerzoom15: folds 
Geison69: folds 
VitorArj: folds 
*** FLOP *** [6h 3s Jc]
Mahu2021: checks 
royacht: checks 
*** TURN *** [6h 3s Jc] [Ad]
Mahu2021: checks 
royacht: bets $0.40
Mahu2021: calls $0.40
*** RIVER *** [6h 3s Jc Ad] [Th]
Mahu2021: checks 
royacht: bets $0.90
Mahu2021: raises $1.10 to $2
royacht: raises $7.88 to $9.88 and is all-in
Mahu2021: calls $7.17 and is all-in
Uncalled bet ($0.71) returned to royacht
*** SHOW DOWN ***
royacht: shows [Qh Kh] (a straight, Ten to Ace)
Mahu2021: shows [Qd Kd] (a straight, Ten to Ace)
Mahu2021 collected $9.44 from pot
royacht collected $9.44 from pot
*** SUMMARY ***
Total pot $19.77 | Rake $0.89 
Board [6h 3s Jc Ad Th]
Seat 1: pokerzoom15 (button) folded before Flop (didn't bet)
Seat 2: Geison69 (small blind) folded before Flop
Seat 3: VitorArj (big blind) folded before Flop
Seat 4: aimaisan folded before Flop (didn't bet)
Seat 5: Mahu2021 showed [Qd Kd] and won ($9.44) with a straight, Ten to Ace
Seat 6: royacht showed [Qh Kh] and won ($9.44) with a straight, Ten to Ace



PokerStars Zoom Hand #254844577482:  Hold'em No Limit ($0.05/$0.10) - 2025/02/13 13:28:52 CET [2025/02/13 7:28:52 ET]
Table 'Aludra' 6-max Seat #1 is the button
Seat 1: Miracle of 50k ($10 in chips) 
Seat 2: sho0506 ($11.11 in chips) 
Seat 3: Mahu2021 ($9.44 in chips) 
Seat 4: 50´s Ghost ($12.56 in chips) 
Seat 5: geokomkjdoc ($3.52 in chips) 
Seat 6: VitorArj ($10.26 in chips) 
sho0506: posts small blind $0.05
Mahu2021: posts big blind $0.10
*** HOLE CARDS ***
Dealt to Mahu2021 [9h 9c]
50´s Ghost: folds 
geokomkjdoc: calls $0.10
VitorArj: folds 
Miracle of 50k: folds 
sho0506: calls $0.05
Mahu2021: checks 
*** FLOP *** [7c 7s 9s]
sho0506: checks 
Mahu2021: checks 
geokomkjdoc: checks 
*** TURN *** [7c 7s 9s] [Ts]
sho0506: bets $0.10
Mahu2021: raises $0.10 to $0.20
geokomkjdoc: raises $0.10 to $0.30
sho0506: calls $0.20
Mahu2021: raises $0.60 to $0.90
geokomkjdoc: raises $2.52 to $3.42 and is all-in
sho0506: folds 
Mahu2021: calls $2.52
*** RIVER *** [7c 7s 9s Ts] [3h]
*** SHOW DOWN ***
Mahu2021: shows [9h 9c] (a full house, Nines full of Sevens)
geokomkjdoc: shows [8s Qs] (a flush, Queen high)
Mahu2021 collected $7.11 from pot
*** SUMMARY ***
Total pot $7.44 | Rake $0.33 
Board [7c 7s 9s Ts 3h]
Seat 1: Miracle of 50k (button) folded before Flop (didn't bet)
Seat 2: sho0506 (small blind) folded on the Turn
Seat 3: Mahu2021 (big blind) showed [9h 9c] and won ($7.11) with a full house, Nines full of Sevens
Seat 4: 50´s Ghost folded before Flop (didn't bet)
Seat 5: geokomkjdoc showed [8s Qs] and lost with a flush, Queen high
Seat 6: VitorArj folded before Flop (didn't bet)



