PokerStars Hand #243183804640: Tournament #3579629190, $0.92+$0.08 USD Hold'em No Limit - Level I (10/20) - 2023/04/19 10:07:08 CET [2023/04/19 4:07:08 ET]
Table '3579629190 1' 3-max Seat #1 is the button
Seat 1: RodrigoGouveia (500 in chips) 
Seat 2: Mahu2021 (500 in chips) 
Seat 3: Renaldi60 (500 in chips) 
Mahu2021: posts small blind 10
Renaldi60: posts big blind 20
*** HOLE CARDS ***
Dealt to Mahu2021 [Kd Ah]
RodrigoGouveia: raises 25 to 45
Mahu2021: calls 35
Renaldi60: calls 25
*** FLOP *** [9s 7h 5s]
Mahu2021: checks 
Renaldi60: bets 20
RodrigoGouveia: raises 45 to 65
Mahu2021: folds 
Renaldi60: calls 45
*** TURN *** [9s 7h 5s] [Qc]
Renaldi60: bets 20
RodrigoGouveia: raises 65 to 85
Renaldi60: calls 65
*** RIVER *** [9s 7h 5s Qc] [2h]
Renaldi60: checks 
RodrigoGouveia: bets 305 and is all-in
Renaldi60: folds 
Uncalled bet (305) returned to RodrigoGouveia
RodrigoGouveia collected 435 from pot
RodrigoGouveia: doesn't show hand 
*** SUMMARY ***
Total pot 435 | Rake 0 
Board [9s 7h 5s Qc 2h]
Seat 1: RodrigoGouveia (button) collected (435)
Seat 2: Mahu2021 (small blind) folded on the Flop
Seat 3: Renaldi60 (big blind) folded on the River



PokerStars Hand #243183808613: Tournament #3579629190, $0.92+$0.08 USD Hold'em No Limit - Level I (10/20) - 2023/04/19 10:07:42 CET [2023/04/19 4:07:42 ET]
Table '3579629190 1' 3-max Seat #2 is the button
Seat 1: RodrigoGouveia (740 in chips) 
Seat 2: Mahu2021 (455 in chips) 
Seat 3: Renaldi60 (305 in chips) 
Renaldi60: posts small blind 10
RodrigoGouveia: posts big blind 20
*** HOLE CARDS ***
Dealt to Mahu2021 [6s Jd]
Mahu2021: folds 
Renaldi60: calls 10
RodrigoGouveia: raises 25 to 45
Renaldi60: calls 25
*** FLOP *** [5s 5d 8d]
Renaldi60: bets 260 and is all-in
RodrigoGouveia: folds 
Uncalled bet (260) returned to Renaldi60
Renaldi60 collected 90 from pot
Renaldi60: doesn't show hand 
*** SUMMARY ***
Total pot 90 | Rake 0 
Board [5s 5d 8d]
Seat 1: RodrigoGouveia (big blind) folded on the Flop
Seat 2: Mahu2021 (button) folded before Flop (didn't bet)
Seat 3: Renaldi60 (small blind) collected (90)



PokerStars Hand #243183811314: Tournament #3579629190, $0.92+$0.08 USD Hold'em No Limit - Level I (10/20) - 2023/04/19 10:08:06 CET [2023/04/19 4:08:06 ET]
Table '3579629190 1' 3-max Seat #3 is the button
Seat 1: RodrigoGouveia (695 in chips) 
Seat 2: Mahu2021 (455 in chips) 
Seat 3: Renaldi60 (350 in chips) 
RodrigoGouveia: posts small blind 10
Mahu2021: posts big blind 20
*** HOLE CARDS ***
Dealt to Mahu2021 [Qd 9c]
Renaldi60: calls 20
RodrigoGouveia: raises 675 to 695 and is all-in
Mahu2021: folds 
Renaldi60: folds 
Uncalled bet (675) returned to RodrigoGouveia
RodrigoGouveia collected 60 from pot
RodrigoGouveia: doesn't show hand 
*** SUMMARY ***
Total pot 60 | Rake 0 
Seat 1: RodrigoGouveia (small blind) collected (60)
Seat 2: Mahu2021 (big blind) folded before Flop
Seat 3: Renaldi60 (button) folded before Flop



PokerStars Hand #243183812342: Tournament #3579629190, $0.92+$0.08 USD Hold'em No Limit - Level I (10/20) - 2023/04/19 10:08:15 CET [2023/04/19 4:08:15 ET]
Table '3579629190 1' 3-max Seat #1 is the button
Seat 1: RodrigoGouveia (735 in chips) 
Seat 2: Mahu2021 (435 in chips) 
Seat 3: Renaldi60 (330 in chips) 
Mahu2021: posts small blind 10
Renaldi60: posts big blind 20
*** HOLE CARDS ***
Dealt to Mahu2021 [9h 9d]
RodrigoGouveia: raises 715 to 735 and is all-in
Mahu2021: calls 425 and is all-in
Renaldi60: folds 
Uncalled bet (300) returned to RodrigoGouveia
*** FLOP *** [4h 3c Kd]
*** TURN *** [4h 3c Kd] [7h]
*** RIVER *** [4h 3c Kd 7h] [As]
*** SHOW DOWN ***
Mahu2021: shows [9h 9d] (a pair of Nines)
RodrigoGouveia: shows [Ah Qs] (a pair of Aces)
RodrigoGouveia collected 890 from pot
Mahu2021 finished the tournament in 3rd place
*** SUMMARY ***
Total pot 890 | Rake 0 
Board [4h 3c Kd 7h As]
Seat 1: RodrigoGouveia (button) showed [Ah Qs] and won (890) with a pair of Aces
Seat 2: Mahu2021 (small blind) showed [9h 9d] and lost with a pair of Nines
Seat 3: Renaldi60 (big blind) folded before Flop



