PokerStars Hand #254874406211: Tournament #3859176149, $0.46+$0.04 USD Hold'em No Limit - Level I (10/20) - 2025/02/15 10:30:27 CET [2025/02/15 4:30:27 ET]
Table '3859176149 1' 3-max Seat #1 is the button
Seat 1: Papesz00144 (500 in chips) 
Seat 2: sebastian2399 (500 in chips) 
Seat 3: Mahu2021 (500 in chips) 
sebastian2399: posts small blind 10
Mahu2021: posts big blind 20
*** HOLE CARDS ***
Dealt to Mahu2021 [Tc 8h]
Papesz00144: raises 20 to 40
sebastian2399: raises 40 to 80
Mahu2021: folds 
Papesz00144: calls 40
*** FLOP *** [8c Jh 2h]
sebastian2399: bets 40
Papesz00144: raises 60 to 100
sebastian2399: calls 60
*** TURN *** [8c Jh 2h] [Jd]
sebastian2399: bets 80
Papesz00144: raises 240 to 320 and is all-in
sebastian2399: folds 
Uncalled bet (240) returned to Papesz00144
Papesz00144 collected 540 from pot
*** SUMMARY ***
Total pot 540 | Rake 0 
Board [8c Jh 2h Jd]
Seat 1: Papesz00144 (button) collected (540)
Seat 2: sebastian2399 (small blind) folded on the Turn
Seat 3: Mahu2021 (big blind) folded before Flop



PokerStars Hand #254874408928: Tournament #3859176149, $0.46+$0.04 USD Hold'em No Limit - Level I (10/20) - 2025/02/15 10:30:53 CET [2025/02/15 4:30:53 ET]
Table '3859176149 1' 3-max Seat #2 is the button
Seat 1: Papesz00144 (780 in chips) 
Seat 2: sebastian2399 (240 in chips) 
Seat 3: Mahu2021 (480 in chips) 
Mahu2021: posts small blind 10
Papesz00144: posts big blind 20
*** HOLE CARDS ***
Dealt to Mahu2021 [4s 6c]
sebastian2399: raises 220 to 240 and is all-in
Mahu2021: folds 
Papesz00144: folds 
Uncalled bet (220) returned to sebastian2399
sebastian2399 collected 50 from pot
*** SUMMARY ***
Total pot 50 | Rake 0 
Seat 1: Papesz00144 (big blind) folded before Flop
Seat 2: sebastian2399 (button) collected (50)
Seat 3: Mahu2021 (small blind) folded before Flop



PokerStars Hand #254874409757: Tournament #3859176149, $0.46+$0.04 USD Hold'em No Limit - Level I (10/20) - 2025/02/15 10:31:02 CET [2025/02/15 4:31:02 ET]
Table '3859176149 1' 3-max Seat #3 is the button
Seat 1: Papesz00144 (760 in chips) 
Seat 2: sebastian2399 (270 in chips) 
Seat 3: Mahu2021 (470 in chips) 
Papesz00144: posts small blind 10
sebastian2399: posts big blind 20
*** HOLE CARDS ***
Dealt to Mahu2021 [5h 6c]
Mahu2021: folds 
Papesz00144: calls 10
sebastian2399: raises 100 to 120
Papesz00144: calls 100
*** FLOP *** [2c 5c 5d]
Papesz00144: bets 60
sebastian2399: raises 90 to 150 and is all-in
Papesz00144: calls 90
*** TURN *** [2c 5c 5d] [6d]
*** RIVER *** [2c 5c 5d 6d] [Ac]
*** SHOW DOWN ***
Papesz00144: shows [Kd 2h] (two pair, Fives and Deuces)
sebastian2399: shows [Js As] (two pair, Aces and Fives)
sebastian2399 collected 540 from pot
*** SUMMARY ***
Total pot 540 | Rake 0 
Board [2c 5c 5d 6d Ac]
Seat 1: Papesz00144 (small blind) showed [Kd 2h] and lost with two pair, Fives and Deuces
Seat 2: sebastian2399 (big blind) showed [Js As] and won (540) with two pair, Aces and Fives
Seat 3: Mahu2021 (button) folded before Flop (didn't bet)



PokerStars Hand #254874412000: Tournament #3859176149, $0.46+$0.04 USD Hold'em No Limit - Level I (10/20) - 2025/02/15 10:31:24 CET [2025/02/15 4:31:24 ET]
Table '3859176149 1' 3-max Seat #1 is the button
Seat 1: Papesz00144 (490 in chips) 
Seat 2: sebastian2399 (540 in chips) 
Seat 3: Mahu2021 (470 in chips) 
sebastian2399: posts small blind 10
Mahu2021: posts big blind 20
*** HOLE CARDS ***
Dealt to Mahu2021 [Tc 6d]
Papesz00144: calls 20
sebastian2399: calls 10
Mahu2021: checks 
*** FLOP *** [Kd 6c Kh]
sebastian2399: checks 
Mahu2021: checks 
Papesz00144: checks 
*** TURN *** [Kd 6c Kh] [4s]
sebastian2399: checks 
Mahu2021: bets 60
Papesz00144: folds 
sebastian2399: calls 60
*** RIVER *** [Kd 6c Kh 4s] [7c]
sebastian2399: checks 
Mahu2021: checks 
*** SHOW DOWN ***
sebastian2399: shows [5h 8d] (a straight, Four to Eight)
Mahu2021: mucks hand 
sebastian2399 collected 180 from pot
*** SUMMARY ***
Total pot 180 | Rake 0 
Board [Kd 6c Kh 4s 7c]
Seat 1: Papesz00144 (button) folded on the Turn
Seat 2: sebastian2399 (small blind) showed [5h 8d] and won (180) with a straight, Four to Eight
Seat 3: Mahu2021 (big blind) mucked [Tc 6d]



PokerStars Hand #254874414158: Tournament #3859176149, $0.46+$0.04 USD Hold'em No Limit - Level I (10/20) - 2025/02/15 10:31:46 CET [2025/02/15 4:31:46 ET]
Table '3859176149 1' 3-max Seat #2 is the button
Seat 1: Papesz00144 (470 in chips) 
Seat 2: sebastian2399 (640 in chips) 
Seat 3: Mahu2021 (390 in chips) 
Mahu2021: posts small blind 10
Papesz00144: posts big blind 20
*** HOLE CARDS ***
Dealt to Mahu2021 [4s As]
sebastian2399: folds 
Mahu2021: raises 20 to 40
Papesz00144: calls 20
*** FLOP *** [9s Kd 5d]
Mahu2021: checks 
Papesz00144: bets 20
Mahu2021: calls 20
*** TURN *** [9s Kd 5d] [7h]
Mahu2021: checks 
Papesz00144: bets 20
Mahu2021: folds 
Uncalled bet (20) returned to Papesz00144
Papesz00144 collected 120 from pot
*** SUMMARY ***
Total pot 120 | Rake 0 
Board [9s Kd 5d 7h]
Seat 1: Papesz00144 (big blind) collected (120)
Seat 2: sebastian2399 (button) folded before Flop (didn't bet)
Seat 3: Mahu2021 (small blind) folded on the Turn



PokerStars Hand #254874416202: Tournament #3859176149, $0.46+$0.04 USD Hold'em No Limit - Level I (10/20) - 2025/02/15 10:32:05 CET [2025/02/15 4:32:05 ET]
Table '3859176149 1' 3-max Seat #3 is the button
Seat 1: Papesz00144 (530 in chips) 
Seat 2: sebastian2399 (640 in chips) 
Seat 3: Mahu2021 (330 in chips) 
Papesz00144: posts small blind 10
sebastian2399: posts big blind 20
*** HOLE CARDS ***
Dealt to Mahu2021 [Js Qd]
Mahu2021: raises 20 to 40
Papesz00144: calls 30
sebastian2399: calls 20
*** FLOP *** [7d 3s 4c]
Papesz00144: bets 40
sebastian2399: calls 40
Mahu2021: folds 
*** TURN *** [7d 3s 4c] [Ac]
Papesz00144: bets 40
sebastian2399: calls 40
*** RIVER *** [7d 3s 4c Ac] [Kd]
Papesz00144: bets 40
sebastian2399: calls 40
*** SHOW DOWN ***
Papesz00144: shows [4s 8s] (a pair of Fours)
sebastian2399: mucks hand 
Papesz00144 collected 360 from pot
*** SUMMARY ***
Total pot 360 | Rake 0 
Board [7d 3s 4c Ac Kd]
Seat 1: Papesz00144 (small blind) showed [4s 8s] and won (360) with a pair of Fours
Seat 2: sebastian2399 (big blind) mucked [4d 5d]
Seat 3: Mahu2021 (button) folded on the Flop



PokerStars Hand #254874419045: Tournament #3859176149, $0.46+$0.04 USD Hold'em No Limit - Level II (15/30) - 2025/02/15 10:32:33 CET [2025/02/15 4:32:33 ET]
Table '3859176149 1' 3-max Seat #1 is the button
Seat 1: Papesz00144 (730 in chips) 
Seat 2: sebastian2399 (480 in chips) 
Seat 3: Mahu2021 (290 in chips) 
sebastian2399: posts small blind 15
Mahu2021: posts big blind 30
*** HOLE CARDS ***
Dealt to Mahu2021 [4s Js]
Papesz00144: calls 30
sebastian2399: calls 15
Mahu2021: checks 
*** FLOP *** [2h Td Ks]
sebastian2399: checks 
Mahu2021: checks 
Papesz00144: checks 
*** TURN *** [2h Td Ks] [Jd]
sebastian2399: checks 
Mahu2021: bets 60
Papesz00144: calls 60
sebastian2399: calls 60
*** RIVER *** [2h Td Ks Jd] [5s]
sebastian2399: bets 390 and is all-in
Mahu2021: folds 
Papesz00144: folds 
Uncalled bet (390) returned to sebastian2399
sebastian2399 collected 270 from pot
*** SUMMARY ***
Total pot 270 | Rake 0 
Board [2h Td Ks Jd 5s]
Seat 1: Papesz00144 (button) folded on the River
Seat 2: sebastian2399 (small blind) collected (270)
Seat 3: Mahu2021 (big blind) folded on the River



PokerStars Hand #254874421476: Tournament #3859176149, $0.46+$0.04 USD Hold'em No Limit - Level II (15/30) - 2025/02/15 10:32:56 CET [2025/02/15 4:32:56 ET]
Table '3859176149 1' 3-max Seat #2 is the button
Seat 1: Papesz00144 (640 in chips) 
Seat 2: sebastian2399 (660 in chips) 
Seat 3: Mahu2021 (200 in chips) 
Mahu2021: posts small blind 15
Papesz00144: posts big blind 30
*** HOLE CARDS ***
Dealt to Mahu2021 [5d Ks]
sebastian2399: calls 30
Mahu2021: folds 
Papesz00144: raises 30 to 60
sebastian2399: calls 30
*** FLOP *** [Tc 5s 2h]
Papesz00144: bets 60
sebastian2399: folds 
Uncalled bet (60) returned to Papesz00144
Papesz00144 collected 135 from pot
*** SUMMARY ***
Total pot 135 | Rake 0 
Board [Tc 5s 2h]
Seat 1: Papesz00144 (big blind) collected (135)
Seat 2: sebastian2399 (button) folded on the Flop
Seat 3: Mahu2021 (small blind) folded before Flop



PokerStars Hand #254874422813: Tournament #3859176149, $0.46+$0.04 USD Hold'em No Limit - Level II (15/30) - 2025/02/15 10:33:09 CET [2025/02/15 4:33:09 ET]
Table '3859176149 1' 3-max Seat #3 is the button
Seat 1: Papesz00144 (715 in chips) 
Seat 2: sebastian2399 (600 in chips) 
Seat 3: Mahu2021 (185 in chips) 
Papesz00144: posts small blind 15
sebastian2399: posts big blind 30
*** HOLE CARDS ***
Dealt to Mahu2021 [6h 5s]
Mahu2021: folds 
Papesz00144: calls 15
sebastian2399: checks 
*** FLOP *** [As Jc 9c]
Papesz00144: checks 
sebastian2399: checks 
*** TURN *** [As Jc 9c] [2d]
Papesz00144: bets 30
sebastian2399: calls 30
*** RIVER *** [As Jc 9c 2d] [Ks]
Papesz00144: bets 60
sebastian2399: calls 60
*** SHOW DOWN ***
Papesz00144: shows [4s Kd] (a pair of Kings)
sebastian2399: mucks hand 
Papesz00144 collected 240 from pot
*** SUMMARY ***
Total pot 240 | Rake 0 
Board [As Jc 9c 2d Ks]
Seat 1: Papesz00144 (small blind) showed [4s Kd] and won (240) with a pair of Kings
Seat 2: sebastian2399 (big blind) mucked [3d 2h]
Seat 3: Mahu2021 (button) folded before Flop (didn't bet)



PokerStars Hand #254874424919: Tournament #3859176149, $0.46+$0.04 USD Hold'em No Limit - Level II (15/30) - 2025/02/15 10:33:29 CET [2025/02/15 4:33:29 ET]
Table '3859176149 1' 3-max Seat #1 is the button
Seat 1: Papesz00144 (835 in chips) 
Seat 2: sebastian2399 (480 in chips) 
Seat 3: Mahu2021 (185 in chips) 
sebastian2399: posts small blind 15
Mahu2021: posts big blind 30
*** HOLE CARDS ***
Dealt to Mahu2021 [Jh 2c]
Papesz00144: calls 30
sebastian2399: calls 15
Mahu2021: checks 
*** FLOP *** [6s 5s Kd]
sebastian2399: checks 
Mahu2021: checks 
Papesz00144: bets 30
sebastian2399: folds 
Mahu2021: folds 
Uncalled bet (30) returned to Papesz00144
Papesz00144 collected 90 from pot
*** SUMMARY ***
Total pot 90 | Rake 0 
Board [6s 5s Kd]
Seat 1: Papesz00144 (button) collected (90)
Seat 2: sebastian2399 (small blind) folded on the Flop
Seat 3: Mahu2021 (big blind) folded on the Flop



PokerStars Hand #254874426581: Tournament #3859176149, $0.46+$0.04 USD Hold'em No Limit - Level II (15/30) - 2025/02/15 10:33:45 CET [2025/02/15 4:33:45 ET]
Table '3859176149 1' 3-max Seat #2 is the button
Seat 1: Papesz00144 (895 in chips) 
Seat 2: sebastian2399 (450 in chips) 
Seat 3: Mahu2021 (155 in chips) 
Mahu2021: posts small blind 15
Papesz00144: posts big blind 30
*** HOLE CARDS ***
Dealt to Mahu2021 [Ad 5h]
sebastian2399: folds 
Mahu2021: raises 125 to 155 and is all-in
Papesz00144: folds 
Uncalled bet (125) returned to Mahu2021
Mahu2021 collected 60 from pot
Mahu2021: doesn't show hand 
*** SUMMARY ***
Total pot 60 | Rake 0 
Seat 1: Papesz00144 (big blind) folded before Flop
Seat 2: sebastian2399 (button) folded before Flop (didn't bet)
Seat 3: Mahu2021 (small blind) collected (60)



PokerStars Hand #254874427415: Tournament #3859176149, $0.46+$0.04 USD Hold'em No Limit - Level II (15/30) - 2025/02/15 10:33:53 CET [2025/02/15 4:33:53 ET]
Table '3859176149 1' 3-max Seat #3 is the button
Seat 1: Papesz00144 (865 in chips) 
Seat 2: sebastian2399 (450 in chips) 
Seat 3: Mahu2021 (185 in chips) 
Papesz00144: posts small blind 15
sebastian2399: posts big blind 30
*** HOLE CARDS ***
Dealt to Mahu2021 [4h 8h]
Mahu2021: folds 
Papesz00144: calls 15
sebastian2399: checks 
*** FLOP *** [Jd Th 2c]
Papesz00144: checks 
sebastian2399: bets 30
Papesz00144: calls 30
*** TURN *** [Jd Th 2c] [5h]
Papesz00144: checks 
sebastian2399: bets 30
Papesz00144: folds 
Uncalled bet (30) returned to sebastian2399
sebastian2399 collected 120 from pot
*** SUMMARY ***
Total pot 120 | Rake 0 
Board [Jd Th 2c 5h]
Seat 1: Papesz00144 (small blind) folded on the Turn
Seat 2: sebastian2399 (big blind) collected (120)
Seat 3: Mahu2021 (button) folded before Flop (didn't bet)



PokerStars Hand #254874429421: Tournament #3859176149, $0.46+$0.04 USD Hold'em No Limit - Level II (15/30) - 2025/02/15 10:34:13 CET [2025/02/15 4:34:13 ET]
Table '3859176149 1' 3-max Seat #1 is the button
Seat 1: Papesz00144 (805 in chips) 
Seat 2: sebastian2399 (510 in chips) 
Seat 3: Mahu2021 (185 in chips) 
sebastian2399: posts small blind 15
Mahu2021: posts big blind 30
*** HOLE CARDS ***
Dealt to Mahu2021 [6s 9s]
Papesz00144: calls 30
sebastian2399: calls 15
Mahu2021: checks 
*** FLOP *** [Jc Qc 3d]
sebastian2399: checks 
Mahu2021: checks 
Papesz00144: checks 
*** TURN *** [Jc Qc 3d] [Ts]
sebastian2399: bets 30
Mahu2021: folds 
Papesz00144: calls 30
*** RIVER *** [Jc Qc 3d Ts] [6c]
sebastian2399: bets 30
Papesz00144: calls 30
*** SHOW DOWN ***
sebastian2399: shows [2d Tc] (a pair of Tens)
Papesz00144: mucks hand 
sebastian2399 collected 210 from pot
*** SUMMARY ***
Total pot 210 | Rake 0 
Board [Jc Qc 3d Ts 6c]
Seat 1: Papesz00144 (button) mucked [6h Ks]
Seat 2: sebastian2399 (small blind) showed [2d Tc] and won (210) with a pair of Tens
Seat 3: Mahu2021 (big blind) folded on the Turn



PokerStars Hand #254874432231: Tournament #3859176149, $0.46+$0.04 USD Hold'em No Limit - Level III (20/40) - 2025/02/15 10:34:39 CET [2025/02/15 4:34:39 ET]
Table '3859176149 1' 3-max Seat #2 is the button
Seat 1: Papesz00144 (715 in chips) 
Seat 2: sebastian2399 (630 in chips) 
Seat 3: Mahu2021 (155 in chips) 
Mahu2021: posts small blind 20
Papesz00144: posts big blind 40
*** HOLE CARDS ***
Dealt to Mahu2021 [6d Ks]
sebastian2399: folds 
Mahu2021: raises 115 to 155 and is all-in
Papesz00144: calls 115
*** FLOP *** [5d 6h Jc]
*** TURN *** [5d 6h Jc] [Kh]
*** RIVER *** [5d 6h Jc Kh] [9d]
*** SHOW DOWN ***
Mahu2021: shows [6d Ks] (two pair, Kings and Sixes)
Papesz00144: shows [5s Tc] (a pair of Fives)
Mahu2021 collected 310 from pot
*** SUMMARY ***
Total pot 310 | Rake 0 
Board [5d 6h Jc Kh 9d]
Seat 1: Papesz00144 (big blind) showed [5s Tc] and lost with a pair of Fives
Seat 2: sebastian2399 (button) folded before Flop (didn't bet)
Seat 3: Mahu2021 (small blind) showed [6d Ks] and won (310) with two pair, Kings and Sixes



PokerStars Hand #254874434527: Tournament #3859176149, $0.46+$0.04 USD Hold'em No Limit - Level III (20/40) - 2025/02/15 10:35:02 CET [2025/02/15 4:35:02 ET]
Table '3859176149 1' 3-max Seat #3 is the button
Seat 1: Papesz00144 (560 in chips) 
Seat 2: sebastian2399 (630 in chips) 
Seat 3: Mahu2021 (310 in chips) 
Papesz00144: posts small blind 20
sebastian2399: posts big blind 40
*** HOLE CARDS ***
Dealt to Mahu2021 [3d 4d]
Mahu2021: folds 
Papesz00144: raises 40 to 80
sebastian2399: calls 40
*** FLOP *** [Jh Th 7d]
Papesz00144: bets 80
sebastian2399: folds 
Uncalled bet (80) returned to Papesz00144
Papesz00144 collected 160 from pot
*** SUMMARY ***
Total pot 160 | Rake 0 
Board [Jh Th 7d]
Seat 1: Papesz00144 (small blind) collected (160)
Seat 2: sebastian2399 (big blind) folded on the Flop
Seat 3: Mahu2021 (button) folded before Flop (didn't bet)



PokerStars Hand #254874435898: Tournament #3859176149, $0.46+$0.04 USD Hold'em No Limit - Level III (20/40) - 2025/02/15 10:35:15 CET [2025/02/15 4:35:15 ET]
Table '3859176149 1' 3-max Seat #1 is the button
Seat 1: Papesz00144 (640 in chips) 
Seat 2: sebastian2399 (550 in chips) 
Seat 3: Mahu2021 (310 in chips) 
sebastian2399: posts small blind 20
Mahu2021: posts big blind 40
*** HOLE CARDS ***
Dealt to Mahu2021 [Qd 5h]
Papesz00144: calls 40
sebastian2399: raises 40 to 80
Mahu2021: folds 
Papesz00144: calls 40
*** FLOP *** [9c 5c Tc]
sebastian2399: bets 80
Papesz00144: calls 80
*** TURN *** [9c 5c Tc] [8c]
sebastian2399: checks 
Papesz00144: bets 480 and is all-in
sebastian2399: calls 390 and is all-in
Uncalled bet (90) returned to Papesz00144
*** RIVER *** [9c 5c Tc 8c] [2d]
*** SHOW DOWN ***
sebastian2399: shows [Jd Ac] (a flush, Ace high)
Papesz00144: shows [Jh 3d] (high card Jack)
sebastian2399 collected 1140 from pot
*** SUMMARY ***
Total pot 1140 | Rake 0 
Board [9c 5c Tc 8c 2d]
Seat 1: Papesz00144 (button) showed [Jh 3d] and lost with high card Jack
Seat 2: sebastian2399 (small blind) showed [Jd Ac] and won (1140) with a flush, Ace high
Seat 3: Mahu2021 (big blind) folded before Flop



PokerStars Hand #254874438325: Tournament #3859176149, $0.46+$0.04 USD Hold'em No Limit - Level III (20/40) - 2025/02/15 10:35:38 CET [2025/02/15 4:35:38 ET]
Table '3859176149 1' 3-max Seat #2 is the button
Seat 1: Papesz00144 (90 in chips) 
Seat 2: sebastian2399 (1140 in chips) 
Seat 3: Mahu2021 (270 in chips) 
Mahu2021: posts small blind 20
Papesz00144: posts big blind 40
*** HOLE CARDS ***
Dealt to Mahu2021 [7c Qc]
sebastian2399: calls 40
Mahu2021: calls 20
Papesz00144: checks 
*** FLOP *** [Td 4h 9s]
Mahu2021: checks 
Papesz00144: bets 50 and is all-in
sebastian2399: calls 50
Mahu2021: folds 
*** TURN *** [Td 4h 9s] [9c]
*** RIVER *** [Td 4h 9s 9c] [5c]
*** SHOW DOWN ***
Papesz00144: shows [7h 8s] (a pair of Nines)
sebastian2399: shows [Ts Kc] (two pair, Tens and Nines)
sebastian2399 collected 220 from pot
Papesz00144 finished the tournament in 3rd place
*** SUMMARY ***
Total pot 220 | Rake 0 
Board [Td 4h 9s 9c 5c]
Seat 1: Papesz00144 (big blind) showed [7h 8s] and lost with a pair of Nines
Seat 2: sebastian2399 (button) showed [Ts Kc] and won (220) with two pair, Tens and Nines
Seat 3: Mahu2021 (small blind) folded on the Flop



PokerStars Hand #254874441398: Tournament #3859176149, $0.46+$0.04 USD Hold'em No Limit - Level III (20/40) - 2025/02/15 10:36:07 CET [2025/02/15 4:36:07 ET]
Table '3859176149 1' 3-max Seat #3 is the button
Seat 2: sebastian2399 (1270 in chips) 
Seat 3: Mahu2021 (230 in chips) 
Mahu2021: posts small blind 20
sebastian2399: posts big blind 40
*** HOLE CARDS ***
Dealt to Mahu2021 [2c 5s]
Mahu2021: folds 
Uncalled bet (20) returned to sebastian2399
sebastian2399 collected 40 from pot
*** SUMMARY ***
Total pot 40 | Rake 0 
Seat 2: sebastian2399 (big blind) collected (40)
Seat 3: Mahu2021 (button) (small blind) folded before Flop



PokerStars Hand #254874441821: Tournament #3859176149, $0.46+$0.04 USD Hold'em No Limit - Level III (20/40) - 2025/02/15 10:36:11 CET [2025/02/15 4:36:11 ET]
Table '3859176149 1' 3-max Seat #2 is the button
Seat 2: sebastian2399 (1290 in chips) 
Seat 3: Mahu2021 (210 in chips) 
sebastian2399: posts small blind 20
Mahu2021: posts big blind 40
*** HOLE CARDS ***
Dealt to Mahu2021 [3c Ac]
sebastian2399: calls 20
Mahu2021: raises 170 to 210 and is all-in
sebastian2399: calls 170
*** FLOP *** [Qc 7h Kh]
*** TURN *** [Qc 7h Kh] [9h]
*** RIVER *** [Qc 7h Kh 9h] [6c]
*** SHOW DOWN ***
Mahu2021: shows [3c Ac] (high card Ace)
sebastian2399: shows [3s 2d] (high card King)
Mahu2021 collected 420 from pot
*** SUMMARY ***
Total pot 420 | Rake 0 
Board [Qc 7h Kh 9h 6c]
Seat 2: sebastian2399 (button) (small blind) showed [3s 2d] and lost with high card King
Seat 3: Mahu2021 (big blind) showed [3c Ac] and won (420) with high card Ace



PokerStars Hand #254874443364: Tournament #3859176149, $0.46+$0.04 USD Hold'em No Limit - Level III (20/40) - 2025/02/15 10:36:26 CET [2025/02/15 4:36:26 ET]
Table '3859176149 1' 3-max Seat #3 is the button
Seat 2: sebastian2399 (1080 in chips) 
Seat 3: Mahu2021 (420 in chips) 
Mahu2021: posts small blind 20
sebastian2399: posts big blind 40
*** HOLE CARDS ***
Dealt to Mahu2021 [2s Td]
Mahu2021: folds 
Uncalled bet (20) returned to sebastian2399
sebastian2399 collected 40 from pot
*** SUMMARY ***
Total pot 40 | Rake 0 
Seat 2: sebastian2399 (big blind) collected (40)
Seat 3: Mahu2021 (button) (small blind) folded before Flop



PokerStars Hand #254874444348: Tournament #3859176149, $0.46+$0.04 USD Hold'em No Limit - Level IV (30/60) - 2025/02/15 10:36:35 CET [2025/02/15 4:36:35 ET]
Table '3859176149 1' 3-max Seat #2 is the button
Seat 2: sebastian2399 (1100 in chips) 
Seat 3: Mahu2021 (400 in chips) 
sebastian2399: posts small blind 30
Mahu2021: posts big blind 60
*** HOLE CARDS ***
Dealt to Mahu2021 [2c 2h]
sebastian2399: calls 30
Mahu2021: raises 340 to 400 and is all-in
sebastian2399: calls 340
*** FLOP *** [Td Ks 7h]
*** TURN *** [Td Ks 7h] [5c]
*** RIVER *** [Td Ks 7h 5c] [8c]
*** SHOW DOWN ***
Mahu2021: shows [2c 2h] (a pair of Deuces)
sebastian2399: shows [Qd Ad] (high card Ace)
Mahu2021 collected 800 from pot
*** SUMMARY ***
Total pot 800 | Rake 0 
Board [Td Ks 7h 5c 8c]
Seat 2: sebastian2399 (button) (small blind) showed [Qd Ad] and lost with high card Ace
Seat 3: Mahu2021 (big blind) showed [2c 2h] and won (800) with a pair of Deuces



PokerStars Hand #254874445787: Tournament #3859176149, $0.46+$0.04 USD Hold'em No Limit - Level IV (30/60) - 2025/02/15 10:36:49 CET [2025/02/15 4:36:49 ET]
Table '3859176149 1' 3-max Seat #3 is the button
Seat 2: sebastian2399 (700 in chips) 
Seat 3: Mahu2021 (800 in chips) 
Mahu2021: posts small blind 30
sebastian2399: posts big blind 60
*** HOLE CARDS ***
Dealt to Mahu2021 [Qc Qs]
Mahu2021: raises 740 to 800 and is all-in
sebastian2399: folds 
Uncalled bet (740) returned to Mahu2021
Mahu2021 collected 120 from pot
Mahu2021: doesn't show hand 
*** SUMMARY ***
Total pot 120 | Rake 0 
Seat 2: sebastian2399 (big blind) folded before Flop
Seat 3: Mahu2021 (button) (small blind) collected (120)



PokerStars Hand #254874446755: Tournament #3859176149, $0.46+$0.04 USD Hold'em No Limit - Level IV (30/60) - 2025/02/15 10:36:58 CET [2025/02/15 4:36:58 ET]
Table '3859176149 1' 3-max Seat #2 is the button
Seat 2: sebastian2399 (640 in chips) 
Seat 3: Mahu2021 (860 in chips) 
sebastian2399: posts small blind 30
Mahu2021: posts big blind 60
*** HOLE CARDS ***
Dealt to Mahu2021 [3c Tc]
sebastian2399: calls 30
Mahu2021: checks 
*** FLOP *** [6s As 5h]
Mahu2021: checks 
sebastian2399: bets 60
Mahu2021: folds 
Uncalled bet (60) returned to sebastian2399
sebastian2399 collected 120 from pot
*** SUMMARY ***
Total pot 120 | Rake 0 
Board [6s As 5h]
Seat 2: sebastian2399 (button) (small blind) collected (120)
Seat 3: Mahu2021 (big blind) folded on the Flop



PokerStars Hand #254874447742: Tournament #3859176149, $0.46+$0.04 USD Hold'em No Limit - Level IV (30/60) - 2025/02/15 10:37:07 CET [2025/02/15 4:37:07 ET]
Table '3859176149 1' 3-max Seat #3 is the button
Seat 2: sebastian2399 (700 in chips) 
Seat 3: Mahu2021 (800 in chips) 
Mahu2021: posts small blind 30
sebastian2399: posts big blind 60
*** HOLE CARDS ***
Dealt to Mahu2021 [Ts 5s]
Mahu2021: calls 30
sebastian2399: checks 
*** FLOP *** [4s Ks Js]
sebastian2399: checks 
Mahu2021: bets 60
sebastian2399: folds 
Uncalled bet (60) returned to Mahu2021
Mahu2021 collected 120 from pot
Mahu2021: doesn't show hand 
*** SUMMARY ***
Total pot 120 | Rake 0 
Board [4s Ks Js]
Seat 2: sebastian2399 (big blind) folded on the Flop
Seat 3: Mahu2021 (button) (small blind) collected (120)



PokerStars Hand #254874448758: Tournament #3859176149, $0.46+$0.04 USD Hold'em No Limit - Level IV (30/60) - 2025/02/15 10:37:17 CET [2025/02/15 4:37:17 ET]
Table '3859176149 1' 3-max Seat #2 is the button
Seat 2: sebastian2399 (640 in chips) 
Seat 3: Mahu2021 (860 in chips) 
sebastian2399: posts small blind 30
Mahu2021: posts big blind 60
*** HOLE CARDS ***
Dealt to Mahu2021 [Jc 7c]
sebastian2399: folds 
Uncalled bet (30) returned to Mahu2021
Mahu2021 collected 60 from pot
Mahu2021: doesn't show hand 
*** SUMMARY ***
Total pot 60 | Rake 0 
Seat 2: sebastian2399 (button) (small blind) folded before Flop
Seat 3: Mahu2021 (big blind) collected (60)



PokerStars Hand #254874449467: Tournament #3859176149, $0.46+$0.04 USD Hold'em No Limit - Level IV (30/60) - 2025/02/15 10:37:24 CET [2025/02/15 4:37:24 ET]
Table '3859176149 1' 3-max Seat #3 is the button
Seat 2: sebastian2399 (610 in chips) 
Seat 3: Mahu2021 (890 in chips) 
Mahu2021: posts small blind 30
sebastian2399: posts big blind 60
*** HOLE CARDS ***
Dealt to Mahu2021 [9d 7c]
Mahu2021: calls 30
sebastian2399: checks 
*** FLOP *** [9s Td 4d]
sebastian2399: bets 60
Mahu2021: calls 60
*** TURN *** [9s Td 4d] [Kc]
sebastian2399: checks 
Mahu2021: checks 
*** RIVER *** [9s Td 4d Kc] [4c]
sebastian2399: bets 60
Mahu2021: calls 60
*** SHOW DOWN ***
sebastian2399: shows [Jh 9c] (two pair, Nines and Fours)
Mahu2021: shows [9d 7c] (two pair, Nines and Fours)
sebastian2399 collected 180 from pot
Mahu2021 collected 180 from pot
*** SUMMARY ***
Total pot 360 | Rake 0 
Board [9s Td 4d Kc 4c]
Seat 2: sebastian2399 (big blind) showed [Jh 9c] and won (180) with two pair, Nines and Fours
Seat 3: Mahu2021 (button) (small blind) showed [9d 7c] and won (180) with two pair, Nines and Fours



PokerStars Hand #254874450932: Tournament #3859176149, $0.46+$0.04 USD Hold'em No Limit - Level IV (30/60) - 2025/02/15 10:37:38 CET [2025/02/15 4:37:38 ET]
Table '3859176149 1' 3-max Seat #2 is the button
Seat 2: sebastian2399 (610 in chips) 
Seat 3: Mahu2021 (890 in chips) 
sebastian2399: posts small blind 30
Mahu2021: posts big blind 60
*** HOLE CARDS ***
Dealt to Mahu2021 [Qd 4h]
sebastian2399: calls 30
Mahu2021: checks 
*** FLOP *** [3c 5s Ah]
Mahu2021: checks 
sebastian2399: checks 
*** TURN *** [3c 5s Ah] [Jc]
Mahu2021: checks 
sebastian2399: checks 
*** RIVER *** [3c 5s Ah Jc] [5h]
Mahu2021: bets 60
sebastian2399: folds 
Uncalled bet (60) returned to Mahu2021
Mahu2021 collected 120 from pot
Mahu2021: doesn't show hand 
*** SUMMARY ***
Total pot 120 | Rake 0 
Board [3c 5s Ah Jc 5h]
Seat 2: sebastian2399 (button) (small blind) folded on the River
Seat 3: Mahu2021 (big blind) collected (120)



PokerStars Hand #254874453420: Tournament #3859176149, $0.46+$0.04 USD Hold'em No Limit - Level IV (30/60) - 2025/02/15 10:38:02 CET [2025/02/15 4:38:02 ET]
Table '3859176149 1' 3-max Seat #3 is the button
Seat 2: sebastian2399 (550 in chips) 
Seat 3: Mahu2021 (950 in chips) 
Mahu2021: posts small blind 30
sebastian2399: posts big blind 60
*** HOLE CARDS ***
Dealt to Mahu2021 [Th 2c]
Mahu2021: folds 
Uncalled bet (30) returned to sebastian2399
sebastian2399 collected 60 from pot
*** SUMMARY ***
Total pot 60 | Rake 0 
Seat 2: sebastian2399 (big blind) collected (60)
Seat 3: Mahu2021 (button) (small blind) folded before Flop



PokerStars Hand #254874453848: Tournament #3859176149, $0.46+$0.04 USD Hold'em No Limit - Level IV (30/60) - 2025/02/15 10:38:06 CET [2025/02/15 4:38:06 ET]
Table '3859176149 1' 3-max Seat #2 is the button
Seat 2: sebastian2399 (580 in chips) 
Seat 3: Mahu2021 (920 in chips) 
sebastian2399: posts small blind 30
Mahu2021: posts big blind 60
*** HOLE CARDS ***
Dealt to Mahu2021 [Js Ah]
sebastian2399: calls 30
Mahu2021: raises 860 to 920 and is all-in
sebastian2399: calls 520 and is all-in
Uncalled bet (340) returned to Mahu2021
*** FLOP *** [5h 8s Ks]
*** TURN *** [5h 8s Ks] [Qd]
*** RIVER *** [5h 8s Ks Qd] [2s]
*** SHOW DOWN ***
Mahu2021: shows [Js Ah] (high card Ace)
sebastian2399: shows [Ac Kd] (a pair of Kings)
sebastian2399 collected 1160 from pot
*** SUMMARY ***
Total pot 1160 | Rake 0 
Board [5h 8s Ks Qd 2s]
Seat 2: sebastian2399 (button) (small blind) showed [Ac Kd] and won (1160) with a pair of Kings
Seat 3: Mahu2021 (big blind) showed [Js Ah] and lost with high card Ace



PokerStars Hand #254874455772: Tournament #3859176149, $0.46+$0.04 USD Hold'em No Limit - Level IV (30/60) - 2025/02/15 10:38:24 CET [2025/02/15 4:38:24 ET]
Table '3859176149 1' 3-max Seat #3 is the button
Seat 2: sebastian2399 (1160 in chips) 
Seat 3: Mahu2021 (340 in chips) 
Mahu2021: posts small blind 30
sebastian2399: posts big blind 60
*** HOLE CARDS ***
Dealt to Mahu2021 [8h Ts]
Mahu2021: calls 30
sebastian2399: checks 
*** FLOP *** [4s Js 6s]
sebastian2399: bets 60
Mahu2021: calls 60
*** TURN *** [4s Js 6s] [6h]
sebastian2399: bets 60
Mahu2021: raises 160 to 220 and is all-in
sebastian2399: calls 160
*** RIVER *** [4s Js 6s 6h] [Kd]
*** SHOW DOWN ***
sebastian2399: shows [5s 8d] (a pair of Sixes)
Mahu2021: shows [8h Ts] (a pair of Sixes - King+Jack+Ten kicker)
Mahu2021 collected 680 from pot
*** SUMMARY ***
Total pot 680 | Rake 0 
Board [4s Js 6s 6h Kd]
Seat 2: sebastian2399 (big blind) showed [5s 8d] and lost with a pair of Sixes
Seat 3: Mahu2021 (button) (small blind) showed [8h Ts] and won (680) with a pair of Sixes



PokerStars Hand #254874458357: Tournament #3859176149, $0.46+$0.04 USD Hold'em No Limit - Level V (40/80) - 2025/02/15 10:38:49 CET [2025/02/15 4:38:49 ET]
Table '3859176149 1' 3-max Seat #2 is the button
Seat 2: sebastian2399 (820 in chips) 
Seat 3: Mahu2021 (680 in chips) 
sebastian2399: posts small blind 40
Mahu2021: posts big blind 80
*** HOLE CARDS ***
Dealt to Mahu2021 [6d Td]
sebastian2399: raises 80 to 160
Mahu2021: folds 
Uncalled bet (80) returned to sebastian2399
sebastian2399 collected 160 from pot
*** SUMMARY ***
Total pot 160 | Rake 0 
Seat 2: sebastian2399 (button) (small blind) collected (160)
Seat 3: Mahu2021 (big blind) folded before Flop



PokerStars Hand #254874459039: Tournament #3859176149, $0.46+$0.04 USD Hold'em No Limit - Level V (40/80) - 2025/02/15 10:38:55 CET [2025/02/15 4:38:55 ET]
Table '3859176149 1' 3-max Seat #3 is the button
Seat 2: sebastian2399 (900 in chips) 
Seat 3: Mahu2021 (600 in chips) 
Mahu2021: posts small blind 40
sebastian2399: posts big blind 80
*** HOLE CARDS ***
Dealt to Mahu2021 [5d 8h]
Mahu2021: folds 
Uncalled bet (40) returned to sebastian2399
sebastian2399 collected 80 from pot
*** SUMMARY ***
Total pot 80 | Rake 0 
Seat 2: sebastian2399 (big blind) collected (80)
Seat 3: Mahu2021 (button) (small blind) folded before Flop



PokerStars Hand #254874459514: Tournament #3859176149, $0.46+$0.04 USD Hold'em No Limit - Level V (40/80) - 2025/02/15 10:39:00 CET [2025/02/15 4:39:00 ET]
Table '3859176149 1' 3-max Seat #2 is the button
Seat 2: sebastian2399 (940 in chips) 
Seat 3: Mahu2021 (560 in chips) 
sebastian2399: posts small blind 40
Mahu2021: posts big blind 80
*** HOLE CARDS ***
Dealt to Mahu2021 [7s 5h]
sebastian2399: calls 40
Mahu2021: checks 
*** FLOP *** [9s 2h Js]
Mahu2021: checks 
sebastian2399: bets 80
Mahu2021: folds 
Uncalled bet (80) returned to sebastian2399
sebastian2399 collected 160 from pot
*** SUMMARY ***
Total pot 160 | Rake 0 
Board [9s 2h Js]
Seat 2: sebastian2399 (button) (small blind) collected (160)
Seat 3: Mahu2021 (big blind) folded on the Flop



PokerStars Hand #254874460458: Tournament #3859176149, $0.46+$0.04 USD Hold'em No Limit - Level V (40/80) - 2025/02/15 10:39:09 CET [2025/02/15 4:39:09 ET]
Table '3859176149 1' 3-max Seat #3 is the button
Seat 2: sebastian2399 (1020 in chips) 
Seat 3: Mahu2021 (480 in chips) 
Mahu2021: posts small blind 40
sebastian2399: posts big blind 80
*** HOLE CARDS ***
Dealt to Mahu2021 [6c 8h]
Mahu2021: folds 
Uncalled bet (40) returned to sebastian2399
sebastian2399 collected 80 from pot
*** SUMMARY ***
Total pot 80 | Rake 0 
Seat 2: sebastian2399 (big blind) collected (80)
Seat 3: Mahu2021 (button) (small blind) folded before Flop



PokerStars Hand #254874460945: Tournament #3859176149, $0.46+$0.04 USD Hold'em No Limit - Level V (40/80) - 2025/02/15 10:39:13 CET [2025/02/15 4:39:13 ET]
Table '3859176149 1' 3-max Seat #2 is the button
Seat 2: sebastian2399 (1060 in chips) 
Seat 3: Mahu2021 (440 in chips) 
sebastian2399: posts small blind 40
Mahu2021: posts big blind 80
*** HOLE CARDS ***
Dealt to Mahu2021 [2s 9s]
sebastian2399: raises 80 to 160
Mahu2021: folds 
Uncalled bet (80) returned to sebastian2399
sebastian2399 collected 160 from pot
*** SUMMARY ***
Total pot 160 | Rake 0 
Seat 2: sebastian2399 (button) (small blind) collected (160)
Seat 3: Mahu2021 (big blind) folded before Flop



PokerStars Hand #254874461522: Tournament #3859176149, $0.46+$0.04 USD Hold'em No Limit - Level V (40/80) - 2025/02/15 10:39:19 CET [2025/02/15 4:39:19 ET]
Table '3859176149 1' 3-max Seat #3 is the button
Seat 2: sebastian2399 (1140 in chips) 
Seat 3: Mahu2021 (360 in chips) 
Mahu2021: posts small blind 40
sebastian2399: posts big blind 80
*** HOLE CARDS ***
Dealt to Mahu2021 [6h 2s]
Mahu2021: folds 
Uncalled bet (40) returned to sebastian2399
sebastian2399 collected 80 from pot
*** SUMMARY ***
Total pot 80 | Rake 0 
Seat 2: sebastian2399 (big blind) collected (80)
Seat 3: Mahu2021 (button) (small blind) folded before Flop



PokerStars Hand #254874461962: Tournament #3859176149, $0.46+$0.04 USD Hold'em No Limit - Level V (40/80) - 2025/02/15 10:39:23 CET [2025/02/15 4:39:23 ET]
Table '3859176149 1' 3-max Seat #2 is the button
Seat 2: sebastian2399 (1180 in chips) 
Seat 3: Mahu2021 (320 in chips) 
sebastian2399: posts small blind 40
Mahu2021: posts big blind 80
*** HOLE CARDS ***
Dealt to Mahu2021 [Kd Qs]
sebastian2399: folds 
Uncalled bet (40) returned to Mahu2021
Mahu2021 collected 80 from pot
Mahu2021: doesn't show hand 
*** SUMMARY ***
Total pot 80 | Rake 0 
Seat 2: sebastian2399 (button) (small blind) folded before Flop
Seat 3: Mahu2021 (big blind) collected (80)



PokerStars Hand #254874462520: Tournament #3859176149, $0.46+$0.04 USD Hold'em No Limit - Level V (40/80) - 2025/02/15 10:39:28 CET [2025/02/15 4:39:28 ET]
Table '3859176149 1' 3-max Seat #3 is the button
Seat 2: sebastian2399 (1140 in chips) 
Seat 3: Mahu2021 (360 in chips) 
Mahu2021: posts small blind 40
sebastian2399: posts big blind 80
*** HOLE CARDS ***
Dealt to Mahu2021 [3s 3d]
Mahu2021: raises 280 to 360 and is all-in
sebastian2399: folds 
Uncalled bet (280) returned to Mahu2021
Mahu2021 collected 160 from pot
Mahu2021: doesn't show hand 
*** SUMMARY ***
Total pot 160 | Rake 0 
Seat 2: sebastian2399 (big blind) folded before Flop
Seat 3: Mahu2021 (button) (small blind) collected (160)



PokerStars Hand #254874463752: Tournament #3859176149, $0.46+$0.04 USD Hold'em No Limit - Level V (40/80) - 2025/02/15 10:39:40 CET [2025/02/15 4:39:40 ET]
Table '3859176149 1' 3-max Seat #2 is the button
Seat 2: sebastian2399 (1060 in chips) 
Seat 3: Mahu2021 (440 in chips) 
sebastian2399: posts small blind 40
Mahu2021: posts big blind 80
*** HOLE CARDS ***
Dealt to Mahu2021 [6c Js]
sebastian2399: raises 80 to 160
Mahu2021: calls 80
*** FLOP *** [7c 8c 3c]
Mahu2021: bets 280 and is all-in
sebastian2399: calls 280
*** TURN *** [7c 8c 3c] [9d]
*** RIVER *** [7c 8c 3c 9d] [5s]
*** SHOW DOWN ***
Mahu2021: shows [6c Js] (a straight, Five to Nine)
sebastian2399: shows [Kc Td] (high card King)
Mahu2021 collected 880 from pot
*** SUMMARY ***
Total pot 880 | Rake 0 
Board [7c 8c 3c 9d 5s]
Seat 2: sebastian2399 (button) (small blind) showed [Kc Td] and lost with high card King
Seat 3: Mahu2021 (big blind) showed [6c Js] and won (880) with a straight, Five to Nine



PokerStars Hand #254874465431: Tournament #3859176149, $0.46+$0.04 USD Hold'em No Limit - Level V (40/80) - 2025/02/15 10:39:56 CET [2025/02/15 4:39:56 ET]
Table '3859176149 1' 3-max Seat #3 is the button
Seat 2: sebastian2399 (620 in chips) 
Seat 3: Mahu2021 (880 in chips) 
Mahu2021: posts small blind 40
sebastian2399: posts big blind 80
*** HOLE CARDS ***
Dealt to Mahu2021 [As Qc]
Mahu2021: raises 80 to 160
sebastian2399: calls 80
*** FLOP *** [2c 8c Kc]
sebastian2399: checks 
Mahu2021: checks 
*** TURN *** [2c 8c Kc] [8d]
sebastian2399: bets 80
Mahu2021: calls 80
*** RIVER *** [2c 8c Kc 8d] [2d]
sebastian2399: bets 240
Mahu2021: calls 240
*** SHOW DOWN ***
sebastian2399: shows [Ts 9s] (two pair, Eights and Deuces)
Mahu2021: shows [As Qc] (two pair, Eights and Deuces - Ace kicker)
Mahu2021 collected 960 from pot
*** SUMMARY ***
Total pot 960 | Rake 0 
Board [2c 8c Kc 8d 2d]
Seat 2: sebastian2399 (big blind) showed [Ts 9s] and lost with two pair, Eights and Deuces
Seat 3: Mahu2021 (button) (small blind) showed [As Qc] and won (960) with two pair, Eights and Deuces



PokerStars Hand #254874467926: Tournament #3859176149, $0.46+$0.04 USD Hold'em No Limit - Level V (40/80) - 2025/02/15 10:40:20 CET [2025/02/15 4:40:20 ET]
Table '3859176149 1' 3-max Seat #2 is the button
Seat 2: sebastian2399 (140 in chips) 
Seat 3: Mahu2021 (1360 in chips) 
sebastian2399: posts small blind 40
Mahu2021: posts big blind 80
*** HOLE CARDS ***
Dealt to Mahu2021 [8s 4s]
sebastian2399: raises 60 to 140 and is all-in
Mahu2021: calls 60
*** FLOP *** [Ah Kh 2d]
*** TURN *** [Ah Kh 2d] [8h]
*** RIVER *** [Ah Kh 2d 8h] [7c]
*** SHOW DOWN ***
Mahu2021: shows [8s 4s] (a pair of Eights)
sebastian2399: shows [9c 8c] (a pair of Eights - Ace+King+Nine kicker)
sebastian2399 collected 280 from pot
*** SUMMARY ***
Total pot 280 | Rake 0 
Board [Ah Kh 2d 8h 7c]
Seat 2: sebastian2399 (button) (small blind) showed [9c 8c] and won (280) with a pair of Eights
Seat 3: Mahu2021 (big blind) showed [8s 4s] and lost with a pair of Eights



PokerStars Hand #254874470289: Tournament #3859176149, $0.46+$0.04 USD Hold'em No Limit - Level VI (50/100) - 2025/02/15 10:40:41 CET [2025/02/15 4:40:41 ET]
Table '3859176149 1' 3-max Seat #3 is the button
Seat 2: sebastian2399 (280 in chips) 
Seat 3: Mahu2021 (1220 in chips) 
Mahu2021: posts small blind 50
sebastian2399: posts big blind 100
*** HOLE CARDS ***
Dealt to Mahu2021 [8s Th]
Mahu2021: calls 50
sebastian2399: raises 180 to 280 and is all-in
Mahu2021: folds 
Uncalled bet (180) returned to sebastian2399
sebastian2399 collected 200 from pot
*** SUMMARY ***
Total pot 200 | Rake 0 
Seat 2: sebastian2399 (big blind) collected (200)
Seat 3: Mahu2021 (button) (small blind) folded before Flop



PokerStars Hand #254874471360: Tournament #3859176149, $0.46+$0.04 USD Hold'em No Limit - Level VI (50/100) - 2025/02/15 10:40:51 CET [2025/02/15 4:40:51 ET]
Table '3859176149 1' 3-max Seat #2 is the button
Seat 2: sebastian2399 (380 in chips) 
Seat 3: Mahu2021 (1120 in chips) 
sebastian2399: posts small blind 50
Mahu2021: posts big blind 100
*** HOLE CARDS ***
Dealt to Mahu2021 [5h Ts]
sebastian2399: raises 280 to 380 and is all-in
Mahu2021: folds 
Uncalled bet (280) returned to sebastian2399
sebastian2399 collected 200 from pot
*** SUMMARY ***
Total pot 200 | Rake 0 
Seat 2: sebastian2399 (button) (small blind) collected (200)
Seat 3: Mahu2021 (big blind) folded before Flop



PokerStars Hand #254874471950: Tournament #3859176149, $0.46+$0.04 USD Hold'em No Limit - Level VI (50/100) - 2025/02/15 10:40:57 CET [2025/02/15 4:40:57 ET]
Table '3859176149 1' 3-max Seat #3 is the button
Seat 2: sebastian2399 (480 in chips) 
Seat 3: Mahu2021 (1020 in chips) 
Mahu2021: posts small blind 50
sebastian2399: posts big blind 100
*** HOLE CARDS ***
Dealt to Mahu2021 [7d Kh]
Mahu2021: raises 100 to 200
sebastian2399: calls 100
*** FLOP *** [Qc Qd Ks]
sebastian2399: checks 
Mahu2021: bets 300
sebastian2399: folds 
Uncalled bet (300) returned to Mahu2021
Mahu2021 collected 400 from pot
Mahu2021: doesn't show hand 
*** SUMMARY ***
Total pot 400 | Rake 0 
Board [Qc Qd Ks]
Seat 2: sebastian2399 (big blind) folded on the Flop
Seat 3: Mahu2021 (button) (small blind) collected (400)



PokerStars Hand #254874473298: Tournament #3859176149, $0.46+$0.04 USD Hold'em No Limit - Level VI (50/100) - 2025/02/15 10:41:09 CET [2025/02/15 4:41:09 ET]
Table '3859176149 1' 3-max Seat #2 is the button
Seat 2: sebastian2399 (280 in chips) 
Seat 3: Mahu2021 (1220 in chips) 
sebastian2399: posts small blind 50
Mahu2021: posts big blind 100
*** HOLE CARDS ***
Dealt to Mahu2021 [Js 4s]
sebastian2399: calls 50
Mahu2021: checks 
*** FLOP *** [8c Qh 8h]
Mahu2021: checks 
sebastian2399: checks 
*** TURN *** [8c Qh 8h] [5d]
Mahu2021: checks 
sebastian2399: bets 180 and is all-in
Mahu2021: folds 
Uncalled bet (180) returned to sebastian2399
sebastian2399 collected 200 from pot
*** SUMMARY ***
Total pot 200 | Rake 0 
Board [8c Qh 8h 5d]
Seat 2: sebastian2399 (button) (small blind) collected (200)
Seat 3: Mahu2021 (big blind) folded on the Turn



PokerStars Hand #254874474834: Tournament #3859176149, $0.46+$0.04 USD Hold'em No Limit - Level VI (50/100) - 2025/02/15 10:41:23 CET [2025/02/15 4:41:23 ET]
Table '3859176149 1' 3-max Seat #3 is the button
Seat 2: sebastian2399 (380 in chips) 
Seat 3: Mahu2021 (1120 in chips) 
Mahu2021: posts small blind 50
sebastian2399: posts big blind 100
*** HOLE CARDS ***
Dealt to Mahu2021 [Jd 9h]
Mahu2021: raises 100 to 200
sebastian2399: folds 
Uncalled bet (100) returned to Mahu2021
Mahu2021 collected 200 from pot
Mahu2021: doesn't show hand 
*** SUMMARY ***
Total pot 200 | Rake 0 
Seat 2: sebastian2399 (big blind) folded before Flop
Seat 3: Mahu2021 (button) (small blind) collected (200)



PokerStars Hand #254874475515: Tournament #3859176149, $0.46+$0.04 USD Hold'em No Limit - Level VI (50/100) - 2025/02/15 10:41:29 CET [2025/02/15 4:41:29 ET]
Table '3859176149 1' 3-max Seat #2 is the button
Seat 2: sebastian2399 (280 in chips) 
Seat 3: Mahu2021 (1220 in chips) 
sebastian2399: posts small blind 50
Mahu2021: posts big blind 100
*** HOLE CARDS ***
Dealt to Mahu2021 [Jd Kh]
sebastian2399: raises 100 to 200
Mahu2021: raises 100 to 300
sebastian2399: calls 80 and is all-in
Uncalled bet (20) returned to Mahu2021
*** FLOP *** [Qh 2d 7h]
*** TURN *** [Qh 2d 7h] [9h]
*** RIVER *** [Qh 2d 7h 9h] [6d]
*** SHOW DOWN ***
Mahu2021: shows [Jd Kh] (high card King)
sebastian2399: shows [7c Js] (a pair of Sevens)
sebastian2399 collected 560 from pot
*** SUMMARY ***
Total pot 560 | Rake 0 
Board [Qh 2d 7h 9h 6d]
Seat 2: sebastian2399 (button) (small blind) showed [7c Js] and won (560) with a pair of Sevens
Seat 3: Mahu2021 (big blind) showed [Jd Kh] and lost with high card King



PokerStars Hand #254874476921: Tournament #3859176149, $0.46+$0.04 USD Hold'em No Limit - Level VI (50/100) - 2025/02/15 10:41:42 CET [2025/02/15 4:41:42 ET]
Table '3859176149 1' 3-max Seat #3 is the button
Seat 2: sebastian2399 (560 in chips) 
Seat 3: Mahu2021 (940 in chips) 
Mahu2021: posts small blind 50
sebastian2399: posts big blind 100
*** HOLE CARDS ***
Dealt to Mahu2021 [Qc 7s]
Mahu2021: raises 840 to 940 and is all-in
sebastian2399: folds 
Uncalled bet (840) returned to Mahu2021
Mahu2021 collected 200 from pot
Mahu2021: doesn't show hand 
*** SUMMARY ***
Total pot 200 | Rake 0 
Seat 2: sebastian2399 (big blind) folded before Flop
Seat 3: Mahu2021 (button) (small blind) collected (200)



PokerStars Hand #254874477812: Tournament #3859176149, $0.46+$0.04 USD Hold'em No Limit - Level VI (50/100) - 2025/02/15 10:41:51 CET [2025/02/15 4:41:51 ET]
Table '3859176149 1' 3-max Seat #2 is the button
Seat 2: sebastian2399 (460 in chips) 
Seat 3: Mahu2021 (1040 in chips) 
sebastian2399: posts small blind 50
Mahu2021: posts big blind 100
*** HOLE CARDS ***
Dealt to Mahu2021 [Qc 3s]
sebastian2399: raises 100 to 200
Mahu2021: calls 100
*** FLOP *** [Th 5h 9s]
Mahu2021: checks 
sebastian2399: bets 260 and is all-in
Mahu2021: folds 
Uncalled bet (260) returned to sebastian2399
sebastian2399 collected 400 from pot
*** SUMMARY ***
Total pot 400 | Rake 0 
Board [Th 5h 9s]
Seat 2: sebastian2399 (button) (small blind) collected (400)
Seat 3: Mahu2021 (big blind) folded on the Flop



PokerStars Hand #254874478846: Tournament #3859176149, $0.46+$0.04 USD Hold'em No Limit - Level VI (50/100) - 2025/02/15 10:42:01 CET [2025/02/15 4:42:01 ET]
Table '3859176149 1' 3-max Seat #3 is the button
Seat 2: sebastian2399 (660 in chips) 
Seat 3: Mahu2021 (840 in chips) 
Mahu2021: posts small blind 50
sebastian2399: posts big blind 100
*** HOLE CARDS ***
Dealt to Mahu2021 [Ac 4d]
Mahu2021: raises 740 to 840 and is all-in
sebastian2399: calls 560 and is all-in
Uncalled bet (180) returned to Mahu2021
*** FLOP *** [6s 8h Ah]
*** TURN *** [6s 8h Ah] [5s]
*** RIVER *** [6s 8h Ah 5s] [Ks]
*** SHOW DOWN ***
sebastian2399: shows [Ad Jc] (a pair of Aces)
Mahu2021: shows [Ac 4d] (a pair of Aces - lower kicker)
sebastian2399 collected 1320 from pot
*** SUMMARY ***
Total pot 1320 | Rake 0 
Board [6s 8h Ah 5s Ks]
Seat 2: sebastian2399 (big blind) showed [Ad Jc] and won (1320) with a pair of Aces
Seat 3: Mahu2021 (button) (small blind) showed [Ac 4d] and lost with a pair of Aces



PokerStars Hand #254874480196: Tournament #3859176149, $0.46+$0.04 USD Hold'em No Limit - Level VI (50/100) - 2025/02/15 10:42:13 CET [2025/02/15 4:42:13 ET]
Table '3859176149 1' 3-max Seat #2 is the button
Seat 2: sebastian2399 (1320 in chips) 
Seat 3: Mahu2021 (180 in chips) 
sebastian2399: posts small blind 50
Mahu2021: posts big blind 100
*** HOLE CARDS ***
Dealt to Mahu2021 [Jd 4d]
sebastian2399: calls 50
Mahu2021: raises 80 to 180 and is all-in
sebastian2399: calls 80
*** FLOP *** [9c 6c 9d]
*** TURN *** [9c 6c 9d] [2c]
*** RIVER *** [9c 6c 9d 2c] [Ac]
*** SHOW DOWN ***
Mahu2021: shows [Jd 4d] (a pair of Nines)
sebastian2399: shows [3s Qs] (a pair of Nines - Ace+Queen kicker)
sebastian2399 collected 360 from pot
Mahu2021 finished the tournament in 2nd place
sebastian2399 wins the tournament - congratulations!
sebastian2399 wins a '$1.00 Power Path Step 2 Ticket' ticket
*** SUMMARY ***
Total pot 360 | Rake 0 
Board [9c 6c 9d 2c Ac]
Seat 2: sebastian2399 (button) (small blind) showed [3s Qs] and won (360) with a pair of Nines
Seat 3: Mahu2021 (big blind) showed [Jd 4d] and lost with a pair of Nines



