PokerStars Hand #254204700656: Tournament #3842990099, $4.60+$0.40 USD Hold'em No Limit - Level I (10/20) - 2025/01/05 9:41:54 CET [2025/01/05 3:41:54 ET]
Table '3842990099 1' 3-max Seat #1 is the button
Seat 1: Mahu2021 (500 in chips) 
Seat 2: geokas123 (500 in chips) 
Seat 3: Tipatushka (500 in chips) 
geokas123: posts small blind 10
Tipatushka: posts big blind 20
*** HOLE CARDS ***
Dealt to Mahu2021 [Jh 9h]
Mahu2021: folds 
geokas123: folds 
Uncalled bet (10) returned to Tipatushka
Tipatushka collected 20 from pot
*** SUMMARY ***
Total pot 20 | Rake 0 
Seat 1: Mahu2021 (button) folded before Flop (didn't bet)
Seat 2: geokas123 (small blind) folded before Flop
Seat 3: Tipatushka (big blind) collected (20)



PokerStars Hand #254204701139: Tournament #3842990099, $4.60+$0.40 USD Hold'em No Limit - Level I (10/20) - 2025/01/05 9:41:59 CET [2025/01/05 3:41:59 ET]
Table '3842990099 1' 3-max Seat #2 is the button
Seat 1: Mahu2021 (500 in chips) 
Seat 2: geokas123 (490 in chips) 
Seat 3: Tipatushka (510 in chips) 
Tipatushka: posts small blind 10
Mahu2021: posts big blind 20
*** HOLE CARDS ***
Dealt to Mahu2021 [4c Ad]
geokas123: raises 40 to 60
Tipatushka: folds 
Mahu2021: folds 
Uncalled bet (40) returned to geokas123
geokas123 collected 50 from pot
geokas123: doesn't show hand 
*** SUMMARY ***
Total pot 50 | Rake 0 
Seat 1: Mahu2021 (big blind) folded before Flop
Seat 2: geokas123 (button) collected (50)
Seat 3: Tipatushka (small blind) folded before Flop



PokerStars Hand #254204702261: Tournament #3842990099, $4.60+$0.40 USD Hold'em No Limit - Level I (10/20) - 2025/01/05 9:42:11 CET [2025/01/05 3:42:11 ET]
Table '3842990099 1' 3-max Seat #3 is the button
Seat 1: Mahu2021 (480 in chips) 
Seat 2: geokas123 (520 in chips) 
Seat 3: Tipatushka (500 in chips) 
Mahu2021: posts small blind 10
geokas123: posts big blind 20
*** HOLE CARDS ***
Dealt to Mahu2021 [8c Ks]
Tipatushka: folds 
Mahu2021: raises 40 to 60
geokas123: raises 460 to 520 and is all-in
Mahu2021: folds 
Uncalled bet (460) returned to geokas123
geokas123 collected 120 from pot
geokas123: doesn't show hand 
*** SUMMARY ***
Total pot 120 | Rake 0 
Seat 1: Mahu2021 (small blind) folded before Flop
Seat 2: geokas123 (big blind) collected (120)
Seat 3: Tipatushka (button) folded before Flop (didn't bet)



PokerStars Hand #254204703684: Tournament #3842990099, $4.60+$0.40 USD Hold'em No Limit - Level I (10/20) - 2025/01/05 9:42:26 CET [2025/01/05 3:42:26 ET]
Table '3842990099 1' 3-max Seat #1 is the button
Seat 1: Mahu2021 (420 in chips) 
Seat 2: geokas123 (580 in chips) 
Seat 3: Tipatushka (500 in chips) 
geokas123: posts small blind 10
Tipatushka: posts big blind 20
*** HOLE CARDS ***
Dealt to Mahu2021 [Ks Ac]
Mahu2021: raises 40 to 60
geokas123: folds 
Tipatushka: calls 40
*** FLOP *** [5d 6c Td]
Tipatushka: checks 
Mahu2021: checks 
*** TURN *** [5d 6c Td] [9h]
Tipatushka: bets 70
Mahu2021: folds 
Uncalled bet (70) returned to Tipatushka
Tipatushka collected 130 from pot
*** SUMMARY ***
Total pot 130 | Rake 0 
Board [5d 6c Td 9h]
Seat 1: Mahu2021 (button) folded on the Turn
Seat 2: geokas123 (small blind) folded before Flop
Seat 3: Tipatushka (big blind) collected (130)



PokerStars Hand #254204706298: Tournament #3842990099, $4.60+$0.40 USD Hold'em No Limit - Level I (10/20) - 2025/01/05 9:42:54 CET [2025/01/05 3:42:54 ET]
Table '3842990099 1' 3-max Seat #2 is the button
Seat 1: Mahu2021 (360 in chips) 
Seat 2: geokas123 (570 in chips) 
Seat 3: Tipatushka (570 in chips) 
Tipatushka: posts small blind 10
Mahu2021: posts big blind 20
*** HOLE CARDS ***
Dealt to Mahu2021 [5h Js]
geokas123: folds 
Tipatushka: raises 40 to 60
Mahu2021: folds 
Uncalled bet (40) returned to Tipatushka
Tipatushka collected 40 from pot
*** SUMMARY ***
Total pot 40 | Rake 0 
Seat 1: Mahu2021 (big blind) folded before Flop
Seat 2: geokas123 (button) folded before Flop (didn't bet)
Seat 3: Tipatushka (small blind) collected (40)



PokerStars Hand #254204707174: Tournament #3842990099, $4.60+$0.40 USD Hold'em No Limit - Level I (10/20) - 2025/01/05 9:43:04 CET [2025/01/05 3:43:04 ET]
Table '3842990099 1' 3-max Seat #3 is the button
Seat 1: Mahu2021 (340 in chips) 
Seat 2: geokas123 (570 in chips) 
Seat 3: Tipatushka (590 in chips) 
Mahu2021: posts small blind 10
geokas123: posts big blind 20
*** HOLE CARDS ***
Dealt to Mahu2021 [4s 2c]
Tipatushka: raises 20 to 40
Mahu2021: folds 
geokas123: calls 20
*** FLOP *** [5h Ts Qc]
geokas123: checks 
Tipatushka: bets 40
geokas123: folds 
Uncalled bet (40) returned to Tipatushka
Tipatushka collected 90 from pot
*** SUMMARY ***
Total pot 90 | Rake 0 
Board [5h Ts Qc]
Seat 1: Mahu2021 (small blind) folded before Flop
Seat 2: geokas123 (big blind) folded on the Flop
Seat 3: Tipatushka (button) collected (90)



PokerStars Hand #254204708654: Tournament #3842990099, $4.60+$0.40 USD Hold'em No Limit - Level I (10/20) - 2025/01/05 9:43:20 CET [2025/01/05 3:43:20 ET]
Table '3842990099 1' 3-max Seat #1 is the button
Seat 1: Mahu2021 (330 in chips) 
Seat 2: geokas123 (530 in chips) 
Seat 3: Tipatushka (640 in chips) 
geokas123: posts small blind 10
Tipatushka: posts big blind 20
*** HOLE CARDS ***
Dealt to Mahu2021 [6h 7s]
Mahu2021: folds 
geokas123: calls 10
Tipatushka: checks 
*** FLOP *** [9d Ts 4s]
geokas123: checks 
Tipatushka: checks 
*** TURN *** [9d Ts 4s] [4h]
geokas123: checks 
Tipatushka: checks 
*** RIVER *** [9d Ts 4s 4h] [5s]
geokas123: checks 
Tipatushka: checks 
*** SHOW DOWN ***
geokas123: shows [Ks 8c] (a pair of Fours)
Tipatushka: mucks hand 
geokas123 collected 40 from pot
*** SUMMARY ***
Total pot 40 | Rake 0 
Board [9d Ts 4s 4h 5s]
Seat 1: Mahu2021 (button) folded before Flop (didn't bet)
Seat 2: geokas123 (small blind) showed [Ks 8c] and won (40) with a pair of Fours
Seat 3: Tipatushka (big blind) mucked [7d Jd]



PokerStars Hand #254204710982: Tournament #3842990099, $4.60+$0.40 USD Hold'em No Limit - Level I (10/20) - 2025/01/05 9:43:45 CET [2025/01/05 3:43:45 ET]
Table '3842990099 1' 3-max Seat #2 is the button
Seat 1: Mahu2021 (330 in chips) 
Seat 2: geokas123 (550 in chips) 
Seat 3: Tipatushka (620 in chips) 
Tipatushka: posts small blind 10
Mahu2021: posts big blind 20
*** HOLE CARDS ***
Dealt to Mahu2021 [4c Jh]
geokas123: calls 20
Tipatushka: folds 
Mahu2021: checks 
*** FLOP *** [6d Ac As]
Mahu2021: checks 
geokas123: checks 
*** TURN *** [6d Ac As] [9h]
Mahu2021: checks 
geokas123: checks 
*** RIVER *** [6d Ac As 9h] [2h]
Mahu2021: checks 
geokas123: checks 
*** SHOW DOWN ***
Mahu2021: shows [4c Jh] (a pair of Aces)
geokas123: shows [8s Kc] (a pair of Aces - King kicker)
geokas123 collected 50 from pot
*** SUMMARY ***
Total pot 50 | Rake 0 
Board [6d Ac As 9h 2h]
Seat 1: Mahu2021 (big blind) showed [4c Jh] and lost with a pair of Aces
Seat 2: geokas123 (button) showed [8s Kc] and won (50) with a pair of Aces
Seat 3: Tipatushka (small blind) folded before Flop



PokerStars Hand #254204713828: Tournament #3842990099, $4.60+$0.40 USD Hold'em No Limit - Level II (15/30) - 2025/01/05 9:44:15 CET [2025/01/05 3:44:15 ET]
Table '3842990099 1' 3-max Seat #3 is the button
Seat 1: Mahu2021 (310 in chips) 
Seat 2: geokas123 (580 in chips) 
Seat 3: Tipatushka (610 in chips) 
Mahu2021: posts small blind 15
geokas123: posts big blind 30
*** HOLE CARDS ***
Dealt to Mahu2021 [4h 2h]
Tipatushka: folds 
Mahu2021: folds 
Uncalled bet (15) returned to geokas123
geokas123 collected 30 from pot
geokas123: doesn't show hand 
*** SUMMARY ***
Total pot 30 | Rake 0 
Seat 1: Mahu2021 (small blind) folded before Flop
Seat 2: geokas123 (big blind) collected (30)
Seat 3: Tipatushka (button) folded before Flop (didn't bet)



PokerStars Hand #254204714264: Tournament #3842990099, $4.60+$0.40 USD Hold'em No Limit - Level II (15/30) - 2025/01/05 9:44:19 CET [2025/01/05 3:44:19 ET]
Table '3842990099 1' 3-max Seat #1 is the button
Seat 1: Mahu2021 (295 in chips) 
Seat 2: geokas123 (595 in chips) 
Seat 3: Tipatushka (610 in chips) 
geokas123: posts small blind 15
Tipatushka: posts big blind 30
*** HOLE CARDS ***
Dealt to Mahu2021 [7s 9s]
Mahu2021: folds 
geokas123: folds 
Uncalled bet (15) returned to Tipatushka
Tipatushka collected 30 from pot
*** SUMMARY ***
Total pot 30 | Rake 0 
Seat 1: Mahu2021 (button) folded before Flop (didn't bet)
Seat 2: geokas123 (small blind) folded before Flop
Seat 3: Tipatushka (big blind) collected (30)



PokerStars Hand #254204714810: Tournament #3842990099, $4.60+$0.40 USD Hold'em No Limit - Level II (15/30) - 2025/01/05 9:44:25 CET [2025/01/05 3:44:25 ET]
Table '3842990099 1' 3-max Seat #2 is the button
Seat 1: Mahu2021 (295 in chips) 
Seat 2: geokas123 (580 in chips) 
Seat 3: Tipatushka (625 in chips) 
Tipatushka: posts small blind 15
Mahu2021: posts big blind 30
*** HOLE CARDS ***
Dealt to Mahu2021 [6c Kd]
geokas123: folds 
Tipatushka: folds 
Uncalled bet (15) returned to Mahu2021
Mahu2021 collected 30 from pot
Mahu2021: doesn't show hand 
*** SUMMARY ***
Total pot 30 | Rake 0 
Seat 1: Mahu2021 (big blind) collected (30)
Seat 2: geokas123 (button) folded before Flop (didn't bet)
Seat 3: Tipatushka (small blind) folded before Flop



PokerStars Hand #254204715506: Tournament #3842990099, $4.60+$0.40 USD Hold'em No Limit - Level II (15/30) - 2025/01/05 9:44:32 CET [2025/01/05 3:44:32 ET]
Table '3842990099 1' 3-max Seat #3 is the button
Seat 1: Mahu2021 (310 in chips) 
Seat 2: geokas123 (580 in chips) 
Seat 3: Tipatushka (610 in chips) 
Mahu2021: posts small blind 15
geokas123: posts big blind 30
*** HOLE CARDS ***
Dealt to Mahu2021 [3h Jc]
Tipatushka: folds 
Mahu2021: folds 
Uncalled bet (15) returned to geokas123
geokas123 collected 30 from pot
geokas123: doesn't show hand 
*** SUMMARY ***
Total pot 30 | Rake 0 
Seat 1: Mahu2021 (small blind) folded before Flop
Seat 2: geokas123 (big blind) collected (30)
Seat 3: Tipatushka (button) folded before Flop (didn't bet)



PokerStars Hand #254204716539: Tournament #3842990099, $4.60+$0.40 USD Hold'em No Limit - Level II (15/30) - 2025/01/05 9:44:42 CET [2025/01/05 3:44:42 ET]
Table '3842990099 1' 3-max Seat #1 is the button
Seat 1: Mahu2021 (295 in chips) 
Seat 2: geokas123 (595 in chips) 
Seat 3: Tipatushka (610 in chips) 
geokas123: posts small blind 15
Tipatushka: posts big blind 30
*** HOLE CARDS ***
Dealt to Mahu2021 [8s Js]
Mahu2021: folds 
geokas123: raises 30 to 60
Tipatushka: folds 
Uncalled bet (30) returned to geokas123
geokas123 collected 60 from pot
geokas123: doesn't show hand 
*** SUMMARY ***
Total pot 60 | Rake 0 
Seat 1: Mahu2021 (button) folded before Flop (didn't bet)
Seat 2: geokas123 (small blind) collected (60)
Seat 3: Tipatushka (big blind) folded before Flop



PokerStars Hand #254204717903: Tournament #3842990099, $4.60+$0.40 USD Hold'em No Limit - Level II (15/30) - 2025/01/05 9:44:56 CET [2025/01/05 3:44:56 ET]
Table '3842990099 1' 3-max Seat #2 is the button
Seat 1: Mahu2021 (295 in chips) 
Seat 2: geokas123 (625 in chips) 
Seat 3: Tipatushka (580 in chips) 
Tipatushka: posts small blind 15
Mahu2021: posts big blind 30
*** HOLE CARDS ***
Dealt to Mahu2021 [8c Jc]
geokas123: raises 30 to 60
Tipatushka: folds 
Mahu2021: calls 30
*** FLOP *** [2s 3h 4c]
Mahu2021: checks 
geokas123: checks 
*** TURN *** [2s 3h 4c] [5d]
Mahu2021: checks 
geokas123: checks 
*** RIVER *** [2s 3h 4c 5d] [2d]
Mahu2021: checks 
geokas123: bets 60
Mahu2021: folds 
Uncalled bet (60) returned to geokas123
geokas123 collected 135 from pot
geokas123: doesn't show hand 
*** SUMMARY ***
Total pot 135 | Rake 0 
Board [2s 3h 4c 5d 2d]
Seat 1: Mahu2021 (big blind) folded on the River
Seat 2: geokas123 (button) collected (135)
Seat 3: Tipatushka (small blind) folded before Flop



PokerStars Hand #254204719987: Tournament #3842990099, $4.60+$0.40 USD Hold'em No Limit - Level II (15/30) - 2025/01/05 9:45:18 CET [2025/01/05 3:45:18 ET]
Table '3842990099 1' 3-max Seat #3 is the button
Seat 1: Mahu2021 (235 in chips) 
Seat 2: geokas123 (700 in chips) 
Seat 3: Tipatushka (565 in chips) 
Mahu2021: posts small blind 15
geokas123: posts big blind 30
*** HOLE CARDS ***
Dealt to Mahu2021 [7c 9c]
Tipatushka: folds 
Mahu2021: folds 
Uncalled bet (15) returned to geokas123
geokas123 collected 30 from pot
geokas123: doesn't show hand 
*** SUMMARY ***
Total pot 30 | Rake 0 
Seat 1: Mahu2021 (small blind) folded before Flop
Seat 2: geokas123 (big blind) collected (30)
Seat 3: Tipatushka (button) folded before Flop (didn't bet)



PokerStars Hand #254204720623: Tournament #3842990099, $4.60+$0.40 USD Hold'em No Limit - Level II (15/30) - 2025/01/05 9:45:25 CET [2025/01/05 3:45:25 ET]
Table '3842990099 1' 3-max Seat #1 is the button
Seat 1: Mahu2021 (220 in chips) 
Seat 2: geokas123 (715 in chips) 
Seat 3: Tipatushka (565 in chips) 
geokas123: posts small blind 15
Tipatushka: posts big blind 30
*** HOLE CARDS ***
Dealt to Mahu2021 [4d Kd]
Mahu2021: folds 
geokas123: folds 
Uncalled bet (15) returned to Tipatushka
Tipatushka collected 30 from pot
*** SUMMARY ***
Total pot 30 | Rake 0 
Seat 1: Mahu2021 (button) folded before Flop (didn't bet)
Seat 2: geokas123 (small blind) folded before Flop
Seat 3: Tipatushka (big blind) collected (30)



PokerStars Hand #254204721572: Tournament #3842990099, $4.60+$0.40 USD Hold'em No Limit - Level II (15/30) - 2025/01/05 9:45:35 CET [2025/01/05 3:45:35 ET]
Table '3842990099 1' 3-max Seat #2 is the button
Seat 1: Mahu2021 (220 in chips) 
Seat 2: geokas123 (700 in chips) 
Seat 3: Tipatushka (580 in chips) 
Tipatushka: posts small blind 15
Mahu2021: posts big blind 30
*** HOLE CARDS ***
Dealt to Mahu2021 [Td 7d]
geokas123: folds 
Tipatushka: raises 550 to 580 and is all-in
Mahu2021: folds 
Uncalled bet (550) returned to Tipatushka
Tipatushka collected 60 from pot
*** SUMMARY ***
Total pot 60 | Rake 0 
Seat 1: Mahu2021 (big blind) folded before Flop
Seat 2: geokas123 (button) folded before Flop (didn't bet)
Seat 3: Tipatushka (small blind) collected (60)



PokerStars Hand #254204722931: Tournament #3842990099, $4.60+$0.40 USD Hold'em No Limit - Level II (15/30) - 2025/01/05 9:45:49 CET [2025/01/05 3:45:49 ET]
Table '3842990099 1' 3-max Seat #3 is the button
Seat 1: Mahu2021 (190 in chips) 
Seat 2: geokas123 (700 in chips) 
Seat 3: Tipatushka (610 in chips) 
Mahu2021: posts small blind 15
geokas123: posts big blind 30
*** HOLE CARDS ***
Dealt to Mahu2021 [As Ah]
Tipatushka: folds 
Mahu2021: raises 30 to 60
geokas123: calls 30
*** FLOP *** [Kc 8c Th]
Mahu2021: bets 130 and is all-in
geokas123: folds 
Uncalled bet (130) returned to Mahu2021
Mahu2021 collected 120 from pot
Mahu2021: doesn't show hand 
*** SUMMARY ***
Total pot 120 | Rake 0 
Board [Kc 8c Th]
Seat 1: Mahu2021 (small blind) collected (120)
Seat 2: geokas123 (big blind) folded on the Flop
Seat 3: Tipatushka (button) folded before Flop (didn't bet)



PokerStars Hand #254204724722: Tournament #3842990099, $4.60+$0.40 USD Hold'em No Limit - Level III (20/40) - 2025/01/05 9:46:07 CET [2025/01/05 3:46:07 ET]
Table '3842990099 1' 3-max Seat #1 is the button
Seat 1: Mahu2021 (250 in chips) 
Seat 2: geokas123 (640 in chips) 
Seat 3: Tipatushka (610 in chips) 
geokas123: posts small blind 20
Tipatushka: posts big blind 40
*** HOLE CARDS ***
Dealt to Mahu2021 [7s 5s]
Mahu2021: folds 
geokas123: folds 
Uncalled bet (20) returned to Tipatushka
Tipatushka collected 40 from pot
*** SUMMARY ***
Total pot 40 | Rake 0 
Seat 1: Mahu2021 (button) folded before Flop (didn't bet)
Seat 2: geokas123 (small blind) folded before Flop
Seat 3: Tipatushka (big blind) collected (40)



PokerStars Hand #254204725327: Tournament #3842990099, $4.60+$0.40 USD Hold'em No Limit - Level III (20/40) - 2025/01/05 9:46:14 CET [2025/01/05 3:46:14 ET]
Table '3842990099 1' 3-max Seat #2 is the button
Seat 1: Mahu2021 (250 in chips) 
Seat 2: geokas123 (620 in chips) 
Seat 3: Tipatushka (630 in chips) 
Tipatushka: posts small blind 20
Mahu2021: posts big blind 40
*** HOLE CARDS ***
Dealt to Mahu2021 [Kc 3c]
geokas123: folds 
Tipatushka: folds 
Uncalled bet (20) returned to Mahu2021
Mahu2021 collected 40 from pot
Mahu2021: doesn't show hand 
*** SUMMARY ***
Total pot 40 | Rake 0 
Seat 1: Mahu2021 (big blind) collected (40)
Seat 2: geokas123 (button) folded before Flop (didn't bet)
Seat 3: Tipatushka (small blind) folded before Flop



PokerStars Hand #254204726112: Tournament #3842990099, $4.60+$0.40 USD Hold'em No Limit - Level III (20/40) - 2025/01/05 9:46:22 CET [2025/01/05 3:46:22 ET]
Table '3842990099 1' 3-max Seat #3 is the button
Seat 1: Mahu2021 (270 in chips) 
Seat 2: geokas123 (620 in chips) 
Seat 3: Tipatushka (610 in chips) 
Mahu2021: posts small blind 20
geokas123: posts big blind 40
*** HOLE CARDS ***
Dealt to Mahu2021 [Ts 3s]
Tipatushka: folds 
Mahu2021: folds 
Uncalled bet (20) returned to geokas123
geokas123 collected 40 from pot
geokas123: doesn't show hand 
*** SUMMARY ***
Total pot 40 | Rake 0 
Seat 1: Mahu2021 (small blind) folded before Flop
Seat 2: geokas123 (big blind) collected (40)
Seat 3: Tipatushka (button) folded before Flop (didn't bet)



PokerStars Hand #254204727009: Tournament #3842990099, $4.60+$0.40 USD Hold'em No Limit - Level III (20/40) - 2025/01/05 9:46:32 CET [2025/01/05 3:46:32 ET]
Table '3842990099 1' 3-max Seat #1 is the button
Seat 1: Mahu2021 (250 in chips) 
Seat 2: geokas123 (640 in chips) 
Seat 3: Tipatushka (610 in chips) 
geokas123: posts small blind 20
Tipatushka: posts big blind 40
*** HOLE CARDS ***
Dealt to Mahu2021 [4c 3c]
Mahu2021: folds 
geokas123: calls 20
Tipatushka: checks 
*** FLOP *** [8h 4s 9c]
geokas123: checks 
Tipatushka: checks 
*** TURN *** [8h 4s 9c] [Ks]
geokas123: checks 
Tipatushka: checks 
*** RIVER *** [8h 4s 9c Ks] [Qd]
geokas123: checks 
Tipatushka: checks 
*** SHOW DOWN ***
geokas123: shows [Jh 9s] (a pair of Nines)
Tipatushka: mucks hand 
geokas123 collected 80 from pot
*** SUMMARY ***
Total pot 80 | Rake 0 
Board [8h 4s 9c Ks Qd]
Seat 1: Mahu2021 (button) folded before Flop (didn't bet)
Seat 2: geokas123 (small blind) showed [Jh 9s] and won (80) with a pair of Nines
Seat 3: Tipatushka (big blind) mucked [6h 2s]



PokerStars Hand #254204730529: Tournament #3842990099, $4.60+$0.40 USD Hold'em No Limit - Level III (20/40) - 2025/01/05 9:47:09 CET [2025/01/05 3:47:09 ET]
Table '3842990099 1' 3-max Seat #2 is the button
Seat 1: Mahu2021 (250 in chips) 
Seat 2: geokas123 (680 in chips) 
Seat 3: Tipatushka (570 in chips) 
Tipatushka: posts small blind 20
Mahu2021: posts big blind 40
*** HOLE CARDS ***
Dealt to Mahu2021 [2c 7c]
geokas123: folds 
Tipatushka: raises 530 to 570 and is all-in
Mahu2021: folds 
Uncalled bet (530) returned to Tipatushka
Tipatushka collected 80 from pot
*** SUMMARY ***
Total pot 80 | Rake 0 
Seat 1: Mahu2021 (big blind) folded before Flop
Seat 2: geokas123 (button) folded before Flop (didn't bet)
Seat 3: Tipatushka (small blind) collected (80)



PokerStars Hand #254204731838: Tournament #3842990099, $4.60+$0.40 USD Hold'em No Limit - Level III (20/40) - 2025/01/05 9:47:22 CET [2025/01/05 3:47:22 ET]
Table '3842990099 1' 3-max Seat #3 is the button
Seat 1: Mahu2021 (210 in chips) 
Seat 2: geokas123 (680 in chips) 
Seat 3: Tipatushka (610 in chips) 
Mahu2021: posts small blind 20
geokas123: posts big blind 40
*** HOLE CARDS ***
Dealt to Mahu2021 [6c Qs]
Tipatushka: folds 
Mahu2021: folds 
Uncalled bet (20) returned to geokas123
geokas123 collected 40 from pot
geokas123: doesn't show hand 
*** SUMMARY ***
Total pot 40 | Rake 0 
Seat 1: Mahu2021 (small blind) folded before Flop
Seat 2: geokas123 (big blind) collected (40)
Seat 3: Tipatushka (button) folded before Flop (didn't bet)



PokerStars Hand #254204732692: Tournament #3842990099, $4.60+$0.40 USD Hold'em No Limit - Level III (20/40) - 2025/01/05 9:47:31 CET [2025/01/05 3:47:31 ET]
Table '3842990099 1' 3-max Seat #1 is the button
Seat 1: Mahu2021 (190 in chips) 
Seat 2: geokas123 (700 in chips) 
Seat 3: Tipatushka (610 in chips) 
geokas123: posts small blind 20
Tipatushka: posts big blind 40
*** HOLE CARDS ***
Dealt to Mahu2021 [Td Ah]
Mahu2021: raises 150 to 190 and is all-in
geokas123: folds 
Tipatushka: folds 
Uncalled bet (150) returned to Mahu2021
Mahu2021 collected 100 from pot
Mahu2021: doesn't show hand 
*** SUMMARY ***
Total pot 100 | Rake 0 
Seat 1: Mahu2021 (button) collected (100)
Seat 2: geokas123 (small blind) folded before Flop
Seat 3: Tipatushka (big blind) folded before Flop



PokerStars Hand #254204733957: Tournament #3842990099, $4.60+$0.40 USD Hold'em No Limit - Level III (20/40) - 2025/01/05 9:47:44 CET [2025/01/05 3:47:44 ET]
Table '3842990099 1' 3-max Seat #2 is the button
Seat 1: Mahu2021 (250 in chips) 
Seat 2: geokas123 (680 in chips) 
Seat 3: Tipatushka (570 in chips) 
Tipatushka: posts small blind 20
Mahu2021: posts big blind 40
*** HOLE CARDS ***
Dealt to Mahu2021 [Ac Ad]
geokas123: folds 
Tipatushka: raises 530 to 570 and is all-in
Mahu2021: calls 210 and is all-in
Uncalled bet (320) returned to Tipatushka
*** FLOP *** [Kd 8c Qs]
*** TURN *** [Kd 8c Qs] [6c]
*** RIVER *** [Kd 8c Qs 6c] [8d]
*** SHOW DOWN ***
Tipatushka: shows [9s 9h] (two pair, Nines and Eights)
Mahu2021: shows [Ac Ad] (two pair, Aces and Eights)
Mahu2021 collected 500 from pot
*** SUMMARY ***
Total pot 500 | Rake 0 
Board [Kd 8c Qs 6c 8d]
Seat 1: Mahu2021 (big blind) showed [Ac Ad] and won (500) with two pair, Aces and Eights
Seat 2: geokas123 (button) folded before Flop (didn't bet)
Seat 3: Tipatushka (small blind) showed [9s 9h] and lost with two pair, Nines and Eights



PokerStars Hand #254204735834: Tournament #3842990099, $4.60+$0.40 USD Hold'em No Limit - Level IV (30/60) - 2025/01/05 9:48:04 CET [2025/01/05 3:48:04 ET]
Table '3842990099 1' 3-max Seat #3 is the button
Seat 1: Mahu2021 (500 in chips) 
Seat 2: geokas123 (680 in chips) 
Seat 3: Tipatushka (320 in chips) 
Mahu2021: posts small blind 30
geokas123: posts big blind 60
*** HOLE CARDS ***
Dealt to Mahu2021 [5h 8c]
Tipatushka: raises 260 to 320 and is all-in
Mahu2021: folds 
geokas123: calls 260
*** FLOP *** [Qd 6d 2s]
*** TURN *** [Qd 6d 2s] [Qc]
*** RIVER *** [Qd 6d 2s Qc] [9h]
*** SHOW DOWN ***
geokas123: shows [Kh Qs] (three of a kind, Queens)
Tipatushka: shows [Qh Ah] (three of a kind, Queens - Ace kicker)
Tipatushka collected 670 from pot
*** SUMMARY ***
Total pot 670 | Rake 0 
Board [Qd 6d 2s Qc 9h]
Seat 1: Mahu2021 (small blind) folded before Flop
Seat 2: geokas123 (big blind) showed [Kh Qs] and lost with three of a kind, Queens
Seat 3: Tipatushka (button) showed [Qh Ah] and won (670) with three of a kind, Queens



PokerStars Hand #254204737501: Tournament #3842990099, $4.60+$0.40 USD Hold'em No Limit - Level IV (30/60) - 2025/01/05 9:48:22 CET [2025/01/05 3:48:22 ET]
Table '3842990099 1' 3-max Seat #1 is the button
Seat 1: Mahu2021 (470 in chips) 
Seat 2: geokas123 (360 in chips) 
Seat 3: Tipatushka (670 in chips) 
geokas123: posts small blind 30
Tipatushka: posts big blind 60
*** HOLE CARDS ***
Dealt to Mahu2021 [5c 4d]
Mahu2021: folds 
geokas123: folds 
Uncalled bet (30) returned to Tipatushka
Tipatushka collected 60 from pot
*** SUMMARY ***
Total pot 60 | Rake 0 
Seat 1: Mahu2021 (button) folded before Flop (didn't bet)
Seat 2: geokas123 (small blind) folded before Flop
Seat 3: Tipatushka (big blind) collected (60)



PokerStars Hand #254204738588: Tournament #3842990099, $4.60+$0.40 USD Hold'em No Limit - Level IV (30/60) - 2025/01/05 9:48:33 CET [2025/01/05 3:48:33 ET]
Table '3842990099 1' 3-max Seat #2 is the button
Seat 1: Mahu2021 (470 in chips) 
Seat 2: geokas123 (330 in chips) 
Seat 3: Tipatushka (700 in chips) 
Tipatushka: posts small blind 30
Mahu2021: posts big blind 60
*** HOLE CARDS ***
Dealt to Mahu2021 [7d Qs]
geokas123: raises 270 to 330 and is all-in
Tipatushka: folds 
Mahu2021: folds 
Uncalled bet (270) returned to geokas123
geokas123 collected 150 from pot
geokas123: doesn't show hand 
*** SUMMARY ***
Total pot 150 | Rake 0 
Seat 1: Mahu2021 (big blind) folded before Flop
Seat 2: geokas123 (button) collected (150)
Seat 3: Tipatushka (small blind) folded before Flop



PokerStars Hand #254204739304: Tournament #3842990099, $4.60+$0.40 USD Hold'em No Limit - Level IV (30/60) - 2025/01/05 9:48:40 CET [2025/01/05 3:48:40 ET]
Table '3842990099 1' 3-max Seat #3 is the button
Seat 1: Mahu2021 (410 in chips) 
Seat 2: geokas123 (420 in chips) 
Seat 3: Tipatushka (670 in chips) 
Mahu2021: posts small blind 30
geokas123: posts big blind 60
*** HOLE CARDS ***
Dealt to Mahu2021 [7c Th]
Tipatushka: folds 
Mahu2021: folds 
Uncalled bet (30) returned to geokas123
geokas123 collected 60 from pot
geokas123: doesn't show hand 
*** SUMMARY ***
Total pot 60 | Rake 0 
Seat 1: Mahu2021 (small blind) folded before Flop
Seat 2: geokas123 (big blind) collected (60)
Seat 3: Tipatushka (button) folded before Flop (didn't bet)



PokerStars Hand #254204740145: Tournament #3842990099, $4.60+$0.40 USD Hold'em No Limit - Level IV (30/60) - 2025/01/05 9:48:49 CET [2025/01/05 3:48:49 ET]
Table '3842990099 1' 3-max Seat #1 is the button
Seat 1: Mahu2021 (380 in chips) 
Seat 2: geokas123 (450 in chips) 
Seat 3: Tipatushka (670 in chips) 
geokas123: posts small blind 30
Tipatushka: posts big blind 60
*** HOLE CARDS ***
Dealt to Mahu2021 [8h 4s]
Mahu2021: folds 
geokas123: folds 
Uncalled bet (30) returned to Tipatushka
Tipatushka collected 60 from pot
*** SUMMARY ***
Total pot 60 | Rake 0 
Seat 1: Mahu2021 (button) folded before Flop (didn't bet)
Seat 2: geokas123 (small blind) folded before Flop
Seat 3: Tipatushka (big blind) collected (60)



PokerStars Hand #254204740984: Tournament #3842990099, $4.60+$0.40 USD Hold'em No Limit - Level IV (30/60) - 2025/01/05 9:48:58 CET [2025/01/05 3:48:58 ET]
Table '3842990099 1' 3-max Seat #2 is the button
Seat 1: Mahu2021 (380 in chips) 
Seat 2: geokas123 (420 in chips) 
Seat 3: Tipatushka (700 in chips) 
Tipatushka: posts small blind 30
Mahu2021: posts big blind 60
*** HOLE CARDS ***
Dealt to Mahu2021 [Jc Jh]
geokas123: folds 
Tipatushka: raises 640 to 700 and is all-in
Mahu2021: calls 320 and is all-in
Uncalled bet (320) returned to Tipatushka
*** FLOP *** [3s 9s 4c]
*** TURN *** [3s 9s 4c] [Qs]
*** RIVER *** [3s 9s 4c Qs] [2h]
*** SHOW DOWN ***
Tipatushka: shows [9d Kh] (a pair of Nines)
Mahu2021: shows [Jc Jh] (a pair of Jacks)
Mahu2021 collected 760 from pot
*** SUMMARY ***
Total pot 760 | Rake 0 
Board [3s 9s 4c Qs 2h]
Seat 1: Mahu2021 (big blind) showed [Jc Jh] and won (760) with a pair of Jacks
Seat 2: geokas123 (button) folded before Flop (didn't bet)
Seat 3: Tipatushka (small blind) showed [9d Kh] and lost with a pair of Nines



PokerStars Hand #254204742879: Tournament #3842990099, $4.60+$0.40 USD Hold'em No Limit - Level IV (30/60) - 2025/01/05 9:49:18 CET [2025/01/05 3:49:18 ET]
Table '3842990099 1' 3-max Seat #3 is the button
Seat 1: Mahu2021 (760 in chips) 
Seat 2: geokas123 (420 in chips) 
Seat 3: Tipatushka (320 in chips) 
Mahu2021: posts small blind 30
geokas123: posts big blind 60
*** HOLE CARDS ***
Dealt to Mahu2021 [Th 5c]
Tipatushka: raises 260 to 320 and is all-in
Mahu2021: folds 
geokas123: folds 
Uncalled bet (260) returned to Tipatushka
Tipatushka collected 150 from pot
*** SUMMARY ***
Total pot 150 | Rake 0 
Seat 1: Mahu2021 (small blind) folded before Flop
Seat 2: geokas123 (big blind) folded before Flop
Seat 3: Tipatushka (button) collected (150)



PokerStars Hand #254204743865: Tournament #3842990099, $4.60+$0.40 USD Hold'em No Limit - Level IV (30/60) - 2025/01/05 9:49:28 CET [2025/01/05 3:49:28 ET]
Table '3842990099 1' 3-max Seat #1 is the button
Seat 1: Mahu2021 (730 in chips) 
Seat 2: geokas123 (360 in chips) 
Seat 3: Tipatushka (410 in chips) 
geokas123: posts small blind 30
Tipatushka: posts big blind 60
*** HOLE CARDS ***
Dealt to Mahu2021 [2s Ks]
Mahu2021: calls 60
geokas123: folds 
Tipatushka: checks 
*** FLOP *** [8c Qd 7s]
Tipatushka: checks 
Mahu2021: bets 60
Tipatushka: folds 
Uncalled bet (60) returned to Mahu2021
Mahu2021 collected 150 from pot
Mahu2021: doesn't show hand 
*** SUMMARY ***
Total pot 150 | Rake 0 
Board [8c Qd 7s]
Seat 1: Mahu2021 (button) collected (150)
Seat 2: geokas123 (small blind) folded before Flop
Seat 3: Tipatushka (big blind) folded on the Flop



PokerStars Hand #254204745693: Tournament #3842990099, $4.60+$0.40 USD Hold'em No Limit - Level IV (30/60) - 2025/01/05 9:49:48 CET [2025/01/05 3:49:48 ET]
Table '3842990099 1' 3-max Seat #2 is the button
Seat 1: Mahu2021 (820 in chips) 
Seat 2: geokas123 (330 in chips) 
Seat 3: Tipatushka (350 in chips) 
Tipatushka: posts small blind 30
Mahu2021: posts big blind 60
*** HOLE CARDS ***
Dealt to Mahu2021 [7s 5c]
geokas123: folds 
Tipatushka: raises 290 to 350 and is all-in
Mahu2021: folds 
Uncalled bet (290) returned to Tipatushka
Tipatushka collected 120 from pot
*** SUMMARY ***
Total pot 120 | Rake 0 
Seat 1: Mahu2021 (big blind) folded before Flop
Seat 2: geokas123 (button) folded before Flop (didn't bet)
Seat 3: Tipatushka (small blind) collected (120)



PokerStars Hand #254204747286: Tournament #3842990099, $4.60+$0.40 USD Hold'em No Limit - Level V (40/80) - 2025/01/05 9:50:05 CET [2025/01/05 3:50:05 ET]
Table '3842990099 1' 3-max Seat #3 is the button
Seat 1: Mahu2021 (760 in chips) 
Seat 2: geokas123 (330 in chips) 
Seat 3: Tipatushka (410 in chips) 
Mahu2021: posts small blind 40
geokas123: posts big blind 80
*** HOLE CARDS ***
Dealt to Mahu2021 [Qs 2c]
Tipatushka: folds 
Mahu2021: raises 680 to 760 and is all-in
geokas123: calls 250 and is all-in
Uncalled bet (430) returned to Mahu2021
*** FLOP *** [3d Kh Kc]
*** TURN *** [3d Kh Kc] [9d]
*** RIVER *** [3d Kh Kc 9d] [3c]
*** SHOW DOWN ***
Mahu2021: shows [Qs 2c] (two pair, Kings and Threes)
geokas123: shows [9c 9s] (a full house, Nines full of Kings)
geokas123 collected 660 from pot
*** SUMMARY ***
Total pot 660 | Rake 0 
Board [3d Kh Kc 9d 3c]
Seat 1: Mahu2021 (small blind) showed [Qs 2c] and lost with two pair, Kings and Threes
Seat 2: geokas123 (big blind) showed [9c 9s] and won (660) with a full house, Nines full of Kings
Seat 3: Tipatushka (button) folded before Flop (didn't bet)



PokerStars Hand #254204748567: Tournament #3842990099, $4.60+$0.40 USD Hold'em No Limit - Level V (40/80) - 2025/01/05 9:50:19 CET [2025/01/05 3:50:19 ET]
Table '3842990099 1' 3-max Seat #1 is the button
Seat 1: Mahu2021 (430 in chips) 
Seat 2: geokas123 (660 in chips) 
Seat 3: Tipatushka (410 in chips) 
geokas123: posts small blind 40
Tipatushka: posts big blind 80
*** HOLE CARDS ***
Dealt to Mahu2021 [7c Jc]
Mahu2021: folds 
geokas123: raises 580 to 660 and is all-in
Tipatushka: calls 330 and is all-in
Uncalled bet (250) returned to geokas123
*** FLOP *** [Ah 8h 9s]
*** TURN *** [Ah 8h 9s] [9h]
*** RIVER *** [Ah 8h 9s 9h] [7s]
*** SHOW DOWN ***
geokas123: shows [Ts Jd] (a straight, Seven to Jack)
Tipatushka: shows [4h Kd] (a pair of Nines)
geokas123 collected 820 from pot
Tipatushka finished the tournament in 3rd place
*** SUMMARY ***
Total pot 820 | Rake 0 
Board [Ah 8h 9s 9h 7s]
Seat 1: Mahu2021 (button) folded before Flop (didn't bet)
Seat 2: geokas123 (small blind) showed [Ts Jd] and won (820) with a straight, Seven to Jack
Seat 3: Tipatushka (big blind) showed [4h Kd] and lost with a pair of Nines



PokerStars Hand #254204750424: Tournament #3842990099, $4.60+$0.40 USD Hold'em No Limit - Level V (40/80) - 2025/01/05 9:50:39 CET [2025/01/05 3:50:39 ET]
Table '3842990099 1' 3-max Seat #2 is the button
Seat 1: Mahu2021 (430 in chips) 
Seat 2: geokas123 (1070 in chips) 
geokas123: posts small blind 40
Mahu2021: posts big blind 80
*** HOLE CARDS ***
Dealt to Mahu2021 [Td 9c]
geokas123: folds 
Uncalled bet (40) returned to Mahu2021
Mahu2021 collected 80 from pot
Mahu2021: doesn't show hand 
*** SUMMARY ***
Total pot 80 | Rake 0 
Seat 1: Mahu2021 (big blind) collected (80)
Seat 2: geokas123 (button) (small blind) folded before Flop



PokerStars Hand #254204751064: Tournament #3842990099, $4.60+$0.40 USD Hold'em No Limit - Level V (40/80) - 2025/01/05 9:50:45 CET [2025/01/05 3:50:45 ET]
Table '3842990099 1' 3-max Seat #1 is the button
Seat 1: Mahu2021 (470 in chips) 
Seat 2: geokas123 (1030 in chips) 
Mahu2021: posts small blind 40
geokas123: posts big blind 80
*** HOLE CARDS ***
Dealt to Mahu2021 [2s Qd]
Mahu2021: calls 40
geokas123: checks 
*** FLOP *** [Kc 8c Td]
geokas123: checks 
Mahu2021: checks 
*** TURN *** [Kc 8c Td] [Jd]
geokas123: checks 
Mahu2021: bets 80
geokas123: folds 
Uncalled bet (80) returned to Mahu2021
Mahu2021 collected 160 from pot
Mahu2021: doesn't show hand 
*** SUMMARY ***
Total pot 160 | Rake 0 
Board [Kc 8c Td Jd]
Seat 1: Mahu2021 (button) (small blind) collected (160)
Seat 2: geokas123 (big blind) folded on the Turn



PokerStars Hand #254204752673: Tournament #3842990099, $4.60+$0.40 USD Hold'em No Limit - Level V (40/80) - 2025/01/05 9:51:02 CET [2025/01/05 3:51:02 ET]
Table '3842990099 1' 3-max Seat #2 is the button
Seat 1: Mahu2021 (550 in chips) 
Seat 2: geokas123 (950 in chips) 
geokas123: posts small blind 40
Mahu2021: posts big blind 80
*** HOLE CARDS ***
Dealt to Mahu2021 [Ad 8d]
geokas123: folds 
Uncalled bet (40) returned to Mahu2021
Mahu2021 collected 80 from pot
Mahu2021: doesn't show hand 
*** SUMMARY ***
Total pot 80 | Rake 0 
Seat 1: Mahu2021 (big blind) collected (80)
Seat 2: geokas123 (button) (small blind) folded before Flop



PokerStars Hand #254204753108: Tournament #3842990099, $4.60+$0.40 USD Hold'em No Limit - Level V (40/80) - 2025/01/05 9:51:07 CET [2025/01/05 3:51:07 ET]
Table '3842990099 1' 3-max Seat #1 is the button
Seat 1: Mahu2021 (590 in chips) 
Seat 2: geokas123 (910 in chips) 
Mahu2021: posts small blind 40
geokas123: posts big blind 80
*** HOLE CARDS ***
Dealt to Mahu2021 [Jc Kh]
Mahu2021: raises 80 to 160
geokas123: folds 
Uncalled bet (80) returned to Mahu2021
Mahu2021 collected 160 from pot
Mahu2021: doesn't show hand 
*** SUMMARY ***
Total pot 160 | Rake 0 
Seat 1: Mahu2021 (button) (small blind) collected (160)
Seat 2: geokas123 (big blind) folded before Flop



PokerStars Hand #254204754161: Tournament #3842990099, $4.60+$0.40 USD Hold'em No Limit - Level V (40/80) - 2025/01/05 9:51:18 CET [2025/01/05 3:51:18 ET]
Table '3842990099 1' 3-max Seat #2 is the button
Seat 1: Mahu2021 (670 in chips) 
Seat 2: geokas123 (830 in chips) 
geokas123: posts small blind 40
Mahu2021: posts big blind 80
*** HOLE CARDS ***
Dealt to Mahu2021 [Ks 5s]
geokas123: raises 750 to 830 and is all-in
Mahu2021: folds 
Uncalled bet (750) returned to geokas123
geokas123 collected 160 from pot
geokas123: doesn't show hand 
*** SUMMARY ***
Total pot 160 | Rake 0 
Seat 1: Mahu2021 (big blind) folded before Flop
Seat 2: geokas123 (button) (small blind) collected (160)



PokerStars Hand #254204754879: Tournament #3842990099, $4.60+$0.40 USD Hold'em No Limit - Level V (40/80) - 2025/01/05 9:51:26 CET [2025/01/05 3:51:26 ET]
Table '3842990099 1' 3-max Seat #1 is the button
Seat 1: Mahu2021 (590 in chips) 
Seat 2: geokas123 (910 in chips) 
Mahu2021: posts small blind 40
geokas123: posts big blind 80
*** HOLE CARDS ***
Dealt to Mahu2021 [6s 7c]
Mahu2021: folds 
Uncalled bet (40) returned to geokas123
geokas123 collected 80 from pot
geokas123: doesn't show hand 
*** SUMMARY ***
Total pot 80 | Rake 0 
Seat 1: Mahu2021 (button) (small blind) folded before Flop
Seat 2: geokas123 (big blind) collected (80)



PokerStars Hand #254204755269: Tournament #3842990099, $4.60+$0.40 USD Hold'em No Limit - Level V (40/80) - 2025/01/05 9:51:30 CET [2025/01/05 3:51:30 ET]
Table '3842990099 1' 3-max Seat #2 is the button
Seat 1: Mahu2021 (550 in chips) 
Seat 2: geokas123 (950 in chips) 
geokas123: posts small blind 40
Mahu2021: posts big blind 80
*** HOLE CARDS ***
Dealt to Mahu2021 [Qc 9d]
geokas123: folds 
Uncalled bet (40) returned to Mahu2021
Mahu2021 collected 80 from pot
Mahu2021: doesn't show hand 
*** SUMMARY ***
Total pot 80 | Rake 0 
Seat 1: Mahu2021 (big blind) collected (80)
Seat 2: geokas123 (button) (small blind) folded before Flop



PokerStars Hand #254204755906: Tournament #3842990099, $4.60+$0.40 USD Hold'em No Limit - Level V (40/80) - 2025/01/05 9:51:37 CET [2025/01/05 3:51:37 ET]
Table '3842990099 1' 3-max Seat #1 is the button
Seat 1: Mahu2021 (590 in chips) 
Seat 2: geokas123 (910 in chips) 
Mahu2021: posts small blind 40
geokas123: posts big blind 80
*** HOLE CARDS ***
Dealt to Mahu2021 [Jd 2d]
Mahu2021: calls 40
geokas123: checks 
*** FLOP *** [Jc Kc Qc]
geokas123: checks 
Mahu2021: bets 80
geokas123: folds 
Uncalled bet (80) returned to Mahu2021
Mahu2021 collected 160 from pot
Mahu2021: doesn't show hand 
*** SUMMARY ***
Total pot 160 | Rake 0 
Board [Jc Kc Qc]
Seat 1: Mahu2021 (button) (small blind) collected (160)
Seat 2: geokas123 (big blind) folded on the Flop



PokerStars Hand #254204757448: Tournament #3842990099, $4.60+$0.40 USD Hold'em No Limit - Level V (40/80) - 2025/01/05 9:51:53 CET [2025/01/05 3:51:53 ET]
Table '3842990099 1' 3-max Seat #2 is the button
Seat 1: Mahu2021 (670 in chips) 
Seat 2: geokas123 (830 in chips) 
geokas123: posts small blind 40
Mahu2021: posts big blind 80
*** HOLE CARDS ***
Dealt to Mahu2021 [Ts 7d]
geokas123: folds 
Uncalled bet (40) returned to Mahu2021
Mahu2021 collected 80 from pot
Mahu2021: doesn't show hand 
*** SUMMARY ***
Total pot 80 | Rake 0 
Seat 1: Mahu2021 (big blind) collected (80)
Seat 2: geokas123 (button) (small blind) folded before Flop



PokerStars Hand #254204758851: Tournament #3842990099, $4.60+$0.40 USD Hold'em No Limit - Level VI (50/100) - 2025/01/05 9:52:07 CET [2025/01/05 3:52:07 ET]
Table '3842990099 1' 3-max Seat #1 is the button
Seat 1: Mahu2021 (710 in chips) 
Seat 2: geokas123 (790 in chips) 
Mahu2021: posts small blind 50
geokas123: posts big blind 100
*** HOLE CARDS ***
Dealt to Mahu2021 [8c 9h]
Mahu2021: calls 50
geokas123: checks 
*** FLOP *** [4s 5d 5h]
geokas123: checks 
Mahu2021: checks 
*** TURN *** [4s 5d 5h] [3c]
geokas123: checks 
Mahu2021: checks 
*** RIVER *** [4s 5d 5h 3c] [5s]
geokas123: checks 
Mahu2021: bets 100
geokas123: folds 
Uncalled bet (100) returned to Mahu2021
Mahu2021 collected 200 from pot
Mahu2021: doesn't show hand 
*** SUMMARY ***
Total pot 200 | Rake 0 
Board [4s 5d 5h 3c 5s]
Seat 1: Mahu2021 (button) (small blind) collected (200)
Seat 2: geokas123 (big blind) folded on the River



PokerStars Hand #254204760537: Tournament #3842990099, $4.60+$0.40 USD Hold'em No Limit - Level VI (50/100) - 2025/01/05 9:52:25 CET [2025/01/05 3:52:25 ET]
Table '3842990099 1' 3-max Seat #2 is the button
Seat 1: Mahu2021 (810 in chips) 
Seat 2: geokas123 (690 in chips) 
geokas123: posts small blind 50
Mahu2021: posts big blind 100
*** HOLE CARDS ***
Dealt to Mahu2021 [2c 7s]
geokas123: raises 590 to 690 and is all-in
Mahu2021: folds 
Uncalled bet (590) returned to geokas123
geokas123 collected 200 from pot
geokas123: doesn't show hand 
*** SUMMARY ***
Total pot 200 | Rake 0 
Seat 1: Mahu2021 (big blind) folded before Flop
Seat 2: geokas123 (button) (small blind) collected (200)



PokerStars Hand #254204761240: Tournament #3842990099, $4.60+$0.40 USD Hold'em No Limit - Level VI (50/100) - 2025/01/05 9:52:32 CET [2025/01/05 3:52:32 ET]
Table '3842990099 1' 3-max Seat #1 is the button
Seat 1: Mahu2021 (710 in chips) 
Seat 2: geokas123 (790 in chips) 
Mahu2021: posts small blind 50
geokas123: posts big blind 100
*** HOLE CARDS ***
Dealt to Mahu2021 [Ac 7c]
Mahu2021: raises 100 to 200
geokas123: folds 
Uncalled bet (100) returned to Mahu2021
Mahu2021 collected 200 from pot
Mahu2021: doesn't show hand 
*** SUMMARY ***
Total pot 200 | Rake 0 
Seat 1: Mahu2021 (button) (small blind) collected (200)
Seat 2: geokas123 (big blind) folded before Flop



PokerStars Hand #254204762064: Tournament #3842990099, $4.60+$0.40 USD Hold'em No Limit - Level VI (50/100) - 2025/01/05 9:52:41 CET [2025/01/05 3:52:41 ET]
Table '3842990099 1' 3-max Seat #2 is the button
Seat 1: Mahu2021 (810 in chips) 
Seat 2: geokas123 (690 in chips) 
geokas123: posts small blind 50
Mahu2021: posts big blind 100
*** HOLE CARDS ***
Dealt to Mahu2021 [4c Qd]
geokas123: folds 
Uncalled bet (50) returned to Mahu2021
Mahu2021 collected 100 from pot
Mahu2021: doesn't show hand 
*** SUMMARY ***
Total pot 100 | Rake 0 
Seat 1: Mahu2021 (big blind) collected (100)
Seat 2: geokas123 (button) (small blind) folded before Flop



PokerStars Hand #254204762751: Tournament #3842990099, $4.60+$0.40 USD Hold'em No Limit - Level VI (50/100) - 2025/01/05 9:52:48 CET [2025/01/05 3:52:48 ET]
Table '3842990099 1' 3-max Seat #1 is the button
Seat 1: Mahu2021 (860 in chips) 
Seat 2: geokas123 (640 in chips) 
Mahu2021: posts small blind 50
geokas123: posts big blind 100
*** HOLE CARDS ***
Dealt to Mahu2021 [Qs 7h]
Mahu2021: raises 100 to 200
geokas123: folds 
Uncalled bet (100) returned to Mahu2021
Mahu2021 collected 200 from pot
Mahu2021: doesn't show hand 
*** SUMMARY ***
Total pot 200 | Rake 0 
Seat 1: Mahu2021 (button) (small blind) collected (200)
Seat 2: geokas123 (big blind) folded before Flop



PokerStars Hand #254204763292: Tournament #3842990099, $4.60+$0.40 USD Hold'em No Limit - Level VI (50/100) - 2025/01/05 9:52:54 CET [2025/01/05 3:52:54 ET]
Table '3842990099 1' 3-max Seat #2 is the button
Seat 1: Mahu2021 (960 in chips) 
Seat 2: geokas123 (540 in chips) 
geokas123: posts small blind 50
Mahu2021: posts big blind 100
*** HOLE CARDS ***
Dealt to Mahu2021 [Kh Jd]
geokas123: folds 
Uncalled bet (50) returned to Mahu2021
Mahu2021 collected 100 from pot
Mahu2021: doesn't show hand 
*** SUMMARY ***
Total pot 100 | Rake 0 
Seat 1: Mahu2021 (big blind) collected (100)
Seat 2: geokas123 (button) (small blind) folded before Flop



PokerStars Hand #254204763705: Tournament #3842990099, $4.60+$0.40 USD Hold'em No Limit - Level VI (50/100) - 2025/01/05 9:52:59 CET [2025/01/05 3:52:59 ET]
Table '3842990099 1' 3-max Seat #1 is the button
Seat 1: Mahu2021 (1010 in chips) 
Seat 2: geokas123 (490 in chips) 
Mahu2021: posts small blind 50
geokas123: posts big blind 100
*** HOLE CARDS ***
Dealt to Mahu2021 [Th Jc]
Mahu2021: calls 50
geokas123: raises 390 to 490 and is all-in
Mahu2021: folds 
Uncalled bet (390) returned to geokas123
geokas123 collected 200 from pot
geokas123: doesn't show hand 
*** SUMMARY ***
Total pot 200 | Rake 0 
Seat 1: Mahu2021 (button) (small blind) folded before Flop
Seat 2: geokas123 (big blind) collected (200)



PokerStars Hand #254204764451: Tournament #3842990099, $4.60+$0.40 USD Hold'em No Limit - Level VI (50/100) - 2025/01/05 9:53:07 CET [2025/01/05 3:53:07 ET]
Table '3842990099 1' 3-max Seat #2 is the button
Seat 1: Mahu2021 (910 in chips) 
Seat 2: geokas123 (590 in chips) 
geokas123: posts small blind 50
Mahu2021: posts big blind 100
*** HOLE CARDS ***
Dealt to Mahu2021 [4d 8h]
geokas123: raises 490 to 590 and is all-in
Mahu2021: folds 
Uncalled bet (490) returned to geokas123
geokas123 collected 200 from pot
geokas123: doesn't show hand 
*** SUMMARY ***
Total pot 200 | Rake 0 
Seat 1: Mahu2021 (big blind) folded before Flop
Seat 2: geokas123 (button) (small blind) collected (200)



PokerStars Hand #254204764993: Tournament #3842990099, $4.60+$0.40 USD Hold'em No Limit - Level VI (50/100) - 2025/01/05 9:53:12 CET [2025/01/05 3:53:12 ET]
Table '3842990099 1' 3-max Seat #1 is the button
Seat 1: Mahu2021 (810 in chips) 
Seat 2: geokas123 (690 in chips) 
Mahu2021: posts small blind 50
geokas123: posts big blind 100
*** HOLE CARDS ***
Dealt to Mahu2021 [5c 6d]
Mahu2021: folds 
Uncalled bet (50) returned to geokas123
geokas123 collected 100 from pot
geokas123: doesn't show hand 
*** SUMMARY ***
Total pot 100 | Rake 0 
Seat 1: Mahu2021 (button) (small blind) folded before Flop
Seat 2: geokas123 (big blind) collected (100)



PokerStars Hand #254204765419: Tournament #3842990099, $4.60+$0.40 USD Hold'em No Limit - Level VI (50/100) - 2025/01/05 9:53:17 CET [2025/01/05 3:53:17 ET]
Table '3842990099 1' 3-max Seat #2 is the button
Seat 1: Mahu2021 (760 in chips) 
Seat 2: geokas123 (740 in chips) 
geokas123: posts small blind 50
Mahu2021: posts big blind 100
*** HOLE CARDS ***
Dealt to Mahu2021 [4h 8s]
geokas123: raises 100 to 200
Mahu2021: folds 
Uncalled bet (100) returned to geokas123
geokas123 collected 200 from pot
geokas123: doesn't show hand 
*** SUMMARY ***
Total pot 200 | Rake 0 
Seat 1: Mahu2021 (big blind) folded before Flop
Seat 2: geokas123 (button) (small blind) collected (200)



PokerStars Hand #254204766019: Tournament #3842990099, $4.60+$0.40 USD Hold'em No Limit - Level VI (50/100) - 2025/01/05 9:53:23 CET [2025/01/05 3:53:23 ET]
Table '3842990099 1' 3-max Seat #1 is the button
Seat 1: Mahu2021 (660 in chips) 
Seat 2: geokas123 (840 in chips) 
Mahu2021: posts small blind 50
geokas123: posts big blind 100
*** HOLE CARDS ***
Dealt to Mahu2021 [3c 6d]
Mahu2021: folds 
Uncalled bet (50) returned to geokas123
geokas123 collected 100 from pot
geokas123: doesn't show hand 
*** SUMMARY ***
Total pot 100 | Rake 0 
Seat 1: Mahu2021 (button) (small blind) folded before Flop
Seat 2: geokas123 (big blind) collected (100)



PokerStars Hand #254204766437: Tournament #3842990099, $4.60+$0.40 USD Hold'em No Limit - Level VI (50/100) - 2025/01/05 9:53:27 CET [2025/01/05 3:53:27 ET]
Table '3842990099 1' 3-max Seat #2 is the button
Seat 1: Mahu2021 (610 in chips) 
Seat 2: geokas123 (890 in chips) 
geokas123: posts small blind 50
Mahu2021: posts big blind 100
*** HOLE CARDS ***
Dealt to Mahu2021 [5d 6s]
geokas123: calls 50
Mahu2021: checks 
*** FLOP *** [Ad 4d 6c]
Mahu2021: checks 
geokas123: checks 
*** TURN *** [Ad 4d 6c] [3h]
Mahu2021: bets 510 and is all-in
geokas123: folds 
Uncalled bet (510) returned to Mahu2021
Mahu2021 collected 200 from pot
Mahu2021: doesn't show hand 
*** SUMMARY ***
Total pot 200 | Rake 0 
Board [Ad 4d 6c 3h]
Seat 1: Mahu2021 (big blind) collected (200)
Seat 2: geokas123 (button) (small blind) folded on the Turn



PokerStars Hand #254204768381: Tournament #3842990099, $4.60+$0.40 USD Hold'em No Limit - Level VI (50/100) - 2025/01/05 9:53:48 CET [2025/01/05 3:53:48 ET]
Table '3842990099 1' 3-max Seat #1 is the button
Seat 1: Mahu2021 (710 in chips) 
Seat 2: geokas123 (790 in chips) 
Mahu2021: posts small blind 50
geokas123: posts big blind 100
*** HOLE CARDS ***
Dealt to Mahu2021 [As Ts]
Mahu2021: raises 100 to 200
geokas123: raises 590 to 790 and is all-in
Mahu2021: calls 510 and is all-in
Uncalled bet (80) returned to geokas123
*** FLOP *** [Qd 6d 4d]
*** TURN *** [Qd 6d 4d] [Jc]
*** RIVER *** [Qd 6d 4d Jc] [Th]
*** SHOW DOWN ***
geokas123: shows [Kc Ad] (a straight, Ten to Ace)
Mahu2021: shows [As Ts] (a pair of Tens)
geokas123 collected 1420 from pot
Mahu2021 finished the tournament in 2nd place
geokas123 wins the tournament and receives $10.00 - congratulations!
*** SUMMARY ***
Total pot 1420 | Rake 0 
Board [Qd 6d 4d Jc Th]
Seat 1: Mahu2021 (button) (small blind) showed [As Ts] and lost with a pair of Tens
Seat 2: geokas123 (big blind) showed [Kc Ad] and won (1420) with a straight, Ten to Ace



