PokerStars Hand #249512067090: Tournament #3730978612, $1.84+$0.16 USD Hold'em No Limit - Level I (10/20) - 2024/03/19 20:50:37 CET [2024/03/19 15:50:37 ET]
Table '3730978612 1' 3-max Seat #1 is the button
Seat 1: kiklopslo (500 in chips) 
Seat 2: Robbyuzu3 (500 in chips) 
Seat 3: Mahu2021 (500 in chips) 
Robbyuzu3: posts small blind 10
Mahu2021: posts big blind 20
*** HOLE CARDS ***
Dealt to Mahu2021 [Jd Js]
kiklopslo: raises 20 to 40
Robbyuzu3: folds 
Mahu2021: raises 460 to 500 and is all-in
kiklopslo: folds 
Uncalled bet (460) returned to Mahu2021
Mahu2021 collected 90 from pot
Mahu2021: doesn't show hand 
*** SUMMARY ***
Total pot 90 | Rake 0 
Seat 1: kiklopslo (button) folded before Flop
Seat 2: Robbyuzu3 (small blind) folded before Flop
Seat 3: Mahu2021 (big blind) collected (90)



PokerStars Hand #249512071105: Tournament #3730978612, $1.84+$0.16 USD Hold'em No Limit - Level I (10/20) - 2024/03/19 20:50:49 CET [2024/03/19 15:50:49 ET]
Table '3730978612 1' 3-max Seat #2 is the button
Seat 1: kiklopslo (460 in chips) 
Seat 2: Robbyuzu3 (490 in chips) 
Seat 3: Mahu2021 (550 in chips) 
Mahu2021: posts small blind 10
kiklopslo: posts big blind 20
*** HOLE CARDS ***
Dealt to Mahu2021 [2c 4d]
Robbyuzu3: folds 
Mahu2021: folds 
Uncalled bet (10) returned to kiklopslo
kiklopslo collected 20 from pot
kiklopslo: doesn't show hand 
*** SUMMARY ***
Total pot 20 | Rake 0 
Seat 1: kiklopslo (big blind) collected (20)
Seat 2: Robbyuzu3 (button) folded before Flop (didn't bet)
Seat 3: Mahu2021 (small blind) folded before Flop



PokerStars Hand #249512072864: Tournament #3730978612, $1.84+$0.16 USD Hold'em No Limit - Level I (10/20) - 2024/03/19 20:50:54 CET [2024/03/19 15:50:54 ET]
Table '3730978612 1' 3-max Seat #3 is the button
Seat 1: kiklopslo (470 in chips) 
Seat 2: Robbyuzu3 (490 in chips) 
Seat 3: Mahu2021 (540 in chips) 
kiklopslo: posts small blind 10
Robbyuzu3: posts big blind 20
*** HOLE CARDS ***
Dealt to Mahu2021 [2c 9h]
Mahu2021: folds 
kiklopslo: raises 20 to 40
Robbyuzu3: calls 20
*** FLOP *** [6c 9s Ad]
kiklopslo: bets 20
Robbyuzu3: calls 20
*** TURN *** [6c 9s Ad] [6h]
kiklopslo: bets 20
Robbyuzu3: raises 50 to 70
kiklopslo: calls 50
*** RIVER *** [6c 9s Ad 6h] [5c]
kiklopslo: checks 
Robbyuzu3: bets 360 and is all-in
kiklopslo: folds 
Uncalled bet (360) returned to Robbyuzu3
Robbyuzu3 collected 260 from pot
Robbyuzu3: doesn't show hand 
*** SUMMARY ***
Total pot 260 | Rake 0 
Board [6c 9s Ad 6h 5c]
Seat 1: kiklopslo (small blind) folded on the River
Seat 2: Robbyuzu3 (big blind) collected (260)
Seat 3: Mahu2021 (button) folded before Flop (didn't bet)



PokerStars Hand #249512082444: Tournament #3730978612, $1.84+$0.16 USD Hold'em No Limit - Level I (10/20) - 2024/03/19 20:51:23 CET [2024/03/19 15:51:23 ET]
Table '3730978612 1' 3-max Seat #1 is the button
Seat 1: kiklopslo (340 in chips) 
Seat 2: Robbyuzu3 (620 in chips) 
Seat 3: Mahu2021 (540 in chips) 
Robbyuzu3: posts small blind 10
Mahu2021: posts big blind 20
*** HOLE CARDS ***
Dealt to Mahu2021 [Ad Ts]
kiklopslo: raises 20 to 40
Robbyuzu3: folds 
Mahu2021: calls 20
*** FLOP *** [7c 9c Jh]
Mahu2021: checks 
kiklopslo: checks 
*** TURN *** [7c 9c Jh] [2s]
Mahu2021: checks 
kiklopslo: bets 20
Mahu2021: calls 20
*** RIVER *** [7c 9c Jh 2s] [8s]
Mahu2021: bets 130
kiklopslo: raises 150 to 280 and is all-in
Mahu2021: calls 150
*** SHOW DOWN ***
kiklopslo: shows [Ah Td] (a straight, Seven to Jack)
Mahu2021: shows [Ad Ts] (a straight, Seven to Jack)
Mahu2021 collected 345 from pot
kiklopslo collected 345 from pot
*** SUMMARY ***
Total pot 690 | Rake 0 
Board [7c 9c Jh 2s 8s]
Seat 1: kiklopslo (button) showed [Ah Td] and won (345) with a straight, Seven to Jack
Seat 2: Robbyuzu3 (small blind) folded before Flop
Seat 3: Mahu2021 (big blind) showed [Ad Ts] and won (345) with a straight, Seven to Jack



PokerStars Hand #249512090586: Tournament #3730978612, $1.84+$0.16 USD Hold'em No Limit - Level I (10/20) - 2024/03/19 20:51:47 CET [2024/03/19 15:51:47 ET]
Table '3730978612 1' 3-max Seat #2 is the button
Seat 1: kiklopslo (345 in chips) 
Seat 2: Robbyuzu3 (610 in chips) 
Seat 3: Mahu2021 (545 in chips) 
Mahu2021: posts small blind 10
kiklopslo: posts big blind 20
*** HOLE CARDS ***
Dealt to Mahu2021 [4c 8s]
Robbyuzu3: raises 20 to 40
Mahu2021: folds 
kiklopslo: calls 20
*** FLOP *** [Tc 5h Js]
kiklopslo: checks 
Robbyuzu3: bets 27
kiklopslo: folds 
Uncalled bet (27) returned to Robbyuzu3
Robbyuzu3 collected 90 from pot
Robbyuzu3: doesn't show hand 
*** SUMMARY ***
Total pot 90 | Rake 0 
Board [Tc 5h Js]
Seat 1: kiklopslo (big blind) folded on the Flop
Seat 2: Robbyuzu3 (button) collected (90)
Seat 3: Mahu2021 (small blind) folded before Flop



PokerStars Hand #249512098114: Tournament #3730978612, $1.84+$0.16 USD Hold'em No Limit - Level I (10/20) - 2024/03/19 20:52:10 CET [2024/03/19 15:52:10 ET]
Table '3730978612 1' 3-max Seat #3 is the button
Seat 1: kiklopslo (305 in chips) 
Seat 2: Robbyuzu3 (660 in chips) 
Seat 3: Mahu2021 (535 in chips) 
kiklopslo: posts small blind 10
Robbyuzu3: posts big blind 20
*** HOLE CARDS ***
Dealt to Mahu2021 [Qh Jc]
Mahu2021: calls 20
kiklopslo: calls 10
Robbyuzu3: raises 640 to 660 and is all-in
Mahu2021: folds 
kiklopslo: folds 
Uncalled bet (640) returned to Robbyuzu3
Robbyuzu3 collected 60 from pot
Robbyuzu3: doesn't show hand 
*** SUMMARY ***
Total pot 60 | Rake 0 
Seat 1: kiklopslo (small blind) folded before Flop
Seat 2: Robbyuzu3 (big blind) collected (60)
Seat 3: Mahu2021 (button) folded before Flop



PokerStars Hand #249512101760: Tournament #3730978612, $1.84+$0.16 USD Hold'em No Limit - Level I (10/20) - 2024/03/19 20:52:21 CET [2024/03/19 15:52:21 ET]
Table '3730978612 1' 3-max Seat #1 is the button
Seat 1: kiklopslo (285 in chips) 
Seat 2: Robbyuzu3 (700 in chips) 
Seat 3: Mahu2021 (515 in chips) 
Robbyuzu3: posts small blind 10
Mahu2021: posts big blind 20
*** HOLE CARDS ***
Dealt to Mahu2021 [9h 6c]
kiklopslo: calls 20
Robbyuzu3: folds 
Mahu2021: checks 
*** FLOP *** [5h 5c Tc]
Mahu2021: checks 
kiklopslo: bets 20
Mahu2021: folds 
Uncalled bet (20) returned to kiklopslo
kiklopslo collected 50 from pot
kiklopslo: doesn't show hand 
*** SUMMARY ***
Total pot 50 | Rake 0 
Board [5h 5c Tc]
Seat 1: kiklopslo (button) collected (50)
Seat 2: Robbyuzu3 (small blind) folded before Flop
Seat 3: Mahu2021 (big blind) folded on the Flop



PokerStars Hand #249512105916: Tournament #3730978612, $1.84+$0.16 USD Hold'em No Limit - Level I (10/20) - 2024/03/19 20:52:34 CET [2024/03/19 15:52:34 ET]
Table '3730978612 1' 3-max Seat #2 is the button
Seat 1: kiklopslo (315 in chips) 
Seat 2: Robbyuzu3 (690 in chips) 
Seat 3: Mahu2021 (495 in chips) 
Mahu2021: posts small blind 10
kiklopslo: posts big blind 20
*** HOLE CARDS ***
Dealt to Mahu2021 [Qh 5s]
Robbyuzu3: raises 20 to 40
Mahu2021: folds 
kiklopslo: calls 20
*** FLOP *** [5h 9s 4s]
kiklopslo: checks 
Robbyuzu3: bets 27
kiklopslo: calls 27
*** TURN *** [5h 9s 4s] [2s]
kiklopslo: checks 
Robbyuzu3: checks 
*** RIVER *** [5h 9s 4s 2s] [Qd]
kiklopslo: checks 
Robbyuzu3: bets 72
kiklopslo: calls 72
*** SHOW DOWN ***
Robbyuzu3: shows [Tc 9c] (a pair of Nines)
kiklopslo: shows [Th Qc] (a pair of Queens)
kiklopslo collected 288 from pot
*** SUMMARY ***
Total pot 288 | Rake 0 
Board [5h 9s 4s 2s Qd]
Seat 1: kiklopslo (big blind) showed [Th Qc] and won (288) with a pair of Queens
Seat 2: Robbyuzu3 (button) showed [Tc 9c] and lost with a pair of Nines
Seat 3: Mahu2021 (small blind) folded before Flop



PokerStars Hand #249512113565: Tournament #3730978612, $1.84+$0.16 USD Hold'em No Limit - Level I (10/20) - 2024/03/19 20:52:57 CET [2024/03/19 15:52:57 ET]
Table '3730978612 1' 3-max Seat #3 is the button
Seat 1: kiklopslo (464 in chips) 
Seat 2: Robbyuzu3 (551 in chips) 
Seat 3: Mahu2021 (485 in chips) 
kiklopslo: posts small blind 10
Robbyuzu3: posts big blind 20
*** HOLE CARDS ***
Dealt to Mahu2021 [2c Qs]
Mahu2021: folds 
kiklopslo: calls 10
Robbyuzu3: raises 60 to 80
kiklopslo: folds 
Uncalled bet (60) returned to Robbyuzu3
Robbyuzu3 collected 40 from pot
Robbyuzu3: doesn't show hand 
*** SUMMARY ***
Total pot 40 | Rake 0 
Seat 1: kiklopslo (small blind) folded before Flop
Seat 2: Robbyuzu3 (big blind) collected (40)
Seat 3: Mahu2021 (button) folded before Flop (didn't bet)



PokerStars Hand #249512116732: Tournament #3730978612, $1.84+$0.16 USD Hold'em No Limit - Level I (10/20) - 2024/03/19 20:53:07 CET [2024/03/19 15:53:07 ET]
Table '3730978612 1' 3-max Seat #1 is the button
Seat 1: kiklopslo (444 in chips) 
Seat 2: Robbyuzu3 (571 in chips) 
Seat 3: Mahu2021 (485 in chips) 
Robbyuzu3: posts small blind 10
Mahu2021: posts big blind 20
*** HOLE CARDS ***
Dealt to Mahu2021 [Ad 3d]
kiklopslo: raises 20 to 40
Robbyuzu3: folds 
Mahu2021: calls 20
*** FLOP *** [As 6c 5s]
Mahu2021: checks 
kiklopslo: bets 20
Mahu2021: calls 20
*** TURN *** [As 6c 5s] [7h]
Mahu2021: checks 
kiklopslo: bets 65
Mahu2021: calls 65
*** RIVER *** [As 6c 5s 7h] [7s]
Mahu2021: checks 
kiklopslo: checks 
*** SHOW DOWN ***
Mahu2021: shows [Ad 3d] (two pair, Aces and Sevens)
kiklopslo: shows [Ah Qs] (two pair, Aces and Sevens - Queen kicker)
kiklopslo collected 260 from pot
*** SUMMARY ***
Total pot 260 | Rake 0 
Board [As 6c 5s 7h 7s]
Seat 1: kiklopslo (button) showed [Ah Qs] and won (260) with two pair, Aces and Sevens
Seat 2: Robbyuzu3 (small blind) folded before Flop
Seat 3: Mahu2021 (big blind) showed [Ad 3d] and lost with two pair, Aces and Sevens



PokerStars Hand #249512123246: Tournament #3730978612, $1.84+$0.16 USD Hold'em No Limit - Level I (10/20) - 2024/03/19 20:53:26 CET [2024/03/19 15:53:26 ET]
Table '3730978612 1' 3-max Seat #2 is the button
Seat 1: kiklopslo (579 in chips) 
Seat 2: Robbyuzu3 (561 in chips) 
Seat 3: Mahu2021 (360 in chips) 
Mahu2021: posts small blind 10
kiklopslo: posts big blind 20
*** HOLE CARDS ***
Dealt to Mahu2021 [Qh 4s]
Robbyuzu3: folds 
Mahu2021: calls 10
kiklopslo: checks 
*** FLOP *** [Th 8c 8d]
Mahu2021: checks 
kiklopslo: bets 20
Mahu2021: folds 
Uncalled bet (20) returned to kiklopslo
kiklopslo collected 40 from pot
kiklopslo: doesn't show hand 
*** SUMMARY ***
Total pot 40 | Rake 0 
Board [Th 8c 8d]
Seat 1: kiklopslo (big blind) collected (40)
Seat 2: Robbyuzu3 (button) folded before Flop (didn't bet)
Seat 3: Mahu2021 (small blind) folded on the Flop



PokerStars Hand #249512128779: Tournament #3730978612, $1.84+$0.16 USD Hold'em No Limit - Level II (15/30) - 2024/03/19 20:53:43 CET [2024/03/19 15:53:43 ET]
Table '3730978612 1' 3-max Seat #3 is the button
Seat 1: kiklopslo (599 in chips) 
Seat 2: Robbyuzu3 (561 in chips) 
Seat 3: Mahu2021 (340 in chips) 
kiklopslo: posts small blind 15
Robbyuzu3: posts big blind 30
*** HOLE CARDS ***
Dealt to Mahu2021 [Qd 7d]
Mahu2021: raises 30 to 60
kiklopslo: calls 45
Robbyuzu3: folds 
*** FLOP *** [8s 9h 5d]
kiklopslo: checks 
Mahu2021: bets 60
kiklopslo: calls 60
*** TURN *** [8s 9h 5d] [Ks]
kiklopslo: checks 
Mahu2021: bets 220 and is all-in
kiklopslo: calls 220
*** RIVER *** [8s 9h 5d Ks] [7s]
*** SHOW DOWN ***
kiklopslo: shows [9d 4d] (a pair of Nines)
Mahu2021: shows [Qd 7d] (a pair of Sevens)
kiklopslo collected 710 from pot
Mahu2021 finished the tournament in 3rd place
*** SUMMARY ***
Total pot 710 | Rake 0 
Board [8s 9h 5d Ks 7s]
Seat 1: kiklopslo (small blind) showed [9d 4d] and won (710) with a pair of Nines
Seat 2: Robbyuzu3 (big blind) folded before Flop
Seat 3: Mahu2021 (button) showed [Qd 7d] and lost with a pair of Sevens



