PokerStars Hand #245771292158: Tournament #3640430884, $0.92+$0.08 USD Hold'em No Limit - Level I (10/20) - 2023/09/04 19:24:46 CET [2023/09/04 13:24:46 ET]
Table '3640430884 1' 3-max Seat #1 is the button
Seat 1: Mahu2021 (500 in chips) 
Seat 2: Dias175 (500 in chips) 
Seat 3: rimtis (500 in chips) 
Dias175: posts small blind 10
rimtis: posts big blind 20
*** HOLE CARDS ***
Dealt to Mahu2021 [9h 8h]
Mahu2021: calls 20
Dias175: calls 10
rimtis: checks 
*** FLOP *** [Qh 5d 7s]
Dias175: bets 20
rimtis: folds 
Mahu2021: calls 20
*** TURN *** [Qh 5d 7s] [As]
Dias175: checks 
Mahu2021: checks 
*** RIVER *** [Qh 5d 7s As] [3c]
Dias175: checks 
Mahu2021: checks 
*** SHOW DOWN ***
Dias175: shows [Js 5h] (a pair of Fives)
Mahu2021: mucks hand 
Dias175 collected 100 from pot
*** SUMMARY ***
Total pot 100 | Rake 0 
Board [Qh 5d 7s As 3c]
Seat 1: Mahu2021 (button) mucked [9h 8h]
Seat 2: Dias175 (small blind) showed [Js 5h] and won (100) with a pair of Fives
Seat 3: rimtis (big blind) folded on the Flop



PokerStars Hand #245771306272: Tournament #3640430884, $0.92+$0.08 USD Hold'em No Limit - Level I (10/20) - 2023/09/04 19:25:31 CET [2023/09/04 13:25:31 ET]
Table '3640430884 1' 3-max Seat #2 is the button
Seat 1: Mahu2021 (460 in chips) 
Seat 2: Dias175 (560 in chips) 
Seat 3: rimtis (480 in chips) 
rimtis: posts small blind 10
Mahu2021: posts big blind 20
*** HOLE CARDS ***
Dealt to Mahu2021 [7c 3c]
Dias175: calls 20
rimtis: folds 
Mahu2021: checks 
*** FLOP *** [9d 8s 6h]
Mahu2021: bets 40
Dias175: folds 
Uncalled bet (40) returned to Mahu2021
Mahu2021 collected 50 from pot
Mahu2021: doesn't show hand 
*** SUMMARY ***
Total pot 50 | Rake 0 
Board [9d 8s 6h]
Seat 1: Mahu2021 (big blind) collected (50)
Seat 2: Dias175 (button) folded on the Flop
Seat 3: rimtis (small blind) folded before Flop



PokerStars Hand #245771311477: Tournament #3640430884, $0.92+$0.08 USD Hold'em No Limit - Level I (10/20) - 2023/09/04 19:25:48 CET [2023/09/04 13:25:48 ET]
Table '3640430884 1' 3-max Seat #3 is the button
Seat 1: Mahu2021 (490 in chips) 
Seat 2: Dias175 (540 in chips) 
Seat 3: rimtis (470 in chips) 
Mahu2021: posts small blind 10
Dias175: posts big blind 20
*** HOLE CARDS ***
Dealt to Mahu2021 [3c Ks]
rimtis: folds 
Mahu2021: calls 10
Dias175: checks 
*** FLOP *** [Qs 3d 6d]
Mahu2021: checks 
Dias175: checks 
*** TURN *** [Qs 3d 6d] [Kc]
Mahu2021: bets 20
Dias175: folds 
Uncalled bet (20) returned to Mahu2021
Mahu2021 collected 40 from pot
Mahu2021: doesn't show hand 
*** SUMMARY ***
Total pot 40 | Rake 0 
Board [Qs 3d 6d Kc]
Seat 1: Mahu2021 (small blind) collected (40)
Seat 2: Dias175 (big blind) folded on the Turn
Seat 3: rimtis (button) folded before Flop (didn't bet)



PokerStars Hand #245771320098: Tournament #3640430884, $0.92+$0.08 USD Hold'em No Limit - Level I (10/20) - 2023/09/04 19:26:16 CET [2023/09/04 13:26:16 ET]
Table '3640430884 1' 3-max Seat #1 is the button
Seat 1: Mahu2021 (510 in chips) 
Seat 2: Dias175 (520 in chips) 
Seat 3: rimtis (470 in chips) 
Dias175: posts small blind 10
rimtis: posts big blind 20
*** HOLE CARDS ***
Dealt to Mahu2021 [3c 8h]
Mahu2021: folds 
Dias175: calls 10
rimtis: checks 
*** FLOP *** [5s Jd 5h]
Dias175: checks 
rimtis: bets 20
Dias175: folds 
Uncalled bet (20) returned to rimtis
rimtis collected 40 from pot
rimtis: doesn't show hand 
*** SUMMARY ***
Total pot 40 | Rake 0 
Board [5s Jd 5h]
Seat 1: Mahu2021 (button) folded before Flop (didn't bet)
Seat 2: Dias175 (small blind) folded on the Flop
Seat 3: rimtis (big blind) collected (40)



PokerStars Hand #245771326648: Tournament #3640430884, $0.92+$0.08 USD Hold'em No Limit - Level I (10/20) - 2023/09/04 19:26:37 CET [2023/09/04 13:26:37 ET]
Table '3640430884 1' 3-max Seat #2 is the button
Seat 1: Mahu2021 (510 in chips) 
Seat 2: Dias175 (500 in chips) 
Seat 3: rimtis (490 in chips) 
rimtis: posts small blind 10
Mahu2021: posts big blind 20
*** HOLE CARDS ***
Dealt to Mahu2021 [2s 7d]
Dias175: raises 70 to 90
rimtis: folds 
Mahu2021: folds 
Uncalled bet (70) returned to Dias175
Dias175 collected 50 from pot
*** SUMMARY ***
Total pot 50 | Rake 0 
Seat 1: Mahu2021 (big blind) folded before Flop
Seat 2: Dias175 (button) collected (50)
Seat 3: rimtis (small blind) folded before Flop



PokerStars Hand #245771332800: Tournament #3640430884, $0.92+$0.08 USD Hold'em No Limit - Level II (15/30) - 2023/09/04 19:26:56 CET [2023/09/04 13:26:56 ET]
Table '3640430884 1' 3-max Seat #3 is the button
Seat 1: Mahu2021 (490 in chips) 
Seat 2: Dias175 (530 in chips) 
Seat 3: rimtis (480 in chips) 
Mahu2021: posts small blind 15
Dias175: posts big blind 30
*** HOLE CARDS ***
Dealt to Mahu2021 [3c 6h]
rimtis: folds 
Mahu2021: folds 
Uncalled bet (15) returned to Dias175
Dias175 collected 30 from pot
*** SUMMARY ***
Total pot 30 | Rake 0 
Seat 1: Mahu2021 (small blind) folded before Flop
Seat 2: Dias175 (big blind) collected (30)
Seat 3: rimtis (button) folded before Flop (didn't bet)



PokerStars Hand #245771334366: Tournament #3640430884, $0.92+$0.08 USD Hold'em No Limit - Level II (15/30) - 2023/09/04 19:27:01 CET [2023/09/04 13:27:01 ET]
Table '3640430884 1' 3-max Seat #1 is the button
Seat 1: Mahu2021 (475 in chips) 
Seat 2: Dias175 (545 in chips) 
Seat 3: rimtis (480 in chips) 
Dias175: posts small blind 15
rimtis: posts big blind 30
*** HOLE CARDS ***
Dealt to Mahu2021 [9c 6d]
Mahu2021: folds 
Dias175: calls 15
rimtis: checks 
*** FLOP *** [Kh Jh 2s]
Dias175: checks 
rimtis: checks 
*** TURN *** [Kh Jh 2s] [4h]
Dias175: checks 
rimtis: checks 
*** RIVER *** [Kh Jh 2s 4h] [3s]
Dias175: checks 
rimtis: checks 
*** SHOW DOWN ***
Dias175: shows [5d 7d] (high card King)
rimtis: shows [7s 5h] (high card King)
Dias175 collected 30 from pot
rimtis collected 30 from pot
*** SUMMARY ***
Total pot 60 | Rake 0 
Board [Kh Jh 2s 4h 3s]
Seat 1: Mahu2021 (button) folded before Flop (didn't bet)
Seat 2: Dias175 (small blind) showed [5d 7d] and won (30) with high card King
Seat 3: rimtis (big blind) showed [7s 5h] and won (30) with high card King



PokerStars Hand #245771342731: Tournament #3640430884, $0.92+$0.08 USD Hold'em No Limit - Level II (15/30) - 2023/09/04 19:27:28 CET [2023/09/04 13:27:28 ET]
Table '3640430884 1' 3-max Seat #2 is the button
Seat 1: Mahu2021 (475 in chips) 
Seat 2: Dias175 (545 in chips) 
Seat 3: rimtis (480 in chips) 
rimtis: posts small blind 15
Mahu2021: posts big blind 30
*** HOLE CARDS ***
Dealt to Mahu2021 [4c 8s]
Dias175: raises 60 to 90
rimtis: raises 390 to 480 and is all-in
Mahu2021: folds 
Dias175: calls 390
*** FLOP *** [7d 3s Ac]
*** TURN *** [7d 3s Ac] [9d]
*** RIVER *** [7d 3s Ac 9d] [4s]
*** SHOW DOWN ***
rimtis: shows [2s 2h] (a pair of Deuces)
Dias175: shows [Js Qh] (high card Ace)
rimtis collected 990 from pot
*** SUMMARY ***
Total pot 990 | Rake 0 
Board [7d 3s Ac 9d 4s]
Seat 1: Mahu2021 (big blind) folded before Flop
Seat 2: Dias175 (button) showed [Js Qh] and lost with high card Ace
Seat 3: rimtis (small blind) showed [2s 2h] and won (990) with a pair of Deuces



PokerStars Hand #245771350223: Tournament #3640430884, $0.92+$0.08 USD Hold'em No Limit - Level II (15/30) - 2023/09/04 19:27:51 CET [2023/09/04 13:27:51 ET]
Table '3640430884 1' 3-max Seat #3 is the button
Seat 1: Mahu2021 (445 in chips) 
Seat 2: Dias175 (65 in chips) 
Seat 3: rimtis (990 in chips) 
Mahu2021: posts small blind 15
Dias175: posts big blind 30
*** HOLE CARDS ***
Dealt to Mahu2021 [7s Jh]
rimtis: raises 30 to 60
Mahu2021: folds 
Dias175: raises 5 to 65 and is all-in
rimtis: calls 5
*** FLOP *** [Kd 2c 3s]
*** TURN *** [Kd 2c 3s] [9d]
*** RIVER *** [Kd 2c 3s 9d] [3d]
*** SHOW DOWN ***
Dias175: shows [Th Ac] (a pair of Threes)
rimtis: shows [Tc Ks] (two pair, Kings and Threes)
rimtis collected 145 from pot
Dias175 finished the tournament in 3rd place
*** SUMMARY ***
Total pot 145 | Rake 0 
Board [Kd 2c 3s 9d 3d]
Seat 1: Mahu2021 (small blind) folded before Flop
Seat 2: Dias175 (big blind) showed [Th Ac] and lost with a pair of Threes
Seat 3: rimtis (button) showed [Tc Ks] and won (145) with two pair, Kings and Threes



PokerStars Hand #245771356134: Tournament #3640430884, $0.92+$0.08 USD Hold'em No Limit - Level II (15/30) - 2023/09/04 19:28:10 CET [2023/09/04 13:28:10 ET]
Table '3640430884 1' 3-max Seat #1 is the button
Seat 1: Mahu2021 (430 in chips) 
Seat 3: rimtis (1070 in chips) 
Mahu2021: posts small blind 15
rimtis: posts big blind 30
*** HOLE CARDS ***
Dealt to Mahu2021 [Qs 7c]
Mahu2021: calls 15
rimtis: checks 
*** FLOP *** [3s 9s Qc]
rimtis: checks 
Mahu2021: bets 60
rimtis: calls 60
*** TURN *** [3s 9s Qc] [7h]
rimtis: checks 
Mahu2021: bets 60
rimtis: calls 60
*** RIVER *** [3s 9s Qc 7h] [2h]
rimtis: checks 
Mahu2021: bets 90
rimtis: folds 
Uncalled bet (90) returned to Mahu2021
Mahu2021 collected 300 from pot
Mahu2021: doesn't show hand 
*** SUMMARY ***
Total pot 300 | Rake 0 
Board [3s 9s Qc 7h 2h]
Seat 1: Mahu2021 (button) (small blind) collected (300)
Seat 3: rimtis (big blind) folded on the River



PokerStars Hand #245771364319: Tournament #3640430884, $0.92+$0.08 USD Hold'em No Limit - Level II (15/30) - 2023/09/04 19:28:37 CET [2023/09/04 13:28:37 ET]
Table '3640430884 1' 3-max Seat #3 is the button
Seat 1: Mahu2021 (580 in chips) 
Seat 3: rimtis (920 in chips) 
rimtis: posts small blind 15
Mahu2021: posts big blind 30
*** HOLE CARDS ***
Dealt to Mahu2021 [As 8d]
rimtis: raises 30 to 60
Mahu2021: raises 520 to 580 and is all-in
rimtis: folds 
Uncalled bet (520) returned to Mahu2021
Mahu2021 collected 120 from pot
Mahu2021: doesn't show hand 
*** SUMMARY ***
Total pot 120 | Rake 0 
Seat 1: Mahu2021 (big blind) collected (120)
Seat 3: rimtis (button) (small blind) folded before Flop



PokerStars Hand #245771366909: Tournament #3640430884, $0.92+$0.08 USD Hold'em No Limit - Level II (15/30) - 2023/09/04 19:28:45 CET [2023/09/04 13:28:45 ET]
Table '3640430884 1' 3-max Seat #1 is the button
Seat 1: Mahu2021 (640 in chips) 
Seat 3: rimtis (860 in chips) 
Mahu2021: posts small blind 15
rimtis: posts big blind 30
*** HOLE CARDS ***
Dealt to Mahu2021 [Jc 8s]
Mahu2021: calls 15
rimtis: checks 
*** FLOP *** [9h Jh Kd]
rimtis: checks 
Mahu2021: checks 
*** TURN *** [9h Jh Kd] [7s]
rimtis: bets 30
Mahu2021: calls 30
*** RIVER *** [9h Jh Kd 7s] [Qd]
rimtis: bets 60
Mahu2021: folds 
Uncalled bet (60) returned to rimtis
rimtis collected 120 from pot
rimtis: doesn't show hand 
*** SUMMARY ***
Total pot 120 | Rake 0 
Board [9h Jh Kd 7s Qd]
Seat 1: Mahu2021 (button) (small blind) folded on the River
Seat 3: rimtis (big blind) collected (120)



PokerStars Hand #245771373374: Tournament #3640430884, $0.92+$0.08 USD Hold'em No Limit - Level III (20/40) - 2023/09/04 19:29:05 CET [2023/09/04 13:29:05 ET]
Table '3640430884 1' 3-max Seat #3 is the button
Seat 1: Mahu2021 (580 in chips) 
Seat 3: rimtis (920 in chips) 
rimtis: posts small blind 20
Mahu2021: posts big blind 40
*** HOLE CARDS ***
Dealt to Mahu2021 [Js Kd]
rimtis: raises 40 to 80
Mahu2021: calls 40
*** FLOP *** [4c 5s 3s]
Mahu2021: checks 
rimtis: bets 51
Mahu2021: calls 51
*** TURN *** [4c 5s 3s] [9d]
Mahu2021: checks 
rimtis: checks 
*** RIVER *** [4c 5s 3s 9d] [2s]
Mahu2021: bets 449 and is all-in
rimtis: folds 
Uncalled bet (449) returned to Mahu2021
Mahu2021 collected 262 from pot
Mahu2021: doesn't show hand 
*** SUMMARY ***
Total pot 262 | Rake 0 
Board [4c 5s 3s 9d 2s]
Seat 1: Mahu2021 (big blind) collected (262)
Seat 3: rimtis (button) (small blind) folded on the River



PokerStars Hand #245771378251: Tournament #3640430884, $0.92+$0.08 USD Hold'em No Limit - Level III (20/40) - 2023/09/04 19:29:21 CET [2023/09/04 13:29:21 ET]
Table '3640430884 1' 3-max Seat #1 is the button
Seat 1: Mahu2021 (711 in chips) 
Seat 3: rimtis (789 in chips) 
Mahu2021: posts small blind 20
rimtis: posts big blind 40
*** HOLE CARDS ***
Dealt to Mahu2021 [2h Kh]
Mahu2021: calls 20
rimtis: checks 
*** FLOP *** [5d 5c Ac]
rimtis: checks 
Mahu2021: bets 40
rimtis: folds 
Uncalled bet (40) returned to Mahu2021
Mahu2021 collected 80 from pot
Mahu2021: doesn't show hand 
*** SUMMARY ***
Total pot 80 | Rake 0 
Board [5d 5c Ac]
Seat 1: Mahu2021 (button) (small blind) collected (80)
Seat 3: rimtis (big blind) folded on the Flop



PokerStars Hand #245771382016: Tournament #3640430884, $0.92+$0.08 USD Hold'em No Limit - Level III (20/40) - 2023/09/04 19:29:33 CET [2023/09/04 13:29:33 ET]
Table '3640430884 1' 3-max Seat #3 is the button
Seat 1: Mahu2021 (751 in chips) 
Seat 3: rimtis (749 in chips) 
rimtis: posts small blind 20
Mahu2021: posts big blind 40
*** HOLE CARDS ***
Dealt to Mahu2021 [Kh 2h]
rimtis: raises 40 to 80
Mahu2021: calls 40
*** FLOP *** [Ad 9s 8h]
Mahu2021: checks 
rimtis: bets 80
Mahu2021: folds 
Uncalled bet (80) returned to rimtis
rimtis collected 160 from pot
rimtis: doesn't show hand 
*** SUMMARY ***
Total pot 160 | Rake 0 
Board [Ad 9s 8h]
Seat 1: Mahu2021 (big blind) folded on the Flop
Seat 3: rimtis (button) (small blind) collected (160)



PokerStars Hand #245771386493: Tournament #3640430884, $0.92+$0.08 USD Hold'em No Limit - Level III (20/40) - 2023/09/04 19:29:47 CET [2023/09/04 13:29:47 ET]
Table '3640430884 1' 3-max Seat #1 is the button
Seat 1: Mahu2021 (671 in chips) 
Seat 3: rimtis (829 in chips) 
Mahu2021: posts small blind 20
rimtis: posts big blind 40
*** HOLE CARDS ***
Dealt to Mahu2021 [Ah Tc]
Mahu2021: raises 40 to 80
rimtis: calls 40
*** FLOP *** [5h Td Qc]
rimtis: checks 
Mahu2021: bets 80
rimtis: folds 
Uncalled bet (80) returned to Mahu2021
Mahu2021 collected 160 from pot
Mahu2021: doesn't show hand 
*** SUMMARY ***
Total pot 160 | Rake 0 
Board [5h Td Qc]
Seat 1: Mahu2021 (button) (small blind) collected (160)
Seat 3: rimtis (big blind) folded on the Flop



PokerStars Hand #245771392953: Tournament #3640430884, $0.92+$0.08 USD Hold'em No Limit - Level III (20/40) - 2023/09/04 19:30:06 CET [2023/09/04 13:30:06 ET]
Table '3640430884 1' 3-max Seat #3 is the button
Seat 1: Mahu2021 (751 in chips) 
Seat 3: rimtis (749 in chips) 
rimtis: posts small blind 20
Mahu2021: posts big blind 40
*** HOLE CARDS ***
Dealt to Mahu2021 [Kc Ac]
rimtis: calls 20
Mahu2021: raises 711 to 751 and is all-in
rimtis: folds 
Uncalled bet (711) returned to Mahu2021
Mahu2021 collected 80 from pot
Mahu2021: doesn't show hand 
*** SUMMARY ***
Total pot 80 | Rake 0 
Seat 1: Mahu2021 (big blind) collected (80)
Seat 3: rimtis (button) (small blind) folded before Flop



PokerStars Hand #245771395152: Tournament #3640430884, $0.92+$0.08 USD Hold'em No Limit - Level III (20/40) - 2023/09/04 19:30:13 CET [2023/09/04 13:30:13 ET]
Table '3640430884 1' 3-max Seat #1 is the button
Seat 1: Mahu2021 (791 in chips) 
Seat 3: rimtis (709 in chips) 
Mahu2021: posts small blind 20
rimtis: posts big blind 40
*** HOLE CARDS ***
Dealt to Mahu2021 [9s 5c]
Mahu2021: folds 
Uncalled bet (20) returned to rimtis
rimtis collected 40 from pot
rimtis: doesn't show hand 
*** SUMMARY ***
Total pot 40 | Rake 0 
Seat 1: Mahu2021 (button) (small blind) folded before Flop
Seat 3: rimtis (big blind) collected (40)



PokerStars Hand #245771396440: Tournament #3640430884, $0.92+$0.08 USD Hold'em No Limit - Level III (20/40) - 2023/09/04 19:30:18 CET [2023/09/04 13:30:18 ET]
Table '3640430884 1' 3-max Seat #3 is the button
Seat 1: Mahu2021 (771 in chips) 
Seat 3: rimtis (729 in chips) 
rimtis: posts small blind 20
Mahu2021: posts big blind 40
*** HOLE CARDS ***
Dealt to Mahu2021 [5s 4d]
rimtis: calls 20
Mahu2021: checks 
*** FLOP *** [Ah Ad 7d]
Mahu2021: checks 
rimtis: checks 
*** TURN *** [Ah Ad 7d] [7s]
Mahu2021: checks 
rimtis: checks 
*** RIVER *** [Ah Ad 7d 7s] [3d]
Mahu2021: bets 40
rimtis: calls 40
*** SHOW DOWN ***
Mahu2021: shows [5s 4d] (two pair, Aces and Sevens)
rimtis: shows [Js 3s] (two pair, Aces and Sevens - Jack kicker)
rimtis collected 160 from pot
*** SUMMARY ***
Total pot 160 | Rake 0 
Board [Ah Ad 7d 7s 3d]
Seat 1: Mahu2021 (big blind) showed [5s 4d] and lost with two pair, Aces and Sevens
Seat 3: rimtis (button) (small blind) showed [Js 3s] and won (160) with two pair, Aces and Sevens



PokerStars Hand #245771405176: Tournament #3640430884, $0.92+$0.08 USD Hold'em No Limit - Level III (20/40) - 2023/09/04 19:30:45 CET [2023/09/04 13:30:45 ET]
Table '3640430884 1' 3-max Seat #1 is the button
Seat 1: Mahu2021 (691 in chips) 
Seat 3: rimtis (809 in chips) 
Mahu2021: posts small blind 20
rimtis: posts big blind 40
*** HOLE CARDS ***
Dealt to Mahu2021 [9s Ah]
Mahu2021: calls 20
rimtis: checks 
*** FLOP *** [Kc 8s 2s]
rimtis: checks 
Mahu2021: checks 
*** TURN *** [Kc 8s 2s] [4h]
rimtis: bets 40
Mahu2021: folds 
Uncalled bet (40) returned to rimtis
rimtis collected 80 from pot
rimtis: doesn't show hand 
*** SUMMARY ***
Total pot 80 | Rake 0 
Board [Kc 8s 2s 4h]
Seat 1: Mahu2021 (button) (small blind) folded on the Turn
Seat 3: rimtis (big blind) collected (80)



PokerStars Hand #245771409958: Tournament #3640430884, $0.92+$0.08 USD Hold'em No Limit - Level IV (30/60) - 2023/09/04 19:31:00 CET [2023/09/04 13:31:00 ET]
Table '3640430884 1' 3-max Seat #3 is the button
Seat 1: Mahu2021 (651 in chips) 
Seat 3: rimtis (849 in chips) 
rimtis: posts small blind 30
Mahu2021: posts big blind 60
*** HOLE CARDS ***
Dealt to Mahu2021 [Ac Ah]
rimtis: folds 
Uncalled bet (30) returned to Mahu2021
Mahu2021 collected 60 from pot
Mahu2021: doesn't show hand 
*** SUMMARY ***
Total pot 60 | Rake 0 
Seat 1: Mahu2021 (big blind) collected (60)
Seat 3: rimtis (button) (small blind) folded before Flop



PokerStars Hand #245771410911: Tournament #3640430884, $0.92+$0.08 USD Hold'em No Limit - Level IV (30/60) - 2023/09/04 19:31:03 CET [2023/09/04 13:31:03 ET]
Table '3640430884 1' 3-max Seat #1 is the button
Seat 1: Mahu2021 (681 in chips) 
Seat 3: rimtis (819 in chips) 
Mahu2021: posts small blind 30
rimtis: posts big blind 60
*** HOLE CARDS ***
Dealt to Mahu2021 [8h 6s]
Mahu2021: folds 
Uncalled bet (30) returned to rimtis
rimtis collected 60 from pot
rimtis: doesn't show hand 
*** SUMMARY ***
Total pot 60 | Rake 0 
Seat 1: Mahu2021 (button) (small blind) folded before Flop
Seat 3: rimtis (big blind) collected (60)



PokerStars Hand #245771412228: Tournament #3640430884, $0.92+$0.08 USD Hold'em No Limit - Level IV (30/60) - 2023/09/04 19:31:07 CET [2023/09/04 13:31:07 ET]
Table '3640430884 1' 3-max Seat #3 is the button
Seat 1: Mahu2021 (651 in chips) 
Seat 3: rimtis (849 in chips) 
rimtis: posts small blind 30
Mahu2021: posts big blind 60
*** HOLE CARDS ***
Dealt to Mahu2021 [Jc Ks]
rimtis: calls 30
Mahu2021: raises 120 to 180
rimtis: folds 
Uncalled bet (120) returned to Mahu2021
Mahu2021 collected 120 from pot
Mahu2021: doesn't show hand 
*** SUMMARY ***
Total pot 120 | Rake 0 
Seat 1: Mahu2021 (big blind) collected (120)
Seat 3: rimtis (button) (small blind) folded before Flop



PokerStars Hand #245771414467: Tournament #3640430884, $0.92+$0.08 USD Hold'em No Limit - Level IV (30/60) - 2023/09/04 19:31:14 CET [2023/09/04 13:31:14 ET]
Table '3640430884 1' 3-max Seat #1 is the button
Seat 1: Mahu2021 (711 in chips) 
Seat 3: rimtis (789 in chips) 
Mahu2021: posts small blind 30
rimtis: posts big blind 60
*** HOLE CARDS ***
Dealt to Mahu2021 [Qh Jc]
Mahu2021: raises 60 to 120
rimtis: raises 669 to 789 and is all-in
Mahu2021: calls 591 and is all-in
Uncalled bet (78) returned to rimtis
*** FLOP *** [7s 6d 4c]
*** TURN *** [7s 6d 4c] [9c]
*** RIVER *** [7s 6d 4c 9c] [2c]
*** SHOW DOWN ***
rimtis: shows [9s Ts] (a pair of Nines)
Mahu2021: shows [Qh Jc] (high card Queen)
rimtis collected 1422 from pot
Mahu2021 finished the tournament in 2nd place
rimtis wins the tournament and receives $2.00 - congratulations!
*** SUMMARY ***
Total pot 1422 | Rake 0 
Board [7s 6d 4c 9c 2c]
Seat 1: Mahu2021 (button) (small blind) showed [Qh Jc] and lost with high card Queen
Seat 3: rimtis (big blind) showed [9s Ts] and won (1422) with a pair of Nines



