PokerStars Hand #244106692637: Tournament #3600598680, $0.92+$0.08 USD Hold'em No Limit - Level I (10/20) - 2023/06/05 18:38:02 CET [2023/06/05 12:38:02 ET]
Table '3600598680 1' 3-max Seat #1 is the button
Seat 1: ROYALROTTI (500 in chips) 
Seat 2: Mahu2021 (500 in chips) 
Seat 3: BlowFishAA (500 in chips) 
Mahu2021: posts small blind 10
BlowFishAA: posts big blind 20
*** HOLE CARDS ***
Dealt to Mahu2021 [4c Th]
ROYALROTTI: calls 20
Mahu2021: folds 
BlowFishAA: checks 
*** FLOP *** [4h Jc 9s]
BlowFishAA: checks 
ROYALROTTI: bets 20
BlowFishAA: folds 
Uncalled bet (20) returned to ROYALROTTI
ROYALROTTI collected 50 from pot
*** SUMMARY ***
Total pot 50 | Rake 0 
Board [4h Jc 9s]
Seat 1: ROYALROTTI (button) collected (50)
Seat 2: Mahu2021 (small blind) folded before Flop
Seat 3: BlowFishAA (big blind) folded on the Flop



PokerStars Hand #244106695853: Tournament #3600598680, $0.92+$0.08 USD Hold'em No Limit - Level I (10/20) - 2023/06/05 18:38:14 CET [2023/06/05 12:38:14 ET]
Table '3600598680 1' 3-max Seat #2 is the button
Seat 1: ROYALROTTI (530 in chips) 
Seat 2: Mahu2021 (490 in chips) 
Seat 3: BlowFishAA (480 in chips) 
BlowFishAA: posts small blind 10
ROYALROTTI: posts big blind 20
*** HOLE CARDS ***
Dealt to Mahu2021 [Qh Ts]
Mahu2021: raises 20 to 40
BlowFishAA: raises 440 to 480 and is all-in
ROYALROTTI: folds 
Mahu2021: folds 
Uncalled bet (440) returned to BlowFishAA
BlowFishAA collected 100 from pot
*** SUMMARY ***
Total pot 100 | Rake 0 
Seat 1: ROYALROTTI (big blind) folded before Flop
Seat 2: Mahu2021 (button) folded before Flop
Seat 3: BlowFishAA (small blind) collected (100)



PokerStars Hand #244106700128: Tournament #3600598680, $0.92+$0.08 USD Hold'em No Limit - Level I (10/20) - 2023/06/05 18:38:29 CET [2023/06/05 12:38:29 ET]
Table '3600598680 1' 3-max Seat #3 is the button
Seat 1: ROYALROTTI (510 in chips) 
Seat 2: Mahu2021 (450 in chips) 
Seat 3: BlowFishAA (540 in chips) 
ROYALROTTI: posts small blind 10
Mahu2021: posts big blind 20
*** HOLE CARDS ***
Dealt to Mahu2021 [Ad As]
BlowFishAA: raises 20 to 40
ROYALROTTI: folds 
Mahu2021: raises 410 to 450 and is all-in
BlowFishAA: calls 410
*** FLOP *** [Kd Ah Tc]
*** TURN *** [Kd Ah Tc] [6s]
*** RIVER *** [Kd Ah Tc 6s] [5c]
*** SHOW DOWN ***
Mahu2021: shows [Ad As] (three of a kind, Aces)
BlowFishAA: shows [9s Ks] (a pair of Kings)
Mahu2021 collected 910 from pot
*** SUMMARY ***
Total pot 910 | Rake 0 
Board [Kd Ah Tc 6s 5c]
Seat 1: ROYALROTTI (small blind) folded before Flop
Seat 2: Mahu2021 (big blind) showed [Ad As] and won (910) with three of a kind, Aces
Seat 3: BlowFishAA (button) showed [9s Ks] and lost with a pair of Kings



PokerStars Hand #244106705311: Tournament #3600598680, $0.92+$0.08 USD Hold'em No Limit - Level I (10/20) - 2023/06/05 18:38:48 CET [2023/06/05 12:38:48 ET]
Table '3600598680 1' 3-max Seat #1 is the button
Seat 1: ROYALROTTI (500 in chips) 
Seat 2: Mahu2021 (910 in chips) 
Seat 3: BlowFishAA (90 in chips) 
Mahu2021: posts small blind 10
BlowFishAA: posts big blind 20
*** HOLE CARDS ***
Dealt to Mahu2021 [9h 9c]
ROYALROTTI: calls 20
Mahu2021: calls 10
BlowFishAA: raises 70 to 90 and is all-in
ROYALROTTI: calls 70
Mahu2021: calls 70
*** FLOP *** [Qs 6d 2c]
Mahu2021: checks 
ROYALROTTI: checks 
*** TURN *** [Qs 6d 2c] [8s]
Mahu2021: checks 
ROYALROTTI: checks 
*** RIVER *** [Qs 6d 2c 8s] [2d]
Mahu2021: checks 
ROYALROTTI: bets 135
Mahu2021: calls 135
*** SHOW DOWN ***
ROYALROTTI: shows [Th As] (a pair of Deuces)
Mahu2021: shows [9h 9c] (two pair, Nines and Deuces)
Mahu2021 collected 270 from side pot
BlowFishAA: mucks hand 
Mahu2021 collected 270 from main pot
BlowFishAA finished the tournament in 3rd place
*** SUMMARY ***
Total pot 540 Main pot 270. Side pot 270. | Rake 0 
Board [Qs 6d 2c 8s 2d]
Seat 1: ROYALROTTI (button) showed [Th As] and lost with a pair of Deuces
Seat 2: Mahu2021 (small blind) showed [9h 9c] and won (540) with two pair, Nines and Deuces
Seat 3: BlowFishAA (big blind) mucked [Jd Ad]



PokerStars Hand #244106713480: Tournament #3600598680, $0.92+$0.08 USD Hold'em No Limit - Level I (10/20) - 2023/06/05 18:39:18 CET [2023/06/05 12:39:18 ET]
Table '3600598680 1' 3-max Seat #2 is the button
Seat 1: ROYALROTTI (275 in chips) 
Seat 2: Mahu2021 (1225 in chips) 
Mahu2021: posts small blind 10
ROYALROTTI: posts big blind 20
*** HOLE CARDS ***
Dealt to Mahu2021 [8s Ad]
Mahu2021: calls 10
ROYALROTTI: raises 255 to 275 and is all-in
Mahu2021: calls 255
*** FLOP *** [6d Ah Kh]
*** TURN *** [6d Ah Kh] [9c]
*** RIVER *** [6d Ah Kh 9c] [Jh]
*** SHOW DOWN ***
ROYALROTTI: shows [9d 7s] (a pair of Nines)
Mahu2021: shows [8s Ad] (a pair of Aces)
Mahu2021 collected 550 from pot
ROYALROTTI finished the tournament in 2nd place
Mahu2021 wins the tournament and receives $2.00 - congratulations!
*** SUMMARY ***
Total pot 550 | Rake 0 
Board [6d Ah Kh 9c Jh]
Seat 1: ROYALROTTI (big blind) showed [9d 7s] and lost with a pair of Nines
Seat 2: Mahu2021 (button) (small blind) showed [8s Ad] and won (550) with a pair of Aces



