PokerStars Hand #255091511202: Tournament #3864253468, $4.60+$0.40 USD Hold'em No Limit - Level I (10/20) - 2025/03/01 19:14:42 CET [2025/03/01 13:14:42 ET]
Table '3864253468 1' 3-max Seat #1 is the button
Seat 1: Mahu2021 (500 in chips) 
Seat 2: fuckenhusla (500 in chips) 
Seat 3: ImExxec (500 in chips) 
fuckenhusla: posts small blind 10
ImExxec: posts big blind 20
*** HOLE CARDS ***
Dealt to Mahu2021 [Ah Jc]
Mahu2021: raises 20 to 40
fuckenhusla: calls 30
ImExxec: calls 20
*** FLOP *** [As Kc 3c]
fuckenhusla: checks 
ImExxec: bets 30
Mahu2021: calls 30
fuckenhusla: calls 30
*** TURN *** [As Kc 3c] [Td]
fuckenhusla: checks 
ImExxec: checks 
Mahu2021: checks 
*** RIVER *** [As Kc 3c Td] [6s]
fuckenhusla: bets 20
ImExxec: raises 150 to 170
Mahu2021: folds 
fuckenhusla: folds 
Uncalled bet (150) returned to ImExxec
ImExxec collected 250 from pot
ImExxec: doesn't show hand 
*** SUMMARY ***
Total pot 250 | Rake 0 
Board [As Kc 3c Td 6s]
Seat 1: Mahu2021 (button) folded on the River
Seat 2: fuckenhusla (small blind) folded on the River
Seat 3: ImExxec (big blind) collected (250)



PokerStars Hand #255091523621: Tournament #3864253468, $4.60+$0.40 USD Hold'em No Limit - Level I (10/20) - 2025/03/01 19:15:30 CET [2025/03/01 13:15:30 ET]
Table '3864253468 1' 3-max Seat #2 is the button
Seat 1: Mahu2021 (430 in chips) 
Seat 2: fuckenhusla (410 in chips) 
Seat 3: ImExxec (660 in chips) 
ImExxec: posts small blind 10
Mahu2021: posts big blind 20
*** HOLE CARDS ***
Dealt to Mahu2021 [Kh 9c]
fuckenhusla: folds 
ImExxec: raises 40 to 60
Mahu2021: calls 40
*** FLOP *** [4s Qc 5c]
ImExxec: bets 50
Mahu2021: folds 
Uncalled bet (50) returned to ImExxec
ImExxec collected 120 from pot
ImExxec: doesn't show hand 
*** SUMMARY ***
Total pot 120 | Rake 0 
Board [4s Qc 5c]
Seat 1: Mahu2021 (big blind) folded on the Flop
Seat 2: fuckenhusla (button) folded before Flop (didn't bet)
Seat 3: ImExxec (small blind) collected (120)



PokerStars Hand #255091527841: Tournament #3864253468, $4.60+$0.40 USD Hold'em No Limit - Level I (10/20) - 2025/03/01 19:15:46 CET [2025/03/01 13:15:46 ET]
Table '3864253468 1' 3-max Seat #3 is the button
Seat 1: Mahu2021 (370 in chips) 
Seat 2: fuckenhusla (410 in chips) 
Seat 3: ImExxec (720 in chips) 
Mahu2021: posts small blind 10
fuckenhusla: posts big blind 20
*** HOLE CARDS ***
Dealt to Mahu2021 [4c 6s]
ImExxec: raises 20 to 40
Mahu2021: folds 
fuckenhusla: calls 20
*** FLOP *** [9s 9c 3c]
fuckenhusla: checks 
ImExxec: bets 40
fuckenhusla: calls 40
*** TURN *** [9s 9c 3c] [Qh]
fuckenhusla: checks 
ImExxec: checks 
*** RIVER *** [9s 9c 3c Qh] [8c]
fuckenhusla: bets 20
ImExxec: raises 200 to 220
fuckenhusla: calls 200
*** SHOW DOWN ***
ImExxec: shows [Kc 6c] (a flush, King high)
fuckenhusla: mucks hand 
ImExxec collected 610 from pot
*** SUMMARY ***
Total pot 610 | Rake 0 
Board [9s 9c 3c Qh 8c]
Seat 1: Mahu2021 (small blind) folded before Flop
Seat 2: fuckenhusla (big blind) mucked [6d 3s]
Seat 3: ImExxec (button) showed [Kc 6c] and won (610) with a flush, King high



PokerStars Hand #255091536939: Tournament #3864253468, $4.60+$0.40 USD Hold'em No Limit - Level I (10/20) - 2025/03/01 19:16:21 CET [2025/03/01 13:16:21 ET]
Table '3864253468 1' 3-max Seat #1 is the button
Seat 1: Mahu2021 (360 in chips) 
Seat 2: fuckenhusla (110 in chips) 
Seat 3: ImExxec (1030 in chips) 
fuckenhusla: posts small blind 10
ImExxec: posts big blind 20
*** HOLE CARDS ***
Dealt to Mahu2021 [Qh Td]
Mahu2021: raises 20 to 40
fuckenhusla: raises 70 to 110 and is all-in
ImExxec: folds 
Mahu2021: calls 70
*** FLOP *** [8d Qd Ah]
*** TURN *** [8d Qd Ah] [7c]
*** RIVER *** [8d Qd Ah 7c] [6c]
*** SHOW DOWN ***
fuckenhusla: shows [Qs 3s] (a pair of Queens)
Mahu2021: shows [Qh Td] (a pair of Queens - Ace+Ten kicker)
Mahu2021 collected 240 from pot
fuckenhusla finished the tournament in 3rd place
*** SUMMARY ***
Total pot 240 | Rake 0 
Board [8d Qd Ah 7c 6c]
Seat 1: Mahu2021 (button) showed [Qh Td] and won (240) with a pair of Queens
Seat 2: fuckenhusla (small blind) showed [Qs 3s] and lost with a pair of Queens
Seat 3: ImExxec (big blind) folded before Flop



PokerStars Hand #255091542397: Tournament #3864253468, $4.60+$0.40 USD Hold'em No Limit - Level I (10/20) - 2025/03/01 19:16:41 CET [2025/03/01 13:16:41 ET]
Table '3864253468 1' 3-max Seat #3 is the button
Seat 1: Mahu2021 (490 in chips) 
Seat 3: ImExxec (1010 in chips) 
ImExxec: posts small blind 10
Mahu2021: posts big blind 20
*** HOLE CARDS ***
Dealt to Mahu2021 [Kh 9c]
ImExxec: calls 10
Mahu2021: checks 
*** FLOP *** [Td 5s Qh]
Mahu2021: checks 
ImExxec: checks 
*** TURN *** [Td 5s Qh] [Ac]
Mahu2021: checks 
ImExxec: bets 20
Mahu2021: calls 20
*** RIVER *** [Td 5s Qh Ac] [6s]
Mahu2021: checks 
ImExxec: bets 30
Mahu2021: folds 
Uncalled bet (30) returned to ImExxec
ImExxec collected 80 from pot
ImExxec: doesn't show hand 
*** SUMMARY ***
Total pot 80 | Rake 0 
Board [Td 5s Qh Ac 6s]
Seat 1: Mahu2021 (big blind) folded on the River
Seat 3: ImExxec (button) (small blind) collected (80)



PokerStars Hand #255091547882: Tournament #3864253468, $4.60+$0.40 USD Hold'em No Limit - Level II (15/30) - 2025/03/01 19:17:02 CET [2025/03/01 13:17:02 ET]
Table '3864253468 1' 3-max Seat #1 is the button
Seat 1: Mahu2021 (450 in chips) 
Seat 3: ImExxec (1050 in chips) 
Mahu2021: posts small blind 15
ImExxec: posts big blind 30
*** HOLE CARDS ***
Dealt to Mahu2021 [8d Jd]
Mahu2021: calls 15
ImExxec: checks 
*** FLOP *** [5d As 6c]
ImExxec: checks 
Mahu2021: bets 30
ImExxec: raises 60 to 90
Mahu2021: folds 
Uncalled bet (60) returned to ImExxec
ImExxec collected 120 from pot
ImExxec: doesn't show hand 
*** SUMMARY ***
Total pot 120 | Rake 0 
Board [5d As 6c]
Seat 1: Mahu2021 (button) (small blind) folded on the Flop
Seat 3: ImExxec (big blind) collected (120)



PokerStars Hand #255091551518: Tournament #3864253468, $4.60+$0.40 USD Hold'em No Limit - Level II (15/30) - 2025/03/01 19:17:15 CET [2025/03/01 13:17:15 ET]
Table '3864253468 1' 3-max Seat #3 is the button
Seat 1: Mahu2021 (390 in chips) 
Seat 3: ImExxec (1110 in chips) 
ImExxec: posts small blind 15
Mahu2021: posts big blind 30
*** HOLE CARDS ***
Dealt to Mahu2021 [5d Jc]
ImExxec: raises 30 to 60
Mahu2021: calls 30
*** FLOP *** [3h 3c 2d]
Mahu2021: checks 
ImExxec: bets 1050 and is all-in
Mahu2021: folds 
Uncalled bet (1050) returned to ImExxec
ImExxec collected 120 from pot
ImExxec: doesn't show hand 
*** SUMMARY ***
Total pot 120 | Rake 0 
Board [3h 3c 2d]
Seat 1: Mahu2021 (big blind) folded on the Flop
Seat 3: ImExxec (button) (small blind) collected (120)



PokerStars Hand #255091554361: Tournament #3864253468, $4.60+$0.40 USD Hold'em No Limit - Level II (15/30) - 2025/03/01 19:17:26 CET [2025/03/01 13:17:26 ET]
Table '3864253468 1' 3-max Seat #1 is the button
Seat 1: Mahu2021 (330 in chips) 
Seat 3: ImExxec (1170 in chips) 
Mahu2021: posts small blind 15
ImExxec: posts big blind 30
*** HOLE CARDS ***
Dealt to Mahu2021 [4c 6d]
Mahu2021: folds 
Uncalled bet (15) returned to ImExxec
ImExxec collected 30 from pot
ImExxec: doesn't show hand 
*** SUMMARY ***
Total pot 30 | Rake 0 
Seat 1: Mahu2021 (button) (small blind) folded before Flop
Seat 3: ImExxec (big blind) collected (30)



PokerStars Hand #255091555661: Tournament #3864253468, $4.60+$0.40 USD Hold'em No Limit - Level II (15/30) - 2025/03/01 19:17:31 CET [2025/03/01 13:17:31 ET]
Table '3864253468 1' 3-max Seat #3 is the button
Seat 1: Mahu2021 (315 in chips) 
Seat 3: ImExxec (1185 in chips) 
ImExxec: posts small blind 15
Mahu2021: posts big blind 30
*** HOLE CARDS ***
Dealt to Mahu2021 [Jd 6c]
ImExxec: calls 15
Mahu2021: raises 285 to 315 and is all-in
ImExxec: folds 
Uncalled bet (285) returned to Mahu2021
Mahu2021 collected 60 from pot
Mahu2021: doesn't show hand 
*** SUMMARY ***
Total pot 60 | Rake 0 
Seat 1: Mahu2021 (big blind) collected (60)
Seat 3: ImExxec (button) (small blind) folded before Flop



PokerStars Hand #255091557524: Tournament #3864253468, $4.60+$0.40 USD Hold'em No Limit - Level II (15/30) - 2025/03/01 19:17:38 CET [2025/03/01 13:17:38 ET]
Table '3864253468 1' 3-max Seat #1 is the button
Seat 1: Mahu2021 (345 in chips) 
Seat 3: ImExxec (1155 in chips) 
Mahu2021: posts small blind 15
ImExxec: posts big blind 30
*** HOLE CARDS ***
Dealt to Mahu2021 [7h 6c]
Mahu2021: calls 15
ImExxec: raises 75 to 105
Mahu2021: folds 
Uncalled bet (75) returned to ImExxec
ImExxec collected 60 from pot
ImExxec: doesn't show hand 
*** SUMMARY ***
Total pot 60 | Rake 0 
Seat 1: Mahu2021 (button) (small blind) folded before Flop
Seat 3: ImExxec (big blind) collected (60)



PokerStars Hand #255091559852: Tournament #3864253468, $4.60+$0.40 USD Hold'em No Limit - Level II (15/30) - 2025/03/01 19:17:47 CET [2025/03/01 13:17:47 ET]
Table '3864253468 1' 3-max Seat #3 is the button
Seat 1: Mahu2021 (315 in chips) 
Seat 3: ImExxec (1185 in chips) 
ImExxec: posts small blind 15
Mahu2021: posts big blind 30
*** HOLE CARDS ***
Dealt to Mahu2021 [Jc 9s]
ImExxec: raises 1155 to 1185 and is all-in
Mahu2021: folds 
Uncalled bet (1155) returned to ImExxec
ImExxec collected 60 from pot
ImExxec: doesn't show hand 
*** SUMMARY ***
Total pot 60 | Rake 0 
Seat 1: Mahu2021 (big blind) folded before Flop
Seat 3: ImExxec (button) (small blind) collected (60)



PokerStars Hand #255091561694: Tournament #3864253468, $4.60+$0.40 USD Hold'em No Limit - Level II (15/30) - 2025/03/01 19:17:54 CET [2025/03/01 13:17:54 ET]
Table '3864253468 1' 3-max Seat #1 is the button
Seat 1: Mahu2021 (285 in chips) 
Seat 3: ImExxec (1215 in chips) 
Mahu2021: posts small blind 15
ImExxec: posts big blind 30
*** HOLE CARDS ***
Dealt to Mahu2021 [Td Qc]
Mahu2021: calls 15
ImExxec: checks 
*** FLOP *** [4c 3d Tc]
ImExxec: checks 
Mahu2021: bets 30
ImExxec: calls 30
*** TURN *** [4c 3d Tc] [Qd]
ImExxec: checks 
Mahu2021: bets 30
ImExxec: calls 30
*** RIVER *** [4c 3d Tc Qd] [5d]
ImExxec: checks 
Mahu2021: bets 60
ImExxec: folds 
Uncalled bet (60) returned to Mahu2021
Mahu2021 collected 180 from pot
Mahu2021: doesn't show hand 
*** SUMMARY ***
Total pot 180 | Rake 0 
Board [4c 3d Tc Qd 5d]
Seat 1: Mahu2021 (button) (small blind) collected (180)
Seat 3: ImExxec (big blind) folded on the River



PokerStars Hand #255091568140: Tournament #3864253468, $4.60+$0.40 USD Hold'em No Limit - Level II (15/30) - 2025/03/01 19:18:18 CET [2025/03/01 13:18:18 ET]
Table '3864253468 1' 3-max Seat #3 is the button
Seat 1: Mahu2021 (375 in chips) 
Seat 3: ImExxec (1125 in chips) 
ImExxec: posts small blind 15
Mahu2021: posts big blind 30
*** HOLE CARDS ***
Dealt to Mahu2021 [9d Th]
ImExxec: calls 15
Mahu2021: checks 
*** FLOP *** [Jh 4d 9s]
Mahu2021: bets 30
ImExxec: calls 30
*** TURN *** [Jh 4d 9s] [6c]
Mahu2021: bets 30
ImExxec: calls 30
*** RIVER *** [Jh 4d 9s 6c] [Ah]
Mahu2021: bets 30
ImExxec: raises 270 to 300
Mahu2021: folds 
Uncalled bet (270) returned to ImExxec
ImExxec collected 240 from pot
ImExxec: doesn't show hand 
*** SUMMARY ***
Total pot 240 | Rake 0 
Board [Jh 4d 9s 6c Ah]
Seat 1: Mahu2021 (big blind) folded on the River
Seat 3: ImExxec (button) (small blind) collected (240)



PokerStars Hand #255091580555: Tournament #3864253468, $4.60+$0.40 USD Hold'em No Limit - Level III (20/40) - 2025/03/01 19:19:05 CET [2025/03/01 13:19:05 ET]
Table '3864253468 1' 3-max Seat #1 is the button
Seat 1: Mahu2021 (255 in chips) 
Seat 3: ImExxec (1245 in chips) 
Mahu2021: posts small blind 20
ImExxec: posts big blind 40
*** HOLE CARDS ***
Dealt to Mahu2021 [3d 9d]
Mahu2021: folds 
Uncalled bet (20) returned to ImExxec
ImExxec collected 40 from pot
ImExxec: doesn't show hand 
*** SUMMARY ***
Total pot 40 | Rake 0 
Seat 1: Mahu2021 (button) (small blind) folded before Flop
Seat 3: ImExxec (big blind) collected (40)



PokerStars Hand #255091581678: Tournament #3864253468, $4.60+$0.40 USD Hold'em No Limit - Level III (20/40) - 2025/03/01 19:19:09 CET [2025/03/01 13:19:09 ET]
Table '3864253468 1' 3-max Seat #3 is the button
Seat 1: Mahu2021 (235 in chips) 
Seat 3: ImExxec (1265 in chips) 
ImExxec: posts small blind 20
Mahu2021: posts big blind 40
*** HOLE CARDS ***
Dealt to Mahu2021 [Qc 5s]
ImExxec: folds 
Uncalled bet (20) returned to Mahu2021
Mahu2021 collected 40 from pot
Mahu2021: doesn't show hand 
*** SUMMARY ***
Total pot 40 | Rake 0 
Seat 1: Mahu2021 (big blind) collected (40)
Seat 3: ImExxec (button) (small blind) folded before Flop



PokerStars Hand #255091582908: Tournament #3864253468, $4.60+$0.40 USD Hold'em No Limit - Level III (20/40) - 2025/03/01 19:19:14 CET [2025/03/01 13:19:14 ET]
Table '3864253468 1' 3-max Seat #1 is the button
Seat 1: Mahu2021 (255 in chips) 
Seat 3: ImExxec (1245 in chips) 
Mahu2021: posts small blind 20
ImExxec: posts big blind 40
*** HOLE CARDS ***
Dealt to Mahu2021 [6c 7c]
Mahu2021: calls 20
ImExxec: checks 
*** FLOP *** [2h Qh 5h]
ImExxec: checks 
Mahu2021: checks 
*** TURN *** [2h Qh 5h] [3d]
ImExxec: checks 
Mahu2021: bets 40
ImExxec: folds 
Uncalled bet (40) returned to Mahu2021
Mahu2021 collected 80 from pot
Mahu2021: doesn't show hand 
*** SUMMARY ***
Total pot 80 | Rake 0 
Board [2h Qh 5h 3d]
Seat 1: Mahu2021 (button) (small blind) collected (80)
Seat 3: ImExxec (big blind) folded on the Turn



PokerStars Hand #255091587279: Tournament #3864253468, $4.60+$0.40 USD Hold'em No Limit - Level III (20/40) - 2025/03/01 19:19:30 CET [2025/03/01 13:19:30 ET]
Table '3864253468 1' 3-max Seat #3 is the button
Seat 1: Mahu2021 (295 in chips) 
Seat 3: ImExxec (1205 in chips) 
ImExxec: posts small blind 20
Mahu2021: posts big blind 40
*** HOLE CARDS ***
Dealt to Mahu2021 [2s 8c]
ImExxec: raises 40 to 80
Mahu2021: folds 
Uncalled bet (40) returned to ImExxec
ImExxec collected 80 from pot
ImExxec: doesn't show hand 
*** SUMMARY ***
Total pot 80 | Rake 0 
Seat 1: Mahu2021 (big blind) folded before Flop
Seat 3: ImExxec (button) (small blind) collected (80)



PokerStars Hand #255091588867: Tournament #3864253468, $4.60+$0.40 USD Hold'em No Limit - Level III (20/40) - 2025/03/01 19:19:36 CET [2025/03/01 13:19:36 ET]
Table '3864253468 1' 3-max Seat #1 is the button
Seat 1: Mahu2021 (255 in chips) 
Seat 3: ImExxec (1245 in chips) 
Mahu2021: posts small blind 20
ImExxec: posts big blind 40
*** HOLE CARDS ***
Dealt to Mahu2021 [Ad Js]
Mahu2021: calls 20
ImExxec: checks 
*** FLOP *** [Qd Jd 6s]
ImExxec: bets 40
Mahu2021: calls 40
*** TURN *** [Qd Jd 6s] [Ts]
ImExxec: bets 40
Mahu2021: raises 135 to 175 and is all-in
ImExxec: calls 135
*** RIVER *** [Qd Jd 6s Ts] [Ah]
*** SHOW DOWN ***
ImExxec: shows [9c Th] (a pair of Tens)
Mahu2021: shows [Ad Js] (two pair, Aces and Jacks)
Mahu2021 collected 510 from pot
*** SUMMARY ***
Total pot 510 | Rake 0 
Board [Qd Jd 6s Ts Ah]
Seat 1: Mahu2021 (button) (small blind) showed [Ad Js] and won (510) with two pair, Aces and Jacks
Seat 3: ImExxec (big blind) showed [9c Th] and lost with a pair of Tens



PokerStars Hand #255091594355: Tournament #3864253468, $4.60+$0.40 USD Hold'em No Limit - Level III (20/40) - 2025/03/01 19:19:57 CET [2025/03/01 13:19:57 ET]
Table '3864253468 1' 3-max Seat #3 is the button
Seat 1: Mahu2021 (510 in chips) 
Seat 3: ImExxec (990 in chips) 
ImExxec: posts small blind 20
Mahu2021: posts big blind 40
*** HOLE CARDS ***
Dealt to Mahu2021 [9h 2s]
ImExxec: folds 
Uncalled bet (20) returned to Mahu2021
Mahu2021 collected 40 from pot
Mahu2021: doesn't show hand 
*** SUMMARY ***
Total pot 40 | Rake 0 
Seat 1: Mahu2021 (big blind) collected (40)
Seat 3: ImExxec (button) (small blind) folded before Flop



PokerStars Hand #255091596176: Tournament #3864253468, $4.60+$0.40 USD Hold'em No Limit - Level III (20/40) - 2025/03/01 19:20:04 CET [2025/03/01 13:20:04 ET]
Table '3864253468 1' 3-max Seat #1 is the button
Seat 1: Mahu2021 (530 in chips) 
Seat 3: ImExxec (970 in chips) 
Mahu2021: posts small blind 20
ImExxec: posts big blind 40
*** HOLE CARDS ***
Dealt to Mahu2021 [Td 3d]
Mahu2021: calls 20
ImExxec: checks 
*** FLOP *** [Ac 8c 7d]
ImExxec: checks 
Mahu2021: checks 
*** TURN *** [Ac 8c 7d] [Tc]
ImExxec: bets 80
Mahu2021: folds 
Uncalled bet (80) returned to ImExxec
ImExxec collected 80 from pot
ImExxec: doesn't show hand 
*** SUMMARY ***
Total pot 80 | Rake 0 
Board [Ac 8c 7d Tc]
Seat 1: Mahu2021 (button) (small blind) folded on the Turn
Seat 3: ImExxec (big blind) collected (80)



PokerStars Hand #255091600940: Tournament #3864253468, $4.60+$0.40 USD Hold'em No Limit - Level III (20/40) - 2025/03/01 19:20:22 CET [2025/03/01 13:20:22 ET]
Table '3864253468 1' 3-max Seat #3 is the button
Seat 1: Mahu2021 (490 in chips) 
Seat 3: ImExxec (1010 in chips) 
ImExxec: posts small blind 20
Mahu2021: posts big blind 40
*** HOLE CARDS ***
Dealt to Mahu2021 [6s Qd]
ImExxec: raises 40 to 80
Mahu2021: calls 40
*** FLOP *** [Jc 9c 5s]
Mahu2021: checks 
ImExxec: bets 80
Mahu2021: folds 
Uncalled bet (80) returned to ImExxec
ImExxec collected 160 from pot
ImExxec: doesn't show hand 
*** SUMMARY ***
Total pot 160 | Rake 0 
Board [Jc 9c 5s]
Seat 1: Mahu2021 (big blind) folded on the Flop
Seat 3: ImExxec (button) (small blind) collected (160)



PokerStars Hand #255091605705: Tournament #3864253468, $4.60+$0.40 USD Hold'em No Limit - Level III (20/40) - 2025/03/01 19:20:40 CET [2025/03/01 13:20:40 ET]
Table '3864253468 1' 3-max Seat #1 is the button
Seat 1: Mahu2021 (410 in chips) 
Seat 3: ImExxec (1090 in chips) 
Mahu2021: posts small blind 20
ImExxec: posts big blind 40
*** HOLE CARDS ***
Dealt to Mahu2021 [Js 9h]
Mahu2021: raises 40 to 80
ImExxec: raises 1010 to 1090 and is all-in
Mahu2021: folds 
Uncalled bet (1010) returned to ImExxec
ImExxec collected 160 from pot
ImExxec: doesn't show hand 
*** SUMMARY ***
Total pot 160 | Rake 0 
Seat 1: Mahu2021 (button) (small blind) folded before Flop
Seat 3: ImExxec (big blind) collected (160)



PokerStars Hand #255091608677: Tournament #3864253468, $4.60+$0.40 USD Hold'em No Limit - Level IV (30/60) - 2025/03/01 19:20:51 CET [2025/03/01 13:20:51 ET]
Table '3864253468 1' 3-max Seat #3 is the button
Seat 1: Mahu2021 (330 in chips) 
Seat 3: ImExxec (1170 in chips) 
ImExxec: posts small blind 30
Mahu2021: posts big blind 60
*** HOLE CARDS ***
Dealt to Mahu2021 [3s 9s]
ImExxec: raises 1110 to 1170 and is all-in
Mahu2021: folds 
Uncalled bet (1110) returned to ImExxec
ImExxec collected 120 from pot
ImExxec: doesn't show hand 
*** SUMMARY ***
Total pot 120 | Rake 0 
Seat 1: Mahu2021 (big blind) folded before Flop
Seat 3: ImExxec (button) (small blind) collected (120)



PokerStars Hand #255091610407: Tournament #3864253468, $4.60+$0.40 USD Hold'em No Limit - Level IV (30/60) - 2025/03/01 19:20:58 CET [2025/03/01 13:20:58 ET]
Table '3864253468 1' 3-max Seat #1 is the button
Seat 1: Mahu2021 (270 in chips) 
Seat 3: ImExxec (1230 in chips) 
Mahu2021: posts small blind 30
ImExxec: posts big blind 60
*** HOLE CARDS ***
Dealt to Mahu2021 [9c 8h]
Mahu2021: calls 30
ImExxec: checks 
*** FLOP *** [Tc 2s Th]
ImExxec: bets 60
Mahu2021: folds 
Uncalled bet (60) returned to ImExxec
ImExxec collected 120 from pot
ImExxec: doesn't show hand 
*** SUMMARY ***
Total pot 120 | Rake 0 
Board [Tc 2s Th]
Seat 1: Mahu2021 (button) (small blind) folded on the Flop
Seat 3: ImExxec (big blind) collected (120)



PokerStars Hand #255091613088: Tournament #3864253468, $4.60+$0.40 USD Hold'em No Limit - Level IV (30/60) - 2025/03/01 19:21:08 CET [2025/03/01 13:21:08 ET]
Table '3864253468 1' 3-max Seat #3 is the button
Seat 1: Mahu2021 (210 in chips) 
Seat 3: ImExxec (1290 in chips) 
ImExxec: posts small blind 30
Mahu2021: posts big blind 60
*** HOLE CARDS ***
Dealt to Mahu2021 [Ac Jc]
ImExxec: folds 
Uncalled bet (30) returned to Mahu2021
Mahu2021 collected 60 from pot
Mahu2021: doesn't show hand 
*** SUMMARY ***
Total pot 60 | Rake 0 
Seat 1: Mahu2021 (big blind) collected (60)
Seat 3: ImExxec (button) (small blind) folded before Flop



PokerStars Hand #255091614385: Tournament #3864253468, $4.60+$0.40 USD Hold'em No Limit - Level IV (30/60) - 2025/03/01 19:21:13 CET [2025/03/01 13:21:13 ET]
Table '3864253468 1' 3-max Seat #1 is the button
Seat 1: Mahu2021 (240 in chips) 
Seat 3: ImExxec (1260 in chips) 
Mahu2021: posts small blind 30
ImExxec: posts big blind 60
*** HOLE CARDS ***
Dealt to Mahu2021 [7h 8h]
Mahu2021: raises 180 to 240 and is all-in
ImExxec: calls 180
*** FLOP *** [5c 5s As]
*** TURN *** [5c 5s As] [4h]
*** RIVER *** [5c 5s As 4h] [3s]
*** SHOW DOWN ***
ImExxec: shows [Jc Ts] (a pair of Fives)
Mahu2021: shows [7h 8h] (a pair of Fives - lower kicker)
ImExxec collected 480 from pot
Mahu2021 finished the tournament in 2nd place
ImExxec wins the tournament and receives $10.00 - congratulations!
*** SUMMARY ***
Total pot 480 | Rake 0 
Board [5c 5s As 4h 3s]
Seat 1: Mahu2021 (button) (small blind) showed [7h 8h] and lost with a pair of Fives
Seat 3: ImExxec (big blind) showed [Jc Ts] and won (480) with a pair of Fives



