PokerStars Hand #246944674561: Tournament #3668792942, $1.84+$0.16 USD Hold'em No Limit - Level I (10/20) - 2023/11/05 19:27:02 CET [2023/11/05 13:27:02 ET]
Table '3668792942 1' 3-max Seat #1 is the button
Seat 1: Mahu2021 (500 in chips) 
Seat 2: ageeee (500 in chips) 
Seat 3: freerafael (500 in chips) 
ageeee: posts small blind 10
freerafael: posts big blind 20
*** HOLE CARDS ***
Dealt to Mahu2021 [6h 5s]
Mahu2021: folds 
ageeee: raises 20 to 40
freerafael: calls 20
*** FLOP *** [3h Jc 5d]
ageeee: bets 40
freerafael: raises 60 to 100
ageeee: folds 
Uncalled bet (60) returned to freerafael
freerafael collected 160 from pot
*** SUMMARY ***
Total pot 160 | Rake 0 
Board [3h Jc 5d]
Seat 1: Mahu2021 (button) folded before Flop (didn't bet)
Seat 2: ageeee (small blind) folded on the Flop
Seat 3: freerafael (big blind) collected (160)



PokerStars Hand #246944684472: Tournament #3668792942, $1.84+$0.16 USD Hold'em No Limit - Level I (10/20) - 2023/11/05 19:27:27 CET [2023/11/05 13:27:27 ET]
Table '3668792942 1' 3-max Seat #2 is the button
Seat 1: Mahu2021 (500 in chips) 
Seat 2: ageeee (420 in chips) 
Seat 3: freerafael (580 in chips) 
freerafael: posts small blind 10
Mahu2021: posts big blind 20
*** HOLE CARDS ***
Dealt to Mahu2021 [5s 4h]
ageeee: raises 50 to 70
freerafael: folds 
Mahu2021: folds 
Uncalled bet (50) returned to ageeee
ageeee collected 50 from pot
ageeee: doesn't show hand 
*** SUMMARY ***
Total pot 50 | Rake 0 
Seat 1: Mahu2021 (big blind) folded before Flop
Seat 2: ageeee (button) collected (50)
Seat 3: freerafael (small blind) folded before Flop



PokerStars Hand #246944687437: Tournament #3668792942, $1.84+$0.16 USD Hold'em No Limit - Level I (10/20) - 2023/11/05 19:27:35 CET [2023/11/05 13:27:35 ET]
Table '3668792942 1' 3-max Seat #3 is the button
Seat 1: Mahu2021 (480 in chips) 
Seat 2: ageeee (450 in chips) 
Seat 3: freerafael (570 in chips) 
Mahu2021: posts small blind 10
ageeee: posts big blind 20
*** HOLE CARDS ***
Dealt to Mahu2021 [7d 5c]
freerafael: raises 20 to 40
Mahu2021: folds 
ageeee: raises 410 to 450 and is all-in
freerafael: folds 
Uncalled bet (410) returned to ageeee
ageeee collected 90 from pot
ageeee: doesn't show hand 
*** SUMMARY ***
Total pot 90 | Rake 0 
Seat 1: Mahu2021 (small blind) folded before Flop
Seat 2: ageeee (big blind) collected (90)
Seat 3: freerafael (button) folded before Flop



PokerStars Hand #246944692706: Tournament #3668792942, $1.84+$0.16 USD Hold'em No Limit - Level I (10/20) - 2023/11/05 19:27:48 CET [2023/11/05 13:27:48 ET]
Table '3668792942 1' 3-max Seat #1 is the button
Seat 1: Mahu2021 (470 in chips) 
Seat 2: ageeee (500 in chips) 
Seat 3: freerafael (530 in chips) 
ageeee: posts small blind 10
freerafael: posts big blind 20
*** HOLE CARDS ***
Dealt to Mahu2021 [3s As]
Mahu2021: calls 20
ageeee: folds 
freerafael: checks 
*** FLOP *** [8c Td 8d]
freerafael: bets 20
Mahu2021: calls 20
*** TURN *** [8c Td 8d] [6s]
freerafael: bets 20
Mahu2021: calls 20
*** RIVER *** [8c Td 8d 6s] [9c]
freerafael: checks 
Mahu2021: bets 60
freerafael: folds 
Uncalled bet (60) returned to Mahu2021
Mahu2021 collected 130 from pot
Mahu2021: doesn't show hand 
*** SUMMARY ***
Total pot 130 | Rake 0 
Board [8c Td 8d 6s 9c]
Seat 1: Mahu2021 (button) collected (130)
Seat 2: ageeee (small blind) folded before Flop
Seat 3: freerafael (big blind) folded on the River



PokerStars Hand #246944699350: Tournament #3668792942, $1.84+$0.16 USD Hold'em No Limit - Level I (10/20) - 2023/11/05 19:28:06 CET [2023/11/05 13:28:06 ET]
Table '3668792942 1' 3-max Seat #2 is the button
Seat 1: Mahu2021 (540 in chips) 
Seat 2: ageeee (490 in chips) 
Seat 3: freerafael (470 in chips) 
freerafael: posts small blind 10
Mahu2021: posts big blind 20
*** HOLE CARDS ***
Dealt to Mahu2021 [Ad Qs]
ageeee: folds 
freerafael: raises 40 to 60
Mahu2021: raises 480 to 540 and is all-in
freerafael: folds 
Uncalled bet (480) returned to Mahu2021
Mahu2021 collected 120 from pot
Mahu2021: doesn't show hand 
*** SUMMARY ***
Total pot 120 | Rake 0 
Seat 1: Mahu2021 (big blind) collected (120)
Seat 2: ageeee (button) folded before Flop (didn't bet)
Seat 3: freerafael (small blind) folded before Flop



PokerStars Hand #246944702350: Tournament #3668792942, $1.84+$0.16 USD Hold'em No Limit - Level I (10/20) - 2023/11/05 19:28:13 CET [2023/11/05 13:28:13 ET]
Table '3668792942 1' 3-max Seat #3 is the button
Seat 1: Mahu2021 (600 in chips) 
Seat 2: ageeee (490 in chips) 
Seat 3: freerafael (410 in chips) 
Mahu2021: posts small blind 10
ageeee: posts big blind 20
*** HOLE CARDS ***
Dealt to Mahu2021 [9d 8h]
freerafael: raises 20 to 40
Mahu2021: folds 
ageeee: folds 
Uncalled bet (20) returned to freerafael
freerafael collected 50 from pot
*** SUMMARY ***
Total pot 50 | Rake 0 
Seat 1: Mahu2021 (small blind) folded before Flop
Seat 2: ageeee (big blind) folded before Flop
Seat 3: freerafael (button) collected (50)



PokerStars Hand #246944706980: Tournament #3668792942, $1.84+$0.16 USD Hold'em No Limit - Level I (10/20) - 2023/11/05 19:28:25 CET [2023/11/05 13:28:25 ET]
Table '3668792942 1' 3-max Seat #1 is the button
Seat 1: Mahu2021 (590 in chips) 
Seat 2: ageeee (470 in chips) 
Seat 3: freerafael (440 in chips) 
ageeee: posts small blind 10
freerafael: posts big blind 20
*** HOLE CARDS ***
Dealt to Mahu2021 [Ts 6d]
Mahu2021: folds 
ageeee: raises 20 to 40
freerafael: raises 400 to 440 and is all-in
ageeee: folds 
Uncalled bet (400) returned to freerafael
freerafael collected 80 from pot
*** SUMMARY ***
Total pot 80 | Rake 0 
Seat 1: Mahu2021 (button) folded before Flop (didn't bet)
Seat 2: ageeee (small blind) folded before Flop
Seat 3: freerafael (big blind) collected (80)



PokerStars Hand #246944715095: Tournament #3668792942, $1.84+$0.16 USD Hold'em No Limit - Level I (10/20) - 2023/11/05 19:28:46 CET [2023/11/05 13:28:46 ET]
Table '3668792942 1' 3-max Seat #2 is the button
Seat 1: Mahu2021 (590 in chips) 
Seat 2: ageeee (430 in chips) 
Seat 3: freerafael (480 in chips) 
freerafael: posts small blind 10
Mahu2021: posts big blind 20
*** HOLE CARDS ***
Dealt to Mahu2021 [4c 4d]
ageeee: folds 
freerafael: calls 10
Mahu2021: checks 
*** FLOP *** [5d 4s Qd]
freerafael: bets 20
Mahu2021: raises 20 to 40
freerafael: calls 20
*** TURN *** [5d 4s Qd] [2h]
freerafael: bets 20
Mahu2021: raises 20 to 40
freerafael: folds 
Uncalled bet (20) returned to Mahu2021
Mahu2021 collected 160 from pot
Mahu2021: doesn't show hand 
*** SUMMARY ***
Total pot 160 | Rake 0 
Board [5d 4s Qd 2h]
Seat 1: Mahu2021 (big blind) collected (160)
Seat 2: ageeee (button) folded before Flop (didn't bet)
Seat 3: freerafael (small blind) folded on the Turn



PokerStars Hand #246944721381: Tournament #3668792942, $1.84+$0.16 USD Hold'em No Limit - Level I (10/20) - 2023/11/05 19:29:02 CET [2023/11/05 13:29:02 ET]
Table '3668792942 1' 3-max Seat #3 is the button
Seat 1: Mahu2021 (670 in chips) 
Seat 2: ageeee (430 in chips) 
Seat 3: freerafael (400 in chips) 
Mahu2021: posts small blind 10
ageeee: posts big blind 20
*** HOLE CARDS ***
Dealt to Mahu2021 [9s Qc]
freerafael: raises 20 to 40
Mahu2021: folds 
ageeee: folds 
Uncalled bet (20) returned to freerafael
freerafael collected 50 from pot
*** SUMMARY ***
Total pot 50 | Rake 0 
Seat 1: Mahu2021 (small blind) folded before Flop
Seat 2: ageeee (big blind) folded before Flop
Seat 3: freerafael (button) collected (50)



PokerStars Hand #246944725517: Tournament #3668792942, $1.84+$0.16 USD Hold'em No Limit - Level II (15/30) - 2023/11/05 19:29:13 CET [2023/11/05 13:29:13 ET]
Table '3668792942 1' 3-max Seat #1 is the button
Seat 1: Mahu2021 (660 in chips) 
Seat 2: ageeee (410 in chips) 
Seat 3: freerafael (430 in chips) 
ageeee: posts small blind 15
freerafael: posts big blind 30
*** HOLE CARDS ***
Dealt to Mahu2021 [Kc 4d]
Mahu2021: folds 
ageeee: folds 
Uncalled bet (15) returned to freerafael
freerafael collected 30 from pot
*** SUMMARY ***
Total pot 30 | Rake 0 
Seat 1: Mahu2021 (button) folded before Flop (didn't bet)
Seat 2: ageeee (small blind) folded before Flop
Seat 3: freerafael (big blind) collected (30)



PokerStars Hand #246944728656: Tournament #3668792942, $1.84+$0.16 USD Hold'em No Limit - Level II (15/30) - 2023/11/05 19:29:21 CET [2023/11/05 13:29:21 ET]
Table '3668792942 1' 3-max Seat #2 is the button
Seat 1: Mahu2021 (660 in chips) 
Seat 2: ageeee (395 in chips) 
Seat 3: freerafael (445 in chips) 
freerafael: posts small blind 15
Mahu2021: posts big blind 30
*** HOLE CARDS ***
Dealt to Mahu2021 [8d 4h]
ageeee: raises 30 to 60
freerafael: raises 30 to 90
Mahu2021: folds 
ageeee: raises 305 to 395 and is all-in
freerafael: calls 305
*** FLOP *** [2h Qs Qd]
*** TURN *** [2h Qs Qd] [Qc]
*** RIVER *** [2h Qs Qd Qc] [2s]
*** SHOW DOWN ***
freerafael: shows [Kh Ad] (a full house, Queens full of Deuces)
ageeee: shows [Td Th] (a full house, Queens full of Tens)
ageeee collected 820 from pot
*** SUMMARY ***
Total pot 820 | Rake 0 
Board [2h Qs Qd Qc 2s]
Seat 1: Mahu2021 (big blind) folded before Flop
Seat 2: ageeee (button) showed [Td Th] and won (820) with a full house, Queens full of Tens
Seat 3: freerafael (small blind) showed [Kh Ad] and lost with a full house, Queens full of Deuces



PokerStars Hand #246944743625: Tournament #3668792942, $1.84+$0.16 USD Hold'em No Limit - Level II (15/30) - 2023/11/05 19:30:00 CET [2023/11/05 13:30:00 ET]
Table '3668792942 1' 3-max Seat #3 is the button
Seat 1: Mahu2021 (630 in chips) 
Seat 2: ageeee (820 in chips) 
Seat 3: freerafael (50 in chips) 
Mahu2021: posts small blind 15
ageeee: posts big blind 30
*** HOLE CARDS ***
Dealt to Mahu2021 [9d 4d]
freerafael: raises 20 to 50 and is all-in
Mahu2021: folds 
ageeee: calls 20
*** FLOP *** [Td 8s 6c]
*** TURN *** [Td 8s 6c] [Qh]
*** RIVER *** [Td 8s 6c Qh] [Ac]
*** SHOW DOWN ***
ageeee: shows [5c Qc] (a pair of Queens)
freerafael: shows [Jh Kd] (a straight, Ten to Ace)
freerafael collected 115 from pot
*** SUMMARY ***
Total pot 115 | Rake 0 
Board [Td 8s 6c Qh Ac]
Seat 1: Mahu2021 (small blind) folded before Flop
Seat 2: ageeee (big blind) showed [5c Qc] and lost with a pair of Queens
Seat 3: freerafael (button) showed [Jh Kd] and won (115) with a straight, Ten to Ace



PokerStars Hand #246944750395: Tournament #3668792942, $1.84+$0.16 USD Hold'em No Limit - Level II (15/30) - 2023/11/05 19:30:17 CET [2023/11/05 13:30:17 ET]
Table '3668792942 1' 3-max Seat #1 is the button
Seat 1: Mahu2021 (615 in chips) 
Seat 2: ageeee (770 in chips) 
Seat 3: freerafael (115 in chips) 
ageeee: posts small blind 15
freerafael: posts big blind 30
*** HOLE CARDS ***
Dealt to Mahu2021 [9s Th]
Mahu2021: folds 
ageeee: raises 740 to 770 and is all-in
freerafael: calls 85 and is all-in
Uncalled bet (655) returned to ageeee
*** FLOP *** [Td 7h 2h]
*** TURN *** [Td 7h 2h] [9c]
*** RIVER *** [Td 7h 2h 9c] [8d]
*** SHOW DOWN ***
ageeee: shows [Tc 2d] (two pair, Tens and Deuces)
freerafael: shows [6c 5c] (a straight, Six to Ten)
freerafael collected 230 from pot
*** SUMMARY ***
Total pot 230 | Rake 0 
Board [Td 7h 2h 9c 8d]
Seat 1: Mahu2021 (button) folded before Flop (didn't bet)
Seat 2: ageeee (small blind) showed [Tc 2d] and lost with two pair, Tens and Deuces
Seat 3: freerafael (big blind) showed [6c 5c] and won (230) with a straight, Six to Ten



PokerStars Hand #246944760080: Tournament #3668792942, $1.84+$0.16 USD Hold'em No Limit - Level II (15/30) - 2023/11/05 19:30:42 CET [2023/11/05 13:30:42 ET]
Table '3668792942 1' 3-max Seat #2 is the button
Seat 1: Mahu2021 (615 in chips) 
Seat 2: ageeee (655 in chips) 
Seat 3: freerafael (230 in chips) 
freerafael: posts small blind 15
Mahu2021: posts big blind 30
*** HOLE CARDS ***
Dealt to Mahu2021 [4c Qd]
ageeee: folds 
freerafael: folds 
Uncalled bet (15) returned to Mahu2021
Mahu2021 collected 30 from pot
Mahu2021: doesn't show hand 
*** SUMMARY ***
Total pot 30 | Rake 0 
Seat 1: Mahu2021 (big blind) collected (30)
Seat 2: ageeee (button) folded before Flop (didn't bet)
Seat 3: freerafael (small blind) folded before Flop



PokerStars Hand #246944762672: Tournament #3668792942, $1.84+$0.16 USD Hold'em No Limit - Level II (15/30) - 2023/11/05 19:30:49 CET [2023/11/05 13:30:49 ET]
Table '3668792942 1' 3-max Seat #3 is the button
Seat 1: Mahu2021 (630 in chips) 
Seat 2: ageeee (655 in chips) 
Seat 3: freerafael (215 in chips) 
Mahu2021: posts small blind 15
ageeee: posts big blind 30
*** HOLE CARDS ***
Dealt to Mahu2021 [4d Th]
freerafael: raises 30 to 60
Mahu2021: folds 
ageeee: raises 90 to 150
freerafael: raises 65 to 215 and is all-in
ageeee: calls 65
*** FLOP *** [Ts Qd As]
*** TURN *** [Ts Qd As] [Tc]
*** RIVER *** [Ts Qd As Tc] [9c]
*** SHOW DOWN ***
ageeee: shows [Kh Kc] (two pair, Kings and Tens)
freerafael: shows [Jc 7c] (a pair of Tens)
ageeee collected 445 from pot
freerafael finished the tournament in 3rd place
*** SUMMARY ***
Total pot 445 | Rake 0 
Board [Ts Qd As Tc 9c]
Seat 1: Mahu2021 (small blind) folded before Flop
Seat 2: ageeee (big blind) showed [Kh Kc] and won (445) with two pair, Kings and Tens
Seat 3: freerafael (button) showed [Jc 7c] and lost with a pair of Tens



PokerStars Hand #246944770289: Tournament #3668792942, $1.84+$0.16 USD Hold'em No Limit - Level III (20/40) - 2023/11/05 19:31:08 CET [2023/11/05 13:31:08 ET]
Table '3668792942 1' 3-max Seat #2 is the button
Seat 1: Mahu2021 (615 in chips) 
Seat 2: ageeee (885 in chips) 
ageeee: posts small blind 20
Mahu2021: posts big blind 40
*** HOLE CARDS ***
Dealt to Mahu2021 [Ad 2c]
ageeee: raises 40 to 80
Mahu2021: calls 40
*** FLOP *** [Js Qs Ac]
Mahu2021: checks 
ageeee: bets 80
Mahu2021: raises 455 to 535 and is all-in
ageeee: folds 
Uncalled bet (455) returned to Mahu2021
Mahu2021 collected 320 from pot
Mahu2021: doesn't show hand 
*** SUMMARY ***
Total pot 320 | Rake 0 
Board [Js Qs Ac]
Seat 1: Mahu2021 (big blind) collected (320)
Seat 2: ageeee (button) (small blind) folded on the Flop



PokerStars Hand #246944776273: Tournament #3668792942, $1.84+$0.16 USD Hold'em No Limit - Level III (20/40) - 2023/11/05 19:31:24 CET [2023/11/05 13:31:24 ET]
Table '3668792942 1' 3-max Seat #1 is the button
Seat 1: Mahu2021 (775 in chips) 
Seat 2: ageeee (725 in chips) 
Mahu2021: posts small blind 20
ageeee: posts big blind 40
*** HOLE CARDS ***
Dealt to Mahu2021 [8c Qd]
Mahu2021: calls 20
ageeee: raises 685 to 725 and is all-in
Mahu2021: folds 
Uncalled bet (685) returned to ageeee
ageeee collected 80 from pot
ageeee: doesn't show hand 
*** SUMMARY ***
Total pot 80 | Rake 0 
Seat 1: Mahu2021 (button) (small blind) folded before Flop
Seat 2: ageeee (big blind) collected (80)



PokerStars Hand #246944779337: Tournament #3668792942, $1.84+$0.16 USD Hold'em No Limit - Level III (20/40) - 2023/11/05 19:31:32 CET [2023/11/05 13:31:32 ET]
Table '3668792942 1' 3-max Seat #2 is the button
Seat 1: Mahu2021 (735 in chips) 
Seat 2: ageeee (765 in chips) 
ageeee: posts small blind 20
Mahu2021: posts big blind 40
*** HOLE CARDS ***
Dealt to Mahu2021 [3h 8s]
ageeee: raises 40 to 80
Mahu2021: folds 
Uncalled bet (40) returned to ageeee
ageeee collected 80 from pot
ageeee: doesn't show hand 
*** SUMMARY ***
Total pot 80 | Rake 0 
Seat 1: Mahu2021 (big blind) folded before Flop
Seat 2: ageeee (button) (small blind) collected (80)



PokerStars Hand #246944783301: Tournament #3668792942, $1.84+$0.16 USD Hold'em No Limit - Level III (20/40) - 2023/11/05 19:31:42 CET [2023/11/05 13:31:42 ET]
Table '3668792942 1' 3-max Seat #1 is the button
Seat 1: Mahu2021 (695 in chips) 
Seat 2: ageeee (805 in chips) 
Mahu2021: posts small blind 20
ageeee: posts big blind 40
*** HOLE CARDS ***
Dealt to Mahu2021 [9d 5d]
Mahu2021: calls 20
ageeee: raises 120 to 160
Mahu2021: folds 
Uncalled bet (120) returned to ageeee
ageeee collected 80 from pot
ageeee: doesn't show hand 
*** SUMMARY ***
Total pot 80 | Rake 0 
Seat 1: Mahu2021 (button) (small blind) folded before Flop
Seat 2: ageeee (big blind) collected (80)



PokerStars Hand #246944787075: Tournament #3668792942, $1.84+$0.16 USD Hold'em No Limit - Level III (20/40) - 2023/11/05 19:31:51 CET [2023/11/05 13:31:51 ET]
Table '3668792942 1' 3-max Seat #2 is the button
Seat 1: Mahu2021 (655 in chips) 
Seat 2: ageeee (845 in chips) 
ageeee: posts small blind 20
Mahu2021: posts big blind 40
*** HOLE CARDS ***
Dealt to Mahu2021 [4c Kh]
ageeee: raises 40 to 80
Mahu2021: calls 40
*** FLOP *** [2c Ts 3s]
Mahu2021: checks 
ageeee: bets 80
Mahu2021: folds 
Uncalled bet (80) returned to ageeee
ageeee collected 160 from pot
ageeee: doesn't show hand 
*** SUMMARY ***
Total pot 160 | Rake 0 
Board [2c Ts 3s]
Seat 1: Mahu2021 (big blind) folded on the Flop
Seat 2: ageeee (button) (small blind) collected (160)



PokerStars Hand #246944791647: Tournament #3668792942, $1.84+$0.16 USD Hold'em No Limit - Level III (20/40) - 2023/11/05 19:32:03 CET [2023/11/05 13:32:03 ET]
Table '3668792942 1' 3-max Seat #1 is the button
Seat 1: Mahu2021 (575 in chips) 
Seat 2: ageeee (925 in chips) 
Mahu2021: posts small blind 20
ageeee: posts big blind 40
*** HOLE CARDS ***
Dealt to Mahu2021 [8s 9s]
Mahu2021: raises 80 to 120
ageeee: folds 
Uncalled bet (80) returned to Mahu2021
Mahu2021 collected 80 from pot
Mahu2021: doesn't show hand 
*** SUMMARY ***
Total pot 80 | Rake 0 
Seat 1: Mahu2021 (button) (small blind) collected (80)
Seat 2: ageeee (big blind) folded before Flop



PokerStars Hand #246944794179: Tournament #3668792942, $1.84+$0.16 USD Hold'em No Limit - Level III (20/40) - 2023/11/05 19:32:10 CET [2023/11/05 13:32:10 ET]
Table '3668792942 1' 3-max Seat #2 is the button
Seat 1: Mahu2021 (615 in chips) 
Seat 2: ageeee (885 in chips) 
ageeee: posts small blind 20
Mahu2021: posts big blind 40
*** HOLE CARDS ***
Dealt to Mahu2021 [5d 5s]
ageeee: raises 40 to 80
Mahu2021: raises 535 to 615 and is all-in
ageeee: folds 
Uncalled bet (535) returned to Mahu2021
Mahu2021 collected 160 from pot
Mahu2021: doesn't show hand 
*** SUMMARY ***
Total pot 160 | Rake 0 
Seat 1: Mahu2021 (big blind) collected (160)
Seat 2: ageeee (button) (small blind) folded before Flop



PokerStars Hand #246944797532: Tournament #3668792942, $1.84+$0.16 USD Hold'em No Limit - Level III (20/40) - 2023/11/05 19:32:19 CET [2023/11/05 13:32:19 ET]
Table '3668792942 1' 3-max Seat #1 is the button
Seat 1: Mahu2021 (695 in chips) 
Seat 2: ageeee (805 in chips) 
Mahu2021: posts small blind 20
ageeee: posts big blind 40
*** HOLE CARDS ***
Dealt to Mahu2021 [Jh 7c]
Mahu2021: raises 40 to 80
ageeee: raises 725 to 805 and is all-in
Mahu2021: folds 
Uncalled bet (725) returned to ageeee
ageeee collected 160 from pot
ageeee: doesn't show hand 
*** SUMMARY ***
Total pot 160 | Rake 0 
Seat 1: Mahu2021 (button) (small blind) folded before Flop
Seat 2: ageeee (big blind) collected (160)



PokerStars Hand #246944800935: Tournament #3668792942, $1.84+$0.16 USD Hold'em No Limit - Level III (20/40) - 2023/11/05 19:32:27 CET [2023/11/05 13:32:27 ET]
Table '3668792942 1' 3-max Seat #2 is the button
Seat 1: Mahu2021 (615 in chips) 
Seat 2: ageeee (885 in chips) 
ageeee: posts small blind 20
Mahu2021: posts big blind 40
*** HOLE CARDS ***
Dealt to Mahu2021 [8d Js]
ageeee: raises 40 to 80
Mahu2021: calls 40
*** FLOP *** [3h 4d 2c]
Mahu2021: checks 
ageeee: bets 160
Mahu2021: folds 
Uncalled bet (160) returned to ageeee
ageeee collected 160 from pot
ageeee: doesn't show hand 
*** SUMMARY ***
Total pot 160 | Rake 0 
Board [3h 4d 2c]
Seat 1: Mahu2021 (big blind) folded on the Flop
Seat 2: ageeee (button) (small blind) collected (160)



PokerStars Hand #246944805013: Tournament #3668792942, $1.84+$0.16 USD Hold'em No Limit - Level III (20/40) - 2023/11/05 19:32:38 CET [2023/11/05 13:32:38 ET]
Table '3668792942 1' 3-max Seat #1 is the button
Seat 1: Mahu2021 (535 in chips) 
Seat 2: ageeee (965 in chips) 
Mahu2021: posts small blind 20
ageeee: posts big blind 40
*** HOLE CARDS ***
Dealt to Mahu2021 [8h 9d]
Mahu2021: folds 
Uncalled bet (20) returned to ageeee
ageeee collected 40 from pot
ageeee: doesn't show hand 
*** SUMMARY ***
Total pot 40 | Rake 0 
Seat 1: Mahu2021 (button) (small blind) folded before Flop
Seat 2: ageeee (big blind) collected (40)



PokerStars Hand #246944806738: Tournament #3668792942, $1.84+$0.16 USD Hold'em No Limit - Level III (20/40) - 2023/11/05 19:32:42 CET [2023/11/05 13:32:42 ET]
Table '3668792942 1' 3-max Seat #2 is the button
Seat 1: Mahu2021 (515 in chips) 
Seat 2: ageeee (985 in chips) 
ageeee: posts small blind 20
Mahu2021: posts big blind 40
*** HOLE CARDS ***
Dealt to Mahu2021 [4c 2c]
ageeee: folds 
Uncalled bet (20) returned to Mahu2021
Mahu2021 collected 40 from pot
Mahu2021: doesn't show hand 
*** SUMMARY ***
Total pot 40 | Rake 0 
Seat 1: Mahu2021 (big blind) collected (40)
Seat 2: ageeee (button) (small blind) folded before Flop



PokerStars Hand #246944808431: Tournament #3668792942, $1.84+$0.16 USD Hold'em No Limit - Level III (20/40) - 2023/11/05 19:32:46 CET [2023/11/05 13:32:46 ET]
Table '3668792942 1' 3-max Seat #1 is the button
Seat 1: Mahu2021 (535 in chips) 
Seat 2: ageeee (965 in chips) 
Mahu2021: posts small blind 20
ageeee: posts big blind 40
*** HOLE CARDS ***
Dealt to Mahu2021 [Td Ts]
Mahu2021: calls 20
ageeee: checks 
*** FLOP *** [9c 5h 2s]
ageeee: checks 
Mahu2021: bets 80
ageeee: raises 845 to 925 and is all-in
Mahu2021: calls 415 and is all-in
Uncalled bet (430) returned to ageeee
*** TURN *** [9c 5h 2s] [As]
*** RIVER *** [9c 5h 2s As] [Qc]
*** SHOW DOWN ***
ageeee: shows [2h 9s] (two pair, Nines and Deuces)
Mahu2021: shows [Td Ts] (a pair of Tens)
ageeee collected 1070 from pot
Mahu2021 finished the tournament in 2nd place
ageeee wins the tournament and receives $4.00 - congratulations!
*** SUMMARY ***
Total pot 1070 | Rake 0 
Board [9c 5h 2s As Qc]
Seat 1: Mahu2021 (button) (small blind) showed [Td Ts] and lost with a pair of Tens
Seat 2: ageeee (big blind) showed [2h 9s] and won (1070) with two pair, Nines and Deuces



