PokerStars Zoom Hand #253789617317:  Hold'em No Limit ($0.05/$0.10) - 2024/12/10 15:26:35 CET [2024/12/10 9:26:35 ET]
Table 'Aludra' 6-max Seat #1 is the button
Seat 1: shortstackpro ($5.53 in chips) 
Seat 2: lordx777 ($10.48 in chips) 
Seat 3: Mahu2021 ($10 in chips) 
Seat 4: xbengi ($13.84 in chips) 
Seat 5: PsychoPax21 ($8.55 in chips) 
Seat 6: charlesws25 ($10 in chips) 
lordx777: posts small blind $0.05
Mahu2021: posts big blind $0.10
*** HOLE CARDS ***
Dealt to Mahu2021 [7s Js]
xbengi: folds 
PsychoPax21: folds 
charlesws25: folds 
shortstackpro: folds 
lordx777: raises $0.20 to $0.30
Mahu2021: calls $0.20
*** FLOP *** [3h 6d 4c]
lordx777: bets $0.19
Mahu2021: calls $0.19
*** TURN *** [3h 6d 4c] [Td]
lordx777: checks 
Mahu2021: checks 
*** RIVER *** [3h 6d 4c Td] [3d]
lordx777: bets $0.47
Mahu2021: folds 
Uncalled bet ($0.47) returned to lordx777
lordx777 collected $0.94 from pot
lordx777: doesn't show hand 
*** SUMMARY ***
Total pot $0.98 | Rake $0.04 
Board [3h 6d 4c Td 3d]
Seat 1: shortstackpro (button) folded before Flop (didn't bet)
Seat 2: lordx777 (small blind) collected ($0.94)
Seat 3: Mahu2021 (big blind) folded on the River
Seat 4: xbengi folded before Flop (didn't bet)
Seat 5: PsychoPax21 folded before Flop (didn't bet)
Seat 6: charlesws25 folded before Flop (didn't bet)



PokerStars Zoom Hand #253789621240:  Hold'em No Limit ($0.05/$0.10) - 2024/12/10 15:26:58 CET [2024/12/10 9:26:58 ET]
Table 'Aludra' 6-max Seat #1 is the button
Seat 1: tigerfarm ($10.45 in chips) 
Seat 2: Mahu2021 ($9.51 in chips) 
Seat 3: KRSofM ($33.91 in chips) 
Seat 4: Delpech666 ($12.77 in chips) 
Seat 5: pokking876 ($14.77 in chips) 
Seat 6: Rgilotti7 ($16.45 in chips) 
Mahu2021: posts small blind $0.05
KRSofM: posts big blind $0.10
*** HOLE CARDS ***
Dealt to Mahu2021 [Ts 5s]
Delpech666: folds 
pokking876: folds 
Rgilotti7: folds 
tigerfarm: raises $0.13 to $0.23
Mahu2021: folds 
KRSofM: folds 
Uncalled bet ($0.13) returned to tigerfarm
tigerfarm collected $0.25 from pot
tigerfarm: doesn't show hand 
*** SUMMARY ***
Total pot $0.25 | Rake $0 
Seat 1: tigerfarm (button) collected ($0.25)
Seat 2: Mahu2021 (small blind) folded before Flop
Seat 3: KRSofM (big blind) folded before Flop
Seat 4: Delpech666 folded before Flop (didn't bet)
Seat 5: pokking876 folded before Flop (didn't bet)
Seat 6: Rgilotti7 folded before Flop (didn't bet)



PokerStars Zoom Hand #253789622792:  Hold'em No Limit ($0.05/$0.10) - 2024/12/10 15:27:07 CET [2024/12/10 9:27:07 ET]
Table 'Aludra' 6-max Seat #1 is the button
Seat 1: Mahu2021 ($9.46 in chips) 
Seat 2: lordx777 ($12.73 in chips) 
Seat 3: GlebanuZZ ($15.35 in chips) 
Seat 4: Luffy V ($10 in chips) 
Seat 5: Vicktorio ($10.90 in chips) 
Seat 6: Luke2204 ($12.77 in chips) 
lordx777: posts small blind $0.05
GlebanuZZ: posts big blind $0.10
*** HOLE CARDS ***
Dealt to Mahu2021 [Qd Qc]
Luffy V: folds 
Vicktorio: raises $0.15 to $0.25
Luke2204: folds 
Mahu2021: raises $0.45 to $0.70
lordx777: folds 
GlebanuZZ: folds 
Vicktorio: calls $0.45
*** FLOP *** [5c 2d 3c]
Vicktorio: bets $0.15
Mahu2021: calls $0.15
*** TURN *** [5c 2d 3c] [9h]
Vicktorio: bets $1.15
Mahu2021: calls $1.15
*** RIVER *** [5c 2d 3c 9h] [9s]
Vicktorio: bets $2.57
Mahu2021: calls $2.57
*** SHOW DOWN ***
Vicktorio: shows [7h 6h] (a pair of Nines)
Mahu2021: shows [Qd Qc] (two pair, Queens and Nines)
Mahu2021 collected $8.87 from pot
*** SUMMARY ***
Total pot $9.29 | Rake $0.42 
Board [5c 2d 3c 9h 9s]
Seat 1: Mahu2021 (button) showed [Qd Qc] and won ($8.87) with two pair, Queens and Nines
Seat 2: lordx777 (small blind) folded before Flop
Seat 3: GlebanuZZ (big blind) folded before Flop
Seat 4: Luffy V folded before Flop (didn't bet)
Seat 5: Vicktorio showed [7h 6h] and lost with a pair of Nines
Seat 6: Luke2204 folded before Flop (didn't bet)



PokerStars Zoom Hand #253789622138:  Hold'em No Limit ($0.05/$0.10) - 2024/12/10 15:27:03 CET [2024/12/10 9:27:03 ET]
Table 'Aludra' 6-max Seat #1 is the button
Seat 1: killerita67 ($11.37 in chips) 
Seat 2: KimJaeCheol ($10.90 in chips) 
Seat 3: essa143 ($12.01 in chips) 
Seat 4: Mahu2021 ($9.46 in chips) 
Seat 5: putzkedudu ($10.03 in chips) 
Seat 6: vliegje1973 ($4.05 in chips) 
KimJaeCheol: posts small blind $0.05
essa143: posts big blind $0.10
*** HOLE CARDS ***
Dealt to Mahu2021 [6h 2d]
Mahu2021: folds 
putzkedudu: raises $0.10 to $0.20
vliegje1973: folds 
killerita67: calls $0.20
KimJaeCheol: folds 
essa143: folds 
*** FLOP *** [4s 5h Kc]
putzkedudu: checks 
killerita67: bets $0.25
putzkedudu: folds 
Uncalled bet ($0.25) returned to killerita67
killerita67 collected $0.53 from pot
killerita67: doesn't show hand 
*** SUMMARY ***
Total pot $0.55 | Rake $0.02 
Board [4s 5h Kc]
Seat 1: killerita67 (button) collected ($0.53)
Seat 2: KimJaeCheol (small blind) folded before Flop
Seat 3: essa143 (big blind) folded before Flop
Seat 4: Mahu2021 folded before Flop (didn't bet)
Seat 5: putzkedudu folded on the Flop
Seat 6: vliegje1973 folded before Flop (didn't bet)



