PokerStars Hand #242990972611: Tournament #3575190285, $0.92+$0.08 USD Hold'em No Limit - Level I (10/20) - 2023/04/09 22:06:10 CET [2023/04/09 16:06:10 ET]
Table '3575190285 1' 3-max Seat #1 is the button
Seat 1: Mahu2021 (500 in chips) 
Seat 2: n0 paura (500 in chips) 
Seat 3: twinsdad1501 (500 in chips) 
n0 paura: posts small blind 10
twinsdad1501: posts big blind 20
*** HOLE CARDS ***
Dealt to Mahu2021 [Kh 9s]
Mahu2021: calls 20
n0 paura: raises 480 to 500 and is all-in
twinsdad1501: folds 
Mahu2021: folds 
Uncalled bet (480) returned to n0 paura
n0 paura collected 60 from pot
n0 paura: doesn't show hand 
*** SUMMARY ***
Total pot 60 | Rake 0 
Seat 1: Mahu2021 (button) folded before Flop
Seat 2: n0 paura (small blind) collected (60)
Seat 3: twinsdad1501 (big blind) folded before Flop



PokerStars Hand #242990984105: Tournament #3575190285, $0.92+$0.08 USD Hold'em No Limit - Level I (10/20) - 2023/04/09 22:06:34 CET [2023/04/09 16:06:34 ET]
Table '3575190285 1' 3-max Seat #2 is the button
Seat 1: Mahu2021 (480 in chips) 
Seat 2: n0 paura (540 in chips) 
Seat 3: twinsdad1501 (480 in chips) 
twinsdad1501: posts small blind 10
Mahu2021: posts big blind 20
*** HOLE CARDS ***
Dealt to Mahu2021 [5s 9c]
n0 paura: raises 20 to 40
twinsdad1501: calls 30
Mahu2021: calls 20
*** FLOP *** [Td 7c 2c]
twinsdad1501: bets 60
Mahu2021: folds 
n0 paura: raises 440 to 500 and is all-in
twinsdad1501: folds 
Uncalled bet (440) returned to n0 paura
n0 paura collected 240 from pot
n0 paura: doesn't show hand 
*** SUMMARY ***
Total pot 240 | Rake 0 
Board [Td 7c 2c]
Seat 1: Mahu2021 (big blind) folded on the Flop
Seat 2: n0 paura (button) collected (240)
Seat 3: twinsdad1501 (small blind) folded on the Flop



PokerStars Hand #242990997390: Tournament #3575190285, $0.92+$0.08 USD Hold'em No Limit - Level I (10/20) - 2023/04/09 22:07:01 CET [2023/04/09 16:07:01 ET]
Table '3575190285 1' 3-max Seat #3 is the button
Seat 1: Mahu2021 (440 in chips) 
Seat 2: n0 paura (680 in chips) 
Seat 3: twinsdad1501 (380 in chips) 
Mahu2021: posts small blind 10
n0 paura: posts big blind 20
*** HOLE CARDS ***
Dealt to Mahu2021 [7h Ks]
twinsdad1501: calls 20
Mahu2021: calls 10
n0 paura: checks 
*** FLOP *** [2s 8c Js]
Mahu2021: bets 20
n0 paura: calls 20
twinsdad1501: calls 20
*** TURN *** [2s 8c Js] [3s]
Mahu2021: bets 120
n0 paura: folds 
twinsdad1501: calls 120
*** RIVER *** [2s 8c Js 3s] [6c]
Mahu2021: bets 280 and is all-in
twinsdad1501: folds 
Uncalled bet (280) returned to Mahu2021
Mahu2021 collected 360 from pot
Mahu2021: doesn't show hand 
*** SUMMARY ***
Total pot 360 | Rake 0 
Board [2s 8c Js 3s 6c]
Seat 1: Mahu2021 (small blind) collected (360)
Seat 2: n0 paura (big blind) folded on the Turn
Seat 3: twinsdad1501 (button) folded on the River



PokerStars Hand #242991016930: Tournament #3575190285, $0.92+$0.08 USD Hold'em No Limit - Level I (10/20) - 2023/04/09 22:07:42 CET [2023/04/09 16:07:42 ET]
Table '3575190285 1' 3-max Seat #1 is the button
Seat 1: Mahu2021 (640 in chips) 
Seat 2: n0 paura (640 in chips) 
Seat 3: twinsdad1501 (220 in chips) 
n0 paura: posts small blind 10
twinsdad1501: posts big blind 20
*** HOLE CARDS ***
Dealt to Mahu2021 [2d 7s]
Mahu2021: folds 
n0 paura: raises 620 to 640 and is all-in
twinsdad1501: calls 200 and is all-in
Uncalled bet (420) returned to n0 paura
*** FLOP *** [9c 5d Td]
*** TURN *** [9c 5d Td] [As]
*** RIVER *** [9c 5d Td As] [Ks]
*** SHOW DOWN ***
n0 paura: shows [6h 6d] (a pair of Sixes)
twinsdad1501: shows [4c Kc] (a pair of Kings)
twinsdad1501 collected 440 from pot
*** SUMMARY ***
Total pot 440 | Rake 0 
Board [9c 5d Td As Ks]
Seat 1: Mahu2021 (button) folded before Flop (didn't bet)
Seat 2: n0 paura (small blind) showed [6h 6d] and lost with a pair of Sixes
Seat 3: twinsdad1501 (big blind) showed [4c Kc] and won (440) with a pair of Kings



PokerStars Hand #242991024004: Tournament #3575190285, $0.92+$0.08 USD Hold'em No Limit - Level I (10/20) - 2023/04/09 22:07:57 CET [2023/04/09 16:07:57 ET]
Table '3575190285 1' 3-max Seat #2 is the button
Seat 1: Mahu2021 (640 in chips) 
Seat 2: n0 paura (420 in chips) 
Seat 3: twinsdad1501 (440 in chips) 
twinsdad1501: posts small blind 10
Mahu2021: posts big blind 20
*** HOLE CARDS ***
Dealt to Mahu2021 [2c 4h]
n0 paura: folds 
twinsdad1501: calls 10
Mahu2021: checks 
*** FLOP *** [Ac Kh 5d]
twinsdad1501: bets 20
Mahu2021: calls 20
*** TURN *** [Ac Kh 5d] [Ad]
twinsdad1501: bets 20
Mahu2021: calls 20
*** RIVER *** [Ac Kh 5d Ad] [Tc]
twinsdad1501: bets 20
Mahu2021: folds 
Uncalled bet (20) returned to twinsdad1501
twinsdad1501 collected 120 from pot
*** SUMMARY ***
Total pot 120 | Rake 0 
Board [Ac Kh 5d Ad Tc]
Seat 1: Mahu2021 (big blind) folded on the River
Seat 2: n0 paura (button) folded before Flop (didn't bet)
Seat 3: twinsdad1501 (small blind) collected (120)



PokerStars Hand #242991036610: Tournament #3575190285, $0.92+$0.08 USD Hold'em No Limit - Level II (15/30) - 2023/04/09 22:08:24 CET [2023/04/09 16:08:24 ET]
Table '3575190285 1' 3-max Seat #3 is the button
Seat 1: Mahu2021 (580 in chips) 
Seat 2: n0 paura (420 in chips) 
Seat 3: twinsdad1501 (500 in chips) 
Mahu2021: posts small blind 15
n0 paura: posts big blind 30
*** HOLE CARDS ***
Dealt to Mahu2021 [2s 4d]
twinsdad1501: calls 30
Mahu2021: folds 
n0 paura: raises 390 to 420 and is all-in
twinsdad1501: calls 390
*** FLOP *** [9d 3d Jd]
*** TURN *** [9d 3d Jd] [8s]
*** RIVER *** [9d 3d Jd 8s] [9c]
*** SHOW DOWN ***
n0 paura: shows [Th Ac] (a pair of Nines)
twinsdad1501: shows [Qh Ks] (a pair of Nines - lower kicker)
n0 paura collected 855 from pot
*** SUMMARY ***
Total pot 855 | Rake 0 
Board [9d 3d Jd 8s 9c]
Seat 1: Mahu2021 (small blind) folded before Flop
Seat 2: n0 paura (big blind) showed [Th Ac] and won (855) with a pair of Nines
Seat 3: twinsdad1501 (button) showed [Qh Ks] and lost with a pair of Nines



PokerStars Hand #242991044613: Tournament #3575190285, $0.92+$0.08 USD Hold'em No Limit - Level II (15/30) - 2023/04/09 22:08:40 CET [2023/04/09 16:08:40 ET]
Table '3575190285 1' 3-max Seat #1 is the button
Seat 1: Mahu2021 (565 in chips) 
Seat 2: n0 paura (855 in chips) 
Seat 3: twinsdad1501 (80 in chips) 
n0 paura: posts small blind 15
twinsdad1501: posts big blind 30
*** HOLE CARDS ***
Dealt to Mahu2021 [9s 3s]
Mahu2021: folds 
n0 paura: raises 825 to 855 and is all-in
twinsdad1501: calls 50 and is all-in
Uncalled bet (775) returned to n0 paura
*** FLOP *** [7h 9c 2c]
*** TURN *** [7h 9c 2c] [2h]
*** RIVER *** [7h 9c 2c 2h] [4c]
*** SHOW DOWN ***
n0 paura: shows [Ah 7d] (two pair, Sevens and Deuces)
twinsdad1501: shows [Qc 6d] (a pair of Deuces)
n0 paura collected 160 from pot
twinsdad1501 finished the tournament in 3rd place
*** SUMMARY ***
Total pot 160 | Rake 0 
Board [7h 9c 2c 2h 4c]
Seat 1: Mahu2021 (button) folded before Flop (didn't bet)
Seat 2: n0 paura (small blind) showed [Ah 7d] and won (160) with two pair, Sevens and Deuces
Seat 3: twinsdad1501 (big blind) showed [Qc 6d] and lost with a pair of Deuces



PokerStars Hand #242991060458: Tournament #3575190285, $0.92+$0.08 USD Hold'em No Limit - Level II (15/30) - 2023/04/09 22:09:14 CET [2023/04/09 16:09:14 ET]
Table '3575190285 1' 3-max Seat #2 is the button
Seat 1: Mahu2021 (565 in chips) 
Seat 2: n0 paura (935 in chips) 
n0 paura: posts small blind 15
Mahu2021: posts big blind 30
*** HOLE CARDS ***
Dealt to Mahu2021 [6s Tc]
n0 paura: folds 
Uncalled bet (15) returned to Mahu2021
Mahu2021 collected 30 from pot
Mahu2021: doesn't show hand 
*** SUMMARY ***
Total pot 30 | Rake 0 
Seat 1: Mahu2021 (big blind) collected (30)
Seat 2: n0 paura (button) (small blind) folded before Flop



PokerStars Hand #242991062332: Tournament #3575190285, $0.92+$0.08 USD Hold'em No Limit - Level II (15/30) - 2023/04/09 22:09:18 CET [2023/04/09 16:09:18 ET]
Table '3575190285 1' 3-max Seat #1 is the button
Seat 1: Mahu2021 (580 in chips) 
Seat 2: n0 paura (920 in chips) 
Mahu2021: posts small blind 15
n0 paura: posts big blind 30
*** HOLE CARDS ***
Dealt to Mahu2021 [Qs Qh]
Mahu2021: calls 15
n0 paura: raises 890 to 920 and is all-in
Mahu2021: calls 550 and is all-in
Uncalled bet (340) returned to n0 paura
*** FLOP *** [6c 9s 9d]
*** TURN *** [6c 9s 9d] [Qd]
*** RIVER *** [6c 9s 9d Qd] [7h]
*** SHOW DOWN ***
n0 paura: shows [Ac 6s] (two pair, Nines and Sixes)
Mahu2021: shows [Qs Qh] (a full house, Queens full of Nines)
Mahu2021 collected 1160 from pot
*** SUMMARY ***
Total pot 1160 | Rake 0 
Board [6c 9s 9d Qd 7h]
Seat 1: Mahu2021 (button) (small blind) showed [Qs Qh] and won (1160) with a full house, Queens full of Nines
Seat 2: n0 paura (big blind) showed [Ac 6s] and lost with two pair, Nines and Sixes



PokerStars Hand #242991073567: Tournament #3575190285, $0.92+$0.08 USD Hold'em No Limit - Level II (15/30) - 2023/04/09 22:09:41 CET [2023/04/09 16:09:41 ET]
Table '3575190285 1' 3-max Seat #2 is the button
Seat 1: Mahu2021 (1160 in chips) 
Seat 2: n0 paura (340 in chips) 
n0 paura: posts small blind 15
Mahu2021: posts big blind 30
*** HOLE CARDS ***
Dealt to Mahu2021 [Kh 8s]
n0 paura: raises 310 to 340 and is all-in
Mahu2021: calls 310
*** FLOP *** [As 7c Td]
*** TURN *** [As 7c Td] [4h]
*** RIVER *** [As 7c Td 4h] [Jd]
*** SHOW DOWN ***
Mahu2021: shows [Kh 8s] (high card Ace)
n0 paura: shows [Jh Tc] (two pair, Jacks and Tens)
n0 paura collected 680 from pot
*** SUMMARY ***
Total pot 680 | Rake 0 
Board [As 7c Td 4h Jd]
Seat 1: Mahu2021 (big blind) showed [Kh 8s] and lost with high card Ace
Seat 2: n0 paura (button) (small blind) showed [Jh Tc] and won (680) with two pair, Jacks and Tens



PokerStars Hand #242991082201: Tournament #3575190285, $0.92+$0.08 USD Hold'em No Limit - Level II (15/30) - 2023/04/09 22:10:00 CET [2023/04/09 16:10:00 ET]
Table '3575190285 1' 3-max Seat #1 is the button
Seat 1: Mahu2021 (820 in chips) 
Seat 2: n0 paura (680 in chips) 
Mahu2021: posts small blind 15
n0 paura: posts big blind 30
*** HOLE CARDS ***
Dealt to Mahu2021 [Ad Ts]
Mahu2021: raises 790 to 820 and is all-in
n0 paura: folds 
Uncalled bet (790) returned to Mahu2021
Mahu2021 collected 60 from pot
Mahu2021: doesn't show hand 
*** SUMMARY ***
Total pot 60 | Rake 0 
Seat 1: Mahu2021 (button) (small blind) collected (60)
Seat 2: n0 paura (big blind) folded before Flop



PokerStars Hand #242991085661: Tournament #3575190285, $0.92+$0.08 USD Hold'em No Limit - Level II (15/30) - 2023/04/09 22:10:07 CET [2023/04/09 16:10:07 ET]
Table '3575190285 1' 3-max Seat #2 is the button
Seat 1: Mahu2021 (850 in chips) 
Seat 2: n0 paura (650 in chips) 
n0 paura: posts small blind 15
Mahu2021: posts big blind 30
*** HOLE CARDS ***
Dealt to Mahu2021 [2c 3d]
n0 paura: folds 
Uncalled bet (15) returned to Mahu2021
Mahu2021 collected 30 from pot
Mahu2021: doesn't show hand 
*** SUMMARY ***
Total pot 30 | Rake 0 
Seat 1: Mahu2021 (big blind) collected (30)
Seat 2: n0 paura (button) (small blind) folded before Flop



PokerStars Hand #242991090328: Tournament #3575190285, $0.92+$0.08 USD Hold'em No Limit - Level III (20/40) - 2023/04/09 22:10:17 CET [2023/04/09 16:10:17 ET]
Table '3575190285 1' 3-max Seat #1 is the button
Seat 1: Mahu2021 (865 in chips) 
Seat 2: n0 paura (635 in chips) 
Mahu2021: posts small blind 20
n0 paura: posts big blind 40
*** HOLE CARDS ***
Dealt to Mahu2021 [6c 3s]
Mahu2021: folds 
Uncalled bet (20) returned to n0 paura
n0 paura collected 40 from pot
n0 paura: doesn't show hand 
*** SUMMARY ***
Total pot 40 | Rake 0 
Seat 1: Mahu2021 (button) (small blind) folded before Flop
Seat 2: n0 paura (big blind) collected (40)



PokerStars Hand #242991092603: Tournament #3575190285, $0.92+$0.08 USD Hold'em No Limit - Level III (20/40) - 2023/04/09 22:10:22 CET [2023/04/09 16:10:22 ET]
Table '3575190285 1' 3-max Seat #2 is the button
Seat 1: Mahu2021 (845 in chips) 
Seat 2: n0 paura (655 in chips) 
n0 paura: posts small blind 20
Mahu2021: posts big blind 40
*** HOLE CARDS ***
Dealt to Mahu2021 [8s 5d]
n0 paura: raises 615 to 655 and is all-in
Mahu2021: folds 
Uncalled bet (615) returned to n0 paura
n0 paura collected 80 from pot
n0 paura: doesn't show hand 
*** SUMMARY ***
Total pot 80 | Rake 0 
Seat 1: Mahu2021 (big blind) folded before Flop
Seat 2: n0 paura (button) (small blind) collected (80)



PokerStars Hand #242991096880: Tournament #3575190285, $0.92+$0.08 USD Hold'em No Limit - Level III (20/40) - 2023/04/09 22:10:31 CET [2023/04/09 16:10:31 ET]
Table '3575190285 1' 3-max Seat #1 is the button
Seat 1: Mahu2021 (805 in chips) 
Seat 2: n0 paura (695 in chips) 
Mahu2021: posts small blind 20
n0 paura: posts big blind 40
*** HOLE CARDS ***
Dealt to Mahu2021 [Qc 5h]
Mahu2021: calls 20
n0 paura: raises 40 to 80
Mahu2021: calls 40
*** FLOP *** [4c 2h Td]
n0 paura: checks 
Mahu2021: checks 
*** TURN *** [4c 2h Td] [7c]
n0 paura: checks 
Mahu2021: bets 160
n0 paura has timed out
n0 paura: folds 
n0 paura is sitting out
Uncalled bet (160) returned to Mahu2021
n0 paura has returned
Mahu2021 collected 160 from pot
Mahu2021: doesn't show hand 
*** SUMMARY ***
Total pot 160 | Rake 0 
Board [4c 2h Td 7c]
Seat 1: Mahu2021 (button) (small blind) collected (160)
Seat 2: n0 paura (big blind) folded on the Turn



PokerStars Hand #242991116168: Tournament #3575190285, $0.92+$0.08 USD Hold'em No Limit - Level III (20/40) - 2023/04/09 22:11:12 CET [2023/04/09 16:11:12 ET]
Table '3575190285 1' 3-max Seat #2 is the button
Seat 1: Mahu2021 (885 in chips) 
Seat 2: n0 paura (615 in chips) 
n0 paura: posts small blind 20
Mahu2021: posts big blind 40
*** HOLE CARDS ***
Dealt to Mahu2021 [Ks Kd]
n0 paura: raises 40 to 80
Mahu2021: raises 805 to 885 and is all-in
n0 paura: folds 
Uncalled bet (805) returned to Mahu2021
Mahu2021 collected 160 from pot
Mahu2021: doesn't show hand 
*** SUMMARY ***
Total pot 160 | Rake 0 
Seat 1: Mahu2021 (big blind) collected (160)
Seat 2: n0 paura (button) (small blind) folded before Flop



PokerStars Hand #242991123149: Tournament #3575190285, $0.92+$0.08 USD Hold'em No Limit - Level III (20/40) - 2023/04/09 22:11:27 CET [2023/04/09 16:11:27 ET]
Table '3575190285 1' 3-max Seat #1 is the button
Seat 1: Mahu2021 (965 in chips) 
Seat 2: n0 paura (535 in chips) 
Mahu2021: posts small blind 20
n0 paura: posts big blind 40
*** HOLE CARDS ***
Dealt to Mahu2021 [8s As]
Mahu2021: raises 925 to 965 and is all-in
n0 paura: folds 
Uncalled bet (925) returned to Mahu2021
Mahu2021 collected 80 from pot
Mahu2021: doesn't show hand 
*** SUMMARY ***
Total pot 80 | Rake 0 
Seat 1: Mahu2021 (button) (small blind) collected (80)
Seat 2: n0 paura (big blind) folded before Flop



PokerStars Hand #242991127143: Tournament #3575190285, $0.92+$0.08 USD Hold'em No Limit - Level III (20/40) - 2023/04/09 22:11:35 CET [2023/04/09 16:11:35 ET]
Table '3575190285 1' 3-max Seat #2 is the button
Seat 1: Mahu2021 (1005 in chips) 
Seat 2: n0 paura (495 in chips) 
n0 paura: posts small blind 20
Mahu2021: posts big blind 40
*** HOLE CARDS ***
Dealt to Mahu2021 [Js 6d]
n0 paura: raises 455 to 495 and is all-in
Mahu2021: folds 
Uncalled bet (455) returned to n0 paura
n0 paura collected 80 from pot
n0 paura: doesn't show hand 
*** SUMMARY ***
Total pot 80 | Rake 0 
Seat 1: Mahu2021 (big blind) folded before Flop
Seat 2: n0 paura (button) (small blind) collected (80)



PokerStars Hand #242991133882: Tournament #3575190285, $0.92+$0.08 USD Hold'em No Limit - Level III (20/40) - 2023/04/09 22:11:50 CET [2023/04/09 16:11:50 ET]
Table '3575190285 1' 3-max Seat #1 is the button
Seat 1: Mahu2021 (965 in chips) 
Seat 2: n0 paura (535 in chips) 
Mahu2021: posts small blind 20
n0 paura: posts big blind 40
*** HOLE CARDS ***
Dealt to Mahu2021 [8c Jd]
Mahu2021: calls 20
n0 paura: checks 
*** FLOP *** [8d 4h 2s]
n0 paura has timed out
n0 paura: checks 
Mahu2021: bets 80
n0 paura: folds 
Uncalled bet (80) returned to Mahu2021
Mahu2021 collected 80 from pot
Mahu2021: doesn't show hand 
*** SUMMARY ***
Total pot 80 | Rake 0 
Board [8d 4h 2s]
Seat 1: Mahu2021 (button) (small blind) collected (80)
Seat 2: n0 paura (big blind) folded on the Flop



PokerStars Hand #242991152586: Tournament #3575190285, $0.92+$0.08 USD Hold'em No Limit - Level IV (30/60) - 2023/04/09 22:12:30 CET [2023/04/09 16:12:30 ET]
Table '3575190285 1' 3-max Seat #2 is the button
Seat 1: Mahu2021 (1005 in chips) 
Seat 2: n0 paura (495 in chips) 
n0 paura: posts small blind 30
Mahu2021: posts big blind 60
*** HOLE CARDS ***
Dealt to Mahu2021 [9d 3h]
n0 paura: raises 435 to 495 and is all-in
Mahu2021: folds 
Uncalled bet (435) returned to n0 paura
n0 paura collected 120 from pot
n0 paura: doesn't show hand 
*** SUMMARY ***
Total pot 120 | Rake 0 
Seat 1: Mahu2021 (big blind) folded before Flop
Seat 2: n0 paura (button) (small blind) collected (120)



PokerStars Hand #242991155865: Tournament #3575190285, $0.92+$0.08 USD Hold'em No Limit - Level IV (30/60) - 2023/04/09 22:12:37 CET [2023/04/09 16:12:37 ET]
Table '3575190285 1' 3-max Seat #1 is the button
Seat 1: Mahu2021 (945 in chips) 
Seat 2: n0 paura (555 in chips) 
Mahu2021: posts small blind 30
n0 paura: posts big blind 60
*** HOLE CARDS ***
Dealt to Mahu2021 [7h Td]
Mahu2021: folds 
Uncalled bet (30) returned to n0 paura
n0 paura collected 60 from pot
n0 paura: doesn't show hand 
*** SUMMARY ***
Total pot 60 | Rake 0 
Seat 1: Mahu2021 (button) (small blind) folded before Flop
Seat 2: n0 paura (big blind) collected (60)



PokerStars Hand #242991158043: Tournament #3575190285, $0.92+$0.08 USD Hold'em No Limit - Level IV (30/60) - 2023/04/09 22:12:42 CET [2023/04/09 16:12:42 ET]
Table '3575190285 1' 3-max Seat #2 is the button
Seat 1: Mahu2021 (915 in chips) 
Seat 2: n0 paura (585 in chips) 
n0 paura: posts small blind 30
Mahu2021: posts big blind 60
*** HOLE CARDS ***
Dealt to Mahu2021 [4c 9c]
n0 paura: folds 
Uncalled bet (30) returned to Mahu2021
Mahu2021 collected 60 from pot
Mahu2021: doesn't show hand 
*** SUMMARY ***
Total pot 60 | Rake 0 
Seat 1: Mahu2021 (big blind) collected (60)
Seat 2: n0 paura (button) (small blind) folded before Flop



PokerStars Hand #242991161371: Tournament #3575190285, $0.92+$0.08 USD Hold'em No Limit - Level IV (30/60) - 2023/04/09 22:12:49 CET [2023/04/09 16:12:49 ET]
Table '3575190285 1' 3-max Seat #1 is the button
Seat 1: Mahu2021 (945 in chips) 
Seat 2: n0 paura (555 in chips) 
Mahu2021: posts small blind 30
n0 paura: posts big blind 60
*** HOLE CARDS ***
Dealt to Mahu2021 [2s 5d]
Mahu2021: folds 
Uncalled bet (30) returned to n0 paura
n0 paura collected 60 from pot
n0 paura: doesn't show hand 
*** SUMMARY ***
Total pot 60 | Rake 0 
Seat 1: Mahu2021 (button) (small blind) folded before Flop
Seat 2: n0 paura (big blind) collected (60)



PokerStars Hand #242991163636: Tournament #3575190285, $0.92+$0.08 USD Hold'em No Limit - Level IV (30/60) - 2023/04/09 22:12:54 CET [2023/04/09 16:12:54 ET]
Table '3575190285 1' 3-max Seat #2 is the button
Seat 1: Mahu2021 (915 in chips) 
Seat 2: n0 paura (585 in chips) 
n0 paura: posts small blind 30
Mahu2021: posts big blind 60
*** HOLE CARDS ***
Dealt to Mahu2021 [6c Jh]
n0 paura: calls 30
Mahu2021: checks 
*** FLOP *** [Kd 8c 8h]
Mahu2021: checks 
n0 paura: checks 
*** TURN *** [Kd 8c 8h] [6h]
Mahu2021: bets 60
n0 paura: folds 
Uncalled bet (60) returned to Mahu2021
Mahu2021 collected 120 from pot
Mahu2021: doesn't show hand 
*** SUMMARY ***
Total pot 120 | Rake 0 
Board [Kd 8c 8h 6h]
Seat 1: Mahu2021 (big blind) collected (120)
Seat 2: n0 paura (button) (small blind) folded on the Turn



PokerStars Hand #242991172505: Tournament #3575190285, $0.92+$0.08 USD Hold'em No Limit - Level IV (30/60) - 2023/04/09 22:13:13 CET [2023/04/09 16:13:13 ET]
Table '3575190285 1' 3-max Seat #1 is the button
Seat 1: Mahu2021 (975 in chips) 
Seat 2: n0 paura (525 in chips) 
Mahu2021: posts small blind 30
n0 paura: posts big blind 60
*** HOLE CARDS ***
Dealt to Mahu2021 [4s Ah]
Mahu2021: raises 915 to 975 and is all-in
n0 paura: calls 465 and is all-in
Uncalled bet (450) returned to Mahu2021
*** FLOP *** [4h Jh 7c]
*** TURN *** [4h Jh 7c] [Kd]
*** RIVER *** [4h Jh 7c Kd] [5d]
*** SHOW DOWN ***
n0 paura: shows [As 2d] (high card Ace)
Mahu2021: shows [4s Ah] (a pair of Fours)
Mahu2021 collected 1050 from pot
n0 paura finished the tournament in 2nd place
Mahu2021 wins the tournament and receives $2.00 - congratulations!
*** SUMMARY ***
Total pot 1050 | Rake 0 
Board [4h Jh 7c Kd 5d]
Seat 1: Mahu2021 (button) (small blind) showed [4s Ah] and won (1050) with a pair of Fours
Seat 2: n0 paura (big blind) showed [As 2d] and lost with high card Ace



