PokerStars Hand #245746658547: Tournament #3639875578, $0.92+$0.08 USD Hold'em No Limit - Level I (10/20) - 2023/09/03 13:34:43 CET [2023/09/03 7:34:43 ET]
Table '3639875578 1' 3-max Seat #1 is the button
Seat 1: Mahu2021 (500 in chips) 
Seat 2: TwoHighAAA (500 in chips) 
Seat 3: iboyo420 (500 in chips) 
TwoHighAAA: posts small blind 10
iboyo420: posts big blind 20
*** HOLE CARDS ***
Dealt to Mahu2021 [6c 9c]
Mahu2021: calls 20
TwoHighAAA: folds 
iboyo420: raises 20 to 40
Mahu2021: calls 20
*** FLOP *** [As 5d Jh]
iboyo420: checks 
Mahu2021: checks 
*** TURN *** [As 5d Jh] [3c]
iboyo420: checks 
Mahu2021: bets 40
iboyo420: folds 
Uncalled bet (40) returned to Mahu2021
Mahu2021 collected 90 from pot
Mahu2021: doesn't show hand 
*** SUMMARY ***
Total pot 90 | Rake 0 
Board [As 5d Jh 3c]
Seat 1: Mahu2021 (button) collected (90)
Seat 2: TwoHighAAA (small blind) folded before Flop
Seat 3: iboyo420 (big blind) folded on the Turn



PokerStars Hand #245746663612: Tournament #3639875578, $0.92+$0.08 USD Hold'em No Limit - Level I (10/20) - 2023/09/03 13:35:11 CET [2023/09/03 7:35:11 ET]
Table '3639875578 1' 3-max Seat #2 is the button
Seat 1: Mahu2021 (550 in chips) 
Seat 2: TwoHighAAA (490 in chips) 
Seat 3: iboyo420 (460 in chips) 
iboyo420: posts small blind 10
Mahu2021: posts big blind 20
*** HOLE CARDS ***
Dealt to Mahu2021 [5c Qc]
TwoHighAAA: raises 20 to 40
iboyo420: calls 30
Mahu2021: calls 20
*** FLOP *** [9c 7d 5d]
iboyo420: checks 
Mahu2021: checks 
TwoHighAAA: bets 60
iboyo420: folds 
Mahu2021: folds 
Uncalled bet (60) returned to TwoHighAAA
TwoHighAAA collected 120 from pot
*** SUMMARY ***
Total pot 120 | Rake 0 
Board [9c 7d 5d]
Seat 1: Mahu2021 (big blind) folded on the Flop
Seat 2: TwoHighAAA (button) collected (120)
Seat 3: iboyo420 (small blind) folded on the Flop



PokerStars Hand #245746669331: Tournament #3639875578, $0.92+$0.08 USD Hold'em No Limit - Level I (10/20) - 2023/09/03 13:35:43 CET [2023/09/03 7:35:43 ET]
Table '3639875578 1' 3-max Seat #3 is the button
Seat 1: Mahu2021 (510 in chips) 
Seat 2: TwoHighAAA (570 in chips) 
Seat 3: iboyo420 (420 in chips) 
Mahu2021: posts small blind 10
TwoHighAAA: posts big blind 20
*** HOLE CARDS ***
Dealt to Mahu2021 [9h Qs]
iboyo420: calls 20
Mahu2021: calls 10
TwoHighAAA: checks 
*** FLOP *** [8c 5s 5c]
Mahu2021: checks 
TwoHighAAA: checks 
iboyo420: checks 
*** TURN *** [8c 5s 5c] [3c]
Mahu2021: bets 20
TwoHighAAA: calls 20
iboyo420: folds 
*** RIVER *** [8c 5s 5c 3c] [Qd]
Mahu2021: bets 100
TwoHighAAA: folds 
Uncalled bet (100) returned to Mahu2021
Mahu2021 collected 100 from pot
Mahu2021: doesn't show hand 
*** SUMMARY ***
Total pot 100 | Rake 0 
Board [8c 5s 5c 3c Qd]
Seat 1: Mahu2021 (small blind) collected (100)
Seat 2: TwoHighAAA (big blind) folded on the River
Seat 3: iboyo420 (button) folded on the Turn



PokerStars Hand #245746674776: Tournament #3639875578, $0.92+$0.08 USD Hold'em No Limit - Level I (10/20) - 2023/09/03 13:36:14 CET [2023/09/03 7:36:14 ET]
Table '3639875578 1' 3-max Seat #1 is the button
Seat 1: Mahu2021 (570 in chips) 
Seat 2: TwoHighAAA (530 in chips) 
Seat 3: iboyo420 (400 in chips) 
TwoHighAAA: posts small blind 10
iboyo420: posts big blind 20
*** HOLE CARDS ***
Dealt to Mahu2021 [Ts Qc]
Mahu2021: calls 20
TwoHighAAA: folds 
iboyo420: checks 
*** FLOP *** [Jh 6d 2d]
iboyo420: bets 40
Mahu2021: folds 
Uncalled bet (40) returned to iboyo420
iboyo420 collected 50 from pot
*** SUMMARY ***
Total pot 50 | Rake 0 
Board [Jh 6d 2d]
Seat 1: Mahu2021 (button) folded on the Flop
Seat 2: TwoHighAAA (small blind) folded before Flop
Seat 3: iboyo420 (big blind) collected (50)



PokerStars Hand #245746677484: Tournament #3639875578, $0.92+$0.08 USD Hold'em No Limit - Level I (10/20) - 2023/09/03 13:36:28 CET [2023/09/03 7:36:28 ET]
Table '3639875578 1' 3-max Seat #2 is the button
Seat 1: Mahu2021 (550 in chips) 
Seat 2: TwoHighAAA (520 in chips) 
Seat 3: iboyo420 (430 in chips) 
iboyo420: posts small blind 10
Mahu2021: posts big blind 20
*** HOLE CARDS ***
Dealt to Mahu2021 [4d Qc]
TwoHighAAA: calls 20
iboyo420: calls 10
Mahu2021: checks 
*** FLOP *** [5h 9h 2s]
iboyo420: checks 
Mahu2021: checks 
TwoHighAAA: bets 60
iboyo420: calls 60
Mahu2021: folds 
*** TURN *** [5h 9h 2s] [Ad]
iboyo420: checks 
TwoHighAAA: checks 
*** RIVER *** [5h 9h 2s Ad] [5d]
iboyo420: checks 
TwoHighAAA: bets 60
iboyo420: folds 
Uncalled bet (60) returned to TwoHighAAA
TwoHighAAA collected 180 from pot
*** SUMMARY ***
Total pot 180 | Rake 0 
Board [5h 9h 2s Ad 5d]
Seat 1: Mahu2021 (big blind) folded on the Flop
Seat 2: TwoHighAAA (button) collected (180)
Seat 3: iboyo420 (small blind) folded on the River



PokerStars Hand #245746683597: Tournament #3639875578, $0.92+$0.08 USD Hold'em No Limit - Level I (10/20) - 2023/09/03 13:37:02 CET [2023/09/03 7:37:02 ET]
Table '3639875578 1' 3-max Seat #3 is the button
Seat 1: Mahu2021 (530 in chips) 
Seat 2: TwoHighAAA (620 in chips) 
Seat 3: iboyo420 (350 in chips) 
Mahu2021: posts small blind 10
TwoHighAAA: posts big blind 20
*** HOLE CARDS ***
Dealt to Mahu2021 [8s 5s]
iboyo420: folds 
Mahu2021: calls 10
TwoHighAAA: checks 
*** FLOP *** [As Jc Ah]
Mahu2021: checks 
TwoHighAAA: checks 
*** TURN *** [As Jc Ah] [4h]
Mahu2021: checks 
TwoHighAAA: checks 
*** RIVER *** [As Jc Ah 4h] [4d]
Mahu2021: checks 
TwoHighAAA: checks 
*** SHOW DOWN ***
Mahu2021: shows [8s 5s] (two pair, Aces and Fours)
TwoHighAAA: shows [7d 2h] (two pair, Aces and Fours)
Mahu2021 collected 20 from pot
TwoHighAAA collected 20 from pot
*** SUMMARY ***
Total pot 40 | Rake 0 
Board [As Jc Ah 4h 4d]
Seat 1: Mahu2021 (small blind) showed [8s 5s] and won (20) with two pair, Aces and Fours
Seat 2: TwoHighAAA (big blind) showed [7d 2h] and won (20) with two pair, Aces and Fours
Seat 3: iboyo420 (button) folded before Flop (didn't bet)



PokerStars Hand #245746686675: Tournament #3639875578, $0.92+$0.08 USD Hold'em No Limit - Level I (10/20) - 2023/09/03 13:37:19 CET [2023/09/03 7:37:19 ET]
Table '3639875578 1' 3-max Seat #1 is the button
Seat 1: Mahu2021 (530 in chips) 
Seat 2: TwoHighAAA (620 in chips) 
Seat 3: iboyo420 (350 in chips) 
TwoHighAAA: posts small blind 10
iboyo420: posts big blind 20
*** HOLE CARDS ***
Dealt to Mahu2021 [3d 5h]
Mahu2021: folds 
TwoHighAAA: calls 10
iboyo420: raises 40 to 60
TwoHighAAA: folds 
Uncalled bet (40) returned to iboyo420
iboyo420 collected 40 from pot
*** SUMMARY ***
Total pot 40 | Rake 0 
Seat 1: Mahu2021 (button) folded before Flop (didn't bet)
Seat 2: TwoHighAAA (small blind) folded before Flop
Seat 3: iboyo420 (big blind) collected (40)



PokerStars Hand #245746690271: Tournament #3639875578, $0.92+$0.08 USD Hold'em No Limit - Level I (10/20) - 2023/09/03 13:37:39 CET [2023/09/03 7:37:39 ET]
Table '3639875578 1' 3-max Seat #2 is the button
Seat 1: Mahu2021 (530 in chips) 
Seat 2: TwoHighAAA (600 in chips) 
Seat 3: iboyo420 (370 in chips) 
iboyo420: posts small blind 10
Mahu2021: posts big blind 20
*** HOLE CARDS ***
Dealt to Mahu2021 [Ac Ks]
TwoHighAAA: folds 
iboyo420: raises 40 to 60
Mahu2021: raises 120 to 180
iboyo420: calls 120
*** FLOP *** [Qd Js 5s]
iboyo420: bets 190 and is all-in
Mahu2021: calls 190
*** TURN *** [Qd Js 5s] [9s]
*** RIVER *** [Qd Js 5s 9s] [6s]
*** SHOW DOWN ***
iboyo420: shows [3c 3s] (a flush, Jack high)
Mahu2021: shows [Ac Ks] (a flush, King high)
Mahu2021 collected 740 from pot
iboyo420 finished the tournament in 3rd place
*** SUMMARY ***
Total pot 740 | Rake 0 
Board [Qd Js 5s 9s 6s]
Seat 1: Mahu2021 (big blind) showed [Ac Ks] and won (740) with a flush, King high
Seat 2: TwoHighAAA (button) folded before Flop (didn't bet)
Seat 3: iboyo420 (small blind) showed [3c 3s] and lost with a flush, Jack high



PokerStars Hand #245746695572: Tournament #3639875578, $0.92+$0.08 USD Hold'em No Limit - Level II (15/30) - 2023/09/03 13:38:09 CET [2023/09/03 7:38:09 ET]
Table '3639875578 1' 3-max Seat #1 is the button
Seat 1: Mahu2021 (900 in chips) 
Seat 2: TwoHighAAA (600 in chips) 
Mahu2021: posts small blind 15
TwoHighAAA: posts big blind 30
*** HOLE CARDS ***
Dealt to Mahu2021 [Td Th]
Mahu2021: raises 870 to 900 and is all-in
TwoHighAAA: folds 
Uncalled bet (870) returned to Mahu2021
Mahu2021 collected 60 from pot
Mahu2021: doesn't show hand 
*** SUMMARY ***
Total pot 60 | Rake 0 
Seat 1: Mahu2021 (button) (small blind) collected (60)
Seat 2: TwoHighAAA (big blind) folded before Flop



PokerStars Hand #245746697449: Tournament #3639875578, $0.92+$0.08 USD Hold'em No Limit - Level II (15/30) - 2023/09/03 13:38:19 CET [2023/09/03 7:38:19 ET]
Table '3639875578 1' 3-max Seat #2 is the button
Seat 1: Mahu2021 (930 in chips) 
Seat 2: TwoHighAAA (570 in chips) 
TwoHighAAA: posts small blind 15
Mahu2021: posts big blind 30
*** HOLE CARDS ***
Dealt to Mahu2021 [Qd 5c]
TwoHighAAA: folds 
Uncalled bet (15) returned to Mahu2021
Mahu2021 collected 30 from pot
Mahu2021: doesn't show hand 
*** SUMMARY ***
Total pot 30 | Rake 0 
Seat 1: Mahu2021 (big blind) collected (30)
Seat 2: TwoHighAAA (button) (small blind) folded before Flop



PokerStars Hand #245746698368: Tournament #3639875578, $0.92+$0.08 USD Hold'em No Limit - Level II (15/30) - 2023/09/03 13:38:24 CET [2023/09/03 7:38:24 ET]
Table '3639875578 1' 3-max Seat #1 is the button
Seat 1: Mahu2021 (945 in chips) 
Seat 2: TwoHighAAA (555 in chips) 
Mahu2021: posts small blind 15
TwoHighAAA: posts big blind 30
*** HOLE CARDS ***
Dealt to Mahu2021 [Qh 9h]
Mahu2021: calls 15
TwoHighAAA: checks 
*** FLOP *** [6h Jd 5c]
TwoHighAAA: bets 30
Mahu2021: calls 30
*** TURN *** [6h Jd 5c] [Th]
TwoHighAAA: checks 
Mahu2021: bets 120
TwoHighAAA: folds 
Uncalled bet (120) returned to Mahu2021
Mahu2021 collected 120 from pot
Mahu2021: doesn't show hand 
*** SUMMARY ***
Total pot 120 | Rake 0 
Board [6h Jd 5c Th]
Seat 1: Mahu2021 (button) (small blind) collected (120)
Seat 2: TwoHighAAA (big blind) folded on the Turn



PokerStars Hand #245746702577: Tournament #3639875578, $0.92+$0.08 USD Hold'em No Limit - Level II (15/30) - 2023/09/03 13:38:48 CET [2023/09/03 7:38:48 ET]
Table '3639875578 1' 3-max Seat #2 is the button
Seat 1: Mahu2021 (1005 in chips) 
Seat 2: TwoHighAAA (495 in chips) 
TwoHighAAA: posts small blind 15
Mahu2021: posts big blind 30
*** HOLE CARDS ***
Dealt to Mahu2021 [9d 8s]
TwoHighAAA: folds 
Uncalled bet (15) returned to Mahu2021
Mahu2021 collected 30 from pot
Mahu2021: doesn't show hand 
*** SUMMARY ***
Total pot 30 | Rake 0 
Seat 1: Mahu2021 (big blind) collected (30)
Seat 2: TwoHighAAA (button) (small blind) folded before Flop



PokerStars Hand #245746703481: Tournament #3639875578, $0.92+$0.08 USD Hold'em No Limit - Level II (15/30) - 2023/09/03 13:38:53 CET [2023/09/03 7:38:53 ET]
Table '3639875578 1' 3-max Seat #1 is the button
Seat 1: Mahu2021 (1020 in chips) 
Seat 2: TwoHighAAA (480 in chips) 
Mahu2021: posts small blind 15
TwoHighAAA: posts big blind 30
*** HOLE CARDS ***
Dealt to Mahu2021 [8h 5h]
Mahu2021: calls 15
TwoHighAAA: raises 450 to 480 and is all-in
Mahu2021: folds 
Uncalled bet (450) returned to TwoHighAAA
TwoHighAAA collected 60 from pot
*** SUMMARY ***
Total pot 60 | Rake 0 
Seat 1: Mahu2021 (button) (small blind) folded before Flop
Seat 2: TwoHighAAA (big blind) collected (60)



PokerStars Hand #245746705284: Tournament #3639875578, $0.92+$0.08 USD Hold'em No Limit - Level II (15/30) - 2023/09/03 13:39:03 CET [2023/09/03 7:39:03 ET]
Table '3639875578 1' 3-max Seat #2 is the button
Seat 1: Mahu2021 (990 in chips) 
Seat 2: TwoHighAAA (510 in chips) 
TwoHighAAA: posts small blind 15
Mahu2021: posts big blind 30
*** HOLE CARDS ***
Dealt to Mahu2021 [7h Tc]
TwoHighAAA: folds 
Uncalled bet (15) returned to Mahu2021
Mahu2021 collected 30 from pot
Mahu2021: doesn't show hand 
*** SUMMARY ***
Total pot 30 | Rake 0 
Seat 1: Mahu2021 (big blind) collected (30)
Seat 2: TwoHighAAA (button) (small blind) folded before Flop



PokerStars Hand #245746706268: Tournament #3639875578, $0.92+$0.08 USD Hold'em No Limit - Level II (15/30) - 2023/09/03 13:39:09 CET [2023/09/03 7:39:09 ET]
Table '3639875578 1' 3-max Seat #1 is the button
Seat 1: Mahu2021 (1005 in chips) 
Seat 2: TwoHighAAA (495 in chips) 
Mahu2021: posts small blind 15
TwoHighAAA: posts big blind 30
*** HOLE CARDS ***
Dealt to Mahu2021 [9h Qd]
Mahu2021: calls 15
TwoHighAAA: checks 
*** FLOP *** [Ks 7c 5h]
TwoHighAAA: checks 
Mahu2021: checks 
*** TURN *** [Ks 7c 5h] [Th]
TwoHighAAA: checks 
Mahu2021: checks 
*** RIVER *** [Ks 7c 5h Th] [Ac]
TwoHighAAA: checks 
Mahu2021: checks 
*** SHOW DOWN ***
TwoHighAAA: shows [3h Jd] (high card Ace)
Mahu2021: shows [9h Qd] (high card Ace - King+Queen kicker)
Mahu2021 collected 60 from pot
*** SUMMARY ***
Total pot 60 | Rake 0 
Board [Ks 7c 5h Th Ac]
Seat 1: Mahu2021 (button) (small blind) showed [9h Qd] and won (60) with high card Ace
Seat 2: TwoHighAAA (big blind) showed [3h Jd] and lost with high card Ace



PokerStars Hand #245746709407: Tournament #3639875578, $0.92+$0.08 USD Hold'em No Limit - Level II (15/30) - 2023/09/03 13:39:26 CET [2023/09/03 7:39:26 ET]
Table '3639875578 1' 3-max Seat #2 is the button
Seat 1: Mahu2021 (1035 in chips) 
Seat 2: TwoHighAAA (465 in chips) 
TwoHighAAA: posts small blind 15
Mahu2021: posts big blind 30
*** HOLE CARDS ***
Dealt to Mahu2021 [3c Qd]
TwoHighAAA: folds 
Uncalled bet (15) returned to Mahu2021
Mahu2021 collected 30 from pot
Mahu2021: doesn't show hand 
*** SUMMARY ***
Total pot 30 | Rake 0 
Seat 1: Mahu2021 (big blind) collected (30)
Seat 2: TwoHighAAA (button) (small blind) folded before Flop



PokerStars Hand #245746710177: Tournament #3639875578, $0.92+$0.08 USD Hold'em No Limit - Level II (15/30) - 2023/09/03 13:39:31 CET [2023/09/03 7:39:31 ET]
Table '3639875578 1' 3-max Seat #1 is the button
Seat 1: Mahu2021 (1050 in chips) 
Seat 2: TwoHighAAA (450 in chips) 
Mahu2021: posts small blind 15
TwoHighAAA: posts big blind 30
*** HOLE CARDS ***
Dealt to Mahu2021 [7d 4c]
Mahu2021: folds 
Uncalled bet (15) returned to TwoHighAAA
TwoHighAAA collected 30 from pot
*** SUMMARY ***
Total pot 30 | Rake 0 
Seat 1: Mahu2021 (button) (small blind) folded before Flop
Seat 2: TwoHighAAA (big blind) collected (30)



PokerStars Hand #245746711008: Tournament #3639875578, $0.92+$0.08 USD Hold'em No Limit - Level II (15/30) - 2023/09/03 13:39:35 CET [2023/09/03 7:39:35 ET]
Table '3639875578 1' 3-max Seat #2 is the button
Seat 1: Mahu2021 (1035 in chips) 
Seat 2: TwoHighAAA (465 in chips) 
TwoHighAAA: posts small blind 15
Mahu2021: posts big blind 30
*** HOLE CARDS ***
Dealt to Mahu2021 [9c Ah]
TwoHighAAA: raises 60 to 90
Mahu2021: calls 60
*** FLOP *** [2c Qd Js]
Mahu2021: checks 
TwoHighAAA: bets 375 and is all-in
Mahu2021: folds 
Uncalled bet (375) returned to TwoHighAAA
TwoHighAAA collected 180 from pot
*** SUMMARY ***
Total pot 180 | Rake 0 
Board [2c Qd Js]
Seat 1: Mahu2021 (big blind) folded on the Flop
Seat 2: TwoHighAAA (button) (small blind) collected (180)



PokerStars Hand #245746713696: Tournament #3639875578, $0.92+$0.08 USD Hold'em No Limit - Level II (15/30) - 2023/09/03 13:39:50 CET [2023/09/03 7:39:50 ET]
Table '3639875578 1' 3-max Seat #1 is the button
Seat 1: Mahu2021 (945 in chips) 
Seat 2: TwoHighAAA (555 in chips) 
Mahu2021: posts small blind 15
TwoHighAAA: posts big blind 30
*** HOLE CARDS ***
Dealt to Mahu2021 [9h Th]
Mahu2021: raises 30 to 60
TwoHighAAA: calls 30
*** FLOP *** [6h 2h 8h]
TwoHighAAA: checks 
Mahu2021: bets 30
TwoHighAAA: calls 30
*** TURN *** [6h 2h 8h] [5c]
TwoHighAAA: checks 
Mahu2021: bets 30
TwoHighAAA: calls 30
*** RIVER *** [6h 2h 8h 5c] [Qh]
TwoHighAAA: checks 
Mahu2021: checks 
*** SHOW DOWN ***
TwoHighAAA: shows [5h 7s] (a flush, Queen high)
Mahu2021: shows [9h Th] (a flush, Queen high - Ten higher)
Mahu2021 collected 240 from pot
*** SUMMARY ***
Total pot 240 | Rake 0 
Board [6h 2h 8h 5c Qh]
Seat 1: Mahu2021 (button) (small blind) showed [9h Th] and won (240) with a flush, Queen high
Seat 2: TwoHighAAA (big blind) showed [5h 7s] and lost with a flush, Queen high



PokerStars Hand #245746717655: Tournament #3639875578, $0.92+$0.08 USD Hold'em No Limit - Level II (15/30) - 2023/09/03 13:40:13 CET [2023/09/03 7:40:13 ET]
Table '3639875578 1' 3-max Seat #2 is the button
Seat 1: Mahu2021 (1065 in chips) 
Seat 2: TwoHighAAA (435 in chips) 
TwoHighAAA: posts small blind 15
Mahu2021: posts big blind 30
*** HOLE CARDS ***
Dealt to Mahu2021 [Tc 4h]
TwoHighAAA: raises 405 to 435 and is all-in
Mahu2021: folds 
Uncalled bet (405) returned to TwoHighAAA
TwoHighAAA collected 60 from pot
*** SUMMARY ***
Total pot 60 | Rake 0 
Seat 1: Mahu2021 (big blind) folded before Flop
Seat 2: TwoHighAAA (button) (small blind) collected (60)



PokerStars Hand #245746719014: Tournament #3639875578, $0.92+$0.08 USD Hold'em No Limit - Level II (15/30) - 2023/09/03 13:40:20 CET [2023/09/03 7:40:20 ET]
Table '3639875578 1' 3-max Seat #1 is the button
Seat 1: Mahu2021 (1035 in chips) 
Seat 2: TwoHighAAA (465 in chips) 
Mahu2021: posts small blind 15
TwoHighAAA: posts big blind 30
*** HOLE CARDS ***
Dealt to Mahu2021 [5c 5h]
Mahu2021: raises 1005 to 1035 and is all-in
TwoHighAAA: folds 
Uncalled bet (1005) returned to Mahu2021
Mahu2021 collected 60 from pot
Mahu2021: doesn't show hand 
*** SUMMARY ***
Total pot 60 | Rake 0 
Seat 1: Mahu2021 (button) (small blind) collected (60)
Seat 2: TwoHighAAA (big blind) folded before Flop



PokerStars Hand #245746720210: Tournament #3639875578, $0.92+$0.08 USD Hold'em No Limit - Level II (15/30) - 2023/09/03 13:40:27 CET [2023/09/03 7:40:27 ET]
Table '3639875578 1' 3-max Seat #2 is the button
Seat 1: Mahu2021 (1065 in chips) 
Seat 2: TwoHighAAA (435 in chips) 
TwoHighAAA: posts small blind 15
Mahu2021: posts big blind 30
*** HOLE CARDS ***
Dealt to Mahu2021 [2c 5h]
TwoHighAAA: calls 15
Mahu2021: checks 
*** FLOP *** [Ah Js Qc]
Mahu2021: checks 
TwoHighAAA: checks 
*** TURN *** [Ah Js Qc] [Ad]
Mahu2021: bets 30
TwoHighAAA: folds 
Uncalled bet (30) returned to Mahu2021
Mahu2021 collected 60 from pot
Mahu2021: doesn't show hand 
*** SUMMARY ***
Total pot 60 | Rake 0 
Board [Ah Js Qc Ad]
Seat 1: Mahu2021 (big blind) collected (60)
Seat 2: TwoHighAAA (button) (small blind) folded on the Turn



PokerStars Hand #245746722364: Tournament #3639875578, $0.92+$0.08 USD Hold'em No Limit - Level II (15/30) - 2023/09/03 13:40:39 CET [2023/09/03 7:40:39 ET]
Table '3639875578 1' 3-max Seat #1 is the button
Seat 1: Mahu2021 (1095 in chips) 
Seat 2: TwoHighAAA (405 in chips) 
Mahu2021: posts small blind 15
TwoHighAAA: posts big blind 30
*** HOLE CARDS ***
Dealt to Mahu2021 [8c 3h]
Mahu2021: folds 
Uncalled bet (15) returned to TwoHighAAA
TwoHighAAA collected 30 from pot
*** SUMMARY ***
Total pot 30 | Rake 0 
Seat 1: Mahu2021 (button) (small blind) folded before Flop
Seat 2: TwoHighAAA (big blind) collected (30)



PokerStars Hand #245746723247: Tournament #3639875578, $0.92+$0.08 USD Hold'em No Limit - Level II (15/30) - 2023/09/03 13:40:44 CET [2023/09/03 7:40:44 ET]
Table '3639875578 1' 3-max Seat #2 is the button
Seat 1: Mahu2021 (1080 in chips) 
Seat 2: TwoHighAAA (420 in chips) 
TwoHighAAA: posts small blind 15
Mahu2021: posts big blind 30
*** HOLE CARDS ***
Dealt to Mahu2021 [3d Ah]
TwoHighAAA: calls 15
Mahu2021: checks 
*** FLOP *** [Js 8s 6s]
Mahu2021: checks 
TwoHighAAA: checks 
*** TURN *** [Js 8s 6s] [8c]
Mahu2021: checks 
TwoHighAAA: bets 60
Mahu2021: folds 
Uncalled bet (60) returned to TwoHighAAA
TwoHighAAA collected 60 from pot
*** SUMMARY ***
Total pot 60 | Rake 0 
Board [Js 8s 6s 8c]
Seat 1: Mahu2021 (big blind) folded on the Turn
Seat 2: TwoHighAAA (button) (small blind) collected (60)



PokerStars Hand #245746727071: Tournament #3639875578, $0.92+$0.08 USD Hold'em No Limit - Level III (20/40) - 2023/09/03 13:41:05 CET [2023/09/03 7:41:05 ET]
Table '3639875578 1' 3-max Seat #1 is the button
Seat 1: Mahu2021 (1050 in chips) 
Seat 2: TwoHighAAA (450 in chips) 
Mahu2021: posts small blind 20
TwoHighAAA: posts big blind 40
*** HOLE CARDS ***
Dealt to Mahu2021 [Ac 3d]
Mahu2021: calls 20
TwoHighAAA: checks 
*** FLOP *** [9h 2h Jc]
TwoHighAAA: checks 
Mahu2021: bets 40
TwoHighAAA: folds 
Uncalled bet (40) returned to Mahu2021
Mahu2021 collected 80 from pot
Mahu2021: doesn't show hand 
*** SUMMARY ***
Total pot 80 | Rake 0 
Board [9h 2h Jc]
Seat 1: Mahu2021 (button) (small blind) collected (80)
Seat 2: TwoHighAAA (big blind) folded on the Flop



PokerStars Hand #245746729226: Tournament #3639875578, $0.92+$0.08 USD Hold'em No Limit - Level III (20/40) - 2023/09/03 13:41:17 CET [2023/09/03 7:41:17 ET]
Table '3639875578 1' 3-max Seat #2 is the button
Seat 1: Mahu2021 (1090 in chips) 
Seat 2: TwoHighAAA (410 in chips) 
TwoHighAAA: posts small blind 20
Mahu2021: posts big blind 40
*** HOLE CARDS ***
Dealt to Mahu2021 [8d 2d]
TwoHighAAA: folds 
Uncalled bet (20) returned to Mahu2021
Mahu2021 collected 40 from pot
Mahu2021: doesn't show hand 
*** SUMMARY ***
Total pot 40 | Rake 0 
Seat 1: Mahu2021 (big blind) collected (40)
Seat 2: TwoHighAAA (button) (small blind) folded before Flop



PokerStars Hand #245746730003: Tournament #3639875578, $0.92+$0.08 USD Hold'em No Limit - Level III (20/40) - 2023/09/03 13:41:21 CET [2023/09/03 7:41:21 ET]
Table '3639875578 1' 3-max Seat #1 is the button
Seat 1: Mahu2021 (1110 in chips) 
Seat 2: TwoHighAAA (390 in chips) 
Mahu2021: posts small blind 20
TwoHighAAA: posts big blind 40
*** HOLE CARDS ***
Dealt to Mahu2021 [Qh 7d]
Mahu2021: calls 20
TwoHighAAA: checks 
*** FLOP *** [3h 5d Qs]
TwoHighAAA: checks 
Mahu2021: bets 40
TwoHighAAA: calls 40
*** TURN *** [3h 5d Qs] [9d]
TwoHighAAA: checks 
Mahu2021: bets 40
TwoHighAAA: raises 120 to 160
Mahu2021: raises 870 to 1030 and is all-in
TwoHighAAA: calls 150 and is all-in
Uncalled bet (720) returned to Mahu2021
*** RIVER *** [3h 5d Qs 9d] [6h]
*** SHOW DOWN ***
TwoHighAAA: shows [3d Kh] (a pair of Threes)
Mahu2021: shows [Qh 7d] (a pair of Queens)
Mahu2021 collected 780 from pot
TwoHighAAA finished the tournament in 2nd place
Mahu2021 wins the tournament and receives $3.00 - congratulations!
*** SUMMARY ***
Total pot 780 | Rake 0 
Board [3h 5d Qs 9d 6h]
Seat 1: Mahu2021 (button) (small blind) showed [Qh 7d] and won (780) with a pair of Queens
Seat 2: TwoHighAAA (big blind) showed [3d Kh] and lost with a pair of Threes



