PokerStars Hand #249007285786: Tournament #3718699505, $1.84+$0.16 USD Hold'em No Limit - Level I (10/20) - 2024/02/21 14:04:16 CET [2024/02/21 8:04:16 ET]
Table '3718699505 1' 3-max Seat #1 is the button
Seat 1: Mahu2021 (500 in chips) 
Seat 2: TomPok96 (500 in chips) 
Seat 3: sebytas222 (500 in chips) 
TomPok96: posts small blind 10
sebytas222: posts big blind 20
*** HOLE CARDS ***
Dealt to Mahu2021 [Th 2s]
Mahu2021: folds 
TomPok96: raises 40 to 60
sebytas222: raises 440 to 500 and is all-in
TomPok96: calls 440 and is all-in
*** FLOP *** [Jh 6s Jd]
*** TURN *** [Jh 6s Jd] [7d]
*** RIVER *** [Jh 6s Jd 7d] [8d]
*** SHOW DOWN ***
TomPok96: shows [Ks Ad] (a pair of Jacks)
sebytas222: shows [Qh Qs] (two pair, Queens and Jacks)
sebytas222 collected 1000 from pot
TomPok96 finished the tournament in 3rd place
*** SUMMARY ***
Total pot 1000 | Rake 0 
Board [Jh 6s Jd 7d 8d]
Seat 1: Mahu2021 (button) folded before Flop (didn't bet)
Seat 2: TomPok96 (small blind) showed [Ks Ad] and lost with a pair of Jacks
Seat 3: sebytas222 (big blind) showed [Qh Qs] and won (1000) with two pair, Queens and Jacks



PokerStars Hand #249007289698: Tournament #3718699505, $1.84+$0.16 USD Hold'em No Limit - Level I (10/20) - 2024/02/21 14:04:38 CET [2024/02/21 8:04:38 ET]
Table '3718699505 1' 3-max Seat #3 is the button
Seat 1: Mahu2021 (500 in chips) 
Seat 3: sebytas222 (1000 in chips) 
sebytas222: posts small blind 10
Mahu2021: posts big blind 20
*** HOLE CARDS ***
Dealt to Mahu2021 [Ks 4s]
sebytas222: calls 10
Mahu2021: checks 
*** FLOP *** [2s Th 6s]
Mahu2021: checks 
sebytas222: bets 20
Mahu2021: calls 20
*** TURN *** [2s Th 6s] [Jd]
Mahu2021: checks 
sebytas222: bets 60
Mahu2021: calls 60
*** RIVER *** [2s Th 6s Jd] [Qh]
Mahu2021: checks 
sebytas222: checks 
*** SHOW DOWN ***
Mahu2021: shows [Ks 4s] (high card King)
sebytas222: mucks hand 
Mahu2021 collected 200 from pot
*** SUMMARY ***
Total pot 200 | Rake 0 
Board [2s Th 6s Jd Qh]
Seat 1: Mahu2021 (big blind) showed [Ks 4s] and won (200) with high card King
Seat 3: sebytas222 (button) (small blind) mucked [8s 7s]



PokerStars Hand #249007296058: Tournament #3718699505, $1.84+$0.16 USD Hold'em No Limit - Level I (10/20) - 2024/02/21 14:05:13 CET [2024/02/21 8:05:13 ET]
Table '3718699505 1' 3-max Seat #1 is the button
Seat 1: Mahu2021 (600 in chips) 
Seat 3: sebytas222 (900 in chips) 
Mahu2021: posts small blind 10
sebytas222: posts big blind 20
*** HOLE CARDS ***
Dealt to Mahu2021 [7s 4s]
Mahu2021: raises 20 to 40
sebytas222: calls 20
*** FLOP *** [2c Jh 9s]
sebytas222: checks 
Mahu2021: checks 
*** TURN *** [2c Jh 9s] [Kc]
sebytas222: checks 
Mahu2021: bets 40
sebytas222: folds 
Uncalled bet (40) returned to Mahu2021
Mahu2021 collected 80 from pot
Mahu2021: doesn't show hand 
*** SUMMARY ***
Total pot 80 | Rake 0 
Board [2c Jh 9s Kc]
Seat 1: Mahu2021 (button) (small blind) collected (80)
Seat 3: sebytas222 (big blind) folded on the Turn



PokerStars Hand #249007300200: Tournament #3718699505, $1.84+$0.16 USD Hold'em No Limit - Level I (10/20) - 2024/02/21 14:05:37 CET [2024/02/21 8:05:37 ET]
Table '3718699505 1' 3-max Seat #3 is the button
Seat 1: Mahu2021 (640 in chips) 
Seat 3: sebytas222 (860 in chips) 
sebytas222: posts small blind 10
Mahu2021: posts big blind 20
*** HOLE CARDS ***
Dealt to Mahu2021 [Kh Jc]
sebytas222: calls 10
Mahu2021: checks 
*** FLOP *** [8c 9d 2s]
Mahu2021: checks 
sebytas222: checks 
*** TURN *** [8c 9d 2s] [4h]
Mahu2021: checks 
sebytas222: checks 
*** RIVER *** [8c 9d 2s 4h] [3s]
Mahu2021: checks 
sebytas222: checks 
*** SHOW DOWN ***
Mahu2021: shows [Kh Jc] (high card King)
sebytas222: shows [7h Ac] (high card Ace)
sebytas222 collected 40 from pot
*** SUMMARY ***
Total pot 40 | Rake 0 
Board [8c 9d 2s 4h 3s]
Seat 1: Mahu2021 (big blind) showed [Kh Jc] and lost with high card King
Seat 3: sebytas222 (button) (small blind) showed [7h Ac] and won (40) with high card Ace



PokerStars Hand #249007303469: Tournament #3718699505, $1.84+$0.16 USD Hold'em No Limit - Level I (10/20) - 2024/02/21 14:05:55 CET [2024/02/21 8:05:55 ET]
Table '3718699505 1' 3-max Seat #1 is the button
Seat 1: Mahu2021 (620 in chips) 
Seat 3: sebytas222 (880 in chips) 
Mahu2021: posts small blind 10
sebytas222: posts big blind 20
*** HOLE CARDS ***
Dealt to Mahu2021 [Kc Jd]
Mahu2021: raises 20 to 40
sebytas222: folds 
Uncalled bet (20) returned to Mahu2021
Mahu2021 collected 40 from pot
Mahu2021: doesn't show hand 
*** SUMMARY ***
Total pot 40 | Rake 0 
Seat 1: Mahu2021 (button) (small blind) collected (40)
Seat 3: sebytas222 (big blind) folded before Flop



PokerStars Hand #249007304537: Tournament #3718699505, $1.84+$0.16 USD Hold'em No Limit - Level I (10/20) - 2024/02/21 14:06:01 CET [2024/02/21 8:06:01 ET]
Table '3718699505 1' 3-max Seat #3 is the button
Seat 1: Mahu2021 (640 in chips) 
Seat 3: sebytas222 (860 in chips) 
sebytas222: posts small blind 10
Mahu2021: posts big blind 20
*** HOLE CARDS ***
Dealt to Mahu2021 [8c 3c]
sebytas222: raises 20 to 40
Mahu2021: folds 
Uncalled bet (20) returned to sebytas222
sebytas222 collected 40 from pot
sebytas222: doesn't show hand 
*** SUMMARY ***
Total pot 40 | Rake 0 
Seat 1: Mahu2021 (big blind) folded before Flop
Seat 3: sebytas222 (button) (small blind) collected (40)



PokerStars Hand #249007305900: Tournament #3718699505, $1.84+$0.16 USD Hold'em No Limit - Level I (10/20) - 2024/02/21 14:06:08 CET [2024/02/21 8:06:08 ET]
Table '3718699505 1' 3-max Seat #1 is the button
Seat 1: Mahu2021 (620 in chips) 
Seat 3: sebytas222 (880 in chips) 
Mahu2021: posts small blind 10
sebytas222: posts big blind 20
*** HOLE CARDS ***
Dealt to Mahu2021 [7h Js]
Mahu2021: raises 20 to 40
sebytas222: calls 20
*** FLOP *** [Qs 5s 7d]
sebytas222: checks 
Mahu2021: bets 40
sebytas222: folds 
Uncalled bet (40) returned to Mahu2021
Mahu2021 collected 80 from pot
Mahu2021: doesn't show hand 
*** SUMMARY ***
Total pot 80 | Rake 0 
Board [Qs 5s 7d]
Seat 1: Mahu2021 (button) (small blind) collected (80)
Seat 3: sebytas222 (big blind) folded on the Flop



PokerStars Hand #249007310678: Tournament #3718699505, $1.84+$0.16 USD Hold'em No Limit - Level II (15/30) - 2024/02/21 14:06:35 CET [2024/02/21 8:06:35 ET]
Table '3718699505 1' 3-max Seat #3 is the button
Seat 1: Mahu2021 (660 in chips) 
Seat 3: sebytas222 (840 in chips) 
sebytas222: posts small blind 15
Mahu2021: posts big blind 30
*** HOLE CARDS ***
Dealt to Mahu2021 [2d 3s]
sebytas222: calls 15
Mahu2021: checks 
*** FLOP *** [7d 8h Jh]
Mahu2021: checks 
sebytas222: bets 30
Mahu2021: folds 
Uncalled bet (30) returned to sebytas222
sebytas222 collected 60 from pot
sebytas222: doesn't show hand 
*** SUMMARY ***
Total pot 60 | Rake 0 
Board [7d 8h Jh]
Seat 1: Mahu2021 (big blind) folded on the Flop
Seat 3: sebytas222 (button) (small blind) collected (60)



PokerStars Hand #249007313524: Tournament #3718699505, $1.84+$0.16 USD Hold'em No Limit - Level II (15/30) - 2024/02/21 14:06:51 CET [2024/02/21 8:06:51 ET]
Table '3718699505 1' 3-max Seat #1 is the button
Seat 1: Mahu2021 (630 in chips) 
Seat 3: sebytas222 (870 in chips) 
Mahu2021: posts small blind 15
sebytas222: posts big blind 30
*** HOLE CARDS ***
Dealt to Mahu2021 [Ts Qh]
Mahu2021: raises 30 to 60
sebytas222: raises 105 to 165
Mahu2021: calls 105
*** FLOP *** [5c 6s 2h]
sebytas222: checks 
Mahu2021: checks 
*** TURN *** [5c 6s 2h] [9h]
sebytas222: bets 165
Mahu2021: folds 
Uncalled bet (165) returned to sebytas222
sebytas222 collected 330 from pot
sebytas222: doesn't show hand 
*** SUMMARY ***
Total pot 330 | Rake 0 
Board [5c 6s 2h 9h]
Seat 1: Mahu2021 (button) (small blind) folded on the Turn
Seat 3: sebytas222 (big blind) collected (330)



PokerStars Hand #249007318009: Tournament #3718699505, $1.84+$0.16 USD Hold'em No Limit - Level II (15/30) - 2024/02/21 14:07:16 CET [2024/02/21 8:07:16 ET]
Table '3718699505 1' 3-max Seat #3 is the button
Seat 1: Mahu2021 (465 in chips) 
Seat 3: sebytas222 (1035 in chips) 
sebytas222: posts small blind 15
Mahu2021: posts big blind 30
*** HOLE CARDS ***
Dealt to Mahu2021 [4h 9c]
sebytas222: raises 1005 to 1035 and is all-in
Mahu2021: folds 
Uncalled bet (1005) returned to sebytas222
sebytas222 collected 60 from pot
sebytas222: doesn't show hand 
*** SUMMARY ***
Total pot 60 | Rake 0 
Seat 1: Mahu2021 (big blind) folded before Flop
Seat 3: sebytas222 (button) (small blind) collected (60)



PokerStars Hand #249007319132: Tournament #3718699505, $1.84+$0.16 USD Hold'em No Limit - Level II (15/30) - 2024/02/21 14:07:22 CET [2024/02/21 8:07:22 ET]
Table '3718699505 1' 3-max Seat #1 is the button
Seat 1: Mahu2021 (435 in chips) 
Seat 3: sebytas222 (1065 in chips) 
Mahu2021: posts small blind 15
sebytas222: posts big blind 30
*** HOLE CARDS ***
Dealt to Mahu2021 [5c As]
Mahu2021: raises 30 to 60
sebytas222: folds 
Uncalled bet (30) returned to Mahu2021
Mahu2021 collected 60 from pot
Mahu2021: doesn't show hand 
*** SUMMARY ***
Total pot 60 | Rake 0 
Seat 1: Mahu2021 (button) (small blind) collected (60)
Seat 3: sebytas222 (big blind) folded before Flop



PokerStars Hand #249007320486: Tournament #3718699505, $1.84+$0.16 USD Hold'em No Limit - Level II (15/30) - 2024/02/21 14:07:29 CET [2024/02/21 8:07:29 ET]
Table '3718699505 1' 3-max Seat #3 is the button
Seat 1: Mahu2021 (465 in chips) 
Seat 3: sebytas222 (1035 in chips) 
sebytas222: posts small blind 15
Mahu2021: posts big blind 30
*** HOLE CARDS ***
Dealt to Mahu2021 [Qd Js]
sebytas222: calls 15
Mahu2021: raises 90 to 120
sebytas222: folds 
Uncalled bet (90) returned to Mahu2021
Mahu2021 collected 60 from pot
Mahu2021: doesn't show hand 
*** SUMMARY ***
Total pot 60 | Rake 0 
Seat 1: Mahu2021 (big blind) collected (60)
Seat 3: sebytas222 (button) (small blind) folded before Flop



PokerStars Hand #249007322609: Tournament #3718699505, $1.84+$0.16 USD Hold'em No Limit - Level II (15/30) - 2024/02/21 14:07:41 CET [2024/02/21 8:07:41 ET]
Table '3718699505 1' 3-max Seat #1 is the button
Seat 1: Mahu2021 (495 in chips) 
Seat 3: sebytas222 (1005 in chips) 
Mahu2021: posts small blind 15
sebytas222: posts big blind 30
*** HOLE CARDS ***
Dealt to Mahu2021 [5d 5h]
Mahu2021: raises 465 to 495 and is all-in
sebytas222: folds 
Uncalled bet (465) returned to Mahu2021
Mahu2021 collected 60 from pot
Mahu2021: doesn't show hand 
*** SUMMARY ***
Total pot 60 | Rake 0 
Seat 1: Mahu2021 (button) (small blind) collected (60)
Seat 3: sebytas222 (big blind) folded before Flop



PokerStars Hand #249007323916: Tournament #3718699505, $1.84+$0.16 USD Hold'em No Limit - Level II (15/30) - 2024/02/21 14:07:48 CET [2024/02/21 8:07:48 ET]
Table '3718699505 1' 3-max Seat #3 is the button
Seat 1: Mahu2021 (525 in chips) 
Seat 3: sebytas222 (975 in chips) 
sebytas222: posts small blind 15
Mahu2021: posts big blind 30
*** HOLE CARDS ***
Dealt to Mahu2021 [2d Ks]
sebytas222: calls 15
Mahu2021: checks 
*** FLOP *** [Qh 4s Kd]
Mahu2021: checks 
sebytas222: bets 30
Mahu2021: calls 30
*** TURN *** [Qh 4s Kd] [Ts]
Mahu2021: checks 
sebytas222: checks 
*** RIVER *** [Qh 4s Kd Ts] [Kc]
Mahu2021: bets 120
sebytas222: folds 
Uncalled bet (120) returned to Mahu2021
Mahu2021 collected 120 from pot
Mahu2021: doesn't show hand 
*** SUMMARY ***
Total pot 120 | Rake 0 
Board [Qh 4s Kd Ts Kc]
Seat 1: Mahu2021 (big blind) collected (120)
Seat 3: sebytas222 (button) (small blind) folded on the River



PokerStars Hand #249007327450: Tournament #3718699505, $1.84+$0.16 USD Hold'em No Limit - Level II (15/30) - 2024/02/21 14:08:07 CET [2024/02/21 8:08:07 ET]
Table '3718699505 1' 3-max Seat #1 is the button
Seat 1: Mahu2021 (585 in chips) 
Seat 3: sebytas222 (915 in chips) 
Mahu2021: posts small blind 15
sebytas222: posts big blind 30
*** HOLE CARDS ***
Dealt to Mahu2021 [8s 7h]
Mahu2021: calls 15
sebytas222: checks 
*** FLOP *** [8d Jh 4s]
sebytas222: checks 
Mahu2021: bets 30
sebytas222: calls 30
*** TURN *** [8d Jh 4s] [5h]
sebytas222: checks 
Mahu2021: bets 120
sebytas222: calls 120
*** RIVER *** [8d Jh 4s 5h] [6s]
sebytas222: checks 
Mahu2021: bets 360
sebytas222: folds 
Uncalled bet (360) returned to Mahu2021
Mahu2021 collected 360 from pot
Mahu2021: doesn't show hand 
*** SUMMARY ***
Total pot 360 | Rake 0 
Board [8d Jh 4s 5h 6s]
Seat 1: Mahu2021 (button) (small blind) collected (360)
Seat 3: sebytas222 (big blind) folded on the River



PokerStars Hand #249007332983: Tournament #3718699505, $1.84+$0.16 USD Hold'em No Limit - Level III (20/40) - 2024/02/21 14:08:37 CET [2024/02/21 8:08:37 ET]
Table '3718699505 1' 3-max Seat #3 is the button
Seat 1: Mahu2021 (765 in chips) 
Seat 3: sebytas222 (735 in chips) 
sebytas222: posts small blind 20
Mahu2021: posts big blind 40
*** HOLE CARDS ***
Dealt to Mahu2021 [3d 9h]
sebytas222: calls 20
Mahu2021: checks 
*** FLOP *** [6h Ts 2d]
Mahu2021: checks 
sebytas222: checks 
*** TURN *** [6h Ts 2d] [4c]
Mahu2021: checks 
sebytas222: bets 40
Mahu2021: folds 
Uncalled bet (40) returned to sebytas222
sebytas222 collected 80 from pot
sebytas222: doesn't show hand 
*** SUMMARY ***
Total pot 80 | Rake 0 
Board [6h Ts 2d 4c]
Seat 1: Mahu2021 (big blind) folded on the Turn
Seat 3: sebytas222 (button) (small blind) collected (80)



PokerStars Hand #249007336077: Tournament #3718699505, $1.84+$0.16 USD Hold'em No Limit - Level III (20/40) - 2024/02/21 14:08:54 CET [2024/02/21 8:08:54 ET]
Table '3718699505 1' 3-max Seat #1 is the button
Seat 1: Mahu2021 (725 in chips) 
Seat 3: sebytas222 (775 in chips) 
Mahu2021: posts small blind 20
sebytas222: posts big blind 40
*** HOLE CARDS ***
Dealt to Mahu2021 [4s Qc]
Mahu2021: calls 20
sebytas222: checks 
*** FLOP *** [4c Jd Qs]
sebytas222: checks 
Mahu2021: bets 40
sebytas222: folds 
Uncalled bet (40) returned to Mahu2021
Mahu2021 collected 80 from pot
Mahu2021: doesn't show hand 
*** SUMMARY ***
Total pot 80 | Rake 0 
Board [4c Jd Qs]
Seat 1: Mahu2021 (button) (small blind) collected (80)
Seat 3: sebytas222 (big blind) folded on the Flop



PokerStars Hand #249007338870: Tournament #3718699505, $1.84+$0.16 USD Hold'em No Limit - Level III (20/40) - 2024/02/21 14:09:10 CET [2024/02/21 8:09:10 ET]
Table '3718699505 1' 3-max Seat #3 is the button
Seat 1: Mahu2021 (765 in chips) 
Seat 3: sebytas222 (735 in chips) 
sebytas222: posts small blind 20
Mahu2021: posts big blind 40
*** HOLE CARDS ***
Dealt to Mahu2021 [5h 9s]
sebytas222: folds 
Uncalled bet (20) returned to Mahu2021
Mahu2021 collected 40 from pot
Mahu2021: doesn't show hand 
*** SUMMARY ***
Total pot 40 | Rake 0 
Seat 1: Mahu2021 (big blind) collected (40)
Seat 3: sebytas222 (button) (small blind) folded before Flop



PokerStars Hand #249007339844: Tournament #3718699505, $1.84+$0.16 USD Hold'em No Limit - Level III (20/40) - 2024/02/21 14:09:15 CET [2024/02/21 8:09:15 ET]
Table '3718699505 1' 3-max Seat #1 is the button
Seat 1: Mahu2021 (785 in chips) 
Seat 3: sebytas222 (715 in chips) 
Mahu2021: posts small blind 20
sebytas222: posts big blind 40
*** HOLE CARDS ***
Dealt to Mahu2021 [Js 2s]
Mahu2021: raises 40 to 80
sebytas222: raises 100 to 180
Mahu2021: calls 100
*** FLOP *** [9s 5d 2d]
sebytas222: bets 180
Mahu2021: calls 180
*** TURN *** [9s 5d 2d] [6c]
sebytas222: bets 355 and is all-in
Mahu2021: calls 355
*** RIVER *** [9s 5d 2d 6c] [Ac]
*** SHOW DOWN ***
sebytas222: shows [As Ah] (three of a kind, Aces)
Mahu2021: shows [Js 2s] (a pair of Deuces)
sebytas222 collected 1430 from pot
*** SUMMARY ***
Total pot 1430 | Rake 0 
Board [9s 5d 2d 6c Ac]
Seat 1: Mahu2021 (button) (small blind) showed [Js 2s] and lost with a pair of Deuces
Seat 3: sebytas222 (big blind) showed [As Ah] and won (1430) with three of a kind, Aces



PokerStars Hand #249007344157: Tournament #3718699505, $1.84+$0.16 USD Hold'em No Limit - Level III (20/40) - 2024/02/21 14:09:39 CET [2024/02/21 8:09:39 ET]
Table '3718699505 1' 3-max Seat #3 is the button
Seat 1: Mahu2021 (70 in chips) 
Seat 3: sebytas222 (1430 in chips) 
sebytas222: posts small blind 20
Mahu2021: posts big blind 40
*** HOLE CARDS ***
Dealt to Mahu2021 [Jh Jc]
sebytas222: raises 120 to 160
Mahu2021: calls 30 and is all-in
Uncalled bet (90) returned to sebytas222
*** FLOP *** [4d Tc 2d]
*** TURN *** [4d Tc 2d] [9h]
*** RIVER *** [4d Tc 2d 9h] [Th]
*** SHOW DOWN ***
Mahu2021: shows [Jh Jc] (two pair, Jacks and Tens)
sebytas222: shows [9c Js] (two pair, Tens and Nines)
Mahu2021 collected 140 from pot
*** SUMMARY ***
Total pot 140 | Rake 0 
Board [4d Tc 2d 9h Th]
Seat 1: Mahu2021 (big blind) showed [Jh Jc] and won (140) with two pair, Jacks and Tens
Seat 3: sebytas222 (button) (small blind) showed [9c Js] and lost with two pair, Tens and Nines



PokerStars Hand #249007346481: Tournament #3718699505, $1.84+$0.16 USD Hold'em No Limit - Level III (20/40) - 2024/02/21 14:09:52 CET [2024/02/21 8:09:52 ET]
Table '3718699505 1' 3-max Seat #1 is the button
Seat 1: Mahu2021 (140 in chips) 
Seat 3: sebytas222 (1360 in chips) 
Mahu2021: posts small blind 20
sebytas222: posts big blind 40
*** HOLE CARDS ***
Dealt to Mahu2021 [8s 9h]
Mahu2021: raises 100 to 140 and is all-in
sebytas222: calls 100
*** FLOP *** [Qh Jh Jd]
*** TURN *** [Qh Jh Jd] [Td]
*** RIVER *** [Qh Jh Jd Td] [7d]
*** SHOW DOWN ***
sebytas222: shows [3c Kc] (a pair of Jacks)
Mahu2021: shows [8s 9h] (a straight, Eight to Queen)
Mahu2021 collected 280 from pot
*** SUMMARY ***
Total pot 280 | Rake 0 
Board [Qh Jh Jd Td 7d]
Seat 1: Mahu2021 (button) (small blind) showed [8s 9h] and won (280) with a straight, Eight to Queen
Seat 3: sebytas222 (big blind) showed [3c Kc] and lost with a pair of Jacks



PokerStars Hand #249007348989: Tournament #3718699505, $1.84+$0.16 USD Hold'em No Limit - Level III (20/40) - 2024/02/21 14:10:06 CET [2024/02/21 8:10:06 ET]
Table '3718699505 1' 3-max Seat #3 is the button
Seat 1: Mahu2021 (280 in chips) 
Seat 3: sebytas222 (1220 in chips) 
sebytas222: posts small blind 20
Mahu2021: posts big blind 40
*** HOLE CARDS ***
Dealt to Mahu2021 [Kh 7d]
sebytas222: calls 20
Mahu2021: raises 240 to 280 and is all-in
sebytas222: folds 
Uncalled bet (240) returned to Mahu2021
Mahu2021 collected 80 from pot
Mahu2021: doesn't show hand 
*** SUMMARY ***
Total pot 80 | Rake 0 
Seat 1: Mahu2021 (big blind) collected (80)
Seat 3: sebytas222 (button) (small blind) folded before Flop



PokerStars Hand #249007350482: Tournament #3718699505, $1.84+$0.16 USD Hold'em No Limit - Level III (20/40) - 2024/02/21 14:10:14 CET [2024/02/21 8:10:14 ET]
Table '3718699505 1' 3-max Seat #1 is the button
Seat 1: Mahu2021 (320 in chips) 
Seat 3: sebytas222 (1180 in chips) 
Mahu2021: posts small blind 20
sebytas222: posts big blind 40
*** HOLE CARDS ***
Dealt to Mahu2021 [Qh 8c]
Mahu2021: raises 280 to 320 and is all-in
sebytas222: folds 
Uncalled bet (280) returned to Mahu2021
Mahu2021 collected 80 from pot
Mahu2021: doesn't show hand 
*** SUMMARY ***
Total pot 80 | Rake 0 
Seat 1: Mahu2021 (button) (small blind) collected (80)
Seat 3: sebytas222 (big blind) folded before Flop



PokerStars Hand #249007352322: Tournament #3718699505, $1.84+$0.16 USD Hold'em No Limit - Level IV (30/60) - 2024/02/21 14:10:24 CET [2024/02/21 8:10:24 ET]
Table '3718699505 1' 3-max Seat #3 is the button
Seat 1: Mahu2021 (360 in chips) 
Seat 3: sebytas222 (1140 in chips) 
sebytas222: posts small blind 30
Mahu2021: posts big blind 60
*** HOLE CARDS ***
Dealt to Mahu2021 [Th Kd]
sebytas222: folds 
Uncalled bet (30) returned to Mahu2021
Mahu2021 collected 60 from pot
Mahu2021: doesn't show hand 
*** SUMMARY ***
Total pot 60 | Rake 0 
Seat 1: Mahu2021 (big blind) collected (60)
Seat 3: sebytas222 (button) (small blind) folded before Flop



PokerStars Hand #249007353461: Tournament #3718699505, $1.84+$0.16 USD Hold'em No Limit - Level IV (30/60) - 2024/02/21 14:10:31 CET [2024/02/21 8:10:31 ET]
Table '3718699505 1' 3-max Seat #1 is the button
Seat 1: Mahu2021 (390 in chips) 
Seat 3: sebytas222 (1110 in chips) 
Mahu2021: posts small blind 30
sebytas222: posts big blind 60
*** HOLE CARDS ***
Dealt to Mahu2021 [9d 8s]
Mahu2021: calls 30
sebytas222: raises 1050 to 1110 and is all-in
Mahu2021: folds 
Uncalled bet (1050) returned to sebytas222
sebytas222 collected 120 from pot
sebytas222: doesn't show hand 
*** SUMMARY ***
Total pot 120 | Rake 0 
Seat 1: Mahu2021 (button) (small blind) folded before Flop
Seat 3: sebytas222 (big blind) collected (120)



PokerStars Hand #249007354978: Tournament #3718699505, $1.84+$0.16 USD Hold'em No Limit - Level IV (30/60) - 2024/02/21 14:10:39 CET [2024/02/21 8:10:39 ET]
Table '3718699505 1' 3-max Seat #3 is the button
Seat 1: Mahu2021 (330 in chips) 
Seat 3: sebytas222 (1170 in chips) 
sebytas222: posts small blind 30
Mahu2021: posts big blind 60
*** HOLE CARDS ***
Dealt to Mahu2021 [Ah 5c]
sebytas222: raises 450 to 510
Mahu2021: calls 270 and is all-in
Uncalled bet (180) returned to sebytas222
*** FLOP *** [Td 8c 4h]
*** TURN *** [Td 8c 4h] [6h]
*** RIVER *** [Td 8c 4h 6h] [Js]
*** SHOW DOWN ***
Mahu2021: shows [Ah 5c] (high card Ace)
sebytas222: shows [3s Qs] (high card Queen)
Mahu2021 collected 660 from pot
*** SUMMARY ***
Total pot 660 | Rake 0 
Board [Td 8c 4h 6h Js]
Seat 1: Mahu2021 (big blind) showed [Ah 5c] and won (660) with high card Ace
Seat 3: sebytas222 (button) (small blind) showed [3s Qs] and lost with high card Queen



PokerStars Hand #249007357715: Tournament #3718699505, $1.84+$0.16 USD Hold'em No Limit - Level IV (30/60) - 2024/02/21 14:10:54 CET [2024/02/21 8:10:54 ET]
Table '3718699505 1' 3-max Seat #1 is the button
Seat 1: Mahu2021 (660 in chips) 
Seat 3: sebytas222 (840 in chips) 
Mahu2021: posts small blind 30
sebytas222: posts big blind 60
*** HOLE CARDS ***
Dealt to Mahu2021 [9h 2c]
Mahu2021: folds 
Uncalled bet (30) returned to sebytas222
sebytas222 collected 60 from pot
sebytas222: doesn't show hand 
*** SUMMARY ***
Total pot 60 | Rake 0 
Seat 1: Mahu2021 (button) (small blind) folded before Flop
Seat 3: sebytas222 (big blind) collected (60)



PokerStars Hand #249007358478: Tournament #3718699505, $1.84+$0.16 USD Hold'em No Limit - Level IV (30/60) - 2024/02/21 14:10:58 CET [2024/02/21 8:10:58 ET]
Table '3718699505 1' 3-max Seat #3 is the button
Seat 1: Mahu2021 (630 in chips) 
Seat 3: sebytas222 (870 in chips) 
sebytas222: posts small blind 30
Mahu2021: posts big blind 60
*** HOLE CARDS ***
Dealt to Mahu2021 [7h 6c]
sebytas222: raises 810 to 870 and is all-in
Mahu2021: folds 
Uncalled bet (810) returned to sebytas222
sebytas222 collected 120 from pot
sebytas222: doesn't show hand 
*** SUMMARY ***
Total pot 120 | Rake 0 
Seat 1: Mahu2021 (big blind) folded before Flop
Seat 3: sebytas222 (button) (small blind) collected (120)



PokerStars Hand #249007359668: Tournament #3718699505, $1.84+$0.16 USD Hold'em No Limit - Level IV (30/60) - 2024/02/21 14:11:05 CET [2024/02/21 8:11:05 ET]
Table '3718699505 1' 3-max Seat #1 is the button
Seat 1: Mahu2021 (570 in chips) 
Seat 3: sebytas222 (930 in chips) 
Mahu2021: posts small blind 30
sebytas222: posts big blind 60
*** HOLE CARDS ***
Dealt to Mahu2021 [6d 8s]
Mahu2021: folds 
Uncalled bet (30) returned to sebytas222
sebytas222 collected 60 from pot
sebytas222: doesn't show hand 
*** SUMMARY ***
Total pot 60 | Rake 0 
Seat 1: Mahu2021 (button) (small blind) folded before Flop
Seat 3: sebytas222 (big blind) collected (60)



PokerStars Hand #249007360450: Tournament #3718699505, $1.84+$0.16 USD Hold'em No Limit - Level IV (30/60) - 2024/02/21 14:11:09 CET [2024/02/21 8:11:09 ET]
Table '3718699505 1' 3-max Seat #3 is the button
Seat 1: Mahu2021 (540 in chips) 
Seat 3: sebytas222 (960 in chips) 
sebytas222: posts small blind 30
Mahu2021: posts big blind 60
*** HOLE CARDS ***
Dealt to Mahu2021 [Qc 6h]
sebytas222: raises 900 to 960 and is all-in
Mahu2021: folds 
Uncalled bet (900) returned to sebytas222
sebytas222 collected 120 from pot
sebytas222: doesn't show hand 
*** SUMMARY ***
Total pot 120 | Rake 0 
Seat 1: Mahu2021 (big blind) folded before Flop
Seat 3: sebytas222 (button) (small blind) collected (120)



PokerStars Hand #249007361958: Tournament #3718699505, $1.84+$0.16 USD Hold'em No Limit - Level IV (30/60) - 2024/02/21 14:11:18 CET [2024/02/21 8:11:18 ET]
Table '3718699505 1' 3-max Seat #1 is the button
Seat 1: Mahu2021 (480 in chips) 
Seat 3: sebytas222 (1020 in chips) 
Mahu2021: posts small blind 30
sebytas222: posts big blind 60
*** HOLE CARDS ***
Dealt to Mahu2021 [Jc Kc]
Mahu2021: calls 30
sebytas222: checks 
*** FLOP *** [2d Ah 9h]
sebytas222: checks 
Mahu2021: bets 60
sebytas222: calls 60
*** TURN *** [2d Ah 9h] [8s]
sebytas222: checks 
Mahu2021: checks 
*** RIVER *** [2d Ah 9h 8s] [6h]
sebytas222: checks 
Mahu2021: checks 
*** SHOW DOWN ***
sebytas222: shows [4d 9c] (a pair of Nines)
Mahu2021: mucks hand 
sebytas222 collected 240 from pot
*** SUMMARY ***
Total pot 240 | Rake 0 
Board [2d Ah 9h 8s 6h]
Seat 1: Mahu2021 (button) (small blind) mucked [Jc Kc]
Seat 3: sebytas222 (big blind) showed [4d 9c] and won (240) with a pair of Nines



PokerStars Hand #249007365979: Tournament #3718699505, $1.84+$0.16 USD Hold'em No Limit - Level IV (30/60) - 2024/02/21 14:11:40 CET [2024/02/21 8:11:40 ET]
Table '3718699505 1' 3-max Seat #3 is the button
Seat 1: Mahu2021 (360 in chips) 
Seat 3: sebytas222 (1140 in chips) 
sebytas222: posts small blind 30
Mahu2021: posts big blind 60
*** HOLE CARDS ***
Dealt to Mahu2021 [9h 6s]
sebytas222: raises 1080 to 1140 and is all-in
Mahu2021: folds 
Uncalled bet (1080) returned to sebytas222
sebytas222 collected 120 from pot
sebytas222: doesn't show hand 
*** SUMMARY ***
Total pot 120 | Rake 0 
Seat 1: Mahu2021 (big blind) folded before Flop
Seat 3: sebytas222 (button) (small blind) collected (120)



PokerStars Hand #249007367323: Tournament #3718699505, $1.84+$0.16 USD Hold'em No Limit - Level IV (30/60) - 2024/02/21 14:11:48 CET [2024/02/21 8:11:48 ET]
Table '3718699505 1' 3-max Seat #1 is the button
Seat 1: Mahu2021 (300 in chips) 
Seat 3: sebytas222 (1200 in chips) 
Mahu2021: posts small blind 30
sebytas222: posts big blind 60
*** HOLE CARDS ***
Dealt to Mahu2021 [3c Ah]
Mahu2021: calls 30
sebytas222: raises 1140 to 1200 and is all-in
Mahu2021: calls 240 and is all-in
Uncalled bet (900) returned to sebytas222
*** FLOP *** [4d Qd Jd]
*** TURN *** [4d Qd Jd] [Qh]
*** RIVER *** [4d Qd Jd Qh] [As]
*** SHOW DOWN ***
sebytas222: shows [Kh Ks] (two pair, Kings and Queens)
Mahu2021: shows [3c Ah] (two pair, Aces and Queens)
Mahu2021 collected 600 from pot
*** SUMMARY ***
Total pot 600 | Rake 0 
Board [4d Qd Jd Qh As]
Seat 1: Mahu2021 (button) (small blind) showed [3c Ah] and won (600) with two pair, Aces and Queens
Seat 3: sebytas222 (big blind) showed [Kh Ks] and lost with two pair, Kings and Queens



PokerStars Hand #249007370107: Tournament #3718699505, $1.84+$0.16 USD Hold'em No Limit - Level IV (30/60) - 2024/02/21 14:12:03 CET [2024/02/21 8:12:03 ET]
Table '3718699505 1' 3-max Seat #3 is the button
Seat 1: Mahu2021 (600 in chips) 
Seat 3: sebytas222 (900 in chips) 
sebytas222: posts small blind 30
Mahu2021: posts big blind 60
*** HOLE CARDS ***
Dealt to Mahu2021 [7s 3h]
sebytas222: calls 30
Mahu2021: checks 
*** FLOP *** [7c 7d 7h]
Mahu2021: checks 
sebytas222: checks 
*** TURN *** [7c 7d 7h] [Js]
Mahu2021: checks 
sebytas222: checks 
*** RIVER *** [7c 7d 7h Js] [8h]
Mahu2021: bets 540 and is all-in
sebytas222: folds 
Uncalled bet (540) returned to Mahu2021
Mahu2021 collected 120 from pot
Mahu2021: doesn't show hand 
*** SUMMARY ***
Total pot 120 | Rake 0 
Board [7c 7d 7h Js 8h]
Seat 1: Mahu2021 (big blind) collected (120)
Seat 3: sebytas222 (button) (small blind) folded on the River



PokerStars Hand #249007373781: Tournament #3718699505, $1.84+$0.16 USD Hold'em No Limit - Level V (40/80) - 2024/02/21 14:12:23 CET [2024/02/21 8:12:23 ET]
Table '3718699505 1' 3-max Seat #1 is the button
Seat 1: Mahu2021 (660 in chips) 
Seat 3: sebytas222 (840 in chips) 
Mahu2021: posts small blind 40
sebytas222: posts big blind 80
*** HOLE CARDS ***
Dealt to Mahu2021 [5c 5d]
Mahu2021: raises 580 to 660 and is all-in
sebytas222: calls 580
*** FLOP *** [5s 3h 8c]
*** TURN *** [5s 3h 8c] [6c]
*** RIVER *** [5s 3h 8c 6c] [Ks]
*** SHOW DOWN ***
sebytas222: shows [Kd 9h] (a pair of Kings)
Mahu2021: shows [5c 5d] (three of a kind, Fives)
Mahu2021 collected 1320 from pot
*** SUMMARY ***
Total pot 1320 | Rake 0 
Board [5s 3h 8c 6c Ks]
Seat 1: Mahu2021 (button) (small blind) showed [5c 5d] and won (1320) with three of a kind, Fives
Seat 3: sebytas222 (big blind) showed [Kd 9h] and lost with a pair of Kings



PokerStars Hand #249007376390: Tournament #3718699505, $1.84+$0.16 USD Hold'em No Limit - Level V (40/80) - 2024/02/21 14:12:38 CET [2024/02/21 8:12:38 ET]
Table '3718699505 1' 3-max Seat #3 is the button
Seat 1: Mahu2021 (1320 in chips) 
Seat 3: sebytas222 (180 in chips) 
sebytas222: posts small blind 40
Mahu2021: posts big blind 80
*** HOLE CARDS ***
Dealt to Mahu2021 [Qh Ah]
sebytas222: folds 
Uncalled bet (40) returned to Mahu2021
Mahu2021 collected 80 from pot
Mahu2021: doesn't show hand 
*** SUMMARY ***
Total pot 80 | Rake 0 
Seat 1: Mahu2021 (big blind) collected (80)
Seat 3: sebytas222 (button) (small blind) folded before Flop



PokerStars Hand #249007377446: Tournament #3718699505, $1.84+$0.16 USD Hold'em No Limit - Level V (40/80) - 2024/02/21 14:12:44 CET [2024/02/21 8:12:44 ET]
Table '3718699505 1' 3-max Seat #1 is the button
Seat 1: Mahu2021 (1360 in chips) 
Seat 3: sebytas222 (140 in chips) 
Mahu2021: posts small blind 40
sebytas222: posts big blind 80
*** HOLE CARDS ***
Dealt to Mahu2021 [Tc Kd]
Mahu2021: raises 80 to 160
sebytas222: folds 
Uncalled bet (80) returned to Mahu2021
Mahu2021 collected 160 from pot
Mahu2021: doesn't show hand 
*** SUMMARY ***
Total pot 160 | Rake 0 
Seat 1: Mahu2021 (button) (small blind) collected (160)
Seat 3: sebytas222 (big blind) folded before Flop



PokerStars Hand #249007378374: Tournament #3718699505, $1.84+$0.16 USD Hold'em No Limit - Level V (40/80) - 2024/02/21 14:12:49 CET [2024/02/21 8:12:49 ET]
Table '3718699505 1' 3-max Seat #3 is the button
Seat 1: Mahu2021 (1440 in chips) 
Seat 3: sebytas222 (60 in chips) 
sebytas222: posts small blind 40
Mahu2021: posts big blind 80
*** HOLE CARDS ***
Dealt to Mahu2021 [5d 2c]
sebytas222: calls 20 and is all-in
Uncalled bet (20) returned to Mahu2021
*** FLOP *** [2h Tc Ah]
*** TURN *** [2h Tc Ah] [4c]
*** RIVER *** [2h Tc Ah 4c] [7c]
*** SHOW DOWN ***
Mahu2021: shows [5d 2c] (a pair of Deuces)
sebytas222: shows [Kd Qs] (high card Ace)
Mahu2021 collected 120 from pot
sebytas222 finished the tournament in 2nd place
Mahu2021 wins the tournament and receives $4.00 - congratulations!
*** SUMMARY ***
Total pot 120 | Rake 0 
Board [2h Tc Ah 4c 7c]
Seat 1: Mahu2021 (big blind) showed [5d 2c] and won (120) with a pair of Deuces
Seat 3: sebytas222 (button) (small blind) showed [Kd Qs] and lost with high card Ace



