PokerStars Hand #247786435165: Tournament #3689491301, $1.84+$0.16 USD Hold'em No Limit - Level I (10/20) - 2023/12/21 17:38:53 CET [2023/12/21 11:38:53 ET]
Table '3689491301 1' 3-max Seat #1 is the button
Seat 1: Mahu2021 (500 in chips) 
Seat 2: Nikiwalser (500 in chips) 
Seat 3: ChoboPower (500 in chips) 
Nikiwalser: posts small blind 10
ChoboPower: posts big blind 20
*** HOLE CARDS ***
Dealt to Mahu2021 [Jc Qh]
Mahu2021: raises 20 to 40
Nikiwalser: calls 30
ChoboPower: calls 20
*** FLOP *** [8h 7s Td]
Nikiwalser: checks 
ChoboPower: checks 
Mahu2021: checks 
*** TURN *** [8h 7s Td] [Jd]
Nikiwalser: checks 
ChoboPower: bets 80
Mahu2021: folds 
Nikiwalser: folds 
Uncalled bet (80) returned to ChoboPower
ChoboPower collected 120 from pot
ChoboPower: doesn't show hand 
*** SUMMARY ***
Total pot 120 | Rake 0 
Board [8h 7s Td Jd]
Seat 1: Mahu2021 (button) folded on the Turn
Seat 2: Nikiwalser (small blind) folded on the Turn
Seat 3: ChoboPower (big blind) collected (120)



PokerStars Hand #247786442036: Tournament #3689491301, $1.84+$0.16 USD Hold'em No Limit - Level I (10/20) - 2023/12/21 17:39:19 CET [2023/12/21 11:39:19 ET]
Table '3689491301 1' 3-max Seat #2 is the button
Seat 1: Mahu2021 (460 in chips) 
Seat 2: Nikiwalser (460 in chips) 
Seat 3: ChoboPower (580 in chips) 
ChoboPower: posts small blind 10
Mahu2021: posts big blind 20
*** HOLE CARDS ***
Dealt to Mahu2021 [7s Tc]
Nikiwalser: folds 
ChoboPower: folds 
Uncalled bet (10) returned to Mahu2021
Mahu2021 collected 20 from pot
Mahu2021: doesn't show hand 
*** SUMMARY ***
Total pot 20 | Rake 0 
Seat 1: Mahu2021 (big blind) collected (20)
Seat 2: Nikiwalser (button) folded before Flop (didn't bet)
Seat 3: ChoboPower (small blind) folded before Flop



PokerStars Hand #247786444155: Tournament #3689491301, $1.84+$0.16 USD Hold'em No Limit - Level I (10/20) - 2023/12/21 17:39:27 CET [2023/12/21 11:39:27 ET]
Table '3689491301 1' 3-max Seat #3 is the button
Seat 1: Mahu2021 (470 in chips) 
Seat 2: Nikiwalser (460 in chips) 
Seat 3: ChoboPower (570 in chips) 
Mahu2021: posts small blind 10
Nikiwalser: posts big blind 20
*** HOLE CARDS ***
Dealt to Mahu2021 [Qc 4d]
ChoboPower: raises 20 to 40
Mahu2021: folds 
Nikiwalser: folds 
Uncalled bet (20) returned to ChoboPower
ChoboPower collected 50 from pot
ChoboPower: doesn't show hand 
*** SUMMARY ***
Total pot 50 | Rake 0 
Seat 1: Mahu2021 (small blind) folded before Flop
Seat 2: Nikiwalser (big blind) folded before Flop
Seat 3: ChoboPower (button) collected (50)



PokerStars Hand #247786446609: Tournament #3689491301, $1.84+$0.16 USD Hold'em No Limit - Level I (10/20) - 2023/12/21 17:39:37 CET [2023/12/21 11:39:37 ET]
Table '3689491301 1' 3-max Seat #1 is the button
Seat 1: Mahu2021 (460 in chips) 
Seat 2: Nikiwalser (440 in chips) 
Seat 3: ChoboPower (600 in chips) 
Nikiwalser: posts small blind 10
ChoboPower: posts big blind 20
*** HOLE CARDS ***
Dealt to Mahu2021 [As 9h]
Mahu2021: raises 20 to 40
Nikiwalser: raises 20 to 60
ChoboPower: folds 
Mahu2021: calls 20
*** FLOP *** [6h Ks Ad]
Nikiwalser: checks 
Mahu2021: checks 
*** TURN *** [6h Ks Ad] [4s]
Nikiwalser: bets 20
Mahu2021: calls 20
*** RIVER *** [6h Ks Ad 4s] [8h]
Nikiwalser: bets 60
Mahu2021: calls 60
*** SHOW DOWN ***
Nikiwalser: shows [Ah Kd] (two pair, Aces and Kings)
Mahu2021: mucks hand 
Nikiwalser collected 300 from pot
*** SUMMARY ***
Total pot 300 | Rake 0 
Board [6h Ks Ad 4s 8h]
Seat 1: Mahu2021 (button) mucked [As 9h]
Seat 2: Nikiwalser (small blind) showed [Ah Kd] and won (300) with two pair, Aces and Kings
Seat 3: ChoboPower (big blind) folded before Flop



PokerStars Hand #247786451608: Tournament #3689491301, $1.84+$0.16 USD Hold'em No Limit - Level I (10/20) - 2023/12/21 17:39:56 CET [2023/12/21 11:39:56 ET]
Table '3689491301 1' 3-max Seat #2 is the button
Seat 1: Mahu2021 (320 in chips) 
Seat 2: Nikiwalser (600 in chips) 
Seat 3: ChoboPower (580 in chips) 
ChoboPower: posts small blind 10
Mahu2021: posts big blind 20
*** HOLE CARDS ***
Dealt to Mahu2021 [Ks Qc]
Nikiwalser: calls 20
ChoboPower: calls 10
Mahu2021: raises 60 to 80
Nikiwalser: calls 60
ChoboPower: calls 60
*** FLOP *** [2c 4d 4c]
ChoboPower: checks 
Mahu2021: checks 
Nikiwalser: checks 
*** TURN *** [2c 4d 4c] [5h]
ChoboPower: bets 115
Mahu2021: folds 
Nikiwalser: folds 
Uncalled bet (115) returned to ChoboPower
ChoboPower collected 240 from pot
ChoboPower: doesn't show hand 
*** SUMMARY ***
Total pot 240 | Rake 0 
Board [2c 4d 4c 5h]
Seat 1: Mahu2021 (big blind) folded on the Turn
Seat 2: Nikiwalser (button) folded on the Turn
Seat 3: ChoboPower (small blind) collected (240)



PokerStars Hand #247786459371: Tournament #3689491301, $1.84+$0.16 USD Hold'em No Limit - Level I (10/20) - 2023/12/21 17:40:26 CET [2023/12/21 11:40:26 ET]
Table '3689491301 1' 3-max Seat #3 is the button
Seat 1: Mahu2021 (240 in chips) 
Seat 2: Nikiwalser (520 in chips) 
Seat 3: ChoboPower (740 in chips) 
Mahu2021: posts small blind 10
Nikiwalser: posts big blind 20
*** HOLE CARDS ***
Dealt to Mahu2021 [7s Js]
ChoboPower: folds 
Mahu2021: calls 10
Nikiwalser: checks 
*** FLOP *** [6d 9d Kd]
Mahu2021: checks 
Nikiwalser: checks 
*** TURN *** [6d 9d Kd] [Qs]
Mahu2021: bets 20
Nikiwalser: calls 20
*** RIVER *** [6d 9d Kd Qs] [As]
Mahu2021: bets 200 and is all-in
Nikiwalser: folds 
Uncalled bet (200) returned to Mahu2021
Mahu2021 collected 80 from pot
Mahu2021: doesn't show hand 
*** SUMMARY ***
Total pot 80 | Rake 0 
Board [6d 9d Kd Qs As]
Seat 1: Mahu2021 (small blind) collected (80)
Seat 2: Nikiwalser (big blind) folded on the River
Seat 3: ChoboPower (button) folded before Flop (didn't bet)



PokerStars Hand #247786464011: Tournament #3689491301, $1.84+$0.16 USD Hold'em No Limit - Level I (10/20) - 2023/12/21 17:40:44 CET [2023/12/21 11:40:44 ET]
Table '3689491301 1' 3-max Seat #1 is the button
Seat 1: Mahu2021 (280 in chips) 
Seat 2: Nikiwalser (480 in chips) 
Seat 3: ChoboPower (740 in chips) 
Nikiwalser: posts small blind 10
ChoboPower: posts big blind 20
*** HOLE CARDS ***
Dealt to Mahu2021 [3c 5d]
Mahu2021: folds 
Nikiwalser: calls 10
ChoboPower: checks 
*** FLOP *** [4c Jc 5c]
Nikiwalser: checks 
ChoboPower: checks 
*** TURN *** [4c Jc 5c] [4h]
Nikiwalser: checks 
ChoboPower: checks 
*** RIVER *** [4c Jc 5c 4h] [2c]
Nikiwalser: bets 20
ChoboPower: folds 
Uncalled bet (20) returned to Nikiwalser
Nikiwalser collected 40 from pot
*** SUMMARY ***
Total pot 40 | Rake 0 
Board [4c Jc 5c 4h 2c]
Seat 1: Mahu2021 (button) folded before Flop (didn't bet)
Seat 2: Nikiwalser (small blind) collected (40)
Seat 3: ChoboPower (big blind) folded on the River



PokerStars Hand #247786467956: Tournament #3689491301, $1.84+$0.16 USD Hold'em No Limit - Level I (10/20) - 2023/12/21 17:40:58 CET [2023/12/21 11:40:58 ET]
Table '3689491301 1' 3-max Seat #2 is the button
Seat 1: Mahu2021 (280 in chips) 
Seat 2: Nikiwalser (500 in chips) 
Seat 3: ChoboPower (720 in chips) 
ChoboPower: posts small blind 10
Mahu2021: posts big blind 20
*** HOLE CARDS ***
Dealt to Mahu2021 [5s Qc]
Nikiwalser: folds 
ChoboPower: calls 10
Mahu2021: checks 
*** FLOP *** [3d 5d Ks]
ChoboPower: checks 
Mahu2021: bets 20
ChoboPower: folds 
Uncalled bet (20) returned to Mahu2021
Mahu2021 collected 40 from pot
Mahu2021: doesn't show hand 
*** SUMMARY ***
Total pot 40 | Rake 0 
Board [3d 5d Ks]
Seat 1: Mahu2021 (big blind) collected (40)
Seat 2: Nikiwalser (button) folded before Flop (didn't bet)
Seat 3: ChoboPower (small blind) folded on the Flop



PokerStars Hand #247786472030: Tournament #3689491301, $1.84+$0.16 USD Hold'em No Limit - Level I (10/20) - 2023/12/21 17:41:14 CET [2023/12/21 11:41:14 ET]
Table '3689491301 1' 3-max Seat #3 is the button
Seat 1: Mahu2021 (300 in chips) 
Seat 2: Nikiwalser (500 in chips) 
Seat 3: ChoboPower (700 in chips) 
Mahu2021: posts small blind 10
Nikiwalser: posts big blind 20
*** HOLE CARDS ***
Dealt to Mahu2021 [2s 6h]
ChoboPower: folds 
Mahu2021: folds 
Uncalled bet (10) returned to Nikiwalser
Nikiwalser collected 20 from pot
*** SUMMARY ***
Total pot 20 | Rake 0 
Seat 1: Mahu2021 (small blind) folded before Flop
Seat 2: Nikiwalser (big blind) collected (20)
Seat 3: ChoboPower (button) folded before Flop (didn't bet)



PokerStars Hand #247786473326: Tournament #3689491301, $1.84+$0.16 USD Hold'em No Limit - Level I (10/20) - 2023/12/21 17:41:19 CET [2023/12/21 11:41:19 ET]
Table '3689491301 1' 3-max Seat #1 is the button
Seat 1: Mahu2021 (290 in chips) 
Seat 2: Nikiwalser (510 in chips) 
Seat 3: ChoboPower (700 in chips) 
Nikiwalser: posts small blind 10
ChoboPower: posts big blind 20
*** HOLE CARDS ***
Dealt to Mahu2021 [6d 2c]
Mahu2021: folds 
Nikiwalser: folds 
Uncalled bet (10) returned to ChoboPower
ChoboPower collected 20 from pot
ChoboPower: doesn't show hand 
*** SUMMARY ***
Total pot 20 | Rake 0 
Seat 1: Mahu2021 (button) folded before Flop (didn't bet)
Seat 2: Nikiwalser (small blind) folded before Flop
Seat 3: ChoboPower (big blind) collected (20)



PokerStars Hand #247786474696: Tournament #3689491301, $1.84+$0.16 USD Hold'em No Limit - Level I (10/20) - 2023/12/21 17:41:24 CET [2023/12/21 11:41:24 ET]
Table '3689491301 1' 3-max Seat #2 is the button
Seat 1: Mahu2021 (290 in chips) 
Seat 2: Nikiwalser (500 in chips) 
Seat 3: ChoboPower (710 in chips) 
ChoboPower: posts small blind 10
Mahu2021: posts big blind 20
*** HOLE CARDS ***
Dealt to Mahu2021 [Ac 4h]
Nikiwalser: folds 
ChoboPower: folds 
Uncalled bet (10) returned to Mahu2021
Mahu2021 collected 20 from pot
Mahu2021: doesn't show hand 
*** SUMMARY ***
Total pot 20 | Rake 0 
Seat 1: Mahu2021 (big blind) collected (20)
Seat 2: Nikiwalser (button) folded before Flop (didn't bet)
Seat 3: ChoboPower (small blind) folded before Flop



PokerStars Hand #247786476112: Tournament #3689491301, $1.84+$0.16 USD Hold'em No Limit - Level I (10/20) - 2023/12/21 17:41:30 CET [2023/12/21 11:41:30 ET]
Table '3689491301 1' 3-max Seat #3 is the button
Seat 1: Mahu2021 (300 in chips) 
Seat 2: Nikiwalser (500 in chips) 
Seat 3: ChoboPower (700 in chips) 
Mahu2021: posts small blind 10
Nikiwalser: posts big blind 20
*** HOLE CARDS ***
Dealt to Mahu2021 [5h 6s]
ChoboPower: raises 20 to 40
Mahu2021: calls 30
Nikiwalser: calls 20
*** FLOP *** [6d 5c 7d]
Mahu2021: bets 260 and is all-in
Nikiwalser: calls 260
ChoboPower: raises 400 to 660 and is all-in
Nikiwalser: calls 200 and is all-in
Uncalled bet (200) returned to ChoboPower
*** TURN *** [6d 5c 7d] [7c]
*** RIVER *** [6d 5c 7d 7c] [3c]
*** SHOW DOWN ***
Nikiwalser: shows [9d Jd] (a pair of Sevens)
ChoboPower: shows [Jh Js] (two pair, Jacks and Sevens)
ChoboPower collected 400 from side pot
Mahu2021: shows [5h 6s] (two pair, Sevens and Sixes)
ChoboPower collected 900 from main pot
Nikiwalser finished the tournament in 2nd place
Mahu2021 finished the tournament in 3rd place
ChoboPower wins the tournament and receives $6.00 - congratulations!
*** SUMMARY ***
Total pot 1300 Main pot 900. Side pot 400. | Rake 0 
Board [6d 5c 7d 7c 3c]
Seat 1: Mahu2021 (small blind) showed [5h 6s] and lost with two pair, Sevens and Sixes
Seat 2: Nikiwalser (big blind) showed [9d Jd] and lost with a pair of Sevens
Seat 3: ChoboPower (button) showed [Jh Js] and won (1300) with two pair, Jacks and Sevens



