PokerStars Hand #252652317000: Tournament #3805613211, $1.84+$0.16 USD Hold'em No Limit - Level I (10/20) - 2024/09/27 14:37:53 CET [2024/09/27 8:37:53 ET]
Table '3805613211 1' 3-max Seat #1 is the button
Seat 1: EnzoSchatz (500 in chips) 
Seat 2: Mahu2021 (500 in chips) 
Seat 3: ChickenDiner98 (500 in chips) 
Mahu2021: posts small blind 10
ChickenDiner98: posts big blind 20
*** HOLE CARDS ***
Dealt to Mahu2021 [9d 3d]
EnzoSchatz: folds 
Mahu2021: calls 10
ChickenDiner98: checks 
*** FLOP *** [3h 2d 6s]
Mahu2021: checks 
ChickenDiner98: bets 40
Mahu2021: calls 40
*** TURN *** [3h 2d 6s] [As]
Mahu2021: checks 
ChickenDiner98: bets 60
Mahu2021: calls 60
*** RIVER *** [3h 2d 6s As] [8d]
Mahu2021: checks 
ChickenDiner98 is disconnected 
ChickenDiner98 has timed out while disconnected
ChickenDiner98: checks 
*** SHOW DOWN ***
Mahu2021: shows [9d 3d] (a pair of Threes)
ChickenDiner98: shows [2h Ac] (two pair, Aces and Deuces)
ChickenDiner98 collected 240 from pot
*** SUMMARY ***
Total pot 240 | Rake 0 
Board [3h 2d 6s As 8d]
Seat 1: EnzoSchatz (button) folded before Flop (didn't bet)
Seat 2: Mahu2021 (small blind) showed [9d 3d] and lost with a pair of Threes
Seat 3: ChickenDiner98 (big blind) showed [2h Ac] and won (240) with two pair, Aces and Deuces



PokerStars Hand #252652325088: Tournament #3805613211, $1.84+$0.16 USD Hold'em No Limit - Level I (10/20) - 2024/09/27 14:38:41 CET [2024/09/27 8:38:41 ET]
Table '3805613211 1' 3-max Seat #2 is the button
Seat 1: EnzoSchatz (500 in chips) 
Seat 2: Mahu2021 (380 in chips) 
Seat 3: ChickenDiner98 (620 in chips) 
ChickenDiner98: posts small blind 10
EnzoSchatz: posts big blind 20
*** HOLE CARDS ***
Dealt to Mahu2021 [As Qd]
Mahu2021: raises 20 to 40
ChickenDiner98 is connected 
ChickenDiner98: folds 
EnzoSchatz: folds 
Uncalled bet (20) returned to Mahu2021
Mahu2021 collected 50 from pot
Mahu2021: doesn't show hand 
*** SUMMARY ***
Total pot 50 | Rake 0 
Seat 1: EnzoSchatz (big blind) folded before Flop
Seat 2: Mahu2021 (button) collected (50)
Seat 3: ChickenDiner98 (small blind) folded before Flop



PokerStars Hand #252652327909: Tournament #3805613211, $1.84+$0.16 USD Hold'em No Limit - Level I (10/20) - 2024/09/27 14:38:58 CET [2024/09/27 8:38:58 ET]
Table '3805613211 1' 3-max Seat #3 is the button
Seat 1: EnzoSchatz (480 in chips) 
Seat 2: Mahu2021 (410 in chips) 
Seat 3: ChickenDiner98 (610 in chips) 
EnzoSchatz: posts small blind 10
Mahu2021: posts big blind 20
*** HOLE CARDS ***
Dealt to Mahu2021 [6c Ks]
ChickenDiner98: raises 60 to 80
EnzoSchatz: folds 
Mahu2021: folds 
Uncalled bet (60) returned to ChickenDiner98
ChickenDiner98 collected 50 from pot
ChickenDiner98: doesn't show hand 
*** SUMMARY ***
Total pot 50 | Rake 0 
Seat 1: EnzoSchatz (small blind) folded before Flop
Seat 2: Mahu2021 (big blind) folded before Flop
Seat 3: ChickenDiner98 (button) collected (50)



PokerStars Hand #252652329486: Tournament #3805613211, $1.84+$0.16 USD Hold'em No Limit - Level I (10/20) - 2024/09/27 14:39:07 CET [2024/09/27 8:39:07 ET]
Table '3805613211 1' 3-max Seat #1 is the button
Seat 1: EnzoSchatz (470 in chips) 
Seat 2: Mahu2021 (390 in chips) 
Seat 3: ChickenDiner98 (640 in chips) 
Mahu2021: posts small blind 10
ChickenDiner98: posts big blind 20
*** HOLE CARDS ***
Dealt to Mahu2021 [2d Qs]
EnzoSchatz: raises 50 to 70
Mahu2021: folds 
ChickenDiner98: folds 
Uncalled bet (50) returned to EnzoSchatz
EnzoSchatz collected 50 from pot
EnzoSchatz: doesn't show hand 
*** SUMMARY ***
Total pot 50 | Rake 0 
Seat 1: EnzoSchatz (button) collected (50)
Seat 2: Mahu2021 (small blind) folded before Flop
Seat 3: ChickenDiner98 (big blind) folded before Flop



PokerStars Hand #252652331056: Tournament #3805613211, $1.84+$0.16 USD Hold'em No Limit - Level I (10/20) - 2024/09/27 14:39:16 CET [2024/09/27 8:39:16 ET]
Table '3805613211 1' 3-max Seat #2 is the button
Seat 1: EnzoSchatz (500 in chips) 
Seat 2: Mahu2021 (380 in chips) 
Seat 3: ChickenDiner98 (620 in chips) 
ChickenDiner98: posts small blind 10
EnzoSchatz: posts big blind 20
*** HOLE CARDS ***
Dealt to Mahu2021 [4d Ad]
Mahu2021: raises 20 to 40
ChickenDiner98: raises 580 to 620 and is all-in
EnzoSchatz: folds 
Mahu2021: calls 340 and is all-in
Uncalled bet (240) returned to ChickenDiner98
*** FLOP *** [4h Th Jc]
*** TURN *** [4h Th Jc] [7h]
*** RIVER *** [4h Th Jc 7h] [2h]
*** SHOW DOWN ***
ChickenDiner98: shows [Ts As] (a pair of Tens)
Mahu2021: shows [4d Ad] (a pair of Fours)
ChickenDiner98 collected 780 from pot
Mahu2021 finished the tournament in 3rd place
*** SUMMARY ***
Total pot 780 | Rake 0 
Board [4h Th Jc 7h 2h]
Seat 1: EnzoSchatz (big blind) folded before Flop
Seat 2: Mahu2021 (button) showed [4d Ad] and lost with a pair of Fours
Seat 3: ChickenDiner98 (small blind) showed [Ts As] and won (780) with a pair of Tens



