PokerStars Hand #246757693465: Tournament #3664279284, $9.30+$0.70 USD Hold'em No Limit - Level I (10/20) - 2023/10/26 21:45:46 CET [2023/10/26 15:45:46 ET]
Table '3664279284 1' 3-max Seat #1 is the button
Seat 1: Mahu2021 (500 in chips) 
Seat 2: JohnnyNp1 (500 in chips) 
Seat 3: 7pavlucky1 (500 in chips) 
JohnnyNp1: posts small blind 10
7pavlucky1: posts big blind 20
*** HOLE CARDS ***
Dealt to Mahu2021 [5s 8h]
Mahu2021: folds 
JohnnyNp1: raises 30 to 50
7pavlucky1: folds 
Uncalled bet (30) returned to JohnnyNp1
JohnnyNp1 collected 40 from pot
JohnnyNp1: doesn't show hand 
*** SUMMARY ***
Total pot 40 | Rake 0 
Seat 1: Mahu2021 (button) folded before Flop (didn't bet)
Seat 2: JohnnyNp1 (small blind) collected (40)
Seat 3: 7pavlucky1 (big blind) folded before Flop



PokerStars Hand #246757698021: Tournament #3664279284, $9.30+$0.70 USD Hold'em No Limit - Level I (10/20) - 2023/10/26 21:45:59 CET [2023/10/26 15:45:59 ET]
Table '3664279284 1' 3-max Seat #2 is the button
Seat 1: Mahu2021 (500 in chips) 
Seat 2: JohnnyNp1 (520 in chips) 
Seat 3: 7pavlucky1 (480 in chips) 
7pavlucky1: posts small blind 10
Mahu2021: posts big blind 20
*** HOLE CARDS ***
Dealt to Mahu2021 [4c 8s]
JohnnyNp1: raises 20 to 40
7pavlucky1: folds 
Mahu2021: folds 
Uncalled bet (20) returned to JohnnyNp1
JohnnyNp1 collected 50 from pot
JohnnyNp1: doesn't show hand 
*** SUMMARY ***
Total pot 50 | Rake 0 
Seat 1: Mahu2021 (big blind) folded before Flop
Seat 2: JohnnyNp1 (button) collected (50)
Seat 3: 7pavlucky1 (small blind) folded before Flop



PokerStars Hand #246757702652: Tournament #3664279284, $9.30+$0.70 USD Hold'em No Limit - Level I (10/20) - 2023/10/26 21:46:13 CET [2023/10/26 15:46:13 ET]
Table '3664279284 1' 3-max Seat #3 is the button
Seat 1: Mahu2021 (480 in chips) 
Seat 2: JohnnyNp1 (550 in chips) 
Seat 3: 7pavlucky1 (470 in chips) 
Mahu2021: posts small blind 10
JohnnyNp1: posts big blind 20
*** HOLE CARDS ***
Dealt to Mahu2021 [5s Ks]
7pavlucky1 has timed out
7pavlucky1: folds 
7pavlucky1 is sitting out
7pavlucky1 has returned
Mahu2021: raises 20 to 40
JohnnyNp1: calls 20
*** FLOP *** [6c 6d 7h]
Mahu2021: checks 
JohnnyNp1: bets 40
Mahu2021: folds 
Uncalled bet (40) returned to JohnnyNp1
JohnnyNp1 collected 80 from pot
JohnnyNp1: doesn't show hand 
*** SUMMARY ***
Total pot 80 | Rake 0 
Board [6c 6d 7h]
Seat 1: Mahu2021 (small blind) folded on the Flop
Seat 2: JohnnyNp1 (big blind) collected (80)
Seat 3: 7pavlucky1 (button) folded before Flop (didn't bet)



PokerStars Hand #246757711622: Tournament #3664279284, $9.30+$0.70 USD Hold'em No Limit - Level I (10/20) - 2023/10/26 21:46:38 CET [2023/10/26 15:46:38 ET]
Table '3664279284 1' 3-max Seat #1 is the button
Seat 1: Mahu2021 (440 in chips) 
Seat 2: JohnnyNp1 (590 in chips) 
Seat 3: 7pavlucky1 (470 in chips) 
JohnnyNp1: posts small blind 10
7pavlucky1: posts big blind 20
*** HOLE CARDS ***
Dealt to Mahu2021 [Jd 5h]
Mahu2021: folds 
JohnnyNp1: raises 30 to 50
7pavlucky1: folds 
Uncalled bet (30) returned to JohnnyNp1
JohnnyNp1 collected 40 from pot
JohnnyNp1: doesn't show hand 
*** SUMMARY ***
Total pot 40 | Rake 0 
Seat 1: Mahu2021 (button) folded before Flop (didn't bet)
Seat 2: JohnnyNp1 (small blind) collected (40)
Seat 3: 7pavlucky1 (big blind) folded before Flop



PokerStars Hand #246757715789: Tournament #3664279284, $9.30+$0.70 USD Hold'em No Limit - Level I (10/20) - 2023/10/26 21:46:50 CET [2023/10/26 15:46:50 ET]
Table '3664279284 1' 3-max Seat #2 is the button
Seat 1: Mahu2021 (440 in chips) 
Seat 2: JohnnyNp1 (610 in chips) 
Seat 3: 7pavlucky1 (450 in chips) 
7pavlucky1: posts small blind 10
Mahu2021: posts big blind 20
*** HOLE CARDS ***
Dealt to Mahu2021 [Td 9d]
JohnnyNp1: folds 
7pavlucky1: raises 20 to 40
Mahu2021: calls 20
*** FLOP *** [7s 4h Ts]
7pavlucky1: checks 
Mahu2021: bets 40
7pavlucky1: calls 40
*** TURN *** [7s 4h Ts] [6s]
7pavlucky1: checks 
Mahu2021: checks 
*** RIVER *** [7s 4h Ts 6s] [6h]
7pavlucky1: checks 
Mahu2021: checks 
*** SHOW DOWN ***
7pavlucky1: shows [8s 8c] (two pair, Eights and Sixes)
Mahu2021: shows [Td 9d] (two pair, Tens and Sixes)
Mahu2021 collected 160 from pot
*** SUMMARY ***
Total pot 160 | Rake 0 
Board [7s 4h Ts 6s 6h]
Seat 1: Mahu2021 (big blind) showed [Td 9d] and won (160) with two pair, Tens and Sixes
Seat 2: JohnnyNp1 (button) folded before Flop (didn't bet)
Seat 3: 7pavlucky1 (small blind) showed [8s 8c] and lost with two pair, Eights and Sixes



PokerStars Hand #246757727132: Tournament #3664279284, $9.30+$0.70 USD Hold'em No Limit - Level I (10/20) - 2023/10/26 21:47:22 CET [2023/10/26 15:47:22 ET]
Table '3664279284 1' 3-max Seat #3 is the button
Seat 1: Mahu2021 (520 in chips) 
Seat 2: JohnnyNp1 (610 in chips) 
Seat 3: 7pavlucky1 (370 in chips) 
Mahu2021: posts small blind 10
JohnnyNp1: posts big blind 20
*** HOLE CARDS ***
Dealt to Mahu2021 [8h Qh]
7pavlucky1: raises 350 to 370 and is all-in
Mahu2021: folds 
JohnnyNp1: folds 
Uncalled bet (350) returned to 7pavlucky1
7pavlucky1 collected 50 from pot
7pavlucky1: doesn't show hand 
*** SUMMARY ***
Total pot 50 | Rake 0 
Seat 1: Mahu2021 (small blind) folded before Flop
Seat 2: JohnnyNp1 (big blind) folded before Flop
Seat 3: 7pavlucky1 (button) collected (50)



PokerStars Hand #246757733128: Tournament #3664279284, $9.30+$0.70 USD Hold'em No Limit - Level I (10/20) - 2023/10/26 21:47:39 CET [2023/10/26 15:47:39 ET]
Table '3664279284 1' 3-max Seat #1 is the button
Seat 1: Mahu2021 (510 in chips) 
Seat 2: JohnnyNp1 (590 in chips) 
Seat 3: 7pavlucky1 (400 in chips) 
JohnnyNp1: posts small blind 10
7pavlucky1: posts big blind 20
*** HOLE CARDS ***
Dealt to Mahu2021 [9s Qh]
Mahu2021: folds 
JohnnyNp1: raises 30 to 50
7pavlucky1: folds 
Uncalled bet (30) returned to JohnnyNp1
JohnnyNp1 collected 40 from pot
JohnnyNp1: doesn't show hand 
*** SUMMARY ***
Total pot 40 | Rake 0 
Seat 1: Mahu2021 (button) folded before Flop (didn't bet)
Seat 2: JohnnyNp1 (small blind) collected (40)
Seat 3: 7pavlucky1 (big blind) folded before Flop



PokerStars Hand #246757736969: Tournament #3664279284, $9.30+$0.70 USD Hold'em No Limit - Level I (10/20) - 2023/10/26 21:47:50 CET [2023/10/26 15:47:50 ET]
Table '3664279284 1' 3-max Seat #2 is the button
Seat 1: Mahu2021 (510 in chips) 
Seat 2: JohnnyNp1 (610 in chips) 
Seat 3: 7pavlucky1 (380 in chips) 
7pavlucky1: posts small blind 10
Mahu2021: posts big blind 20
*** HOLE CARDS ***
Dealt to Mahu2021 [Th 4c]
JohnnyNp1: raises 20 to 40
7pavlucky1: calls 30
Mahu2021: folds 
*** FLOP *** [3c Tc 5s]
7pavlucky1: checks 
JohnnyNp1: bets 75
7pavlucky1: folds 
Uncalled bet (75) returned to JohnnyNp1
JohnnyNp1 collected 100 from pot
JohnnyNp1: doesn't show hand 
*** SUMMARY ***
Total pot 100 | Rake 0 
Board [3c Tc 5s]
Seat 1: Mahu2021 (big blind) folded before Flop
Seat 2: JohnnyNp1 (button) collected (100)
Seat 3: 7pavlucky1 (small blind) folded on the Flop



PokerStars Hand #246757742617: Tournament #3664279284, $9.30+$0.70 USD Hold'em No Limit - Level I (10/20) - 2023/10/26 21:48:06 CET [2023/10/26 15:48:06 ET]
Table '3664279284 1' 3-max Seat #3 is the button
Seat 1: Mahu2021 (490 in chips) 
Seat 2: JohnnyNp1 (670 in chips) 
Seat 3: 7pavlucky1 (340 in chips) 
Mahu2021: posts small blind 10
JohnnyNp1: posts big blind 20
*** HOLE CARDS ***
Dealt to Mahu2021 [Kd 4h]
7pavlucky1: folds 
Mahu2021: folds 
Uncalled bet (10) returned to JohnnyNp1
JohnnyNp1 collected 20 from pot
JohnnyNp1: doesn't show hand 
*** SUMMARY ***
Total pot 20 | Rake 0 
Seat 1: Mahu2021 (small blind) folded before Flop
Seat 2: JohnnyNp1 (big blind) collected (20)
Seat 3: 7pavlucky1 (button) folded before Flop (didn't bet)



PokerStars Hand #246757744491: Tournament #3664279284, $9.30+$0.70 USD Hold'em No Limit - Level I (10/20) - 2023/10/26 21:48:12 CET [2023/10/26 15:48:12 ET]
Table '3664279284 1' 3-max Seat #1 is the button
Seat 1: Mahu2021 (480 in chips) 
Seat 2: JohnnyNp1 (680 in chips) 
Seat 3: 7pavlucky1 (340 in chips) 
JohnnyNp1: posts small blind 10
7pavlucky1: posts big blind 20
*** HOLE CARDS ***
Dealt to Mahu2021 [4d Ks]
Mahu2021: folds 
JohnnyNp1: folds 
Uncalled bet (10) returned to 7pavlucky1
7pavlucky1 collected 20 from pot
7pavlucky1: doesn't show hand 
*** SUMMARY ***
Total pot 20 | Rake 0 
Seat 1: Mahu2021 (button) folded before Flop (didn't bet)
Seat 2: JohnnyNp1 (small blind) folded before Flop
Seat 3: 7pavlucky1 (big blind) collected (20)



PokerStars Hand #246757747701: Tournament #3664279284, $9.30+$0.70 USD Hold'em No Limit - Level I (10/20) - 2023/10/26 21:48:20 CET [2023/10/26 15:48:20 ET]
Table '3664279284 1' 3-max Seat #2 is the button
Seat 1: Mahu2021 (480 in chips) 
Seat 2: JohnnyNp1 (670 in chips) 
Seat 3: 7pavlucky1 (350 in chips) 
7pavlucky1: posts small blind 10
Mahu2021: posts big blind 20
*** HOLE CARDS ***
Dealt to Mahu2021 [Ac 8c]
JohnnyNp1: folds 
7pavlucky1: raises 330 to 350 and is all-in
Mahu2021: calls 330
*** FLOP *** [Kc Kh Qh]
*** TURN *** [Kc Kh Qh] [4h]
*** RIVER *** [Kc Kh Qh 4h] [Js]
*** SHOW DOWN ***
7pavlucky1: shows [7c 7h] (two pair, Kings and Sevens)
Mahu2021: shows [Ac 8c] (a pair of Kings)
7pavlucky1 collected 700 from pot
*** SUMMARY ***
Total pot 700 | Rake 0 
Board [Kc Kh Qh 4h Js]
Seat 1: Mahu2021 (big blind) showed [Ac 8c] and lost with a pair of Kings
Seat 2: JohnnyNp1 (button) folded before Flop (didn't bet)
Seat 3: 7pavlucky1 (small blind) showed [7c 7h] and won (700) with two pair, Kings and Sevens



PokerStars Hand #246757753952: Tournament #3664279284, $9.30+$0.70 USD Hold'em No Limit - Level I (10/20) - 2023/10/26 21:48:39 CET [2023/10/26 15:48:39 ET]
Table '3664279284 1' 3-max Seat #3 is the button
Seat 1: Mahu2021 (130 in chips) 
Seat 2: JohnnyNp1 (670 in chips) 
Seat 3: 7pavlucky1 (700 in chips) 
Mahu2021: posts small blind 10
JohnnyNp1: posts big blind 20
*** HOLE CARDS ***
Dealt to Mahu2021 [5c Ts]
7pavlucky1: folds 
Mahu2021: folds 
Uncalled bet (10) returned to JohnnyNp1
JohnnyNp1 collected 20 from pot
JohnnyNp1: doesn't show hand 
*** SUMMARY ***
Total pot 20 | Rake 0 
Seat 1: Mahu2021 (small blind) folded before Flop
Seat 2: JohnnyNp1 (big blind) collected (20)
Seat 3: 7pavlucky1 (button) folded before Flop (didn't bet)



PokerStars Hand #246757755540: Tournament #3664279284, $9.30+$0.70 USD Hold'em No Limit - Level I (10/20) - 2023/10/26 21:48:43 CET [2023/10/26 15:48:43 ET]
Table '3664279284 1' 3-max Seat #1 is the button
Seat 1: Mahu2021 (120 in chips) 
Seat 2: JohnnyNp1 (680 in chips) 
Seat 3: 7pavlucky1 (700 in chips) 
JohnnyNp1: posts small blind 10
7pavlucky1: posts big blind 20
*** HOLE CARDS ***
Dealt to Mahu2021 [6c Kd]
Mahu2021: folds 
JohnnyNp1: calls 10
7pavlucky1: checks 
*** FLOP *** [5s 6h Kh]
JohnnyNp1: bets 20
7pavlucky1: folds 
Uncalled bet (20) returned to JohnnyNp1
JohnnyNp1 collected 40 from pot
JohnnyNp1: doesn't show hand 
*** SUMMARY ***
Total pot 40 | Rake 0 
Board [5s 6h Kh]
Seat 1: Mahu2021 (button) folded before Flop (didn't bet)
Seat 2: JohnnyNp1 (small blind) collected (40)
Seat 3: 7pavlucky1 (big blind) folded on the Flop



PokerStars Hand #246757764018: Tournament #3664279284, $9.30+$0.70 USD Hold'em No Limit - Level II (15/30) - 2023/10/26 21:49:08 CET [2023/10/26 15:49:08 ET]
Table '3664279284 1' 3-max Seat #2 is the button
Seat 1: Mahu2021 (120 in chips) 
Seat 2: JohnnyNp1 (700 in chips) 
Seat 3: 7pavlucky1 (680 in chips) 
7pavlucky1: posts small blind 15
Mahu2021: posts big blind 30
*** HOLE CARDS ***
Dealt to Mahu2021 [Ks 8h]
JohnnyNp1: folds 
7pavlucky1: folds 
Uncalled bet (15) returned to Mahu2021
Mahu2021 collected 30 from pot
Mahu2021: doesn't show hand 
*** SUMMARY ***
Total pot 30 | Rake 0 
Seat 1: Mahu2021 (big blind) collected (30)
Seat 2: JohnnyNp1 (button) folded before Flop (didn't bet)
Seat 3: 7pavlucky1 (small blind) folded before Flop



PokerStars Hand #246757766951: Tournament #3664279284, $9.30+$0.70 USD Hold'em No Limit - Level II (15/30) - 2023/10/26 21:49:17 CET [2023/10/26 15:49:17 ET]
Table '3664279284 1' 3-max Seat #3 is the button
Seat 1: Mahu2021 (135 in chips) 
Seat 2: JohnnyNp1 (700 in chips) 
Seat 3: 7pavlucky1 (665 in chips) 
Mahu2021: posts small blind 15
JohnnyNp1: posts big blind 30
*** HOLE CARDS ***
Dealt to Mahu2021 [6c Jc]
7pavlucky1: raises 635 to 665 and is all-in
Mahu2021: folds 
JohnnyNp1: folds 
Uncalled bet (635) returned to 7pavlucky1
7pavlucky1 collected 75 from pot
7pavlucky1: doesn't show hand 
*** SUMMARY ***
Total pot 75 | Rake 0 
Seat 1: Mahu2021 (small blind) folded before Flop
Seat 2: JohnnyNp1 (big blind) folded before Flop
Seat 3: 7pavlucky1 (button) collected (75)



PokerStars Hand #246757771615: Tournament #3664279284, $9.30+$0.70 USD Hold'em No Limit - Level II (15/30) - 2023/10/26 21:49:30 CET [2023/10/26 15:49:30 ET]
Table '3664279284 1' 3-max Seat #1 is the button
Seat 1: Mahu2021 (120 in chips) 
Seat 2: JohnnyNp1 (670 in chips) 
Seat 3: 7pavlucky1 (710 in chips) 
JohnnyNp1: posts small blind 15
7pavlucky1: posts big blind 30
*** HOLE CARDS ***
Dealt to Mahu2021 [7s 6c]
Mahu2021: folds 
JohnnyNp1: folds 
Uncalled bet (15) returned to 7pavlucky1
7pavlucky1 collected 30 from pot
7pavlucky1: doesn't show hand 
*** SUMMARY ***
Total pot 30 | Rake 0 
Seat 1: Mahu2021 (button) folded before Flop (didn't bet)
Seat 2: JohnnyNp1 (small blind) folded before Flop
Seat 3: 7pavlucky1 (big blind) collected (30)



PokerStars Hand #246757777277: Tournament #3664279284, $9.30+$0.70 USD Hold'em No Limit - Level II (15/30) - 2023/10/26 21:49:46 CET [2023/10/26 15:49:46 ET]
Table '3664279284 1' 3-max Seat #2 is the button
Seat 1: Mahu2021 (120 in chips) 
Seat 2: JohnnyNp1 (655 in chips) 
Seat 3: 7pavlucky1 (725 in chips) 
7pavlucky1: posts small blind 15
Mahu2021: posts big blind 30
*** HOLE CARDS ***
Dealt to Mahu2021 [8s 8c]
JohnnyNp1: folds 
7pavlucky1: raises 695 to 725 and is all-in
Mahu2021: calls 90 and is all-in
Uncalled bet (605) returned to 7pavlucky1
*** FLOP *** [Kd 5h Qs]
*** TURN *** [Kd 5h Qs] [4c]
*** RIVER *** [Kd 5h Qs 4c] [Qd]
*** SHOW DOWN ***
7pavlucky1: shows [Ah 5d] (two pair, Queens and Fives)
Mahu2021: shows [8s 8c] (two pair, Queens and Eights)
Mahu2021 collected 240 from pot
*** SUMMARY ***
Total pot 240 | Rake 0 
Board [Kd 5h Qs 4c Qd]
Seat 1: Mahu2021 (big blind) showed [8s 8c] and won (240) with two pair, Queens and Eights
Seat 2: JohnnyNp1 (button) folded before Flop (didn't bet)
Seat 3: 7pavlucky1 (small blind) showed [Ah 5d] and lost with two pair, Queens and Fives



PokerStars Hand #246757783863: Tournament #3664279284, $9.30+$0.70 USD Hold'em No Limit - Level II (15/30) - 2023/10/26 21:50:05 CET [2023/10/26 15:50:05 ET]
Table '3664279284 1' 3-max Seat #3 is the button
Seat 1: Mahu2021 (240 in chips) 
Seat 2: JohnnyNp1 (655 in chips) 
Seat 3: 7pavlucky1 (605 in chips) 
Mahu2021: posts small blind 15
JohnnyNp1: posts big blind 30
*** HOLE CARDS ***
Dealt to Mahu2021 [Qd 6h]
7pavlucky1: folds 
Mahu2021: folds 
Uncalled bet (15) returned to JohnnyNp1
JohnnyNp1 collected 30 from pot
JohnnyNp1: doesn't show hand 
*** SUMMARY ***
Total pot 30 | Rake 0 
Seat 1: Mahu2021 (small blind) folded before Flop
Seat 2: JohnnyNp1 (big blind) collected (30)
Seat 3: 7pavlucky1 (button) folded before Flop (didn't bet)



PokerStars Hand #246757785586: Tournament #3664279284, $9.30+$0.70 USD Hold'em No Limit - Level II (15/30) - 2023/10/26 21:50:10 CET [2023/10/26 15:50:10 ET]
Table '3664279284 1' 3-max Seat #1 is the button
Seat 1: Mahu2021 (225 in chips) 
Seat 2: JohnnyNp1 (670 in chips) 
Seat 3: 7pavlucky1 (605 in chips) 
JohnnyNp1: posts small blind 15
7pavlucky1: posts big blind 30
*** HOLE CARDS ***
Dealt to Mahu2021 [Jc 9h]
Mahu2021: folds 
JohnnyNp1: folds 
Uncalled bet (15) returned to 7pavlucky1
7pavlucky1 collected 30 from pot
7pavlucky1: doesn't show hand 
*** SUMMARY ***
Total pot 30 | Rake 0 
Seat 1: Mahu2021 (button) folded before Flop (didn't bet)
Seat 2: JohnnyNp1 (small blind) folded before Flop
Seat 3: 7pavlucky1 (big blind) collected (30)



PokerStars Hand #246757787563: Tournament #3664279284, $9.30+$0.70 USD Hold'em No Limit - Level II (15/30) - 2023/10/26 21:50:15 CET [2023/10/26 15:50:15 ET]
Table '3664279284 1' 3-max Seat #2 is the button
Seat 1: Mahu2021 (225 in chips) 
Seat 2: JohnnyNp1 (655 in chips) 
Seat 3: 7pavlucky1 (620 in chips) 
7pavlucky1: posts small blind 15
Mahu2021: posts big blind 30
*** HOLE CARDS ***
Dealt to Mahu2021 [Jh 9c]
JohnnyNp1: folds 
7pavlucky1: folds 
Uncalled bet (15) returned to Mahu2021
Mahu2021 collected 30 from pot
Mahu2021: doesn't show hand 
*** SUMMARY ***
Total pot 30 | Rake 0 
Seat 1: Mahu2021 (big blind) collected (30)
Seat 2: JohnnyNp1 (button) folded before Flop (didn't bet)
Seat 3: 7pavlucky1 (small blind) folded before Flop



PokerStars Hand #246757789796: Tournament #3664279284, $9.30+$0.70 USD Hold'em No Limit - Level II (15/30) - 2023/10/26 21:50:22 CET [2023/10/26 15:50:22 ET]
Table '3664279284 1' 3-max Seat #3 is the button
Seat 1: Mahu2021 (240 in chips) 
Seat 2: JohnnyNp1 (655 in chips) 
Seat 3: 7pavlucky1 (605 in chips) 
Mahu2021: posts small blind 15
JohnnyNp1: posts big blind 30
*** HOLE CARDS ***
Dealt to Mahu2021 [9d 7h]
7pavlucky1: folds 
Mahu2021: folds 
Uncalled bet (15) returned to JohnnyNp1
JohnnyNp1 collected 30 from pot
JohnnyNp1: doesn't show hand 
*** SUMMARY ***
Total pot 30 | Rake 0 
Seat 1: Mahu2021 (small blind) folded before Flop
Seat 2: JohnnyNp1 (big blind) collected (30)
Seat 3: 7pavlucky1 (button) folded before Flop (didn't bet)



PokerStars Hand #246757791365: Tournament #3664279284, $9.30+$0.70 USD Hold'em No Limit - Level II (15/30) - 2023/10/26 21:50:26 CET [2023/10/26 15:50:26 ET]
Table '3664279284 1' 3-max Seat #1 is the button
Seat 1: Mahu2021 (225 in chips) 
Seat 2: JohnnyNp1 (670 in chips) 
Seat 3: 7pavlucky1 (605 in chips) 
JohnnyNp1: posts small blind 15
7pavlucky1: posts big blind 30
*** HOLE CARDS ***
Dealt to Mahu2021 [5s 9d]
Mahu2021: folds 
JohnnyNp1: raises 45 to 75
7pavlucky1: calls 45
*** FLOP *** [Ad Kc 6d]
JohnnyNp1: bets 37
7pavlucky1: calls 37
*** TURN *** [Ad Kc 6d] [4c]
JohnnyNp1: checks 
7pavlucky1: checks 
*** RIVER *** [Ad Kc 6d 4c] [2h]
JohnnyNp1: checks 
7pavlucky1: checks 
*** SHOW DOWN ***
JohnnyNp1: shows [9h 9s] (a pair of Nines)
7pavlucky1: shows [Ks Js] (a pair of Kings)
7pavlucky1 collected 224 from pot
*** SUMMARY ***
Total pot 224 | Rake 0 
Board [Ad Kc 6d 4c 2h]
Seat 1: Mahu2021 (button) folded before Flop (didn't bet)
Seat 2: JohnnyNp1 (small blind) showed [9h 9s] and lost with a pair of Nines
Seat 3: 7pavlucky1 (big blind) showed [Ks Js] and won (224) with a pair of Kings



PokerStars Hand #246757801422: Tournament #3664279284, $9.30+$0.70 USD Hold'em No Limit - Level II (15/30) - 2023/10/26 21:50:55 CET [2023/10/26 15:50:55 ET]
Table '3664279284 1' 3-max Seat #2 is the button
Seat 1: Mahu2021 (225 in chips) 
Seat 2: JohnnyNp1 (558 in chips) 
Seat 3: 7pavlucky1 (717 in chips) 
7pavlucky1: posts small blind 15
Mahu2021: posts big blind 30
*** HOLE CARDS ***
Dealt to Mahu2021 [Kc 8d]
JohnnyNp1: folds 
7pavlucky1: folds 
Uncalled bet (15) returned to Mahu2021
Mahu2021 collected 30 from pot
Mahu2021: doesn't show hand 
*** SUMMARY ***
Total pot 30 | Rake 0 
Seat 1: Mahu2021 (big blind) collected (30)
Seat 2: JohnnyNp1 (button) folded before Flop (didn't bet)
Seat 3: 7pavlucky1 (small blind) folded before Flop



PokerStars Hand #246757803033: Tournament #3664279284, $9.30+$0.70 USD Hold'em No Limit - Level II (15/30) - 2023/10/26 21:51:00 CET [2023/10/26 15:51:00 ET]
Table '3664279284 1' 3-max Seat #3 is the button
Seat 1: Mahu2021 (240 in chips) 
Seat 2: JohnnyNp1 (558 in chips) 
Seat 3: 7pavlucky1 (702 in chips) 
Mahu2021: posts small blind 15
JohnnyNp1: posts big blind 30
*** HOLE CARDS ***
Dealt to Mahu2021 [Jc 5d]
7pavlucky1: folds 
Mahu2021: folds 
Uncalled bet (15) returned to JohnnyNp1
JohnnyNp1 collected 30 from pot
JohnnyNp1: doesn't show hand 
*** SUMMARY ***
Total pot 30 | Rake 0 
Seat 1: Mahu2021 (small blind) folded before Flop
Seat 2: JohnnyNp1 (big blind) collected (30)
Seat 3: 7pavlucky1 (button) folded before Flop (didn't bet)



PokerStars Hand #246757806690: Tournament #3664279284, $9.30+$0.70 USD Hold'em No Limit - Level II (15/30) - 2023/10/26 21:51:10 CET [2023/10/26 15:51:10 ET]
Table '3664279284 1' 3-max Seat #1 is the button
Seat 1: Mahu2021 (225 in chips) 
Seat 2: JohnnyNp1 (573 in chips) 
Seat 3: 7pavlucky1 (702 in chips) 
JohnnyNp1: posts small blind 15
7pavlucky1: posts big blind 30
*** HOLE CARDS ***
Dealt to Mahu2021 [Ts As]
Mahu2021: raises 30 to 60
JohnnyNp1: raises 513 to 573 and is all-in
7pavlucky1: folds 
Mahu2021: calls 165 and is all-in
Uncalled bet (348) returned to JohnnyNp1
*** FLOP *** [4h Qc 4d]
*** TURN *** [4h Qc 4d] [Jc]
*** RIVER *** [4h Qc 4d Jc] [5d]
*** SHOW DOWN ***
JohnnyNp1: shows [8h 8d] (two pair, Eights and Fours)
Mahu2021: shows [Ts As] (a pair of Fours)
JohnnyNp1 collected 480 from pot
Mahu2021 finished the tournament in 3rd place
*** SUMMARY ***
Total pot 480 | Rake 0 
Board [4h Qc 4d Jc 5d]
Seat 1: Mahu2021 (button) showed [Ts As] and lost with a pair of Fours
Seat 2: JohnnyNp1 (small blind) showed [8h 8d] and won (480) with two pair, Eights and Fours
Seat 3: 7pavlucky1 (big blind) folded before Flop



