PokerStars Hand #254497308777: Tournament #3850284812, $4.60+$0.40 USD Hold'em No Limit - Level I (10/20) - 2025/01/22 12:41:17 CET [2025/01/22 6:41:17 ET]
Table '3850284812 1' 3-max Seat #1 is the button
Seat 1: vivatik (500 in chips) 
Seat 2: silhouettesarka (500 in chips) 
Seat 3: Mahu2021 (500 in chips) 
silhouettesarka: posts small blind 10
Mahu2021: posts big blind 20
*** HOLE CARDS ***
Dealt to Mahu2021 [5d Kh]
vivatik: folds 
silhouettesarka: raises 20 to 40
Mahu2021: calls 20
*** FLOP *** [Ac Qh 7s]
silhouettesarka: bets 40
Mahu2021: folds 
Uncalled bet (40) returned to silhouettesarka
silhouettesarka collected 80 from pot
*** SUMMARY ***
Total pot 80 | Rake 0 
Board [Ac Qh 7s]
Seat 1: vivatik (button) folded before Flop (didn't bet)
Seat 2: silhouettesarka (small blind) collected (80)
Seat 3: Mahu2021 (big blind) folded on the Flop



PokerStars Hand #254497310028: Tournament #3850284812, $4.60+$0.40 USD Hold'em No Limit - Level I (10/20) - 2025/01/22 12:41:27 CET [2025/01/22 6:41:27 ET]
Table '3850284812 1' 3-max Seat #2 is the button
Seat 1: vivatik (500 in chips) 
Seat 2: silhouettesarka (540 in chips) 
Seat 3: Mahu2021 (460 in chips) 
Mahu2021: posts small blind 10
vivatik: posts big blind 20
*** HOLE CARDS ***
Dealt to Mahu2021 [5s 4d]
silhouettesarka: raises 20 to 40
Mahu2021: folds 
vivatik: folds 
Uncalled bet (20) returned to silhouettesarka
silhouettesarka collected 50 from pot
*** SUMMARY ***
Total pot 50 | Rake 0 
Seat 1: vivatik (big blind) folded before Flop
Seat 2: silhouettesarka (button) collected (50)
Seat 3: Mahu2021 (small blind) folded before Flop



PokerStars Hand #254497310788: Tournament #3850284812, $4.60+$0.40 USD Hold'em No Limit - Level I (10/20) - 2025/01/22 12:41:33 CET [2025/01/22 6:41:33 ET]
Table '3850284812 1' 3-max Seat #3 is the button
Seat 1: vivatik (480 in chips) 
Seat 2: silhouettesarka (570 in chips) 
Seat 3: Mahu2021 (450 in chips) 
vivatik: posts small blind 10
silhouettesarka: posts big blind 20
*** HOLE CARDS ***
Dealt to Mahu2021 [Kc 6d]
Mahu2021: folds 
vivatik: raises 20 to 40
silhouettesarka: calls 20
*** FLOP *** [8d Ts 8h]
vivatik: checks 
silhouettesarka: checks 
*** TURN *** [8d Ts 8h] [5s]
vivatik: checks 
silhouettesarka: checks 
*** RIVER *** [8d Ts 8h 5s] [Js]
vivatik: checks 
silhouettesarka: bets 20
vivatik: folds 
Uncalled bet (20) returned to silhouettesarka
silhouettesarka collected 80 from pot
*** SUMMARY ***
Total pot 80 | Rake 0 
Board [8d Ts 8h 5s Js]
Seat 1: vivatik (small blind) folded on the River
Seat 2: silhouettesarka (big blind) collected (80)
Seat 3: Mahu2021 (button) folded before Flop (didn't bet)



PokerStars Hand #254497314797: Tournament #3850284812, $4.60+$0.40 USD Hold'em No Limit - Level I (10/20) - 2025/01/22 12:42:04 CET [2025/01/22 6:42:04 ET]
Table '3850284812 1' 3-max Seat #1 is the button
Seat 1: vivatik (440 in chips) 
Seat 2: silhouettesarka (610 in chips) 
Seat 3: Mahu2021 (450 in chips) 
silhouettesarka: posts small blind 10
Mahu2021: posts big blind 20
*** HOLE CARDS ***
Dealt to Mahu2021 [Kh 7c]
vivatik: raises 20 to 40
silhouettesarka: calls 30
Mahu2021: calls 20
*** FLOP *** [7d 9c 2d]
silhouettesarka: checks 
Mahu2021: bets 40
vivatik: raises 100 to 140
silhouettesarka: folds 
Mahu2021: folds 
Uncalled bet (100) returned to vivatik
vivatik collected 200 from pot
vivatik: doesn't show hand 
*** SUMMARY ***
Total pot 200 | Rake 0 
Board [7d 9c 2d]
Seat 1: vivatik (button) collected (200)
Seat 2: silhouettesarka (small blind) folded on the Flop
Seat 3: Mahu2021 (big blind) folded on the Flop



PokerStars Hand #254497317146: Tournament #3850284812, $4.60+$0.40 USD Hold'em No Limit - Level I (10/20) - 2025/01/22 12:42:22 CET [2025/01/22 6:42:22 ET]
Table '3850284812 1' 3-max Seat #2 is the button
Seat 1: vivatik (560 in chips) 
Seat 2: silhouettesarka (570 in chips) 
Seat 3: Mahu2021 (370 in chips) 
Mahu2021: posts small blind 10
vivatik: posts big blind 20
*** HOLE CARDS ***
Dealt to Mahu2021 [3d Tc]
silhouettesarka: raises 20 to 40
Mahu2021: folds 
vivatik: raises 520 to 560 and is all-in
silhouettesarka: folds 
Uncalled bet (520) returned to vivatik
vivatik collected 90 from pot
vivatik: doesn't show hand 
*** SUMMARY ***
Total pot 90 | Rake 0 
Seat 1: vivatik (big blind) collected (90)
Seat 2: silhouettesarka (button) folded before Flop
Seat 3: Mahu2021 (small blind) folded before Flop



PokerStars Hand #254497319267: Tournament #3850284812, $4.60+$0.40 USD Hold'em No Limit - Level I (10/20) - 2025/01/22 12:42:38 CET [2025/01/22 6:42:38 ET]
Table '3850284812 1' 3-max Seat #3 is the button
Seat 1: vivatik (610 in chips) 
Seat 2: silhouettesarka (530 in chips) 
Seat 3: Mahu2021 (360 in chips) 
vivatik: posts small blind 10
silhouettesarka: posts big blind 20
*** HOLE CARDS ***
Dealt to Mahu2021 [5h Kh]
Mahu2021: raises 20 to 40
vivatik: folds 
silhouettesarka: calls 20
*** FLOP *** [Ah 2d Td]
silhouettesarka: checks 
Mahu2021: bets 40
silhouettesarka: folds 
Uncalled bet (40) returned to Mahu2021
Mahu2021 collected 90 from pot
Mahu2021: doesn't show hand 
*** SUMMARY ***
Total pot 90 | Rake 0 
Board [Ah 2d Td]
Seat 1: vivatik (small blind) folded before Flop
Seat 2: silhouettesarka (big blind) folded on the Flop
Seat 3: Mahu2021 (button) collected (90)



PokerStars Hand #254497321611: Tournament #3850284812, $4.60+$0.40 USD Hold'em No Limit - Level I (10/20) - 2025/01/22 12:42:55 CET [2025/01/22 6:42:55 ET]
Table '3850284812 1' 3-max Seat #1 is the button
Seat 1: vivatik (600 in chips) 
Seat 2: silhouettesarka (490 in chips) 
Seat 3: Mahu2021 (410 in chips) 
silhouettesarka: posts small blind 10
Mahu2021: posts big blind 20
*** HOLE CARDS ***
Dealt to Mahu2021 [Ac Tc]
vivatik: folds 
silhouettesarka: raises 20 to 40
Mahu2021: raises 100 to 140
silhouettesarka: calls 100
*** FLOP *** [9d Qs 4d]
silhouettesarka: checks 
Mahu2021: checks 
*** TURN *** [9d Qs 4d] [5c]
silhouettesarka: bets 60
Mahu2021: calls 60
*** RIVER *** [9d Qs 4d 5c] [7h]
silhouettesarka: checks 
Mahu2021: checks 
*** SHOW DOWN ***
silhouettesarka: shows [6s 7s] (a pair of Sevens)
Mahu2021: mucks hand 
silhouettesarka collected 400 from pot
*** SUMMARY ***
Total pot 400 | Rake 0 
Board [9d Qs 4d 5c 7h]
Seat 1: vivatik (button) folded before Flop (didn't bet)
Seat 2: silhouettesarka (small blind) showed [6s 7s] and won (400) with a pair of Sevens
Seat 3: Mahu2021 (big blind) mucked [Ac Tc]



PokerStars Hand #254497325155: Tournament #3850284812, $4.60+$0.40 USD Hold'em No Limit - Level I (10/20) - 2025/01/22 12:43:22 CET [2025/01/22 6:43:22 ET]
Table '3850284812 1' 3-max Seat #2 is the button
Seat 1: vivatik (600 in chips) 
Seat 2: silhouettesarka (690 in chips) 
Seat 3: Mahu2021 (210 in chips) 
Mahu2021: posts small blind 10
vivatik: posts big blind 20
*** HOLE CARDS ***
Dealt to Mahu2021 [6c 2d]
silhouettesarka: raises 20 to 40
Mahu2021: folds 
vivatik: folds 
Uncalled bet (20) returned to silhouettesarka
silhouettesarka collected 50 from pot
*** SUMMARY ***
Total pot 50 | Rake 0 
Seat 1: vivatik (big blind) folded before Flop
Seat 2: silhouettesarka (button) collected (50)
Seat 3: Mahu2021 (small blind) folded before Flop



PokerStars Hand #254497326436: Tournament #3850284812, $4.60+$0.40 USD Hold'em No Limit - Level I (10/20) - 2025/01/22 12:43:33 CET [2025/01/22 6:43:33 ET]
Table '3850284812 1' 3-max Seat #3 is the button
Seat 1: vivatik (580 in chips) 
Seat 2: silhouettesarka (720 in chips) 
Seat 3: Mahu2021 (200 in chips) 
vivatik: posts small blind 10
silhouettesarka: posts big blind 20
*** HOLE CARDS ***
Dealt to Mahu2021 [8s 8h]
Mahu2021: raises 180 to 200 and is all-in
vivatik: folds 
silhouettesarka: calls 180
*** FLOP *** [2h 9c 8d]
*** TURN *** [2h 9c 8d] [Jh]
*** RIVER *** [2h 9c 8d Jh] [Jc]
*** SHOW DOWN ***
silhouettesarka: shows [4s 4c] (two pair, Jacks and Fours)
Mahu2021: shows [8s 8h] (a full house, Eights full of Jacks)
Mahu2021 collected 410 from pot
*** SUMMARY ***
Total pot 410 | Rake 0 
Board [2h 9c 8d Jh Jc]
Seat 1: vivatik (small blind) folded before Flop
Seat 2: silhouettesarka (big blind) showed [4s 4c] and lost with two pair, Jacks and Fours
Seat 3: Mahu2021 (button) showed [8s 8h] and won (410) with a full house, Eights full of Jacks



PokerStars Hand #254497328351: Tournament #3850284812, $4.60+$0.40 USD Hold'em No Limit - Level I (10/20) - 2025/01/22 12:43:48 CET [2025/01/22 6:43:48 ET]
Table '3850284812 1' 3-max Seat #1 is the button
Seat 1: vivatik (570 in chips) 
Seat 2: silhouettesarka (520 in chips) 
Seat 3: Mahu2021 (410 in chips) 
silhouettesarka: posts small blind 10
Mahu2021: posts big blind 20
*** HOLE CARDS ***
Dealt to Mahu2021 [Jh 5s]
vivatik: raises 20 to 40
silhouettesarka: calls 30
Mahu2021: folds 
*** FLOP *** [8d 5d Th]
silhouettesarka: checks 
vivatik: checks 
*** TURN *** [8d 5d Th] [7h]
silhouettesarka: bets 40
vivatik: calls 40
*** RIVER *** [8d 5d Th 7h] [3c]
silhouettesarka: checks 
vivatik: checks 
*** SHOW DOWN ***
silhouettesarka: shows [7d Qs] (a pair of Sevens)
vivatik: mucks hand 
silhouettesarka collected 180 from pot
*** SUMMARY ***
Total pot 180 | Rake 0 
Board [8d 5d Th 7h 3c]
Seat 1: vivatik (button) mucked [Jc Kh]
Seat 2: silhouettesarka (small blind) showed [7d Qs] and won (180) with a pair of Sevens
Seat 3: Mahu2021 (big blind) folded before Flop



PokerStars Hand #254497333664: Tournament #3850284812, $4.60+$0.40 USD Hold'em No Limit - Level II (15/30) - 2025/01/22 12:44:29 CET [2025/01/22 6:44:29 ET]
Table '3850284812 1' 3-max Seat #2 is the button
Seat 1: vivatik (490 in chips) 
Seat 2: silhouettesarka (620 in chips) 
Seat 3: Mahu2021 (390 in chips) 
Mahu2021: posts small blind 15
vivatik: posts big blind 30
*** HOLE CARDS ***
Dealt to Mahu2021 [3s Qc]
silhouettesarka: raises 30 to 60
Mahu2021: folds 
vivatik: calls 30
*** FLOP *** [4h 5d Ks]
vivatik: checks 
silhouettesarka: checks 
*** TURN *** [4h 5d Ks] [Jd]
vivatik: bets 68
silhouettesarka: calls 68
*** RIVER *** [4h 5d Ks Jd] [9d]
vivatik: checks 
silhouettesarka: checks 
*** SHOW DOWN ***
vivatik: shows [Jc 7c] (a pair of Jacks)
silhouettesarka: shows [Js Qh] (a pair of Jacks - King+Queen kicker)
silhouettesarka collected 271 from pot
*** SUMMARY ***
Total pot 271 | Rake 0 
Board [4h 5d Ks Jd 9d]
Seat 1: vivatik (big blind) showed [Jc 7c] and lost with a pair of Jacks
Seat 2: silhouettesarka (button) showed [Js Qh] and won (271) with a pair of Jacks
Seat 3: Mahu2021 (small blind) folded before Flop



PokerStars Hand #254497336962: Tournament #3850284812, $4.60+$0.40 USD Hold'em No Limit - Level II (15/30) - 2025/01/22 12:44:53 CET [2025/01/22 6:44:53 ET]
Table '3850284812 1' 3-max Seat #3 is the button
Seat 1: vivatik (362 in chips) 
Seat 2: silhouettesarka (763 in chips) 
Seat 3: Mahu2021 (375 in chips) 
vivatik: posts small blind 15
silhouettesarka: posts big blind 30
*** HOLE CARDS ***
Dealt to Mahu2021 [9c Td]
Mahu2021: folds 
vivatik: folds 
Uncalled bet (15) returned to silhouettesarka
silhouettesarka collected 30 from pot
*** SUMMARY ***
Total pot 30 | Rake 0 
Seat 1: vivatik (small blind) folded before Flop
Seat 2: silhouettesarka (big blind) collected (30)
Seat 3: Mahu2021 (button) folded before Flop (didn't bet)



PokerStars Hand #254497340211: Tournament #3850284812, $4.60+$0.40 USD Hold'em No Limit - Level II (15/30) - 2025/01/22 12:45:18 CET [2025/01/22 6:45:18 ET]
Table '3850284812 1' 3-max Seat #1 is the button
Seat 1: vivatik (347 in chips) 
Seat 2: silhouettesarka (778 in chips) 
Seat 3: Mahu2021 (375 in chips) 
silhouettesarka: posts small blind 15
Mahu2021: posts big blind 30
*** HOLE CARDS ***
Dealt to Mahu2021 [2h 8c]
vivatik: raises 317 to 347 and is all-in
silhouettesarka: folds 
Mahu2021: folds 
Uncalled bet (317) returned to vivatik
vivatik collected 75 from pot
vivatik: doesn't show hand 
*** SUMMARY ***
Total pot 75 | Rake 0 
Seat 1: vivatik (button) collected (75)
Seat 2: silhouettesarka (small blind) folded before Flop
Seat 3: Mahu2021 (big blind) folded before Flop



PokerStars Hand #254497340974: Tournament #3850284812, $4.60+$0.40 USD Hold'em No Limit - Level II (15/30) - 2025/01/22 12:45:24 CET [2025/01/22 6:45:24 ET]
Table '3850284812 1' 3-max Seat #2 is the button
Seat 1: vivatik (392 in chips) 
Seat 2: silhouettesarka (763 in chips) 
Seat 3: Mahu2021 (345 in chips) 
Mahu2021: posts small blind 15
vivatik: posts big blind 30
*** HOLE CARDS ***
Dealt to Mahu2021 [Ad 4d]
silhouettesarka: folds 
Mahu2021: raises 30 to 60
vivatik: folds 
Uncalled bet (30) returned to Mahu2021
Mahu2021 collected 60 from pot
Mahu2021: doesn't show hand 
*** SUMMARY ***
Total pot 60 | Rake 0 
Seat 1: vivatik (big blind) folded before Flop
Seat 2: silhouettesarka (button) folded before Flop (didn't bet)
Seat 3: Mahu2021 (small blind) collected (60)



PokerStars Hand #254497341980: Tournament #3850284812, $4.60+$0.40 USD Hold'em No Limit - Level II (15/30) - 2025/01/22 12:45:32 CET [2025/01/22 6:45:32 ET]
Table '3850284812 1' 3-max Seat #3 is the button
Seat 1: vivatik (362 in chips) 
Seat 2: silhouettesarka (763 in chips) 
Seat 3: Mahu2021 (375 in chips) 
vivatik: posts small blind 15
silhouettesarka: posts big blind 30
*** HOLE CARDS ***
Dealt to Mahu2021 [3s 5d]
Mahu2021: folds 
vivatik: raises 332 to 362 and is all-in
silhouettesarka: folds 
Uncalled bet (332) returned to vivatik
vivatik collected 60 from pot
vivatik: doesn't show hand 
*** SUMMARY ***
Total pot 60 | Rake 0 
Seat 1: vivatik (small blind) collected (60)
Seat 2: silhouettesarka (big blind) folded before Flop
Seat 3: Mahu2021 (button) folded before Flop (didn't bet)



PokerStars Hand #254497343021: Tournament #3850284812, $4.60+$0.40 USD Hold'em No Limit - Level II (15/30) - 2025/01/22 12:45:40 CET [2025/01/22 6:45:40 ET]
Table '3850284812 1' 3-max Seat #1 is the button
Seat 1: vivatik (392 in chips) 
Seat 2: silhouettesarka (733 in chips) 
Seat 3: Mahu2021 (375 in chips) 
silhouettesarka: posts small blind 15
Mahu2021: posts big blind 30
*** HOLE CARDS ***
Dealt to Mahu2021 [2h 8c]
vivatik: folds 
silhouettesarka: raises 30 to 60
Mahu2021: folds 
Uncalled bet (30) returned to silhouettesarka
silhouettesarka collected 60 from pot
*** SUMMARY ***
Total pot 60 | Rake 0 
Seat 1: vivatik (button) folded before Flop (didn't bet)
Seat 2: silhouettesarka (small blind) collected (60)
Seat 3: Mahu2021 (big blind) folded before Flop



PokerStars Hand #254497344724: Tournament #3850284812, $4.60+$0.40 USD Hold'em No Limit - Level II (15/30) - 2025/01/22 12:45:52 CET [2025/01/22 6:45:52 ET]
Table '3850284812 1' 3-max Seat #2 is the button
Seat 1: vivatik (392 in chips) 
Seat 2: silhouettesarka (763 in chips) 
Seat 3: Mahu2021 (345 in chips) 
Mahu2021: posts small blind 15
vivatik: posts big blind 30
*** HOLE CARDS ***
Dealt to Mahu2021 [8c 8s]
silhouettesarka: folds 
Mahu2021: raises 315 to 345 and is all-in
vivatik: calls 315
*** FLOP *** [Th Js Jc]
*** TURN *** [Th Js Jc] [7d]
*** RIVER *** [Th Js Jc 7d] [4s]
*** SHOW DOWN ***
Mahu2021: shows [8c 8s] (two pair, Jacks and Eights)
vivatik: shows [Jd Jh] (four of a kind, Jacks)
vivatik collected 690 from pot
Mahu2021 finished the tournament in 3rd place
*** SUMMARY ***
Total pot 690 | Rake 0 
Board [Th Js Jc 7d 4s]
Seat 1: vivatik (big blind) showed [Jd Jh] and won (690) with four of a kind, Jacks
Seat 2: silhouettesarka (button) folded before Flop (didn't bet)
Seat 3: Mahu2021 (small blind) showed [8c 8s] and lost with two pair, Jacks and Eights



