PokerStars Hand #254501190957: Tournament #3850376427, $4.60+$0.40 USD Hold'em No Limit - Level I (10/20) - 2025/01/22 18:01:33 CET [2025/01/22 12:01:33 ET]
Table '3850376427 1' 3-max Seat #1 is the button
Seat 1: window_eagle (500 in chips) 
Seat 2: Mahu2021 (500 in chips) 
Seat 3: 88phsyho88 (500 in chips) 
Mahu2021: posts small blind 10
88phsyho88: posts big blind 20
*** HOLE CARDS ***
Dealt to Mahu2021 [4d 3c]
window_eagle: calls 20
Mahu2021: folds 
88phsyho88: checks 
*** FLOP *** [9h Jh Qc]
88phsyho88: checks 
window_eagle: checks 
*** TURN *** [9h Jh Qc] [Ad]
88phsyho88: checks 
window_eagle: checks 
*** RIVER *** [9h Jh Qc Ad] [7d]
88phsyho88: checks 
window_eagle: bets 20
88phsyho88: folds 
Uncalled bet (20) returned to window_eagle
window_eagle collected 50 from pot
*** SUMMARY ***
Total pot 50 | Rake 0 
Board [9h Jh Qc Ad 7d]
Seat 1: window_eagle (button) collected (50)
Seat 2: Mahu2021 (small blind) folded before Flop
Seat 3: 88phsyho88 (big blind) folded on the River



PokerStars Hand #254501196602: Tournament #3850376427, $4.60+$0.40 USD Hold'em No Limit - Level I (10/20) - 2025/01/22 18:01:58 CET [2025/01/22 12:01:58 ET]
Table '3850376427 1' 3-max Seat #2 is the button
Seat 1: window_eagle (530 in chips) 
Seat 2: Mahu2021 (490 in chips) 
Seat 3: 88phsyho88 (480 in chips) 
88phsyho88: posts small blind 10
window_eagle: posts big blind 20
*** HOLE CARDS ***
Dealt to Mahu2021 [7h 4c]
Mahu2021: folds 
88phsyho88: calls 10
window_eagle: checks 
*** FLOP *** [As 6s Kc]
88phsyho88: bets 20
window_eagle: calls 20
*** TURN *** [As 6s Kc] [Js]
88phsyho88: checks 
window_eagle: checks 
*** RIVER *** [As 6s Kc Js] [8c]
88phsyho88: checks 
window_eagle: checks 
*** SHOW DOWN ***
88phsyho88: shows [4d 5s] (high card Ace)
window_eagle: shows [Kh 9s] (a pair of Kings)
window_eagle collected 80 from pot
*** SUMMARY ***
Total pot 80 | Rake 0 
Board [As 6s Kc Js 8c]
Seat 1: window_eagle (big blind) showed [Kh 9s] and won (80) with a pair of Kings
Seat 2: Mahu2021 (button) folded before Flop (didn't bet)
Seat 3: 88phsyho88 (small blind) showed [4d 5s] and lost with high card Ace



PokerStars Hand #254501202922: Tournament #3850376427, $4.60+$0.40 USD Hold'em No Limit - Level I (10/20) - 2025/01/22 18:02:26 CET [2025/01/22 12:02:26 ET]
Table '3850376427 1' 3-max Seat #3 is the button
Seat 1: window_eagle (570 in chips) 
Seat 2: Mahu2021 (490 in chips) 
Seat 3: 88phsyho88 (440 in chips) 
window_eagle: posts small blind 10
Mahu2021: posts big blind 20
*** HOLE CARDS ***
Dealt to Mahu2021 [Td 5c]
88phsyho88: raises 420 to 440 and is all-in
window_eagle: calls 430
Mahu2021: folds 
*** FLOP *** [9s Ad 2d]
*** TURN *** [9s Ad 2d] [3h]
*** RIVER *** [9s Ad 2d 3h] [4c]
*** SHOW DOWN ***
window_eagle: shows [Kh Ah] (a pair of Aces)
88phsyho88: shows [6c 6s] (a pair of Sixes)
window_eagle collected 900 from pot
88phsyho88 finished the tournament in 3rd place
*** SUMMARY ***
Total pot 900 | Rake 0 
Board [9s Ad 2d 3h 4c]
Seat 1: window_eagle (small blind) showed [Kh Ah] and won (900) with a pair of Aces
Seat 2: Mahu2021 (big blind) folded before Flop
Seat 3: 88phsyho88 (button) showed [6c 6s] and lost with a pair of Sixes



PokerStars Hand #254501206784: Tournament #3850376427, $4.60+$0.40 USD Hold'em No Limit - Level I (10/20) - 2025/01/22 18:02:44 CET [2025/01/22 12:02:44 ET]
Table '3850376427 1' 3-max Seat #2 is the button
Seat 1: window_eagle (1030 in chips) 
Seat 2: Mahu2021 (470 in chips) 
Mahu2021: posts small blind 10
window_eagle: posts big blind 20
*** HOLE CARDS ***
Dealt to Mahu2021 [Kd Ts]
Mahu2021: raises 20 to 40
window_eagle: folds 
Uncalled bet (20) returned to Mahu2021
Mahu2021 collected 40 from pot
Mahu2021: doesn't show hand 
*** SUMMARY ***
Total pot 40 | Rake 0 
Seat 1: window_eagle (big blind) folded before Flop
Seat 2: Mahu2021 (button) (small blind) collected (40)



PokerStars Hand #254501208012: Tournament #3850376427, $4.60+$0.40 USD Hold'em No Limit - Level I (10/20) - 2025/01/22 18:02:49 CET [2025/01/22 12:02:49 ET]
Table '3850376427 1' 3-max Seat #1 is the button
Seat 1: window_eagle (1010 in chips) 
Seat 2: Mahu2021 (490 in chips) 
window_eagle: posts small blind 10
Mahu2021: posts big blind 20
*** HOLE CARDS ***
Dealt to Mahu2021 [6d 2s]
window_eagle: calls 10
Mahu2021: checks 
*** FLOP *** [8h 8c 5c]
Mahu2021: checks 
window_eagle: checks 
*** TURN *** [8h 8c 5c] [Jc]
Mahu2021: checks 
window_eagle: checks 
*** RIVER *** [8h 8c 5c Jc] [Th]
Mahu2021: checks 
window_eagle: bets 20
Mahu2021: folds 
Uncalled bet (20) returned to window_eagle
window_eagle collected 40 from pot
*** SUMMARY ***
Total pot 40 | Rake 0 
Board [8h 8c 5c Jc Th]
Seat 1: window_eagle (button) (small blind) collected (40)
Seat 2: Mahu2021 (big blind) folded on the River



PokerStars Hand #254501210743: Tournament #3850376427, $4.60+$0.40 USD Hold'em No Limit - Level I (10/20) - 2025/01/22 18:03:01 CET [2025/01/22 12:03:01 ET]
Table '3850376427 1' 3-max Seat #2 is the button
Seat 1: window_eagle (1030 in chips) 
Seat 2: Mahu2021 (470 in chips) 
Mahu2021: posts small blind 10
window_eagle: posts big blind 20
*** HOLE CARDS ***
Dealt to Mahu2021 [6d Qs]
Mahu2021: calls 10
window_eagle: checks 
*** FLOP *** [Ah Td 7c]
window_eagle: checks 
Mahu2021: checks 
*** TURN *** [Ah Td 7c] [4c]
window_eagle: checks 
Mahu2021: checks 
*** RIVER *** [Ah Td 7c 4c] [7s]
window_eagle: checks 
Mahu2021: checks 
*** SHOW DOWN ***
window_eagle: shows [Kh 8s] (a pair of Sevens)
Mahu2021: mucks hand 
window_eagle collected 40 from pot
*** SUMMARY ***
Total pot 40 | Rake 0 
Board [Ah Td 7c 4c 7s]
Seat 1: window_eagle (big blind) showed [Kh 8s] and won (40) with a pair of Sevens
Seat 2: Mahu2021 (button) (small blind) mucked [6d Qs]



PokerStars Hand #254501213292: Tournament #3850376427, $4.60+$0.40 USD Hold'em No Limit - Level I (10/20) - 2025/01/22 18:03:13 CET [2025/01/22 12:03:13 ET]
Table '3850376427 1' 3-max Seat #1 is the button
Seat 1: window_eagle (1050 in chips) 
Seat 2: Mahu2021 (450 in chips) 
window_eagle: posts small blind 10
Mahu2021: posts big blind 20
*** HOLE CARDS ***
Dealt to Mahu2021 [As 3s]
window_eagle: folds 
Uncalled bet (10) returned to Mahu2021
Mahu2021 collected 20 from pot
Mahu2021: doesn't show hand 
*** SUMMARY ***
Total pot 20 | Rake 0 
Seat 1: window_eagle (button) (small blind) folded before Flop
Seat 2: Mahu2021 (big blind) collected (20)



PokerStars Hand #254501214711: Tournament #3850376427, $4.60+$0.40 USD Hold'em No Limit - Level I (10/20) - 2025/01/22 18:03:19 CET [2025/01/22 12:03:19 ET]
Table '3850376427 1' 3-max Seat #2 is the button
Seat 1: window_eagle (1040 in chips) 
Seat 2: Mahu2021 (460 in chips) 
Mahu2021: posts small blind 10
window_eagle: posts big blind 20
*** HOLE CARDS ***
Dealt to Mahu2021 [3c 6c]
Mahu2021: calls 10
window_eagle: checks 
*** FLOP *** [4h 5d Qd]
window_eagle: bets 20
Mahu2021: calls 20
*** TURN *** [4h 5d Qd] [6s]
window_eagle: bets 20
Mahu2021: calls 20
*** RIVER *** [4h 5d Qd 6s] [Qs]
window_eagle: bets 20
Mahu2021: calls 20
*** SHOW DOWN ***
window_eagle: shows [5s Kd] (two pair, Queens and Fives)
Mahu2021: shows [3c 6c] (two pair, Queens and Sixes)
Mahu2021 collected 160 from pot
*** SUMMARY ***
Total pot 160 | Rake 0 
Board [4h 5d Qd 6s Qs]
Seat 1: window_eagle (big blind) showed [5s Kd] and lost with two pair, Queens and Fives
Seat 2: Mahu2021 (button) (small blind) showed [3c 6c] and won (160) with two pair, Queens and Sixes



PokerStars Hand #254501218163: Tournament #3850376427, $4.60+$0.40 USD Hold'em No Limit - Level I (10/20) - 2025/01/22 18:03:33 CET [2025/01/22 12:03:33 ET]
Table '3850376427 1' 3-max Seat #1 is the button
Seat 1: window_eagle (960 in chips) 
Seat 2: Mahu2021 (540 in chips) 
window_eagle: posts small blind 10
Mahu2021: posts big blind 20
*** HOLE CARDS ***
Dealt to Mahu2021 [7d 4h]
window_eagle: folds 
Uncalled bet (10) returned to Mahu2021
Mahu2021 collected 20 from pot
Mahu2021: doesn't show hand 
*** SUMMARY ***
Total pot 20 | Rake 0 
Seat 1: window_eagle (button) (small blind) folded before Flop
Seat 2: Mahu2021 (big blind) collected (20)



PokerStars Hand #254501219712: Tournament #3850376427, $4.60+$0.40 USD Hold'em No Limit - Level I (10/20) - 2025/01/22 18:03:40 CET [2025/01/22 12:03:40 ET]
Table '3850376427 1' 3-max Seat #2 is the button
Seat 1: window_eagle (950 in chips) 
Seat 2: Mahu2021 (550 in chips) 
Mahu2021: posts small blind 10
window_eagle: posts big blind 20
*** HOLE CARDS ***
Dealt to Mahu2021 [Ac 3h]
Mahu2021: raises 20 to 40
window_eagle: calls 20
*** FLOP *** [2d 8c Ad]
window_eagle: checks 
Mahu2021: checks 
*** TURN *** [2d 8c Ad] [5s]
window_eagle: checks 
Mahu2021: checks 
*** RIVER *** [2d 8c Ad 5s] [Js]
window_eagle: checks 
Mahu2021: bets 80
window_eagle: calls 80
*** SHOW DOWN ***
Mahu2021: shows [Ac 3h] (a pair of Aces)
window_eagle: mucks hand 
Mahu2021 collected 240 from pot
*** SUMMARY ***
Total pot 240 | Rake 0 
Board [2d 8c Ad 5s Js]
Seat 1: window_eagle (big blind) mucked [Kh 5h]
Seat 2: Mahu2021 (button) (small blind) showed [Ac 3h] and won (240) with a pair of Aces



PokerStars Hand #254501223192: Tournament #3850376427, $4.60+$0.40 USD Hold'em No Limit - Level I (10/20) - 2025/01/22 18:03:55 CET [2025/01/22 12:03:55 ET]
Table '3850376427 1' 3-max Seat #1 is the button
Seat 1: window_eagle (830 in chips) 
Seat 2: Mahu2021 (670 in chips) 
window_eagle: posts small blind 10
Mahu2021: posts big blind 20
*** HOLE CARDS ***
Dealt to Mahu2021 [4h Qd]
window_eagle: calls 10
Mahu2021: checks 
*** FLOP *** [Td 7c 7s]
Mahu2021: checks 
window_eagle: checks 
*** TURN *** [Td 7c 7s] [2s]
Mahu2021: checks 
window_eagle: bets 40
Mahu2021: folds 
Uncalled bet (40) returned to window_eagle
window_eagle collected 40 from pot
*** SUMMARY ***
Total pot 40 | Rake 0 
Board [Td 7c 7s 2s]
Seat 1: window_eagle (button) (small blind) collected (40)
Seat 2: Mahu2021 (big blind) folded on the Turn



PokerStars Hand #254501226405: Tournament #3850376427, $4.60+$0.40 USD Hold'em No Limit - Level I (10/20) - 2025/01/22 18:04:09 CET [2025/01/22 12:04:09 ET]
Table '3850376427 1' 3-max Seat #2 is the button
Seat 1: window_eagle (850 in chips) 
Seat 2: Mahu2021 (650 in chips) 
Mahu2021: posts small blind 10
window_eagle: posts big blind 20
*** HOLE CARDS ***
Dealt to Mahu2021 [Kh 8s]
Mahu2021: raises 20 to 40
window_eagle: raises 20 to 60
Mahu2021: calls 20
*** FLOP *** [2s 7h Qh]
window_eagle: bets 60
Mahu2021: folds 
Uncalled bet (60) returned to window_eagle
window_eagle collected 120 from pot
*** SUMMARY ***
Total pot 120 | Rake 0 
Board [2s 7h Qh]
Seat 1: window_eagle (big blind) collected (120)
Seat 2: Mahu2021 (button) (small blind) folded on the Flop



PokerStars Hand #254501228828: Tournament #3850376427, $4.60+$0.40 USD Hold'em No Limit - Level I (10/20) - 2025/01/22 18:04:20 CET [2025/01/22 12:04:20 ET]
Table '3850376427 1' 3-max Seat #1 is the button
Seat 1: window_eagle (910 in chips) 
Seat 2: Mahu2021 (590 in chips) 
window_eagle: posts small blind 10
Mahu2021: posts big blind 20
*** HOLE CARDS ***
Dealt to Mahu2021 [4s Qs]
window_eagle: calls 10
Mahu2021: checks 
*** FLOP *** [6c 6h Ah]
Mahu2021: checks 
window_eagle: checks 
*** TURN *** [6c 6h Ah] [Tc]
Mahu2021: checks 
window_eagle: checks 
*** RIVER *** [6c 6h Ah Tc] [Ac]
Mahu2021: checks 
window_eagle: checks 
*** SHOW DOWN ***
Mahu2021: shows [4s Qs] (two pair, Aces and Sixes)
window_eagle: shows [Kh 3h] (two pair, Aces and Sixes - King kicker)
window_eagle collected 40 from pot
*** SUMMARY ***
Total pot 40 | Rake 0 
Board [6c 6h Ah Tc Ac]
Seat 1: window_eagle (button) (small blind) showed [Kh 3h] and won (40) with two pair, Aces and Sixes
Seat 2: Mahu2021 (big blind) showed [4s Qs] and lost with two pair, Aces and Sixes



PokerStars Hand #254501231520: Tournament #3850376427, $4.60+$0.40 USD Hold'em No Limit - Level I (10/20) - 2025/01/22 18:04:31 CET [2025/01/22 12:04:31 ET]
Table '3850376427 1' 3-max Seat #2 is the button
Seat 1: window_eagle (930 in chips) 
Seat 2: Mahu2021 (570 in chips) 
Mahu2021: posts small blind 10
window_eagle: posts big blind 20
*** HOLE CARDS ***
Dealt to Mahu2021 [9c 3h]
Mahu2021: folds 
Uncalled bet (10) returned to window_eagle
window_eagle collected 20 from pot
*** SUMMARY ***
Total pot 20 | Rake 0 
Seat 1: window_eagle (big blind) collected (20)
Seat 2: Mahu2021 (button) (small blind) folded before Flop



PokerStars Hand #254501233600: Tournament #3850376427, $4.60+$0.40 USD Hold'em No Limit - Level II (15/30) - 2025/01/22 18:04:40 CET [2025/01/22 12:04:40 ET]
Table '3850376427 1' 3-max Seat #1 is the button
Seat 1: window_eagle (940 in chips) 
Seat 2: Mahu2021 (560 in chips) 
window_eagle: posts small blind 15
Mahu2021: posts big blind 30
*** HOLE CARDS ***
Dealt to Mahu2021 [3d 5d]
window_eagle: calls 15
Mahu2021: checks 
*** FLOP *** [6c Js 6h]
Mahu2021: checks 
window_eagle: checks 
*** TURN *** [6c Js 6h] [9s]
Mahu2021: checks 
window_eagle: checks 
*** RIVER *** [6c Js 6h 9s] [Ac]
Mahu2021: checks 
window_eagle: checks 
*** SHOW DOWN ***
Mahu2021: shows [3d 5d] (a pair of Sixes)
window_eagle: shows [4c Kd] (a pair of Sixes - Ace+King kicker)
window_eagle collected 60 from pot
*** SUMMARY ***
Total pot 60 | Rake 0 
Board [6c Js 6h 9s Ac]
Seat 1: window_eagle (button) (small blind) showed [4c Kd] and won (60) with a pair of Sixes
Seat 2: Mahu2021 (big blind) showed [3d 5d] and lost with a pair of Sixes



PokerStars Hand #254501236292: Tournament #3850376427, $4.60+$0.40 USD Hold'em No Limit - Level II (15/30) - 2025/01/22 18:04:51 CET [2025/01/22 12:04:51 ET]
Table '3850376427 1' 3-max Seat #2 is the button
Seat 1: window_eagle (970 in chips) 
Seat 2: Mahu2021 (530 in chips) 
Mahu2021: posts small blind 15
window_eagle: posts big blind 30
*** HOLE CARDS ***
Dealt to Mahu2021 [Ad 6c]
Mahu2021: raises 30 to 60
window_eagle: calls 30
*** FLOP *** [3c 7s 6s]
window_eagle: checks 
Mahu2021: bets 60
window_eagle: calls 60
*** TURN *** [3c 7s 6s] [Ks]
window_eagle: checks 
Mahu2021: checks 
*** RIVER *** [3c 7s 6s Ks] [Jd]
window_eagle: bets 60
Mahu2021: folds 
Uncalled bet (60) returned to window_eagle
window_eagle collected 240 from pot
*** SUMMARY ***
Total pot 240 | Rake 0 
Board [3c 7s 6s Ks Jd]
Seat 1: window_eagle (big blind) collected (240)
Seat 2: Mahu2021 (button) (small blind) folded on the River



PokerStars Hand #254501240461: Tournament #3850376427, $4.60+$0.40 USD Hold'em No Limit - Level II (15/30) - 2025/01/22 18:05:09 CET [2025/01/22 12:05:09 ET]
Table '3850376427 1' 3-max Seat #1 is the button
Seat 1: window_eagle (1090 in chips) 
Seat 2: Mahu2021 (410 in chips) 
window_eagle: posts small blind 15
Mahu2021: posts big blind 30
*** HOLE CARDS ***
Dealt to Mahu2021 [6d 4h]
window_eagle: folds 
Uncalled bet (15) returned to Mahu2021
Mahu2021 collected 30 from pot
Mahu2021: doesn't show hand 
*** SUMMARY ***
Total pot 30 | Rake 0 
Seat 1: window_eagle (button) (small blind) folded before Flop
Seat 2: Mahu2021 (big blind) collected (30)



PokerStars Hand #254501241564: Tournament #3850376427, $4.60+$0.40 USD Hold'em No Limit - Level II (15/30) - 2025/01/22 18:05:14 CET [2025/01/22 12:05:14 ET]
Table '3850376427 1' 3-max Seat #2 is the button
Seat 1: window_eagle (1075 in chips) 
Seat 2: Mahu2021 (425 in chips) 
Mahu2021: posts small blind 15
window_eagle: posts big blind 30
*** HOLE CARDS ***
Dealt to Mahu2021 [Tc Jc]
Mahu2021: raises 30 to 60
window_eagle: calls 30
*** FLOP *** [Qh 6s 3c]
window_eagle: checks 
Mahu2021: checks 
*** TURN *** [Qh 6s 3c] [5d]
window_eagle: checks 
Mahu2021: checks 
*** RIVER *** [Qh 6s 3c 5d] [Ah]
window_eagle: checks 
Mahu2021: bets 60
window_eagle: folds 
Uncalled bet (60) returned to Mahu2021
Mahu2021 collected 120 from pot
Mahu2021: doesn't show hand 
*** SUMMARY ***
Total pot 120 | Rake 0 
Board [Qh 6s 3c 5d Ah]
Seat 1: window_eagle (big blind) folded on the River
Seat 2: Mahu2021 (button) (small blind) collected (120)



PokerStars Hand #254501245221: Tournament #3850376427, $4.60+$0.40 USD Hold'em No Limit - Level II (15/30) - 2025/01/22 18:05:30 CET [2025/01/22 12:05:30 ET]
Table '3850376427 1' 3-max Seat #1 is the button
Seat 1: window_eagle (1015 in chips) 
Seat 2: Mahu2021 (485 in chips) 
window_eagle: posts small blind 15
Mahu2021: posts big blind 30
*** HOLE CARDS ***
Dealt to Mahu2021 [4s 8h]
window_eagle: folds 
Uncalled bet (15) returned to Mahu2021
Mahu2021 collected 30 from pot
Mahu2021: doesn't show hand 
*** SUMMARY ***
Total pot 30 | Rake 0 
Seat 1: window_eagle (button) (small blind) folded before Flop
Seat 2: Mahu2021 (big blind) collected (30)



PokerStars Hand #254501246373: Tournament #3850376427, $4.60+$0.40 USD Hold'em No Limit - Level II (15/30) - 2025/01/22 18:05:35 CET [2025/01/22 12:05:35 ET]
Table '3850376427 1' 3-max Seat #2 is the button
Seat 1: window_eagle (1000 in chips) 
Seat 2: Mahu2021 (500 in chips) 
Mahu2021: posts small blind 15
window_eagle: posts big blind 30
*** HOLE CARDS ***
Dealt to Mahu2021 [Ks 9h]
Mahu2021: raises 30 to 60
window_eagle: calls 30
*** FLOP *** [5d Qh Qd]
window_eagle: checks 
Mahu2021: checks 
*** TURN *** [5d Qh Qd] [7c]
window_eagle: checks 
Mahu2021: checks 
*** RIVER *** [5d Qh Qd 7c] [4d]
window_eagle: checks 
Mahu2021: checks 
*** SHOW DOWN ***
window_eagle: shows [Ah 6h] (a pair of Queens)
Mahu2021: mucks hand 
window_eagle collected 120 from pot
*** SUMMARY ***
Total pot 120 | Rake 0 
Board [5d Qh Qd 7c 4d]
Seat 1: window_eagle (big blind) showed [Ah 6h] and won (120) with a pair of Queens
Seat 2: Mahu2021 (button) (small blind) mucked [Ks 9h]



PokerStars Hand #254501249093: Tournament #3850376427, $4.60+$0.40 USD Hold'em No Limit - Level II (15/30) - 2025/01/22 18:05:47 CET [2025/01/22 12:05:47 ET]
Table '3850376427 1' 3-max Seat #1 is the button
Seat 1: window_eagle (1060 in chips) 
Seat 2: Mahu2021 (440 in chips) 
window_eagle: posts small blind 15
Mahu2021: posts big blind 30
*** HOLE CARDS ***
Dealt to Mahu2021 [Jc 9c]
window_eagle: folds 
Uncalled bet (15) returned to Mahu2021
Mahu2021 collected 30 from pot
Mahu2021: doesn't show hand 
*** SUMMARY ***
Total pot 30 | Rake 0 
Seat 1: window_eagle (button) (small blind) folded before Flop
Seat 2: Mahu2021 (big blind) collected (30)



PokerStars Hand #254501250588: Tournament #3850376427, $4.60+$0.40 USD Hold'em No Limit - Level II (15/30) - 2025/01/22 18:05:53 CET [2025/01/22 12:05:53 ET]
Table '3850376427 1' 3-max Seat #2 is the button
Seat 1: window_eagle (1045 in chips) 
Seat 2: Mahu2021 (455 in chips) 
Mahu2021: posts small blind 15
window_eagle: posts big blind 30
*** HOLE CARDS ***
Dealt to Mahu2021 [3d Tc]
Mahu2021: folds 
Uncalled bet (15) returned to window_eagle
window_eagle collected 30 from pot
*** SUMMARY ***
Total pot 30 | Rake 0 
Seat 1: window_eagle (big blind) collected (30)
Seat 2: Mahu2021 (button) (small blind) folded before Flop



PokerStars Hand #254501251595: Tournament #3850376427, $4.60+$0.40 USD Hold'em No Limit - Level II (15/30) - 2025/01/22 18:05:58 CET [2025/01/22 12:05:58 ET]
Table '3850376427 1' 3-max Seat #1 is the button
Seat 1: window_eagle (1060 in chips) 
Seat 2: Mahu2021 (440 in chips) 
window_eagle: posts small blind 15
Mahu2021: posts big blind 30
*** HOLE CARDS ***
Dealt to Mahu2021 [Ah Ks]
window_eagle: calls 15
Mahu2021: raises 410 to 440 and is all-in
window_eagle: calls 410
*** FLOP *** [3d 7h Qh]
*** TURN *** [3d 7h Qh] [2h]
*** RIVER *** [3d 7h Qh 2h] [4h]
*** SHOW DOWN ***
Mahu2021: shows [Ah Ks] (a flush, Ace high)
window_eagle: shows [7c 9d] (a pair of Sevens)
Mahu2021 collected 880 from pot
*** SUMMARY ***
Total pot 880 | Rake 0 
Board [3d 7h Qh 2h 4h]
Seat 1: window_eagle (button) (small blind) showed [7c 9d] and lost with a pair of Sevens
Seat 2: Mahu2021 (big blind) showed [Ah Ks] and won (880) with a flush, Ace high



PokerStars Hand #254501255061: Tournament #3850376427, $4.60+$0.40 USD Hold'em No Limit - Level II (15/30) - 2025/01/22 18:06:12 CET [2025/01/22 12:06:12 ET]
Table '3850376427 1' 3-max Seat #2 is the button
Seat 1: window_eagle (620 in chips) 
Seat 2: Mahu2021 (880 in chips) 
Mahu2021: posts small blind 15
window_eagle: posts big blind 30
*** HOLE CARDS ***
Dealt to Mahu2021 [Jc Td]
Mahu2021: calls 15
window_eagle: raises 590 to 620 and is all-in
Mahu2021: folds 
Uncalled bet (590) returned to window_eagle
window_eagle collected 60 from pot
*** SUMMARY ***
Total pot 60 | Rake 0 
Seat 1: window_eagle (big blind) collected (60)
Seat 2: Mahu2021 (button) (small blind) folded before Flop



PokerStars Hand #254501257211: Tournament #3850376427, $4.60+$0.40 USD Hold'em No Limit - Level II (15/30) - 2025/01/22 18:06:22 CET [2025/01/22 12:06:22 ET]
Table '3850376427 1' 3-max Seat #1 is the button
Seat 1: window_eagle (650 in chips) 
Seat 2: Mahu2021 (850 in chips) 
window_eagle: posts small blind 15
Mahu2021: posts big blind 30
*** HOLE CARDS ***
Dealt to Mahu2021 [Qh Ah]
window_eagle: calls 15
Mahu2021: raises 90 to 120
window_eagle: calls 90
*** FLOP *** [9s 3h 4d]
Mahu2021: checks 
window_eagle: bets 530 and is all-in
Mahu2021: folds 
Uncalled bet (530) returned to window_eagle
window_eagle collected 240 from pot
*** SUMMARY ***
Total pot 240 | Rake 0 
Board [9s 3h 4d]
Seat 1: window_eagle (button) (small blind) collected (240)
Seat 2: Mahu2021 (big blind) folded on the Flop



PokerStars Hand #254501260098: Tournament #3850376427, $4.60+$0.40 USD Hold'em No Limit - Level II (15/30) - 2025/01/22 18:06:34 CET [2025/01/22 12:06:34 ET]
Table '3850376427 1' 3-max Seat #2 is the button
Seat 1: window_eagle (770 in chips) 
Seat 2: Mahu2021 (730 in chips) 
Mahu2021: posts small blind 15
window_eagle: posts big blind 30
*** HOLE CARDS ***
Dealt to Mahu2021 [8d 9h]
Mahu2021: calls 15
window_eagle: checks 
*** FLOP *** [3c 6c Kc]
window_eagle: checks 
Mahu2021: checks 
*** TURN *** [3c 6c Kc] [Tc]
window_eagle: bets 30
Mahu2021: raises 60 to 90
window_eagle: calls 60
*** RIVER *** [3c 6c Kc Tc] [Jc]
window_eagle: checks 
Mahu2021: bets 240
window_eagle: calls 240
*** SHOW DOWN ***
Mahu2021: shows [8d 9h] (a flush, King high)
window_eagle: shows [As 2c] (a flush, King high)
window_eagle collected 360 from pot
Mahu2021 collected 360 from pot
*** SUMMARY ***
Total pot 720 | Rake 0 
Board [3c 6c Kc Tc Jc]
Seat 1: window_eagle (big blind) showed [As 2c] and won (360) with a flush, King high
Seat 2: Mahu2021 (button) (small blind) showed [8d 9h] and won (360) with a flush, King high



PokerStars Hand #254501265596: Tournament #3850376427, $4.60+$0.40 USD Hold'em No Limit - Level II (15/30) - 2025/01/22 18:06:58 CET [2025/01/22 12:06:58 ET]
Table '3850376427 1' 3-max Seat #1 is the button
Seat 1: window_eagle (770 in chips) 
Seat 2: Mahu2021 (730 in chips) 
window_eagle: posts small blind 15
Mahu2021: posts big blind 30
*** HOLE CARDS ***
Dealt to Mahu2021 [9h Td]
window_eagle: calls 15
Mahu2021: checks 
*** FLOP *** [7d 3d 5d]
Mahu2021: checks 
window_eagle: checks 
*** TURN *** [7d 3d 5d] [4c]
Mahu2021: checks 
window_eagle: checks 
*** RIVER *** [7d 3d 5d 4c] [Qh]
Mahu2021: checks 
window_eagle: checks 
*** SHOW DOWN ***
Mahu2021: shows [9h Td] (high card Queen)
window_eagle: shows [2s 2h] (a pair of Deuces)
window_eagle collected 60 from pot
*** SUMMARY ***
Total pot 60 | Rake 0 
Board [7d 3d 5d 4c Qh]
Seat 1: window_eagle (button) (small blind) showed [2s 2h] and won (60) with a pair of Deuces
Seat 2: Mahu2021 (big blind) showed [9h Td] and lost with high card Queen



PokerStars Hand #254501268743: Tournament #3850376427, $4.60+$0.40 USD Hold'em No Limit - Level II (15/30) - 2025/01/22 18:07:12 CET [2025/01/22 12:07:12 ET]
Table '3850376427 1' 3-max Seat #2 is the button
Seat 1: window_eagle (800 in chips) 
Seat 2: Mahu2021 (700 in chips) 
Mahu2021: posts small blind 15
window_eagle: posts big blind 30
*** HOLE CARDS ***
Dealt to Mahu2021 [As Qd]
Mahu2021: raises 30 to 60
window_eagle: folds 
Uncalled bet (30) returned to Mahu2021
Mahu2021 collected 60 from pot
Mahu2021: doesn't show hand 
*** SUMMARY ***
Total pot 60 | Rake 0 
Seat 1: window_eagle (big blind) folded before Flop
Seat 2: Mahu2021 (button) (small blind) collected (60)



PokerStars Hand #254501271511: Tournament #3850376427, $4.60+$0.40 USD Hold'em No Limit - Level II (15/30) - 2025/01/22 18:07:24 CET [2025/01/22 12:07:24 ET]
Table '3850376427 1' 3-max Seat #1 is the button
Seat 1: window_eagle (770 in chips) 
Seat 2: Mahu2021 (730 in chips) 
window_eagle: posts small blind 15
Mahu2021: posts big blind 30
*** HOLE CARDS ***
Dealt to Mahu2021 [4c 6h]
window_eagle: calls 15
Mahu2021: checks 
*** FLOP *** [7d 7s Kh]
Mahu2021: checks 
window_eagle: checks 
*** TURN *** [7d 7s Kh] [Qc]
Mahu2021: checks 
window_eagle: checks 
*** RIVER *** [7d 7s Kh Qc] [Js]
Mahu2021: checks 
window_eagle: checks 
*** SHOW DOWN ***
Mahu2021: shows [4c 6h] (a pair of Sevens)
window_eagle: shows [5s 3c] (a pair of Sevens)
Mahu2021 collected 30 from pot
window_eagle collected 30 from pot
*** SUMMARY ***
Total pot 60 | Rake 0 
Board [7d 7s Kh Qc Js]
Seat 1: window_eagle (button) (small blind) showed [5s 3c] and won (30) with a pair of Sevens
Seat 2: Mahu2021 (big blind) showed [4c 6h] and won (30) with a pair of Sevens



PokerStars Hand #254501273949: Tournament #3850376427, $4.60+$0.40 USD Hold'em No Limit - Level II (15/30) - 2025/01/22 18:07:34 CET [2025/01/22 12:07:34 ET]
Table '3850376427 1' 3-max Seat #2 is the button
Seat 1: window_eagle (770 in chips) 
Seat 2: Mahu2021 (730 in chips) 
Mahu2021: posts small blind 15
window_eagle: posts big blind 30
*** HOLE CARDS ***
Dealt to Mahu2021 [4h Js]
Mahu2021: calls 15
window_eagle: checks 
*** FLOP *** [4d 2s 8c]
window_eagle: checks 
Mahu2021: bets 30
window_eagle: calls 30
*** TURN *** [4d 2s 8c] [8d]
window_eagle: checks 
Mahu2021: bets 30
window_eagle: calls 30
*** RIVER *** [4d 2s 8c 8d] [2c]
window_eagle: checks 
Mahu2021: checks 
*** SHOW DOWN ***
window_eagle: shows [Jc Ac] (two pair, Eights and Deuces)
Mahu2021: shows [4h Js] (two pair, Eights and Fours)
Mahu2021 collected 180 from pot
*** SUMMARY ***
Total pot 180 | Rake 0 
Board [4d 2s 8c 8d 2c]
Seat 1: window_eagle (big blind) showed [Jc Ac] and lost with two pair, Eights and Deuces
Seat 2: Mahu2021 (button) (small blind) showed [4h Js] and won (180) with two pair, Eights and Fours



PokerStars Hand #254501278806: Tournament #3850376427, $4.60+$0.40 USD Hold'em No Limit - Level III (20/40) - 2025/01/22 18:07:55 CET [2025/01/22 12:07:55 ET]
Table '3850376427 1' 3-max Seat #1 is the button
Seat 1: window_eagle (680 in chips) 
Seat 2: Mahu2021 (820 in chips) 
window_eagle: posts small blind 20
Mahu2021: posts big blind 40
*** HOLE CARDS ***
Dealt to Mahu2021 [Ah 9d]
window_eagle: raises 640 to 680 and is all-in
Mahu2021: folds 
Uncalled bet (640) returned to window_eagle
window_eagle collected 80 from pot
*** SUMMARY ***
Total pot 80 | Rake 0 
Seat 1: window_eagle (button) (small blind) collected (80)
Seat 2: Mahu2021 (big blind) folded before Flop



PokerStars Hand #254501280387: Tournament #3850376427, $4.60+$0.40 USD Hold'em No Limit - Level III (20/40) - 2025/01/22 18:08:02 CET [2025/01/22 12:08:02 ET]
Table '3850376427 1' 3-max Seat #2 is the button
Seat 1: window_eagle (720 in chips) 
Seat 2: Mahu2021 (780 in chips) 
Mahu2021: posts small blind 20
window_eagle: posts big blind 40
*** HOLE CARDS ***
Dealt to Mahu2021 [Jc 9s]
Mahu2021: calls 20
window_eagle: checks 
*** FLOP *** [2s Qd 5s]
window_eagle: checks 
Mahu2021: checks 
*** TURN *** [2s Qd 5s] [4c]
window_eagle: checks 
Mahu2021: checks 
*** RIVER *** [2s Qd 5s 4c] [Ad]
window_eagle: checks 
Mahu2021: checks 
*** SHOW DOWN ***
window_eagle: shows [8s 6c] (high card Ace)
Mahu2021: shows [Jc 9s] (high card Ace - Queen+Jack kicker)
Mahu2021 collected 80 from pot
*** SUMMARY ***
Total pot 80 | Rake 0 
Board [2s Qd 5s 4c Ad]
Seat 1: window_eagle (big blind) showed [8s 6c] and lost with high card Ace
Seat 2: Mahu2021 (button) (small blind) showed [Jc 9s] and won (80) with high card Ace



PokerStars Hand #254501283350: Tournament #3850376427, $4.60+$0.40 USD Hold'em No Limit - Level III (20/40) - 2025/01/22 18:08:14 CET [2025/01/22 12:08:14 ET]
Table '3850376427 1' 3-max Seat #1 is the button
Seat 1: window_eagle (680 in chips) 
Seat 2: Mahu2021 (820 in chips) 
window_eagle: posts small blind 20
Mahu2021: posts big blind 40
*** HOLE CARDS ***
Dealt to Mahu2021 [5h 9c]
window_eagle: folds 
Uncalled bet (20) returned to Mahu2021
Mahu2021 collected 40 from pot
Mahu2021: doesn't show hand 
*** SUMMARY ***
Total pot 40 | Rake 0 
Seat 1: window_eagle (button) (small blind) folded before Flop
Seat 2: Mahu2021 (big blind) collected (40)



PokerStars Hand #254501284830: Tournament #3850376427, $4.60+$0.40 USD Hold'em No Limit - Level III (20/40) - 2025/01/22 18:08:21 CET [2025/01/22 12:08:21 ET]
Table '3850376427 1' 3-max Seat #2 is the button
Seat 1: window_eagle (660 in chips) 
Seat 2: Mahu2021 (840 in chips) 
Mahu2021: posts small blind 20
window_eagle: posts big blind 40
*** HOLE CARDS ***
Dealt to Mahu2021 [2h Ts]
Mahu2021: folds 
Uncalled bet (20) returned to window_eagle
window_eagle collected 40 from pot
*** SUMMARY ***
Total pot 40 | Rake 0 
Seat 1: window_eagle (big blind) collected (40)
Seat 2: Mahu2021 (button) (small blind) folded before Flop



PokerStars Hand #254501285914: Tournament #3850376427, $4.60+$0.40 USD Hold'em No Limit - Level III (20/40) - 2025/01/22 18:08:25 CET [2025/01/22 12:08:25 ET]
Table '3850376427 1' 3-max Seat #1 is the button
Seat 1: window_eagle (680 in chips) 
Seat 2: Mahu2021 (820 in chips) 
window_eagle: posts small blind 20
Mahu2021: posts big blind 40
*** HOLE CARDS ***
Dealt to Mahu2021 [2d 5s]
window_eagle: calls 20
Mahu2021: checks 
*** FLOP *** [4h Qd 6h]
Mahu2021: checks 
window_eagle: checks 
*** TURN *** [4h Qd 6h] [6d]
Mahu2021: checks 
window_eagle: bets 40
Mahu2021: folds 
Uncalled bet (40) returned to window_eagle
window_eagle collected 80 from pot
*** SUMMARY ***
Total pot 80 | Rake 0 
Board [4h Qd 6h 6d]
Seat 1: window_eagle (button) (small blind) collected (80)
Seat 2: Mahu2021 (big blind) folded on the Turn



PokerStars Hand #254501288488: Tournament #3850376427, $4.60+$0.40 USD Hold'em No Limit - Level III (20/40) - 2025/01/22 18:08:37 CET [2025/01/22 12:08:37 ET]
Table '3850376427 1' 3-max Seat #2 is the button
Seat 1: window_eagle (720 in chips) 
Seat 2: Mahu2021 (780 in chips) 
Mahu2021: posts small blind 20
window_eagle: posts big blind 40
*** HOLE CARDS ***
Dealt to Mahu2021 [Kh 4d]
Mahu2021: raises 40 to 80
window_eagle: calls 40
*** FLOP *** [3c 4s 2s]
window_eagle: checks 
Mahu2021: bets 40
window_eagle: calls 40
*** TURN *** [3c 4s 2s] [5d]
window_eagle: checks 
Mahu2021: bets 40
window_eagle: calls 40
*** RIVER *** [3c 4s 2s 5d] [7d]
window_eagle: checks 
Mahu2021: checks 
*** SHOW DOWN ***
window_eagle: shows [8c Jh] (high card Jack)
Mahu2021: shows [Kh 4d] (a pair of Fours)
Mahu2021 collected 320 from pot
*** SUMMARY ***
Total pot 320 | Rake 0 
Board [3c 4s 2s 5d 7d]
Seat 1: window_eagle (big blind) showed [8c Jh] and lost with high card Jack
Seat 2: Mahu2021 (button) (small blind) showed [Kh 4d] and won (320) with a pair of Fours



PokerStars Hand #254501292028: Tournament #3850376427, $4.60+$0.40 USD Hold'em No Limit - Level III (20/40) - 2025/01/22 18:08:52 CET [2025/01/22 12:08:52 ET]
Table '3850376427 1' 3-max Seat #1 is the button
Seat 1: window_eagle (560 in chips) 
Seat 2: Mahu2021 (940 in chips) 
window_eagle: posts small blind 20
Mahu2021: posts big blind 40
*** HOLE CARDS ***
Dealt to Mahu2021 [Jd 5h]
window_eagle: raises 520 to 560 and is all-in
Mahu2021: folds 
Uncalled bet (520) returned to window_eagle
window_eagle collected 80 from pot
*** SUMMARY ***
Total pot 80 | Rake 0 
Seat 1: window_eagle (button) (small blind) collected (80)
Seat 2: Mahu2021 (big blind) folded before Flop



PokerStars Hand #254501293842: Tournament #3850376427, $4.60+$0.40 USD Hold'em No Limit - Level III (20/40) - 2025/01/22 18:09:00 CET [2025/01/22 12:09:00 ET]
Table '3850376427 1' 3-max Seat #2 is the button
Seat 1: window_eagle (600 in chips) 
Seat 2: Mahu2021 (900 in chips) 
Mahu2021: posts small blind 20
window_eagle: posts big blind 40
*** HOLE CARDS ***
Dealt to Mahu2021 [Ks 9c]
Mahu2021: raises 40 to 80
window_eagle: calls 40
*** FLOP *** [3c Kd 3s]
window_eagle: bets 520 and is all-in
Mahu2021: calls 520
*** TURN *** [3c Kd 3s] [2s]
*** RIVER *** [3c Kd 3s 2s] [2d]
*** SHOW DOWN ***
window_eagle: shows [Kc 8h] (two pair, Kings and Threes)
Mahu2021: shows [Ks 9c] (two pair, Kings and Threes - Nine kicker)
Mahu2021 collected 1200 from pot
window_eagle finished the tournament in 2nd place
Mahu2021 wins the tournament and receives $15.00 - congratulations!
*** SUMMARY ***
Total pot 1200 | Rake 0 
Board [3c Kd 3s 2s 2d]
Seat 1: window_eagle (big blind) showed [Kc 8h] and lost with two pair, Kings and Threes
Seat 2: Mahu2021 (button) (small blind) showed [Ks 9c] and won (1200) with two pair, Kings and Threes



