PokerStars Hand #245755164162: Tournament #3640054407, $0.92+$0.08 USD Hold'em No Limit - Level I (10/20) - 2023/09/03 21:37:24 CET [2023/09/03 15:37:24 ET]
Table '3640054407 1' 3-max Seat #1 is the button
Seat 1: yurirenan (500 in chips) 
Seat 2: alowry110 (500 in chips) 
Seat 3: Mahu2021 (500 in chips) 
alowry110: posts small blind 10
Mahu2021: posts big blind 20
*** HOLE CARDS ***
Dealt to Mahu2021 [8h 2h]
yurirenan: raises 20 to 40
alowry110: calls 30
Mahu2021: calls 20
*** FLOP *** [Jc 3h Kd]
alowry110: checks 
Mahu2021: checks 
yurirenan: bets 60
alowry110: folds 
Mahu2021: folds 
Uncalled bet (60) returned to yurirenan
yurirenan collected 120 from pot
*** SUMMARY ***
Total pot 120 | Rake 0 
Board [Jc 3h Kd]
Seat 1: yurirenan (button) collected (120)
Seat 2: alowry110 (small blind) folded on the Flop
Seat 3: Mahu2021 (big blind) folded on the Flop



PokerStars Hand #245755175257: Tournament #3640054407, $0.92+$0.08 USD Hold'em No Limit - Level I (10/20) - 2023/09/03 21:37:50 CET [2023/09/03 15:37:50 ET]
Table '3640054407 1' 3-max Seat #2 is the button
Seat 1: yurirenan (580 in chips) 
Seat 2: alowry110 (460 in chips) 
Seat 3: Mahu2021 (460 in chips) 
Mahu2021: posts small blind 10
yurirenan: posts big blind 20
*** HOLE CARDS ***
Dealt to Mahu2021 [Kc 3h]
alowry110: raises 20 to 40
Mahu2021: calls 30
yurirenan: folds 
*** FLOP *** [2s Jc Qs]
Mahu2021: checks 
alowry110: bets 50
Mahu2021: folds 
Uncalled bet (50) returned to alowry110
alowry110 collected 100 from pot
alowry110: doesn't show hand 
*** SUMMARY ***
Total pot 100 | Rake 0 
Board [2s Jc Qs]
Seat 1: yurirenan (big blind) folded before Flop
Seat 2: alowry110 (button) collected (100)
Seat 3: Mahu2021 (small blind) folded on the Flop



PokerStars Hand #245755181241: Tournament #3640054407, $0.92+$0.08 USD Hold'em No Limit - Level I (10/20) - 2023/09/03 21:38:04 CET [2023/09/03 15:38:04 ET]
Table '3640054407 1' 3-max Seat #3 is the button
Seat 1: yurirenan (560 in chips) 
Seat 2: alowry110 (520 in chips) 
Seat 3: Mahu2021 (420 in chips) 
yurirenan: posts small blind 10
alowry110: posts big blind 20
*** HOLE CARDS ***
Dealt to Mahu2021 [Qd 4h]
Mahu2021: folds 
yurirenan: folds 
Uncalled bet (10) returned to alowry110
alowry110 collected 20 from pot
alowry110: doesn't show hand 
*** SUMMARY ***
Total pot 20 | Rake 0 
Seat 1: yurirenan (small blind) folded before Flop
Seat 2: alowry110 (big blind) collected (20)
Seat 3: Mahu2021 (button) folded before Flop (didn't bet)



PokerStars Hand #245755184260: Tournament #3640054407, $0.92+$0.08 USD Hold'em No Limit - Level I (10/20) - 2023/09/03 21:38:11 CET [2023/09/03 15:38:11 ET]
Table '3640054407 1' 3-max Seat #1 is the button
Seat 1: yurirenan (550 in chips) 
Seat 2: alowry110 (530 in chips) 
Seat 3: Mahu2021 (420 in chips) 
alowry110: posts small blind 10
Mahu2021: posts big blind 20
*** HOLE CARDS ***
Dealt to Mahu2021 [9c Ac]
yurirenan: raises 20 to 40
alowry110: calls 30
Mahu2021: calls 20
*** FLOP *** [Jc 2s 5h]
alowry110: checks 
Mahu2021: checks 
yurirenan: bets 20
alowry110: calls 20
Mahu2021: calls 20
*** TURN *** [Jc 2s 5h] [8c]
alowry110: checks 
Mahu2021: bets 360 and is all-in
yurirenan: folds 
alowry110: folds 
Uncalled bet (360) returned to Mahu2021
Mahu2021 collected 180 from pot
Mahu2021: doesn't show hand 
*** SUMMARY ***
Total pot 180 | Rake 0 
Board [Jc 2s 5h 8c]
Seat 1: yurirenan (button) folded on the Turn
Seat 2: alowry110 (small blind) folded on the Turn
Seat 3: Mahu2021 (big blind) collected (180)



PokerStars Hand #245755196810: Tournament #3640054407, $0.92+$0.08 USD Hold'em No Limit - Level I (10/20) - 2023/09/03 21:38:40 CET [2023/09/03 15:38:40 ET]
Table '3640054407 1' 3-max Seat #2 is the button
Seat 1: yurirenan (490 in chips) 
Seat 2: alowry110 (470 in chips) 
Seat 3: Mahu2021 (540 in chips) 
Mahu2021: posts small blind 10
yurirenan: posts big blind 20
*** HOLE CARDS ***
Dealt to Mahu2021 [5c Th]
alowry110: raises 20 to 40
Mahu2021: folds 
yurirenan: calls 20
*** FLOP *** [Jh Td 7h]
yurirenan: checks 
alowry110: bets 45
yurirenan: folds 
Uncalled bet (45) returned to alowry110
alowry110 collected 90 from pot
alowry110: doesn't show hand 
*** SUMMARY ***
Total pot 90 | Rake 0 
Board [Jh Td 7h]
Seat 1: yurirenan (big blind) folded on the Flop
Seat 2: alowry110 (button) collected (90)
Seat 3: Mahu2021 (small blind) folded before Flop



PokerStars Hand #245755203331: Tournament #3640054407, $0.92+$0.08 USD Hold'em No Limit - Level I (10/20) - 2023/09/03 21:38:55 CET [2023/09/03 15:38:55 ET]
Table '3640054407 1' 3-max Seat #3 is the button
Seat 1: yurirenan (450 in chips) 
Seat 2: alowry110 (520 in chips) 
Seat 3: Mahu2021 (530 in chips) 
yurirenan: posts small blind 10
alowry110: posts big blind 20
*** HOLE CARDS ***
Dealt to Mahu2021 [9d 4d]
Mahu2021: folds 
yurirenan: folds 
Uncalled bet (10) returned to alowry110
alowry110 collected 20 from pot
alowry110: doesn't show hand 
*** SUMMARY ***
Total pot 20 | Rake 0 
Seat 1: yurirenan (small blind) folded before Flop
Seat 2: alowry110 (big blind) collected (20)
Seat 3: Mahu2021 (button) folded before Flop (didn't bet)



PokerStars Hand #245755207744: Tournament #3640054407, $0.92+$0.08 USD Hold'em No Limit - Level I (10/20) - 2023/09/03 21:39:06 CET [2023/09/03 15:39:06 ET]
Table '3640054407 1' 3-max Seat #1 is the button
Seat 1: yurirenan (440 in chips) 
Seat 2: alowry110 (530 in chips) 
Seat 3: Mahu2021 (530 in chips) 
alowry110: posts small blind 10
Mahu2021: posts big blind 20
*** HOLE CARDS ***
Dealt to Mahu2021 [Jc 2c]
yurirenan: folds 
alowry110: raises 20 to 40
Mahu2021: calls 20
*** FLOP *** [2s 4s 3h]
alowry110: bets 40
Mahu2021: calls 40
*** TURN *** [2s 4s 3h] [Jh]
alowry110: bets 100
Mahu2021: raises 350 to 450 and is all-in
alowry110: folds 
Uncalled bet (350) returned to Mahu2021
Mahu2021 collected 360 from pot
Mahu2021: doesn't show hand 
*** SUMMARY ***
Total pot 360 | Rake 0 
Board [2s 4s 3h Jh]
Seat 1: yurirenan (button) folded before Flop (didn't bet)
Seat 2: alowry110 (small blind) folded on the Turn
Seat 3: Mahu2021 (big blind) collected (360)



PokerStars Hand #245755223520: Tournament #3640054407, $0.92+$0.08 USD Hold'em No Limit - Level II (15/30) - 2023/09/03 21:39:42 CET [2023/09/03 15:39:42 ET]
Table '3640054407 1' 3-max Seat #2 is the button
Seat 1: yurirenan (440 in chips) 
Seat 2: alowry110 (350 in chips) 
Seat 3: Mahu2021 (710 in chips) 
Mahu2021: posts small blind 15
yurirenan: posts big blind 30
*** HOLE CARDS ***
Dealt to Mahu2021 [5s 2h]
alowry110: raises 30 to 60
Mahu2021: folds 
yurirenan: folds 
Uncalled bet (30) returned to alowry110
alowry110 collected 75 from pot
alowry110: doesn't show hand 
*** SUMMARY ***
Total pot 75 | Rake 0 
Seat 1: yurirenan (big blind) folded before Flop
Seat 2: alowry110 (button) collected (75)
Seat 3: Mahu2021 (small blind) folded before Flop



PokerStars Hand #245755233269: Tournament #3640054407, $0.92+$0.08 USD Hold'em No Limit - Level II (15/30) - 2023/09/03 21:40:05 CET [2023/09/03 15:40:05 ET]
Table '3640054407 1' 3-max Seat #3 is the button
Seat 1: yurirenan (410 in chips) 
Seat 2: alowry110 (395 in chips) 
Seat 3: Mahu2021 (695 in chips) 
yurirenan: posts small blind 15
alowry110: posts big blind 30
*** HOLE CARDS ***
Dealt to Mahu2021 [4h Qh]
Mahu2021: calls 30
yurirenan: folds 
alowry110: checks 
*** FLOP *** [5d Ad Kc]
alowry110: checks 
Mahu2021: checks 
*** TURN *** [5d Ad Kc] [6c]
alowry110: checks 
Mahu2021: checks 
*** RIVER *** [5d Ad Kc 6c] [7c]
alowry110: checks 
Mahu2021: checks 
*** SHOW DOWN ***
alowry110: shows [Qd 7d] (a pair of Sevens)
Mahu2021: mucks hand 
alowry110 collected 75 from pot
*** SUMMARY ***
Total pot 75 | Rake 0 
Board [5d Ad Kc 6c 7c]
Seat 1: yurirenan (small blind) folded before Flop
Seat 2: alowry110 (big blind) showed [Qd 7d] and won (75) with a pair of Sevens
Seat 3: Mahu2021 (button) mucked [4h Qh]



PokerStars Hand #245755240049: Tournament #3640054407, $0.92+$0.08 USD Hold'em No Limit - Level II (15/30) - 2023/09/03 21:40:21 CET [2023/09/03 15:40:21 ET]
Table '3640054407 1' 3-max Seat #1 is the button
Seat 1: yurirenan (395 in chips) 
Seat 2: alowry110 (440 in chips) 
Seat 3: Mahu2021 (665 in chips) 
alowry110: posts small blind 15
Mahu2021: posts big blind 30
*** HOLE CARDS ***
Dealt to Mahu2021 [Ad Ah]
yurirenan: raises 30 to 60
alowry110: raises 380 to 440 and is all-in
Mahu2021: raises 225 to 665 and is all-in
yurirenan: folds 
Uncalled bet (225) returned to Mahu2021
*** FLOP *** [Qc Ts Kd]
*** TURN *** [Qc Ts Kd] [3h]
*** RIVER *** [Qc Ts Kd 3h] [8c]
*** SHOW DOWN ***
alowry110: shows [9d Kc] (a pair of Kings)
Mahu2021: shows [Ad Ah] (a pair of Aces)
Mahu2021 collected 940 from pot
alowry110 finished the tournament in 3rd place
*** SUMMARY ***
Total pot 940 | Rake 0 
Board [Qc Ts Kd 3h 8c]
Seat 1: yurirenan (button) folded before Flop
Seat 2: alowry110 (small blind) showed [9d Kc] and lost with a pair of Kings
Seat 3: Mahu2021 (big blind) showed [Ad Ah] and won (940) with a pair of Aces



PokerStars Hand #245755251085: Tournament #3640054407, $0.92+$0.08 USD Hold'em No Limit - Level II (15/30) - 2023/09/03 21:40:47 CET [2023/09/03 15:40:47 ET]
Table '3640054407 1' 3-max Seat #3 is the button
Seat 1: yurirenan (335 in chips) 
Seat 3: Mahu2021 (1165 in chips) 
Mahu2021: posts small blind 15
yurirenan: posts big blind 30
*** HOLE CARDS ***
Dealt to Mahu2021 [Ah Kh]
Mahu2021: raises 30 to 60
yurirenan: folds 
Uncalled bet (30) returned to Mahu2021
Mahu2021 collected 60 from pot
Mahu2021: doesn't show hand 
*** SUMMARY ***
Total pot 60 | Rake 0 
Seat 1: yurirenan (big blind) folded before Flop
Seat 3: Mahu2021 (button) (small blind) collected (60)



PokerStars Hand #245755254224: Tournament #3640054407, $0.92+$0.08 USD Hold'em No Limit - Level II (15/30) - 2023/09/03 21:40:54 CET [2023/09/03 15:40:54 ET]
Table '3640054407 1' 3-max Seat #1 is the button
Seat 1: yurirenan (305 in chips) 
Seat 3: Mahu2021 (1195 in chips) 
yurirenan: posts small blind 15
Mahu2021: posts big blind 30
*** HOLE CARDS ***
Dealt to Mahu2021 [2h 6s]
yurirenan: folds 
Uncalled bet (15) returned to Mahu2021
Mahu2021 collected 30 from pot
Mahu2021: doesn't show hand 
*** SUMMARY ***
Total pot 30 | Rake 0 
Seat 1: yurirenan (button) (small blind) folded before Flop
Seat 3: Mahu2021 (big blind) collected (30)



PokerStars Hand #245755256796: Tournament #3640054407, $0.92+$0.08 USD Hold'em No Limit - Level II (15/30) - 2023/09/03 21:41:00 CET [2023/09/03 15:41:00 ET]
Table '3640054407 1' 3-max Seat #3 is the button
Seat 1: yurirenan (290 in chips) 
Seat 3: Mahu2021 (1210 in chips) 
Mahu2021: posts small blind 15
yurirenan: posts big blind 30
*** HOLE CARDS ***
Dealt to Mahu2021 [Jd 9h]
Mahu2021: calls 15
yurirenan: checks 
*** FLOP *** [2h 2s Ad]
yurirenan: checks 
Mahu2021: checks 
*** TURN *** [2h 2s Ad] [3h]
yurirenan: bets 30
Mahu2021: folds 
Uncalled bet (30) returned to yurirenan
yurirenan collected 60 from pot
*** SUMMARY ***
Total pot 60 | Rake 0 
Board [2h 2s Ad 3h]
Seat 1: yurirenan (big blind) collected (60)
Seat 3: Mahu2021 (button) (small blind) folded on the Turn



PokerStars Hand #245755263793: Tournament #3640054407, $0.92+$0.08 USD Hold'em No Limit - Level II (15/30) - 2023/09/03 21:41:16 CET [2023/09/03 15:41:16 ET]
Table '3640054407 1' 3-max Seat #1 is the button
Seat 1: yurirenan (320 in chips) 
Seat 3: Mahu2021 (1180 in chips) 
yurirenan: posts small blind 15
Mahu2021: posts big blind 30
*** HOLE CARDS ***
Dealt to Mahu2021 [Td 5h]
yurirenan: folds 
Uncalled bet (15) returned to Mahu2021
Mahu2021 collected 30 from pot
Mahu2021: doesn't show hand 
*** SUMMARY ***
Total pot 30 | Rake 0 
Seat 1: yurirenan (button) (small blind) folded before Flop
Seat 3: Mahu2021 (big blind) collected (30)



PokerStars Hand #245755265778: Tournament #3640054407, $0.92+$0.08 USD Hold'em No Limit - Level II (15/30) - 2023/09/03 21:41:21 CET [2023/09/03 15:41:21 ET]
Table '3640054407 1' 3-max Seat #3 is the button
Seat 1: yurirenan (305 in chips) 
Seat 3: Mahu2021 (1195 in chips) 
Mahu2021: posts small blind 15
yurirenan: posts big blind 30
*** HOLE CARDS ***
Dealt to Mahu2021 [3h Kc]
Mahu2021: calls 15
yurirenan: checks 
*** FLOP *** [5c Qh Jh]
yurirenan: checks 
Mahu2021: bets 30
yurirenan: folds 
Uncalled bet (30) returned to Mahu2021
Mahu2021 collected 60 from pot
Mahu2021: doesn't show hand 
*** SUMMARY ***
Total pot 60 | Rake 0 
Board [5c Qh Jh]
Seat 1: yurirenan (big blind) folded on the Flop
Seat 3: Mahu2021 (button) (small blind) collected (60)



PokerStars Hand #245755274448: Tournament #3640054407, $0.92+$0.08 USD Hold'em No Limit - Level III (20/40) - 2023/09/03 21:41:41 CET [2023/09/03 15:41:41 ET]
Table '3640054407 1' 3-max Seat #1 is the button
Seat 1: yurirenan (275 in chips) 
Seat 3: Mahu2021 (1225 in chips) 
yurirenan: posts small blind 20
Mahu2021: posts big blind 40
*** HOLE CARDS ***
Dealt to Mahu2021 [9s 8d]
yurirenan: raises 40 to 80
Mahu2021: calls 40
*** FLOP *** [Jd 3c Tc]
Mahu2021: checks 
yurirenan: bets 195 and is all-in
Mahu2021: calls 195
*** TURN *** [Jd 3c Tc] [4d]
*** RIVER *** [Jd 3c Tc 4d] [3s]
*** SHOW DOWN ***
Mahu2021: shows [9s 8d] (a pair of Threes)
yurirenan: shows [5s Ad] (a pair of Threes - Ace kicker)
yurirenan collected 550 from pot
*** SUMMARY ***
Total pot 550 | Rake 0 
Board [Jd 3c Tc 4d 3s]
Seat 1: yurirenan (button) (small blind) showed [5s Ad] and won (550) with a pair of Threes
Seat 3: Mahu2021 (big blind) showed [9s 8d] and lost with a pair of Threes



PokerStars Hand #245755282553: Tournament #3640054407, $0.92+$0.08 USD Hold'em No Limit - Level III (20/40) - 2023/09/03 21:42:00 CET [2023/09/03 15:42:00 ET]
Table '3640054407 1' 3-max Seat #3 is the button
Seat 1: yurirenan (550 in chips) 
Seat 3: Mahu2021 (950 in chips) 
Mahu2021: posts small blind 20
yurirenan: posts big blind 40
*** HOLE CARDS ***
Dealt to Mahu2021 [8c 2s]
Mahu2021: folds 
Uncalled bet (20) returned to yurirenan
yurirenan collected 40 from pot
*** SUMMARY ***
Total pot 40 | Rake 0 
Seat 1: yurirenan (big blind) collected (40)
Seat 3: Mahu2021 (button) (small blind) folded before Flop



PokerStars Hand #245755284737: Tournament #3640054407, $0.92+$0.08 USD Hold'em No Limit - Level III (20/40) - 2023/09/03 21:42:05 CET [2023/09/03 15:42:05 ET]
Table '3640054407 1' 3-max Seat #1 is the button
Seat 1: yurirenan (570 in chips) 
Seat 3: Mahu2021 (930 in chips) 
yurirenan: posts small blind 20
Mahu2021: posts big blind 40
*** HOLE CARDS ***
Dealt to Mahu2021 [9c 7d]
yurirenan: folds 
Uncalled bet (20) returned to Mahu2021
Mahu2021 collected 40 from pot
Mahu2021: doesn't show hand 
*** SUMMARY ***
Total pot 40 | Rake 0 
Seat 1: yurirenan (button) (small blind) folded before Flop
Seat 3: Mahu2021 (big blind) collected (40)



PokerStars Hand #245755286638: Tournament #3640054407, $0.92+$0.08 USD Hold'em No Limit - Level III (20/40) - 2023/09/03 21:42:09 CET [2023/09/03 15:42:09 ET]
Table '3640054407 1' 3-max Seat #3 is the button
Seat 1: yurirenan (550 in chips) 
Seat 3: Mahu2021 (950 in chips) 
Mahu2021: posts small blind 20
yurirenan: posts big blind 40
*** HOLE CARDS ***
Dealt to Mahu2021 [9h Jh]
Mahu2021: calls 20
yurirenan: checks 
*** FLOP *** [3h 5d Ah]
yurirenan: bets 40
Mahu2021: calls 40
*** TURN *** [3h 5d Ah] [9s]
yurirenan: bets 80
Mahu2021: calls 80
*** RIVER *** [3h 5d Ah 9s] [Ac]
yurirenan: checks 
Mahu2021: checks 
*** SHOW DOWN ***
yurirenan: shows [3c 5s] (two pair, Aces and Fives)
Mahu2021: shows [9h Jh] (two pair, Aces and Nines)
Mahu2021 collected 320 from pot
*** SUMMARY ***
Total pot 320 | Rake 0 
Board [3h 5d Ah 9s Ac]
Seat 1: yurirenan (big blind) showed [3c 5s] and lost with two pair, Aces and Fives
Seat 3: Mahu2021 (button) (small blind) showed [9h Jh] and won (320) with two pair, Aces and Nines



PokerStars Hand #245755296230: Tournament #3640054407, $0.92+$0.08 USD Hold'em No Limit - Level III (20/40) - 2023/09/03 21:42:32 CET [2023/09/03 15:42:32 ET]
Table '3640054407 1' 3-max Seat #1 is the button
Seat 1: yurirenan (390 in chips) 
Seat 3: Mahu2021 (1110 in chips) 
yurirenan: posts small blind 20
Mahu2021: posts big blind 40
*** HOLE CARDS ***
Dealt to Mahu2021 [9h Jd]
yurirenan: raises 40 to 80
Mahu2021: calls 40
*** FLOP *** [4c Kd Qs]
Mahu2021: checks 
yurirenan: bets 80
Mahu2021: folds 
Uncalled bet (80) returned to yurirenan
yurirenan collected 160 from pot
*** SUMMARY ***
Total pot 160 | Rake 0 
Board [4c Kd Qs]
Seat 1: yurirenan (button) (small blind) collected (160)
Seat 3: Mahu2021 (big blind) folded on the Flop



PokerStars Hand #245755303240: Tournament #3640054407, $0.92+$0.08 USD Hold'em No Limit - Level III (20/40) - 2023/09/03 21:42:48 CET [2023/09/03 15:42:48 ET]
Table '3640054407 1' 3-max Seat #3 is the button
Seat 1: yurirenan (470 in chips) 
Seat 3: Mahu2021 (1030 in chips) 
Mahu2021: posts small blind 20
yurirenan: posts big blind 40
*** HOLE CARDS ***
Dealt to Mahu2021 [4s Qs]
Mahu2021: calls 20
yurirenan: checks 
*** FLOP *** [4h 8s 2h]
yurirenan: checks 
Mahu2021: bets 80
yurirenan: folds 
Uncalled bet (80) returned to Mahu2021
Mahu2021 collected 80 from pot
Mahu2021: doesn't show hand 
*** SUMMARY ***
Total pot 80 | Rake 0 
Board [4h 8s 2h]
Seat 1: yurirenan (big blind) folded on the Flop
Seat 3: Mahu2021 (button) (small blind) collected (80)



PokerStars Hand #245755309937: Tournament #3640054407, $0.92+$0.08 USD Hold'em No Limit - Level III (20/40) - 2023/09/03 21:43:03 CET [2023/09/03 15:43:03 ET]
Table '3640054407 1' 3-max Seat #1 is the button
Seat 1: yurirenan (430 in chips) 
Seat 3: Mahu2021 (1070 in chips) 
yurirenan: posts small blind 20
Mahu2021: posts big blind 40
*** HOLE CARDS ***
Dealt to Mahu2021 [8s Ks]
yurirenan: raises 40 to 80
Mahu2021: calls 40
*** FLOP *** [Ad 8h 9h]
Mahu2021: checks 
yurirenan: bets 80
Mahu2021: folds 
Uncalled bet (80) returned to yurirenan
yurirenan collected 160 from pot
*** SUMMARY ***
Total pot 160 | Rake 0 
Board [Ad 8h 9h]
Seat 1: yurirenan (button) (small blind) collected (160)
Seat 3: Mahu2021 (big blind) folded on the Flop



PokerStars Hand #245755319428: Tournament #3640054407, $0.92+$0.08 USD Hold'em No Limit - Level III (20/40) - 2023/09/03 21:43:26 CET [2023/09/03 15:43:26 ET]
Table '3640054407 1' 3-max Seat #3 is the button
Seat 1: yurirenan (510 in chips) 
Seat 3: Mahu2021 (990 in chips) 
Mahu2021: posts small blind 20
yurirenan: posts big blind 40
*** HOLE CARDS ***
Dealt to Mahu2021 [3d Ah]
Mahu2021: raises 40 to 80
yurirenan: folds 
Uncalled bet (40) returned to Mahu2021
Mahu2021 collected 80 from pot
Mahu2021: doesn't show hand 
*** SUMMARY ***
Total pot 80 | Rake 0 
Seat 1: yurirenan (big blind) folded before Flop
Seat 3: Mahu2021 (button) (small blind) collected (80)



PokerStars Hand #245755324057: Tournament #3640054407, $0.92+$0.08 USD Hold'em No Limit - Level IV (30/60) - 2023/09/03 21:43:37 CET [2023/09/03 15:43:37 ET]
Table '3640054407 1' 3-max Seat #1 is the button
Seat 1: yurirenan (470 in chips) 
Seat 3: Mahu2021 (1030 in chips) 
yurirenan: posts small blind 30
Mahu2021: posts big blind 60
*** HOLE CARDS ***
Dealt to Mahu2021 [3h Qs]
yurirenan: folds 
Uncalled bet (30) returned to Mahu2021
Mahu2021 collected 60 from pot
Mahu2021: doesn't show hand 
*** SUMMARY ***
Total pot 60 | Rake 0 
Seat 1: yurirenan (button) (small blind) folded before Flop
Seat 3: Mahu2021 (big blind) collected (60)



PokerStars Hand #245755326023: Tournament #3640054407, $0.92+$0.08 USD Hold'em No Limit - Level IV (30/60) - 2023/09/03 21:43:41 CET [2023/09/03 15:43:41 ET]
Table '3640054407 1' 3-max Seat #3 is the button
Seat 1: yurirenan (440 in chips) 
Seat 3: Mahu2021 (1060 in chips) 
Mahu2021: posts small blind 30
yurirenan: posts big blind 60
*** HOLE CARDS ***
Dealt to Mahu2021 [Td Tc]
Mahu2021: raises 1000 to 1060 and is all-in
yurirenan: folds 
Uncalled bet (1000) returned to Mahu2021
Mahu2021 collected 120 from pot
Mahu2021: doesn't show hand 
*** SUMMARY ***
Total pot 120 | Rake 0 
Seat 1: yurirenan (big blind) folded before Flop
Seat 3: Mahu2021 (button) (small blind) collected (120)



PokerStars Hand #245755331737: Tournament #3640054407, $0.92+$0.08 USD Hold'em No Limit - Level IV (30/60) - 2023/09/03 21:43:55 CET [2023/09/03 15:43:55 ET]
Table '3640054407 1' 3-max Seat #1 is the button
Seat 1: yurirenan (380 in chips) 
Seat 3: Mahu2021 (1120 in chips) 
yurirenan: posts small blind 30
Mahu2021: posts big blind 60
*** HOLE CARDS ***
Dealt to Mahu2021 [2s 4c]
yurirenan: raises 320 to 380 and is all-in
Mahu2021: folds 
Uncalled bet (320) returned to yurirenan
yurirenan collected 120 from pot
*** SUMMARY ***
Total pot 120 | Rake 0 
Seat 1: yurirenan (button) (small blind) collected (120)
Seat 3: Mahu2021 (big blind) folded before Flop



PokerStars Hand #245755335278: Tournament #3640054407, $0.92+$0.08 USD Hold'em No Limit - Level IV (30/60) - 2023/09/03 21:44:03 CET [2023/09/03 15:44:03 ET]
Table '3640054407 1' 3-max Seat #3 is the button
Seat 1: yurirenan (440 in chips) 
Seat 3: Mahu2021 (1060 in chips) 
Mahu2021: posts small blind 30
yurirenan: posts big blind 60
*** HOLE CARDS ***
Dealt to Mahu2021 [6c Th]
Mahu2021: folds 
Uncalled bet (30) returned to yurirenan
yurirenan collected 60 from pot
*** SUMMARY ***
Total pot 60 | Rake 0 
Seat 1: yurirenan (big blind) collected (60)
Seat 3: Mahu2021 (button) (small blind) folded before Flop



PokerStars Hand #245755337500: Tournament #3640054407, $0.92+$0.08 USD Hold'em No Limit - Level IV (30/60) - 2023/09/03 21:44:08 CET [2023/09/03 15:44:08 ET]
Table '3640054407 1' 3-max Seat #1 is the button
Seat 1: yurirenan (470 in chips) 
Seat 3: Mahu2021 (1030 in chips) 
yurirenan: posts small blind 30
Mahu2021: posts big blind 60
*** HOLE CARDS ***
Dealt to Mahu2021 [4d Td]
yurirenan: raises 410 to 470 and is all-in
Mahu2021: folds 
Uncalled bet (410) returned to yurirenan
yurirenan collected 120 from pot
*** SUMMARY ***
Total pot 120 | Rake 0 
Seat 1: yurirenan (button) (small blind) collected (120)
Seat 3: Mahu2021 (big blind) folded before Flop



PokerStars Hand #245755340532: Tournament #3640054407, $0.92+$0.08 USD Hold'em No Limit - Level IV (30/60) - 2023/09/03 21:44:15 CET [2023/09/03 15:44:15 ET]
Table '3640054407 1' 3-max Seat #3 is the button
Seat 1: yurirenan (530 in chips) 
Seat 3: Mahu2021 (970 in chips) 
Mahu2021: posts small blind 30
yurirenan: posts big blind 60
*** HOLE CARDS ***
Dealt to Mahu2021 [Tc 9s]
Mahu2021: calls 30
yurirenan: raises 470 to 530 and is all-in
Mahu2021: folds 
Uncalled bet (470) returned to yurirenan
yurirenan collected 120 from pot
*** SUMMARY ***
Total pot 120 | Rake 0 
Seat 1: yurirenan (big blind) collected (120)
Seat 3: Mahu2021 (button) (small blind) folded before Flop



PokerStars Hand #245755343895: Tournament #3640054407, $0.92+$0.08 USD Hold'em No Limit - Level IV (30/60) - 2023/09/03 21:44:23 CET [2023/09/03 15:44:23 ET]
Table '3640054407 1' 3-max Seat #1 is the button
Seat 1: yurirenan (590 in chips) 
Seat 3: Mahu2021 (910 in chips) 
yurirenan: posts small blind 30
Mahu2021: posts big blind 60
*** HOLE CARDS ***
Dealt to Mahu2021 [Qc 6s]
yurirenan: raises 530 to 590 and is all-in
Mahu2021: folds 
Uncalled bet (530) returned to yurirenan
yurirenan collected 120 from pot
*** SUMMARY ***
Total pot 120 | Rake 0 
Seat 1: yurirenan (button) (small blind) collected (120)
Seat 3: Mahu2021 (big blind) folded before Flop



PokerStars Hand #245755346932: Tournament #3640054407, $0.92+$0.08 USD Hold'em No Limit - Level IV (30/60) - 2023/09/03 21:44:30 CET [2023/09/03 15:44:30 ET]
Table '3640054407 1' 3-max Seat #3 is the button
Seat 1: yurirenan (650 in chips) 
Seat 3: Mahu2021 (850 in chips) 
Mahu2021: posts small blind 30
yurirenan: posts big blind 60
*** HOLE CARDS ***
Dealt to Mahu2021 [4c Js]
Mahu2021: folds 
Uncalled bet (30) returned to yurirenan
yurirenan collected 60 from pot
*** SUMMARY ***
Total pot 60 | Rake 0 
Seat 1: yurirenan (big blind) collected (60)
Seat 3: Mahu2021 (button) (small blind) folded before Flop



PokerStars Hand #245755349183: Tournament #3640054407, $0.92+$0.08 USD Hold'em No Limit - Level IV (30/60) - 2023/09/03 21:44:35 CET [2023/09/03 15:44:35 ET]
Table '3640054407 1' 3-max Seat #1 is the button
Seat 1: yurirenan (680 in chips) 
Seat 3: Mahu2021 (820 in chips) 
yurirenan: posts small blind 30
Mahu2021: posts big blind 60
*** HOLE CARDS ***
Dealt to Mahu2021 [7h 4s]
yurirenan: folds 
Uncalled bet (30) returned to Mahu2021
Mahu2021 collected 60 from pot
Mahu2021: doesn't show hand 
*** SUMMARY ***
Total pot 60 | Rake 0 
Seat 1: yurirenan (button) (small blind) folded before Flop
Seat 3: Mahu2021 (big blind) collected (60)



PokerStars Hand #245755351162: Tournament #3640054407, $0.92+$0.08 USD Hold'em No Limit - Level IV (30/60) - 2023/09/03 21:44:39 CET [2023/09/03 15:44:39 ET]
Table '3640054407 1' 3-max Seat #3 is the button
Seat 1: yurirenan (650 in chips) 
Seat 3: Mahu2021 (850 in chips) 
Mahu2021: posts small blind 30
yurirenan: posts big blind 60
*** HOLE CARDS ***
Dealt to Mahu2021 [8c Th]
Mahu2021: calls 30
yurirenan: raises 590 to 650 and is all-in
Mahu2021: folds 
Uncalled bet (590) returned to yurirenan
yurirenan collected 120 from pot
*** SUMMARY ***
Total pot 120 | Rake 0 
Seat 1: yurirenan (big blind) collected (120)
Seat 3: Mahu2021 (button) (small blind) folded before Flop



PokerStars Hand #245755354612: Tournament #3640054407, $0.92+$0.08 USD Hold'em No Limit - Level IV (30/60) - 2023/09/03 21:44:47 CET [2023/09/03 15:44:47 ET]
Table '3640054407 1' 3-max Seat #1 is the button
Seat 1: yurirenan (710 in chips) 
Seat 3: Mahu2021 (790 in chips) 
yurirenan: posts small blind 30
Mahu2021: posts big blind 60
*** HOLE CARDS ***
Dealt to Mahu2021 [As 9s]
yurirenan: folds 
Uncalled bet (30) returned to Mahu2021
Mahu2021 collected 60 from pot
Mahu2021: doesn't show hand 
*** SUMMARY ***
Total pot 60 | Rake 0 
Seat 1: yurirenan (button) (small blind) folded before Flop
Seat 3: Mahu2021 (big blind) collected (60)



PokerStars Hand #245755356914: Tournament #3640054407, $0.92+$0.08 USD Hold'em No Limit - Level IV (30/60) - 2023/09/03 21:44:53 CET [2023/09/03 15:44:53 ET]
Table '3640054407 1' 3-max Seat #3 is the button
Seat 1: yurirenan (680 in chips) 
Seat 3: Mahu2021 (820 in chips) 
Mahu2021: posts small blind 30
yurirenan: posts big blind 60
*** HOLE CARDS ***
Dealt to Mahu2021 [Jh 3h]
Mahu2021: raises 60 to 120
yurirenan: folds 
Uncalled bet (60) returned to Mahu2021
Mahu2021 collected 120 from pot
Mahu2021: doesn't show hand 
*** SUMMARY ***
Total pot 120 | Rake 0 
Seat 1: yurirenan (big blind) folded before Flop
Seat 3: Mahu2021 (button) (small blind) collected (120)



PokerStars Hand #245755359564: Tournament #3640054407, $0.92+$0.08 USD Hold'em No Limit - Level IV (30/60) - 2023/09/03 21:44:59 CET [2023/09/03 15:44:59 ET]
Table '3640054407 1' 3-max Seat #1 is the button
Seat 1: yurirenan (620 in chips) 
Seat 3: Mahu2021 (880 in chips) 
yurirenan: posts small blind 30
Mahu2021: posts big blind 60
*** HOLE CARDS ***
Dealt to Mahu2021 [Qd Jc]
yurirenan: raises 560 to 620 and is all-in
Mahu2021: calls 560
*** FLOP *** [Qs 9d Kc]
*** TURN *** [Qs 9d Kc] [Jd]
*** RIVER *** [Qs 9d Kc Jd] [7d]
*** SHOW DOWN ***
Mahu2021: shows [Qd Jc] (two pair, Queens and Jacks)
yurirenan: shows [Ad Qc] (a pair of Queens)
Mahu2021 collected 1240 from pot
yurirenan finished the tournament in 2nd place
Mahu2021 wins the tournament and receives $2.00 - congratulations!
*** SUMMARY ***
Total pot 1240 | Rake 0 
Board [Qs 9d Kc Jd 7d]
Seat 1: yurirenan (button) (small blind) showed [Ad Qc] and lost with a pair of Queens
Seat 3: Mahu2021 (big blind) showed [Qd Jc] and won (1240) with two pair, Queens and Jacks



