PokerStars Zoom Hand #254379075834:  Hold'em No Limit ($0.05/$0.10) - 2025/01/15 9:54:45 CET [2025/01/15 3:54:45 ET]
Table 'Aludra' 6-max Seat #1 is the button
Seat 1: alexber1111 ($17.12 in chips) 
Seat 2: IVERNMAN ($10 in chips) 
Seat 3: Mahu2021 ($10 in chips) 
Seat 4: smoky fish 90 ($39.87 in chips) 
Seat 5: Karaflas1 ($10.26 in chips) 
Seat 6: Ritter00 ($5.23 in chips) 
IVERNMAN: posts small blind $0.05
Mahu2021: posts big blind $0.10
*** HOLE CARDS ***
Dealt to Mahu2021 [5d 3d]
smoky fish 90: folds 
Karaflas1: folds 
Ritter00: raises $0.15 to $0.25
alexber1111: folds 
IVERNMAN: folds 
Mahu2021: calls $0.15
*** FLOP *** [Qc 8h Qs]
Mahu2021: checks 
Ritter00: checks 
*** TURN *** [Qc 8h Qs] [8s]
Mahu2021: checks 
Ritter00: checks 
*** RIVER *** [Qc 8h Qs 8s] [Qd]
Mahu2021: bets $0.53
Ritter00: calls $0.53
*** SHOW DOWN ***
Mahu2021: shows [5d 3d] (a full house, Queens full of Eights)
Ritter00: shows [6d Kd] (a full house, Queens full of Eights)
Mahu2021 collected $0.77 from pot
Ritter00 collected $0.77 from pot
*** SUMMARY ***
Total pot $1.61 | Rake $0.07 
Board [Qc 8h Qs 8s Qd]
Seat 1: alexber1111 (button) folded before Flop (didn't bet)
Seat 2: IVERNMAN (small blind) folded before Flop
Seat 3: Mahu2021 (big blind) showed [5d 3d] and won ($0.77) with a full house, Queens full of Eights
Seat 4: smoky fish 90 folded before Flop (didn't bet)
Seat 5: Karaflas1 folded before Flop (didn't bet)
Seat 6: Ritter00 showed [6d Kd] and won ($0.77) with a full house, Queens full of Eights



PokerStars Zoom Hand #254379078217:  Hold'em No Limit ($0.05/$0.10) - 2025/01/15 9:55:13 CET [2025/01/15 3:55:13 ET]
Table 'Aludra' 6-max Seat #1 is the button
Seat 1: Mahu2021 ($9.99 in chips) 
Seat 2: Extecoetter25 ($16.85 in chips) 
Seat 3: assombrirleciel ($18.24 in chips) 
Seat 4: Gobi000 ($10 in chips) 
Seat 5: Ritter00 ($5.22 in chips) 
Seat 6: wasderft ($11.68 in chips) 
Extecoetter25: posts small blind $0.05
assombrirleciel: posts big blind $0.10
*** HOLE CARDS ***
Dealt to Mahu2021 [Tc Qc]
Gobi000: folds 
Ritter00: raises $0.12 to $0.22
wasderft: folds 
Mahu2021: calls $0.22
Extecoetter25: folds 
assombrirleciel: folds 
*** FLOP *** [Jc 3c 5c]
Ritter00: checks 
Mahu2021: checks 
*** TURN *** [Jc 3c 5c] [Kd]
Ritter00: bets $0.43
Mahu2021: calls $0.43
*** RIVER *** [Jc 3c 5c Kd] [5s]
Ritter00: bets $1.06
Mahu2021: calls $1.06
*** SHOW DOWN ***
Ritter00: shows [As Kh] (two pair, Kings and Fives)
Mahu2021: shows [Tc Qc] (a flush, Queen high)
Mahu2021 collected $3.41 from pot
*** SUMMARY ***
Total pot $3.57 | Rake $0.16 
Board [Jc 3c 5c Kd 5s]
Seat 1: Mahu2021 (button) showed [Tc Qc] and won ($3.41) with a flush, Queen high
Seat 2: Extecoetter25 (small blind) folded before Flop
Seat 3: assombrirleciel (big blind) folded before Flop
Seat 4: Gobi000 folded before Flop (didn't bet)
Seat 5: Ritter00 showed [As Kh] and lost with two pair, Kings and Fives
Seat 6: wasderft folded before Flop (didn't bet)



PokerStars Zoom Hand #254379081462:  Hold'em No Limit ($0.05/$0.10) - 2025/01/15 9:55:56 CET [2025/01/15 3:55:56 ET]
Table 'Aludra' 6-max Seat #1 is the button
Seat 1: Vadim91_blr ($11.24 in chips) 
Seat 2: IVERNMAN ($11.25 in chips) 
Seat 3: MousedragonMan ($14.53 in chips) 
Seat 4: Reubasohn ($17.87 in chips) 
Seat 5: Mahu2021 ($11.64 in chips) 
Seat 6: GeorgeIvanov ($11.73 in chips) 
IVERNMAN: posts small blind $0.05
MousedragonMan: posts big blind $0.10
*** HOLE CARDS ***
Dealt to Mahu2021 [8h 9c]
Reubasohn: folds 
Mahu2021: folds 
GeorgeIvanov: folds 
Vadim91_blr: folds 
IVERNMAN: folds 
Uncalled bet ($0.05) returned to MousedragonMan
MousedragonMan collected $0.10 from pot
MousedragonMan: doesn't show hand 
*** SUMMARY ***
Total pot $0.10 | Rake $0 
Seat 1: Vadim91_blr (button) folded before Flop (didn't bet)
Seat 2: IVERNMAN (small blind) folded before Flop
Seat 3: MousedragonMan (big blind) collected ($0.10)
Seat 4: Reubasohn folded before Flop (didn't bet)
Seat 5: Mahu2021 folded before Flop (didn't bet)
Seat 6: GeorgeIvanov folded before Flop (didn't bet)



PokerStars Zoom Hand #254379080690:  Hold'em No Limit ($0.05/$0.10) - 2025/01/15 9:55:46 CET [2025/01/15 3:55:46 ET]
Table 'Aludra' 6-max Seat #1 is the button
Seat 1: Gobi000 ($10.75 in chips) 
Seat 2: komodo75 ($12.85 in chips) 
Seat 3: DrDr Linse ($4.39 in chips) 
Seat 4: zeuzepilintr ($17.70 in chips) 
Seat 5: smoky fish 90 ($51.45 in chips) 
Seat 6: Mahu2021 ($11.64 in chips) 
komodo75: posts small blind $0.05
DrDr Linse: posts big blind $0.10
*** HOLE CARDS ***
Dealt to Mahu2021 [7c 8d]
zeuzepilintr: calls $0.10
smoky fish 90: folds 
Mahu2021: folds 
Gobi000: folds 
komodo75: raises $0.50 to $0.60
DrDr Linse: folds 
zeuzepilintr: folds 
Uncalled bet ($0.50) returned to komodo75
komodo75 collected $0.30 from pot
komodo75: doesn't show hand 
*** SUMMARY ***
Total pot $0.30 | Rake $0 
Seat 1: Gobi000 (button) folded before Flop (didn't bet)
Seat 2: komodo75 (small blind) collected ($0.30)
Seat 3: DrDr Linse (big blind) folded before Flop
Seat 4: zeuzepilintr folded before Flop
Seat 5: smoky fish 90 folded before Flop (didn't bet)
Seat 6: Mahu2021 folded before Flop (didn't bet)



PokerStars Zoom Hand #254379080254:  Hold'em No Limit ($0.05/$0.10) - 2025/01/15 9:55:40 CET [2025/01/15 3:55:40 ET]
Table 'Aludra' 6-max Seat #1 is the button
Seat 1: Arturasmaz ($15.15 in chips) 
Seat 2: Mahu2021 ($11.69 in chips) 
Seat 3: Ritter00 ($3.51 in chips) 
Seat 4: alexber1111 ($16.97 in chips) 
Seat 5: komodo75 ($12.85 in chips) 
Seat 6: smoky fish 90 ($51.45 in chips) 
Mahu2021: posts small blind $0.05
Ritter00: posts big blind $0.10
*** HOLE CARDS ***
Dealt to Mahu2021 [9h 6d]
alexber1111: folds 
komodo75: folds 
smoky fish 90: folds 
Arturasmaz: raises $0.10 to $0.20
Mahu2021: folds 
Ritter00: calls $0.10
*** FLOP *** [3s 6s Ad]
Ritter00: checks 
Arturasmaz: bets $0.43
Ritter00: calls $0.43
*** TURN *** [3s 6s Ad] [Td]
Ritter00: checks 
Arturasmaz: bets $1.25
Ritter00: calls $1.25
*** RIVER *** [3s 6s Ad Td] [9d]
Ritter00: checks 
Arturasmaz: bets $3.64
Ritter00: folds 
Uncalled bet ($3.64) returned to Arturasmaz
Arturasmaz collected $3.64 from pot
Arturasmaz: doesn't show hand 
*** SUMMARY ***
Total pot $3.81 | Rake $0.17 
Board [3s 6s Ad Td 9d]
Seat 1: Arturasmaz (button) collected ($3.64)
Seat 2: Mahu2021 (small blind) folded before Flop
Seat 3: Ritter00 (big blind) folded on the River
Seat 4: alexber1111 folded before Flop (didn't bet)
Seat 5: komodo75 folded before Flop (didn't bet)
Seat 6: smoky fish 90 folded before Flop (didn't bet)



PokerStars Zoom Hand #254379081890:  Hold'em No Limit ($0.05/$0.10) - 2025/01/15 9:56:02 CET [2025/01/15 3:56:02 ET]
Table 'Aludra' 6-max Seat #1 is the button
Seat 1: Extecoetter25 ($10 in chips) 
Seat 2: DrDr Linse ($4.29 in chips) 
Seat 3: ThomasGoldberg ($11.61 in chips) 
Seat 4: Gobi000 ($10 in chips) 
Seat 5: GeorgeIvanov ($11.73 in chips) 
Seat 6: Mahu2021 ($11.64 in chips) 
DrDr Linse: posts small blind $0.05
ThomasGoldberg: posts big blind $0.10
*** HOLE CARDS ***
Dealt to Mahu2021 [Qc 2c]
Gobi000: raises $0.15 to $0.25
GeorgeIvanov: folds 
Mahu2021: folds 
Extecoetter25: folds 
DrDr Linse: folds 
ThomasGoldberg: calls $0.15
*** FLOP *** [9d Jh 7c]
ThomasGoldberg: checks 
Gobi000: bets $0.35
ThomasGoldberg: folds 
Uncalled bet ($0.35) returned to Gobi000
Gobi000 collected $0.53 from pot
Gobi000: doesn't show hand 
*** SUMMARY ***
Total pot $0.55 | Rake $0.02 
Board [9d Jh 7c]
Seat 1: Extecoetter25 (button) folded before Flop (didn't bet)
Seat 2: DrDr Linse (small blind) folded before Flop
Seat 3: ThomasGoldberg (big blind) folded on the Flop
Seat 4: Gobi000 collected ($0.53)
Seat 5: GeorgeIvanov folded before Flop (didn't bet)
Seat 6: Mahu2021 folded before Flop (didn't bet)



PokerStars Zoom Hand #254379082223:  Hold'em No Limit ($0.05/$0.10) - 2025/01/15 9:56:06 CET [2025/01/15 3:56:06 ET]
Table 'Aludra' 6-max Seat #1 is the button
Seat 1: ppapandppap ($13.41 in chips) 
Seat 2: JustAltF4 ($20.68 in chips) 
Seat 3: Mahu2021 ($11.64 in chips) 
Seat 4: DrDr Linse ($4.24 in chips) 
Seat 5: MousedragonMan ($9.09 in chips) 
Seat 6: Vadim91_blr ($11.24 in chips) 
JustAltF4: posts small blind $0.05
Mahu2021: posts big blind $0.10
*** HOLE CARDS ***
Dealt to Mahu2021 [5h 6c]
DrDr Linse: folds 
MousedragonMan: folds 
Vadim91_blr: folds 
ppapandppap: folds 
JustAltF4: raises $0.10 to $0.20
Mahu2021: calls $0.10
*** FLOP *** [3d Kc 6s]
JustAltF4: checks 
Mahu2021: bets $0.20
JustAltF4: calls $0.20
*** TURN *** [3d Kc 6s] [3c]
JustAltF4: checks 
Mahu2021: bets $0.20
JustAltF4: calls $0.20
*** RIVER *** [3d Kc 6s 3c] [2c]
JustAltF4: bets $0.80
Mahu2021: raises $0.80 to $1.60
JustAltF4: folds 
Uncalled bet ($0.80) returned to Mahu2021
Mahu2021 collected $2.67 from pot
Mahu2021: doesn't show hand 
*** SUMMARY ***
Total pot $2.80 | Rake $0.13 
Board [3d Kc 6s 3c 2c]
Seat 1: ppapandppap (button) folded before Flop (didn't bet)
Seat 2: JustAltF4 (small blind) folded on the River
Seat 3: Mahu2021 (big blind) collected ($2.67)
Seat 4: DrDr Linse folded before Flop (didn't bet)
Seat 5: MousedragonMan folded before Flop (didn't bet)
Seat 6: Vadim91_blr folded before Flop (didn't bet)



PokerStars Zoom Hand #254379085291:  Hold'em No Limit ($0.05/$0.10) - 2025/01/15 9:56:46 CET [2025/01/15 3:56:46 ET]
Table 'Aludra' 6-max Seat #1 is the button
Seat 1: Mahu2021 ($12.91 in chips) 
Seat 2: GeorgeIvanov ($11.63 in chips) 
Seat 3: zeuzepilintr ($17.55 in chips) 
Seat 4: ppapandppap ($13.31 in chips) 
Seat 5: soldim327 ($11.32 in chips) 
Seat 6: IVERNMAN ($10.20 in chips) 
GeorgeIvanov: posts small blind $0.05
zeuzepilintr: posts big blind $0.10
*** HOLE CARDS ***
Dealt to Mahu2021 [Jd Th]
ppapandppap: folds 
soldim327: folds 
IVERNMAN: folds 
Mahu2021: folds 
GeorgeIvanov: folds 
Uncalled bet ($0.05) returned to zeuzepilintr
zeuzepilintr collected $0.10 from pot
zeuzepilintr: doesn't show hand 
*** SUMMARY ***
Total pot $0.10 | Rake $0 
Seat 1: Mahu2021 (button) folded before Flop (didn't bet)
Seat 2: GeorgeIvanov (small blind) folded before Flop
Seat 3: zeuzepilintr (big blind) collected ($0.10)
Seat 4: ppapandppap folded before Flop (didn't bet)
Seat 5: soldim327 folded before Flop (didn't bet)
Seat 6: IVERNMAN folded before Flop (didn't bet)



