PokerStars Hand #245728601619: Tournament #3639450885, $0.92+$0.08 USD Hold'em No Limit - Level I (10/20) - 2023/09/02 14:59:40 CET [2023/09/02 8:59:40 ET]
Table '3639450885 1' 3-max Seat #1 is the button
Seat 1: Erebgil (500 in chips) 
Seat 2: Mahu2021 (500 in chips) 
Seat 3: PitchGaida (500 in chips) 
Mahu2021: posts small blind 10
PitchGaida: posts big blind 20
*** HOLE CARDS ***
Dealt to Mahu2021 [4s 4h]
Erebgil has timed out
Erebgil: folds 
Erebgil is sitting out
Erebgil has returned
Mahu2021: calls 10
PitchGaida: checks 
*** FLOP *** [Ks Jh Qh]
Mahu2021: checks 
PitchGaida: checks 
*** TURN *** [Ks Jh Qh] [3d]
Mahu2021: bets 20
PitchGaida: raises 20 to 40
Mahu2021: calls 20
*** RIVER *** [Ks Jh Qh 3d] [6h]
Mahu2021: checks 
PitchGaida: bets 40
Mahu2021: folds 
Uncalled bet (40) returned to PitchGaida
PitchGaida collected 120 from pot
*** SUMMARY ***
Total pot 120 | Rake 0 
Board [Ks Jh Qh 3d 6h]
Seat 1: Erebgil (button) folded before Flop (didn't bet)
Seat 2: Mahu2021 (small blind) folded on the River
Seat 3: PitchGaida (big blind) collected (120)



PokerStars Hand #245728607152: Tournament #3639450885, $0.92+$0.08 USD Hold'em No Limit - Level I (10/20) - 2023/09/02 15:00:13 CET [2023/09/02 9:00:13 ET]
Table '3639450885 1' 3-max Seat #2 is the button
Seat 1: Erebgil (500 in chips) 
Seat 2: Mahu2021 (440 in chips) 
Seat 3: PitchGaida (560 in chips) 
PitchGaida: posts small blind 10
Erebgil: posts big blind 20
*** HOLE CARDS ***
Dealt to Mahu2021 [Qc Kd]
Mahu2021: raises 20 to 40
PitchGaida: calls 30
Erebgil: calls 20
*** FLOP *** [2s 6c 3h]
PitchGaida: checks 
Erebgil: bets 90
Mahu2021: folds 
PitchGaida: folds 
Uncalled bet (90) returned to Erebgil
Erebgil collected 120 from pot
Erebgil: doesn't show hand 
*** SUMMARY ***
Total pot 120 | Rake 0 
Board [2s 6c 3h]
Seat 1: Erebgil (big blind) collected (120)
Seat 2: Mahu2021 (button) folded on the Flop
Seat 3: PitchGaida (small blind) folded on the Flop



PokerStars Hand #245728610041: Tournament #3639450885, $0.92+$0.08 USD Hold'em No Limit - Level I (10/20) - 2023/09/02 15:00:30 CET [2023/09/02 9:00:30 ET]
Table '3639450885 1' 3-max Seat #3 is the button
Seat 1: Erebgil (580 in chips) 
Seat 2: Mahu2021 (400 in chips) 
Seat 3: PitchGaida (520 in chips) 
Erebgil: posts small blind 10
Mahu2021: posts big blind 20
*** HOLE CARDS ***
Dealt to Mahu2021 [3c 7c]
PitchGaida: folds 
Erebgil: folds 
Uncalled bet (10) returned to Mahu2021
Mahu2021 collected 20 from pot
Mahu2021: doesn't show hand 
*** SUMMARY ***
Total pot 20 | Rake 0 
Seat 1: Erebgil (small blind) folded before Flop
Seat 2: Mahu2021 (big blind) collected (20)
Seat 3: PitchGaida (button) folded before Flop (didn't bet)



PokerStars Hand #245728611135: Tournament #3639450885, $0.92+$0.08 USD Hold'em No Limit - Level I (10/20) - 2023/09/02 15:00:36 CET [2023/09/02 9:00:36 ET]
Table '3639450885 1' 3-max Seat #1 is the button
Seat 1: Erebgil (570 in chips) 
Seat 2: Mahu2021 (410 in chips) 
Seat 3: PitchGaida (520 in chips) 
Mahu2021: posts small blind 10
PitchGaida: posts big blind 20
*** HOLE CARDS ***
Dealt to Mahu2021 [3d 2d]
Erebgil: raises 20 to 40
Mahu2021: calls 30
PitchGaida: calls 20
*** FLOP *** [As 7c 4c]
Mahu2021: checks 
PitchGaida: checks 
Erebgil: bets 50
Mahu2021: calls 50
PitchGaida: folds 
*** TURN *** [As 7c 4c] [9d]
Mahu2021: checks 
Erebgil: checks 
*** RIVER *** [As 7c 4c 9d] [6h]
Mahu2021: checks 
Erebgil: checks 
*** SHOW DOWN ***
Mahu2021: shows [3d 2d] (high card Ace)
Erebgil: shows [3s Kd] (high card Ace - King kicker)
Erebgil collected 220 from pot
*** SUMMARY ***
Total pot 220 | Rake 0 
Board [As 7c 4c 9d 6h]
Seat 1: Erebgil (button) showed [3s Kd] and won (220) with high card Ace
Seat 2: Mahu2021 (small blind) showed [3d 2d] and lost with high card Ace
Seat 3: PitchGaida (big blind) folded on the Flop



PokerStars Hand #245728616832: Tournament #3639450885, $0.92+$0.08 USD Hold'em No Limit - Level I (10/20) - 2023/09/02 15:01:07 CET [2023/09/02 9:01:07 ET]
Table '3639450885 1' 3-max Seat #2 is the button
Seat 1: Erebgil (700 in chips) 
Seat 2: Mahu2021 (320 in chips) 
Seat 3: PitchGaida (480 in chips) 
PitchGaida: posts small blind 10
Erebgil: posts big blind 20
*** HOLE CARDS ***
Dealt to Mahu2021 [8d Qd]
Mahu2021: raises 20 to 40
PitchGaida: folds 
Erebgil: raises 60 to 100
Mahu2021: calls 60
*** FLOP *** [9s Js Ac]
Erebgil: checks 
Mahu2021: checks 
*** TURN *** [9s Js Ac] [Jc]
Erebgil: bets 69
Mahu2021: folds 
Uncalled bet (69) returned to Erebgil
Erebgil collected 210 from pot
Erebgil: doesn't show hand 
*** SUMMARY ***
Total pot 210 | Rake 0 
Board [9s Js Ac Jc]
Seat 1: Erebgil (big blind) collected (210)
Seat 2: Mahu2021 (button) folded on the Turn
Seat 3: PitchGaida (small blind) folded before Flop



PokerStars Hand #245728622695: Tournament #3639450885, $0.92+$0.08 USD Hold'em No Limit - Level I (10/20) - 2023/09/02 15:01:36 CET [2023/09/02 9:01:36 ET]
Table '3639450885 1' 3-max Seat #3 is the button
Seat 1: Erebgil (810 in chips) 
Seat 2: Mahu2021 (220 in chips) 
Seat 3: PitchGaida (470 in chips) 
Erebgil: posts small blind 10
Mahu2021: posts big blind 20
*** HOLE CARDS ***
Dealt to Mahu2021 [9d 7h]
PitchGaida: folds 
Erebgil: folds 
Uncalled bet (10) returned to Mahu2021
Mahu2021 collected 20 from pot
Mahu2021: doesn't show hand 
*** SUMMARY ***
Total pot 20 | Rake 0 
Seat 1: Erebgil (small blind) folded before Flop
Seat 2: Mahu2021 (big blind) collected (20)
Seat 3: PitchGaida (button) folded before Flop (didn't bet)



PokerStars Hand #245728624426: Tournament #3639450885, $0.92+$0.08 USD Hold'em No Limit - Level I (10/20) - 2023/09/02 15:01:45 CET [2023/09/02 9:01:45 ET]
Table '3639450885 1' 3-max Seat #1 is the button
Seat 1: Erebgil (800 in chips) 
Seat 2: Mahu2021 (230 in chips) 
Seat 3: PitchGaida (470 in chips) 
Mahu2021: posts small blind 10
PitchGaida: posts big blind 20
*** HOLE CARDS ***
Dealt to Mahu2021 [8s Qd]
Erebgil: raises 20 to 40
Mahu2021: folds 
PitchGaida: calls 20
*** FLOP *** [Qc 4h 9h]
PitchGaida: bets 45
Erebgil: raises 45 to 90
PitchGaida: folds 
Uncalled bet (45) returned to Erebgil
Erebgil collected 180 from pot
Erebgil: doesn't show hand 
*** SUMMARY ***
Total pot 180 | Rake 0 
Board [Qc 4h 9h]
Seat 1: Erebgil (button) collected (180)
Seat 2: Mahu2021 (small blind) folded before Flop
Seat 3: PitchGaida (big blind) folded on the Flop



PokerStars Hand #245728629184: Tournament #3639450885, $0.92+$0.08 USD Hold'em No Limit - Level I (10/20) - 2023/09/02 15:02:07 CET [2023/09/02 9:02:07 ET]
Table '3639450885 1' 3-max Seat #2 is the button
Seat 1: Erebgil (895 in chips) 
Seat 2: Mahu2021 (220 in chips) 
Seat 3: PitchGaida (385 in chips) 
PitchGaida: posts small blind 10
Erebgil: posts big blind 20
*** HOLE CARDS ***
Dealt to Mahu2021 [Kc 2d]
Mahu2021: calls 20
PitchGaida: calls 10
Erebgil: checks 
*** FLOP *** [6s Ad Qh]
PitchGaida: checks 
Erebgil: checks 
Mahu2021: checks 
*** TURN *** [6s Ad Qh] [7h]
PitchGaida: checks 
Erebgil: checks 
Mahu2021: checks 
*** RIVER *** [6s Ad Qh 7h] [8d]
PitchGaida: bets 20
Erebgil: folds 
Mahu2021: folds 
Uncalled bet (20) returned to PitchGaida
PitchGaida collected 60 from pot
*** SUMMARY ***
Total pot 60 | Rake 0 
Board [6s Ad Qh 7h 8d]
Seat 1: Erebgil (big blind) folded on the River
Seat 2: Mahu2021 (button) folded on the River
Seat 3: PitchGaida (small blind) collected (60)



PokerStars Hand #245728635307: Tournament #3639450885, $0.92+$0.08 USD Hold'em No Limit - Level I (10/20) - 2023/09/02 15:02:37 CET [2023/09/02 9:02:37 ET]
Table '3639450885 1' 3-max Seat #3 is the button
Seat 1: Erebgil (875 in chips) 
Seat 2: Mahu2021 (200 in chips) 
Seat 3: PitchGaida (425 in chips) 
Erebgil: posts small blind 10
Mahu2021: posts big blind 20
*** HOLE CARDS ***
Dealt to Mahu2021 [3c 8s]
PitchGaida: calls 20
Erebgil: raises 40 to 60
Mahu2021: folds 
PitchGaida: calls 40
*** FLOP *** [Qd Qs 7d]
Erebgil: bets 50
PitchGaida: raises 315 to 365 and is all-in
Erebgil: folds 
Uncalled bet (315) returned to PitchGaida
PitchGaida collected 240 from pot
*** SUMMARY ***
Total pot 240 | Rake 0 
Board [Qd Qs 7d]
Seat 1: Erebgil (small blind) folded on the Flop
Seat 2: Mahu2021 (big blind) folded before Flop
Seat 3: PitchGaida (button) collected (240)



PokerStars Hand #245728641608: Tournament #3639450885, $0.92+$0.08 USD Hold'em No Limit - Level II (15/30) - 2023/09/02 15:03:07 CET [2023/09/02 9:03:07 ET]
Table '3639450885 1' 3-max Seat #1 is the button
Seat 1: Erebgil (765 in chips) 
Seat 2: Mahu2021 (180 in chips) 
Seat 3: PitchGaida (555 in chips) 
Mahu2021: posts small blind 15
PitchGaida: posts big blind 30
*** HOLE CARDS ***
Dealt to Mahu2021 [8s 6d]
Erebgil: folds 
Mahu2021: folds 
Uncalled bet (15) returned to PitchGaida
PitchGaida collected 30 from pot
*** SUMMARY ***
Total pot 30 | Rake 0 
Seat 1: Erebgil (button) folded before Flop (didn't bet)
Seat 2: Mahu2021 (small blind) folded before Flop
Seat 3: PitchGaida (big blind) collected (30)



PokerStars Hand #245728642933: Tournament #3639450885, $0.92+$0.08 USD Hold'em No Limit - Level II (15/30) - 2023/09/02 15:03:13 CET [2023/09/02 9:03:13 ET]
Table '3639450885 1' 3-max Seat #2 is the button
Seat 1: Erebgil (765 in chips) 
Seat 2: Mahu2021 (165 in chips) 
Seat 3: PitchGaida (570 in chips) 
PitchGaida: posts small blind 15
Erebgil: posts big blind 30
*** HOLE CARDS ***
Dealt to Mahu2021 [2h 2s]
Mahu2021: raises 135 to 165 and is all-in
PitchGaida: folds 
Erebgil: folds 
Uncalled bet (135) returned to Mahu2021
Mahu2021 collected 75 from pot
Mahu2021: doesn't show hand 
*** SUMMARY ***
Total pot 75 | Rake 0 
Seat 1: Erebgil (big blind) folded before Flop
Seat 2: Mahu2021 (button) collected (75)
Seat 3: PitchGaida (small blind) folded before Flop



PokerStars Hand #245728644746: Tournament #3639450885, $0.92+$0.08 USD Hold'em No Limit - Level II (15/30) - 2023/09/02 15:03:21 CET [2023/09/02 9:03:21 ET]
Table '3639450885 1' 3-max Seat #3 is the button
Seat 1: Erebgil (735 in chips) 
Seat 2: Mahu2021 (210 in chips) 
Seat 3: PitchGaida (555 in chips) 
Erebgil: posts small blind 15
Mahu2021: posts big blind 30
*** HOLE CARDS ***
Dealt to Mahu2021 [7c 8c]
PitchGaida: folds 
Erebgil: raises 30 to 60
Mahu2021: calls 30
*** FLOP *** [8d 3d Td]
Erebgil: bets 80
Mahu2021: raises 70 to 150 and is all-in
Erebgil: calls 70
*** TURN *** [8d 3d Td] [Th]
*** RIVER *** [8d 3d Td Th] [8s]
*** SHOW DOWN ***
Erebgil: shows [Qc Ts] (a full house, Tens full of Eights)
Mahu2021: shows [7c 8c] (a full house, Eights full of Tens)
Erebgil collected 420 from pot
Mahu2021 finished the tournament in 3rd place
*** SUMMARY ***
Total pot 420 | Rake 0 
Board [8d 3d Td Th 8s]
Seat 1: Erebgil (small blind) showed [Qc Ts] and won (420) with a full house, Tens full of Eights
Seat 2: Mahu2021 (big blind) showed [7c 8c] and lost with a full house, Eights full of Tens
Seat 3: PitchGaida (button) folded before Flop (didn't bet)



