PokerStars Hand #250509227619: Tournament #3754676708, $1.84+$0.16 USD Hold'em No Limit - Level I (10/20) - 2024/05/15 12:34:19 CET [2024/05/15 6:34:19 ET]
Table '3754676708 1' 3-max Seat #1 is the button
Seat 1: Kbies (500 in chips) 
Seat 2: graleks80 (500 in chips) 
Seat 3: Mahu2021 (500 in chips) 
graleks80: posts small blind 10
Mahu2021: posts big blind 20
*** HOLE CARDS ***
Dealt to Mahu2021 [7c Js]
Kbies: folds 
graleks80: folds 
Uncalled bet (10) returned to Mahu2021
Mahu2021 collected 20 from pot
Mahu2021: doesn't show hand 
*** SUMMARY ***
Total pot 20 | Rake 0 
Seat 1: Kbies (button) folded before Flop (didn't bet)
Seat 2: graleks80 (small blind) folded before Flop
Seat 3: Mahu2021 (big blind) collected (20)



PokerStars Hand #250509228375: Tournament #3754676708, $1.84+$0.16 USD Hold'em No Limit - Level I (10/20) - 2024/05/15 12:34:25 CET [2024/05/15 6:34:25 ET]
Table '3754676708 1' 3-max Seat #2 is the button
Seat 1: Kbies (500 in chips) 
Seat 2: graleks80 (490 in chips) 
Seat 3: Mahu2021 (510 in chips) 
Mahu2021: posts small blind 10
Kbies: posts big blind 20
*** HOLE CARDS ***
Dealt to Mahu2021 [As 9d]
graleks80: raises 20 to 40
Mahu2021: calls 30
Kbies: calls 20
*** FLOP *** [Qc 3d 9h]
Mahu2021: checks 
Kbies: checks 
graleks80: bets 30
Mahu2021: calls 30
Kbies: calls 30
*** TURN *** [Qc 3d 9h] [3h]
Mahu2021: checks 
Kbies: checks 
graleks80: checks 
*** RIVER *** [Qc 3d 9h 3h] [Ts]
Mahu2021: checks 
Kbies: checks 
graleks80: checks 
*** SHOW DOWN ***
Mahu2021: shows [As 9d] (two pair, Nines and Threes)
Kbies: mucks hand 
graleks80: mucks hand 
Mahu2021 collected 210 from pot
*** SUMMARY ***
Total pot 210 | Rake 0 
Board [Qc 3d 9h 3h Ts]
Seat 1: Kbies (big blind) mucked [9s 6s]
Seat 2: graleks80 (button) mucked [7d Ad]
Seat 3: Mahu2021 (small blind) showed [As 9d] and won (210) with two pair, Nines and Threes



PokerStars Hand #250509232116: Tournament #3754676708, $1.84+$0.16 USD Hold'em No Limit - Level I (10/20) - 2024/05/15 12:34:52 CET [2024/05/15 6:34:52 ET]
Table '3754676708 1' 3-max Seat #3 is the button
Seat 1: Kbies (430 in chips) 
Seat 2: graleks80 (420 in chips) 
Seat 3: Mahu2021 (650 in chips) 
Kbies: posts small blind 10
graleks80: posts big blind 20
*** HOLE CARDS ***
Dealt to Mahu2021 [4s Js]
Mahu2021: calls 20
Kbies: raises 40 to 60
graleks80: folds 
Mahu2021: calls 40
*** FLOP *** [Tc 9d 2s]
Kbies: bets 60
Mahu2021: folds 
Uncalled bet (60) returned to Kbies
Kbies collected 140 from pot
Kbies: doesn't show hand 
*** SUMMARY ***
Total pot 140 | Rake 0 
Board [Tc 9d 2s]
Seat 1: Kbies (small blind) collected (140)
Seat 2: graleks80 (big blind) folded before Flop
Seat 3: Mahu2021 (button) folded on the Flop



PokerStars Hand #250509235342: Tournament #3754676708, $1.84+$0.16 USD Hold'em No Limit - Level I (10/20) - 2024/05/15 12:35:16 CET [2024/05/15 6:35:16 ET]
Table '3754676708 1' 3-max Seat #1 is the button
Seat 1: Kbies (510 in chips) 
Seat 2: graleks80 (400 in chips) 
Seat 3: Mahu2021 (590 in chips) 
graleks80: posts small blind 10
Mahu2021: posts big blind 20
*** HOLE CARDS ***
Dealt to Mahu2021 [4c Qc]
Kbies: folds 
graleks80: folds 
Uncalled bet (10) returned to Mahu2021
Mahu2021 collected 20 from pot
Mahu2021: doesn't show hand 
*** SUMMARY ***
Total pot 20 | Rake 0 
Seat 1: Kbies (button) folded before Flop (didn't bet)
Seat 2: graleks80 (small blind) folded before Flop
Seat 3: Mahu2021 (big blind) collected (20)



PokerStars Hand #250509236327: Tournament #3754676708, $1.84+$0.16 USD Hold'em No Limit - Level I (10/20) - 2024/05/15 12:35:23 CET [2024/05/15 6:35:23 ET]
Table '3754676708 1' 3-max Seat #2 is the button
Seat 1: Kbies (510 in chips) 
Seat 2: graleks80 (390 in chips) 
Seat 3: Mahu2021 (600 in chips) 
Mahu2021: posts small blind 10
Kbies: posts big blind 20
*** HOLE CARDS ***
Dealt to Mahu2021 [4s 9d]
graleks80: folds 
Mahu2021: folds 
Uncalled bet (10) returned to Kbies
Kbies collected 20 from pot
Kbies: doesn't show hand 
*** SUMMARY ***
Total pot 20 | Rake 0 
Seat 1: Kbies (big blind) collected (20)
Seat 2: graleks80 (button) folded before Flop (didn't bet)
Seat 3: Mahu2021 (small blind) folded before Flop



PokerStars Hand #250509237108: Tournament #3754676708, $1.84+$0.16 USD Hold'em No Limit - Level I (10/20) - 2024/05/15 12:35:29 CET [2024/05/15 6:35:29 ET]
Table '3754676708 1' 3-max Seat #3 is the button
Seat 1: Kbies (520 in chips) 
Seat 2: graleks80 (390 in chips) 
Seat 3: Mahu2021 (590 in chips) 
Kbies: posts small blind 10
graleks80: posts big blind 20
*** HOLE CARDS ***
Dealt to Mahu2021 [Ts Jc]
Mahu2021: raises 20 to 40
Kbies: raises 100 to 140
graleks80: folds 
Mahu2021: calls 100
*** FLOP *** [8c Kc 4s]
Kbies: bets 99
Mahu2021: folds 
Uncalled bet (99) returned to Kbies
Kbies collected 300 from pot
Kbies: doesn't show hand 
*** SUMMARY ***
Total pot 300 | Rake 0 
Board [8c Kc 4s]
Seat 1: Kbies (small blind) collected (300)
Seat 2: graleks80 (big blind) folded before Flop
Seat 3: Mahu2021 (button) folded on the Flop



PokerStars Hand #250509240709: Tournament #3754676708, $1.84+$0.16 USD Hold'em No Limit - Level I (10/20) - 2024/05/15 12:35:56 CET [2024/05/15 6:35:56 ET]
Table '3754676708 1' 3-max Seat #1 is the button
Seat 1: Kbies (680 in chips) 
Seat 2: graleks80 (370 in chips) 
Seat 3: Mahu2021 (450 in chips) 
graleks80: posts small blind 10
Mahu2021: posts big blind 20
*** HOLE CARDS ***
Dealt to Mahu2021 [Kc 5h]
Kbies: folds 
graleks80: raises 30 to 50
Mahu2021: folds 
Uncalled bet (30) returned to graleks80
graleks80 collected 40 from pot
graleks80: doesn't show hand 
*** SUMMARY ***
Total pot 40 | Rake 0 
Seat 1: Kbies (button) folded before Flop (didn't bet)
Seat 2: graleks80 (small blind) collected (40)
Seat 3: Mahu2021 (big blind) folded before Flop



PokerStars Hand #250509241745: Tournament #3754676708, $1.84+$0.16 USD Hold'em No Limit - Level I (10/20) - 2024/05/15 12:36:03 CET [2024/05/15 6:36:03 ET]
Table '3754676708 1' 3-max Seat #2 is the button
Seat 1: Kbies (680 in chips) 
Seat 2: graleks80 (390 in chips) 
Seat 3: Mahu2021 (430 in chips) 
Mahu2021: posts small blind 10
Kbies: posts big blind 20
*** HOLE CARDS ***
Dealt to Mahu2021 [Ac 3d]
graleks80: folds 
Mahu2021: raises 20 to 40
Kbies: calls 20
*** FLOP *** [6c 9h 4c]
Mahu2021: checks 
Kbies: bets 20
Mahu2021: calls 20
*** TURN *** [6c 9h 4c] [Ad]
Mahu2021: checks 
Kbies: checks 
*** RIVER *** [6c 9h 4c Ad] [7s]
Mahu2021: bets 120
Kbies: folds 
Uncalled bet (120) returned to Mahu2021
Mahu2021 collected 120 from pot
Mahu2021: doesn't show hand 
*** SUMMARY ***
Total pot 120 | Rake 0 
Board [6c 9h 4c Ad 7s]
Seat 1: Kbies (big blind) folded on the River
Seat 2: graleks80 (button) folded before Flop (didn't bet)
Seat 3: Mahu2021 (small blind) collected (120)



PokerStars Hand #250509245644: Tournament #3754676708, $1.84+$0.16 USD Hold'em No Limit - Level II (15/30) - 2024/05/15 12:36:31 CET [2024/05/15 6:36:31 ET]
Table '3754676708 1' 3-max Seat #3 is the button
Seat 1: Kbies (620 in chips) 
Seat 2: graleks80 (390 in chips) 
Seat 3: Mahu2021 (490 in chips) 
Kbies: posts small blind 15
graleks80: posts big blind 30
*** HOLE CARDS ***
Dealt to Mahu2021 [Js 8h]
Mahu2021: folds 
Kbies: raises 30 to 60
graleks80: folds 
Uncalled bet (30) returned to Kbies
Kbies collected 60 from pot
Kbies: doesn't show hand 
*** SUMMARY ***
Total pot 60 | Rake 0 
Seat 1: Kbies (small blind) collected (60)
Seat 2: graleks80 (big blind) folded before Flop
Seat 3: Mahu2021 (button) folded before Flop (didn't bet)



PokerStars Hand #250509247126: Tournament #3754676708, $1.84+$0.16 USD Hold'em No Limit - Level II (15/30) - 2024/05/15 12:36:42 CET [2024/05/15 6:36:42 ET]
Table '3754676708 1' 3-max Seat #1 is the button
Seat 1: Kbies (650 in chips) 
Seat 2: graleks80 (360 in chips) 
Seat 3: Mahu2021 (490 in chips) 
graleks80: posts small blind 15
Mahu2021: posts big blind 30
*** HOLE CARDS ***
Dealt to Mahu2021 [Qs 6c]
Kbies: folds 
graleks80: calls 15
Mahu2021: checks 
*** FLOP *** [6s Jd Kh]
graleks80: bets 30
Mahu2021: calls 30
*** TURN *** [6s Jd Kh] [3s]
graleks80: bets 60
Mahu2021: raises 90 to 150
graleks80: raises 150 to 300 and is all-in
Mahu2021: folds 
Uncalled bet (150) returned to graleks80
graleks80 collected 420 from pot
graleks80: doesn't show hand 
*** SUMMARY ***
Total pot 420 | Rake 0 
Board [6s Jd Kh 3s]
Seat 1: Kbies (button) folded before Flop (didn't bet)
Seat 2: graleks80 (small blind) collected (420)
Seat 3: Mahu2021 (big blind) folded on the Turn



PokerStars Hand #250509250299: Tournament #3754676708, $1.84+$0.16 USD Hold'em No Limit - Level II (15/30) - 2024/05/15 12:37:06 CET [2024/05/15 6:37:06 ET]
Table '3754676708 1' 3-max Seat #2 is the button
Seat 1: Kbies (650 in chips) 
Seat 2: graleks80 (570 in chips) 
Seat 3: Mahu2021 (280 in chips) 
Mahu2021: posts small blind 15
Kbies: posts big blind 30
*** HOLE CARDS ***
Dealt to Mahu2021 [2h Kd]
graleks80: raises 30 to 60
Mahu2021: folds 
Kbies: calls 30
*** FLOP *** [8d Th 7c]
Kbies: bets 90
graleks80: folds 
Uncalled bet (90) returned to Kbies
Kbies collected 135 from pot
Kbies: doesn't show hand 
*** SUMMARY ***
Total pot 135 | Rake 0 
Board [8d Th 7c]
Seat 1: Kbies (big blind) collected (135)
Seat 2: graleks80 (button) folded on the Flop
Seat 3: Mahu2021 (small blind) folded before Flop



PokerStars Hand #250509253018: Tournament #3754676708, $1.84+$0.16 USD Hold'em No Limit - Level II (15/30) - 2024/05/15 12:37:26 CET [2024/05/15 6:37:26 ET]
Table '3754676708 1' 3-max Seat #3 is the button
Seat 1: Kbies (725 in chips) 
Seat 2: graleks80 (510 in chips) 
Seat 3: Mahu2021 (265 in chips) 
Kbies: posts small blind 15
graleks80: posts big blind 30
*** HOLE CARDS ***
Dealt to Mahu2021 [Kc 5c]
Mahu2021: calls 30
Kbies: calls 15
graleks80: checks 
*** FLOP *** [2c Th 8s]
Kbies: checks 
graleks80: checks 
Mahu2021: checks 
*** TURN *** [2c Th 8s] [Qd]
Kbies: checks 
graleks80: checks 
Mahu2021: checks 
*** RIVER *** [2c Th 8s Qd] [3h]
Kbies: checks 
graleks80: bets 45
Mahu2021: folds 
Kbies: folds 
Uncalled bet (45) returned to graleks80
graleks80 collected 90 from pot
graleks80: doesn't show hand 
*** SUMMARY ***
Total pot 90 | Rake 0 
Board [2c Th 8s Qd 3h]
Seat 1: Kbies (small blind) folded on the River
Seat 2: graleks80 (big blind) collected (90)
Seat 3: Mahu2021 (button) folded on the River



PokerStars Hand #250509256626: Tournament #3754676708, $1.84+$0.16 USD Hold'em No Limit - Level II (15/30) - 2024/05/15 12:37:53 CET [2024/05/15 6:37:53 ET]
Table '3754676708 1' 3-max Seat #1 is the button
Seat 1: Kbies (695 in chips) 
Seat 2: graleks80 (570 in chips) 
Seat 3: Mahu2021 (235 in chips) 
graleks80: posts small blind 15
Mahu2021: posts big blind 30
*** HOLE CARDS ***
Dealt to Mahu2021 [8s 6c]
Kbies: raises 30 to 60
graleks80: calls 45
Mahu2021: folds 
*** FLOP *** [5c 5h Td]
graleks80: checks 
Kbies: checks 
*** TURN *** [5c 5h Td] [Qd]
graleks80: checks 
Kbies: bets 60
graleks80: calls 60
*** RIVER *** [5c 5h Td Qd] [Ad]
graleks80: checks 
Kbies: bets 270
graleks80: folds 
Uncalled bet (270) returned to Kbies
Kbies collected 270 from pot
Kbies: doesn't show hand 
*** SUMMARY ***
Total pot 270 | Rake 0 
Board [5c 5h Td Qd Ad]
Seat 1: Kbies (button) collected (270)
Seat 2: graleks80 (small blind) folded on the River
Seat 3: Mahu2021 (big blind) folded before Flop



PokerStars Hand #250509262210: Tournament #3754676708, $1.84+$0.16 USD Hold'em No Limit - Level III (20/40) - 2024/05/15 12:38:34 CET [2024/05/15 6:38:34 ET]
Table '3754676708 1' 3-max Seat #2 is the button
Seat 1: Kbies (845 in chips) 
Seat 2: graleks80 (450 in chips) 
Seat 3: Mahu2021 (205 in chips) 
Mahu2021: posts small blind 20
Kbies: posts big blind 40
*** HOLE CARDS ***
Dealt to Mahu2021 [8d 8c]
graleks80: folds 
Mahu2021: raises 165 to 205 and is all-in
Kbies: folds 
Uncalled bet (165) returned to Mahu2021
Mahu2021 collected 80 from pot
Mahu2021: doesn't show hand 
*** SUMMARY ***
Total pot 80 | Rake 0 
Seat 1: Kbies (big blind) folded before Flop
Seat 2: graleks80 (button) folded before Flop (didn't bet)
Seat 3: Mahu2021 (small blind) collected (80)



PokerStars Hand #250509263540: Tournament #3754676708, $1.84+$0.16 USD Hold'em No Limit - Level III (20/40) - 2024/05/15 12:38:44 CET [2024/05/15 6:38:44 ET]
Table '3754676708 1' 3-max Seat #3 is the button
Seat 1: Kbies (805 in chips) 
Seat 2: graleks80 (450 in chips) 
Seat 3: Mahu2021 (245 in chips) 
Kbies: posts small blind 20
graleks80: posts big blind 40
*** HOLE CARDS ***
Dealt to Mahu2021 [9d 7s]
Mahu2021: folds 
Kbies: folds 
Uncalled bet (20) returned to graleks80
graleks80 collected 40 from pot
graleks80: doesn't show hand 
*** SUMMARY ***
Total pot 40 | Rake 0 
Seat 1: Kbies (small blind) folded before Flop
Seat 2: graleks80 (big blind) collected (40)
Seat 3: Mahu2021 (button) folded before Flop (didn't bet)



PokerStars Hand #250509264722: Tournament #3754676708, $1.84+$0.16 USD Hold'em No Limit - Level III (20/40) - 2024/05/15 12:38:52 CET [2024/05/15 6:38:52 ET]
Table '3754676708 1' 3-max Seat #1 is the button
Seat 1: Kbies (785 in chips) 
Seat 2: graleks80 (470 in chips) 
Seat 3: Mahu2021 (245 in chips) 
graleks80: posts small blind 20
Mahu2021: posts big blind 40
*** HOLE CARDS ***
Dealt to Mahu2021 [6s Ah]
Kbies: folds 
graleks80: calls 20
Mahu2021: raises 205 to 245 and is all-in
graleks80: folds 
Uncalled bet (205) returned to Mahu2021
Mahu2021 collected 80 from pot
Mahu2021: doesn't show hand 
*** SUMMARY ***
Total pot 80 | Rake 0 
Seat 1: Kbies (button) folded before Flop (didn't bet)
Seat 2: graleks80 (small blind) folded before Flop
Seat 3: Mahu2021 (big blind) collected (80)



PokerStars Hand #250509265752: Tournament #3754676708, $1.84+$0.16 USD Hold'em No Limit - Level III (20/40) - 2024/05/15 12:39:00 CET [2024/05/15 6:39:00 ET]
Table '3754676708 1' 3-max Seat #2 is the button
Seat 1: Kbies (785 in chips) 
Seat 2: graleks80 (430 in chips) 
Seat 3: Mahu2021 (285 in chips) 
Mahu2021: posts small blind 20
Kbies: posts big blind 40
*** HOLE CARDS ***
Dealt to Mahu2021 [Jd 8h]
graleks80: folds 
Mahu2021: calls 20
Kbies: checks 
*** FLOP *** [6c Ts 4c]
Mahu2021: checks 
Kbies: bets 40
Mahu2021: folds 
Uncalled bet (40) returned to Kbies
Kbies collected 80 from pot
Kbies: doesn't show hand 
*** SUMMARY ***
Total pot 80 | Rake 0 
Board [6c Ts 4c]
Seat 1: Kbies (big blind) collected (80)
Seat 2: graleks80 (button) folded before Flop (didn't bet)
Seat 3: Mahu2021 (small blind) folded on the Flop



PokerStars Hand #250509268158: Tournament #3754676708, $1.84+$0.16 USD Hold'em No Limit - Level III (20/40) - 2024/05/15 12:39:17 CET [2024/05/15 6:39:17 ET]
Table '3754676708 1' 3-max Seat #3 is the button
Seat 1: Kbies (825 in chips) 
Seat 2: graleks80 (430 in chips) 
Seat 3: Mahu2021 (245 in chips) 
Kbies: posts small blind 20
graleks80: posts big blind 40
*** HOLE CARDS ***
Dealt to Mahu2021 [6h 9h]
Mahu2021: folds 
Kbies: raises 40 to 80
graleks80: folds 
Uncalled bet (40) returned to Kbies
Kbies collected 80 from pot
Kbies: doesn't show hand 
*** SUMMARY ***
Total pot 80 | Rake 0 
Seat 1: Kbies (small blind) collected (80)
Seat 2: graleks80 (big blind) folded before Flop
Seat 3: Mahu2021 (button) folded before Flop (didn't bet)



PokerStars Hand #250509269456: Tournament #3754676708, $1.84+$0.16 USD Hold'em No Limit - Level III (20/40) - 2024/05/15 12:39:27 CET [2024/05/15 6:39:27 ET]
Table '3754676708 1' 3-max Seat #1 is the button
Seat 1: Kbies (865 in chips) 
Seat 2: graleks80 (390 in chips) 
Seat 3: Mahu2021 (245 in chips) 
graleks80: posts small blind 20
Mahu2021: posts big blind 40
*** HOLE CARDS ***
Dealt to Mahu2021 [7s 4d]
Kbies: folds 
graleks80: folds 
Uncalled bet (20) returned to Mahu2021
Mahu2021 collected 40 from pot
Mahu2021: doesn't show hand 
*** SUMMARY ***
Total pot 40 | Rake 0 
Seat 1: Kbies (button) folded before Flop (didn't bet)
Seat 2: graleks80 (small blind) folded before Flop
Seat 3: Mahu2021 (big blind) collected (40)



PokerStars Hand #250509270889: Tournament #3754676708, $1.84+$0.16 USD Hold'em No Limit - Level III (20/40) - 2024/05/15 12:39:37 CET [2024/05/15 6:39:37 ET]
Table '3754676708 1' 3-max Seat #2 is the button
Seat 1: Kbies (865 in chips) 
Seat 2: graleks80 (370 in chips) 
Seat 3: Mahu2021 (265 in chips) 
Mahu2021: posts small blind 20
Kbies: posts big blind 40
*** HOLE CARDS ***
Dealt to Mahu2021 [Qd 9s]
graleks80: raises 330 to 370 and is all-in
Mahu2021: folds 
Kbies: folds 
Uncalled bet (330) returned to graleks80
graleks80 collected 100 from pot
graleks80: doesn't show hand 
*** SUMMARY ***
Total pot 100 | Rake 0 
Seat 1: Kbies (big blind) folded before Flop
Seat 2: graleks80 (button) collected (100)
Seat 3: Mahu2021 (small blind) folded before Flop



PokerStars Hand #250509272018: Tournament #3754676708, $1.84+$0.16 USD Hold'em No Limit - Level III (20/40) - 2024/05/15 12:39:45 CET [2024/05/15 6:39:45 ET]
Table '3754676708 1' 3-max Seat #3 is the button
Seat 1: Kbies (825 in chips) 
Seat 2: graleks80 (430 in chips) 
Seat 3: Mahu2021 (245 in chips) 
Kbies: posts small blind 20
graleks80: posts big blind 40
*** HOLE CARDS ***
Dealt to Mahu2021 [8s 4d]
Mahu2021: folds 
Kbies: raises 40 to 80
graleks80: raises 350 to 430 and is all-in
Kbies: folds 
Uncalled bet (350) returned to graleks80
graleks80 collected 160 from pot
graleks80: doesn't show hand 
*** SUMMARY ***
Total pot 160 | Rake 0 
Seat 1: Kbies (small blind) folded before Flop
Seat 2: graleks80 (big blind) collected (160)
Seat 3: Mahu2021 (button) folded before Flop (didn't bet)



PokerStars Hand #250509273564: Tournament #3754676708, $1.84+$0.16 USD Hold'em No Limit - Level III (20/40) - 2024/05/15 12:39:57 CET [2024/05/15 6:39:57 ET]
Table '3754676708 1' 3-max Seat #1 is the button
Seat 1: Kbies (745 in chips) 
Seat 2: graleks80 (510 in chips) 
Seat 3: Mahu2021 (245 in chips) 
graleks80: posts small blind 20
Mahu2021: posts big blind 40
*** HOLE CARDS ***
Dealt to Mahu2021 [As 5c]
Kbies: folds 
graleks80: folds 
Uncalled bet (20) returned to Mahu2021
Mahu2021 collected 40 from pot
Mahu2021: doesn't show hand 
*** SUMMARY ***
Total pot 40 | Rake 0 
Seat 1: Kbies (button) folded before Flop (didn't bet)
Seat 2: graleks80 (small blind) folded before Flop
Seat 3: Mahu2021 (big blind) collected (40)



PokerStars Hand #250509274490: Tournament #3754676708, $1.84+$0.16 USD Hold'em No Limit - Level III (20/40) - 2024/05/15 12:40:03 CET [2024/05/15 6:40:03 ET]
Table '3754676708 1' 3-max Seat #2 is the button
Seat 1: Kbies (745 in chips) 
Seat 2: graleks80 (490 in chips) 
Seat 3: Mahu2021 (265 in chips) 
Mahu2021: posts small blind 20
Kbies: posts big blind 40
*** HOLE CARDS ***
Dealt to Mahu2021 [4c 5c]
graleks80: raises 450 to 490 and is all-in
Mahu2021: folds 
Kbies: folds 
Uncalled bet (450) returned to graleks80
graleks80 collected 100 from pot
graleks80: doesn't show hand 
*** SUMMARY ***
Total pot 100 | Rake 0 
Seat 1: Kbies (big blind) folded before Flop
Seat 2: graleks80 (button) collected (100)
Seat 3: Mahu2021 (small blind) folded before Flop



PokerStars Hand #250509276104: Tournament #3754676708, $1.84+$0.16 USD Hold'em No Limit - Level III (20/40) - 2024/05/15 12:40:14 CET [2024/05/15 6:40:14 ET]
Table '3754676708 1' 3-max Seat #3 is the button
Seat 1: Kbies (705 in chips) 
Seat 2: graleks80 (550 in chips) 
Seat 3: Mahu2021 (245 in chips) 
Kbies: posts small blind 20
graleks80: posts big blind 40
*** HOLE CARDS ***
Dealt to Mahu2021 [9s Tc]
Mahu2021: folds 
Kbies: calls 20
graleks80: raises 510 to 550 and is all-in
Kbies: folds 
Uncalled bet (510) returned to graleks80
graleks80 collected 80 from pot
graleks80: doesn't show hand 
*** SUMMARY ***
Total pot 80 | Rake 0 
Seat 1: Kbies (small blind) folded before Flop
Seat 2: graleks80 (big blind) collected (80)
Seat 3: Mahu2021 (button) folded before Flop (didn't bet)



PokerStars Hand #250509278422: Tournament #3754676708, $1.84+$0.16 USD Hold'em No Limit - Level IV (30/60) - 2024/05/15 12:40:31 CET [2024/05/15 6:40:31 ET]
Table '3754676708 1' 3-max Seat #1 is the button
Seat 1: Kbies (665 in chips) 
Seat 2: graleks80 (590 in chips) 
Seat 3: Mahu2021 (245 in chips) 
graleks80: posts small blind 30
Mahu2021: posts big blind 60
*** HOLE CARDS ***
Dealt to Mahu2021 [5s Td]
Kbies: folds 
graleks80: folds 
Uncalled bet (30) returned to Mahu2021
Mahu2021 collected 60 from pot
Mahu2021: doesn't show hand 
*** SUMMARY ***
Total pot 60 | Rake 0 
Seat 1: Kbies (button) folded before Flop (didn't bet)
Seat 2: graleks80 (small blind) folded before Flop
Seat 3: Mahu2021 (big blind) collected (60)



PokerStars Hand #250509279427: Tournament #3754676708, $1.84+$0.16 USD Hold'em No Limit - Level IV (30/60) - 2024/05/15 12:40:38 CET [2024/05/15 6:40:38 ET]
Table '3754676708 1' 3-max Seat #2 is the button
Seat 1: Kbies (665 in chips) 
Seat 2: graleks80 (560 in chips) 
Seat 3: Mahu2021 (275 in chips) 
Mahu2021: posts small blind 30
Kbies: posts big blind 60
*** HOLE CARDS ***
Dealt to Mahu2021 [Jc 6s]
graleks80: folds 
Mahu2021: folds 
Uncalled bet (30) returned to Kbies
Kbies collected 60 from pot
Kbies: doesn't show hand 
*** SUMMARY ***
Total pot 60 | Rake 0 
Seat 1: Kbies (big blind) collected (60)
Seat 2: graleks80 (button) folded before Flop (didn't bet)
Seat 3: Mahu2021 (small blind) folded before Flop



PokerStars Hand #250509280339: Tournament #3754676708, $1.84+$0.16 USD Hold'em No Limit - Level IV (30/60) - 2024/05/15 12:40:45 CET [2024/05/15 6:40:45 ET]
Table '3754676708 1' 3-max Seat #3 is the button
Seat 1: Kbies (695 in chips) 
Seat 2: graleks80 (560 in chips) 
Seat 3: Mahu2021 (245 in chips) 
Kbies: posts small blind 30
graleks80: posts big blind 60
*** HOLE CARDS ***
Dealt to Mahu2021 [Qd Ac]
Mahu2021: raises 185 to 245 and is all-in
Kbies: folds 
graleks80: folds 
Uncalled bet (185) returned to Mahu2021
Mahu2021 collected 150 from pot
Mahu2021: doesn't show hand 
*** SUMMARY ***
Total pot 150 | Rake 0 
Seat 1: Kbies (small blind) folded before Flop
Seat 2: graleks80 (big blind) folded before Flop
Seat 3: Mahu2021 (button) collected (150)



PokerStars Hand #250509281491: Tournament #3754676708, $1.84+$0.16 USD Hold'em No Limit - Level IV (30/60) - 2024/05/15 12:40:53 CET [2024/05/15 6:40:53 ET]
Table '3754676708 1' 3-max Seat #1 is the button
Seat 1: Kbies (665 in chips) 
Seat 2: graleks80 (500 in chips) 
Seat 3: Mahu2021 (335 in chips) 
graleks80: posts small blind 30
Mahu2021: posts big blind 60
*** HOLE CARDS ***
Dealt to Mahu2021 [Ad 7d]
Kbies: folds 
graleks80: calls 30
Mahu2021: raises 275 to 335 and is all-in
graleks80: folds 
Uncalled bet (275) returned to Mahu2021
Mahu2021 collected 120 from pot
Mahu2021: doesn't show hand 
*** SUMMARY ***
Total pot 120 | Rake 0 
Seat 1: Kbies (button) folded before Flop (didn't bet)
Seat 2: graleks80 (small blind) folded before Flop
Seat 3: Mahu2021 (big blind) collected (120)



PokerStars Hand #250509282506: Tournament #3754676708, $1.84+$0.16 USD Hold'em No Limit - Level IV (30/60) - 2024/05/15 12:41:00 CET [2024/05/15 6:41:00 ET]
Table '3754676708 1' 3-max Seat #2 is the button
Seat 1: Kbies (665 in chips) 
Seat 2: graleks80 (440 in chips) 
Seat 3: Mahu2021 (395 in chips) 
Mahu2021: posts small blind 30
Kbies: posts big blind 60
*** HOLE CARDS ***
Dealt to Mahu2021 [5c 7s]
graleks80: raises 380 to 440 and is all-in
Mahu2021: folds 
Kbies: calls 380
*** FLOP *** [7c As 8c]
*** TURN *** [7c As 8c] [Td]
*** RIVER *** [7c As 8c Td] [9h]
*** SHOW DOWN ***
Kbies: shows [Tc Ah] (two pair, Aces and Tens)
graleks80: shows [9d Ac] (two pair, Aces and Nines)
Kbies collected 910 from pot
graleks80 finished the tournament in 3rd place
*** SUMMARY ***
Total pot 910 | Rake 0 
Board [7c As 8c Td 9h]
Seat 1: Kbies (big blind) showed [Tc Ah] and won (910) with two pair, Aces and Tens
Seat 2: graleks80 (button) showed [9d Ac] and lost with two pair, Aces and Nines
Seat 3: Mahu2021 (small blind) folded before Flop



PokerStars Hand #250509284869: Tournament #3754676708, $1.84+$0.16 USD Hold'em No Limit - Level IV (30/60) - 2024/05/15 12:41:17 CET [2024/05/15 6:41:17 ET]
Table '3754676708 1' 3-max Seat #1 is the button
Seat 1: Kbies (1135 in chips) 
Seat 3: Mahu2021 (365 in chips) 
Kbies: posts small blind 30
Mahu2021: posts big blind 60
*** HOLE CARDS ***
Dealt to Mahu2021 [Td 5s]
Kbies: calls 30
Mahu2021: checks 
*** FLOP *** [Kd 5d 2d]
Mahu2021: checks 
Kbies: bets 60
Mahu2021: raises 120 to 180
Kbies: raises 895 to 1075 and is all-in
Mahu2021: calls 125 and is all-in
Uncalled bet (770) returned to Kbies
*** TURN *** [Kd 5d 2d] [8h]
*** RIVER *** [Kd 5d 2d 8h] [Ad]
*** SHOW DOWN ***
Mahu2021: shows [Td 5s] (a flush, Ace high)
Kbies: shows [Qh 9d] (a flush, Ace high - lower cards)
Mahu2021 collected 730 from pot
*** SUMMARY ***
Total pot 730 | Rake 0 
Board [Kd 5d 2d 8h Ad]
Seat 1: Kbies (button) (small blind) showed [Qh 9d] and lost with a flush, Ace high
Seat 3: Mahu2021 (big blind) showed [Td 5s] and won (730) with a flush, Ace high



PokerStars Hand #250509288806: Tournament #3754676708, $1.84+$0.16 USD Hold'em No Limit - Level IV (30/60) - 2024/05/15 12:41:45 CET [2024/05/15 6:41:45 ET]
Table '3754676708 1' 3-max Seat #3 is the button
Seat 1: Kbies (770 in chips) 
Seat 3: Mahu2021 (730 in chips) 
Mahu2021: posts small blind 30
Kbies: posts big blind 60
*** HOLE CARDS ***
Dealt to Mahu2021 [7c 7s]
Mahu2021: raises 670 to 730 and is all-in
Kbies: folds 
Uncalled bet (670) returned to Mahu2021
Mahu2021 collected 120 from pot
Mahu2021: doesn't show hand 
*** SUMMARY ***
Total pot 120 | Rake 0 
Seat 1: Kbies (big blind) folded before Flop
Seat 3: Mahu2021 (button) (small blind) collected (120)



PokerStars Hand #250509289896: Tournament #3754676708, $1.84+$0.16 USD Hold'em No Limit - Level IV (30/60) - 2024/05/15 12:41:53 CET [2024/05/15 6:41:53 ET]
Table '3754676708 1' 3-max Seat #1 is the button
Seat 1: Kbies (710 in chips) 
Seat 3: Mahu2021 (790 in chips) 
Kbies: posts small blind 30
Mahu2021: posts big blind 60
*** HOLE CARDS ***
Dealt to Mahu2021 [7h 7c]
Kbies: folds 
Uncalled bet (30) returned to Mahu2021
Mahu2021 collected 60 from pot
Mahu2021: doesn't show hand 
*** SUMMARY ***
Total pot 60 | Rake 0 
Seat 1: Kbies (button) (small blind) folded before Flop
Seat 3: Mahu2021 (big blind) collected (60)



PokerStars Hand #250509290852: Tournament #3754676708, $1.84+$0.16 USD Hold'em No Limit - Level IV (30/60) - 2024/05/15 12:41:59 CET [2024/05/15 6:41:59 ET]
Table '3754676708 1' 3-max Seat #3 is the button
Seat 1: Kbies (680 in chips) 
Seat 3: Mahu2021 (820 in chips) 
Mahu2021: posts small blind 30
Kbies: posts big blind 60
*** HOLE CARDS ***
Dealt to Mahu2021 [5s 9s]
Mahu2021: calls 30
Kbies: checks 
*** FLOP *** [6s 2s Tc]
Kbies: bets 60
Mahu2021: calls 60
*** TURN *** [6s 2s Tc] [Ad]
Kbies: bets 120
Mahu2021: folds 
Uncalled bet (120) returned to Kbies
Kbies collected 240 from pot
Kbies: doesn't show hand 
*** SUMMARY ***
Total pot 240 | Rake 0 
Board [6s 2s Tc Ad]
Seat 1: Kbies (big blind) collected (240)
Seat 3: Mahu2021 (button) (small blind) folded on the Turn



PokerStars Hand #250509294644: Tournament #3754676708, $1.84+$0.16 USD Hold'em No Limit - Level V (40/80) - 2024/05/15 12:42:26 CET [2024/05/15 6:42:26 ET]
Table '3754676708 1' 3-max Seat #1 is the button
Seat 1: Kbies (800 in chips) 
Seat 3: Mahu2021 (700 in chips) 
Kbies: posts small blind 40
Mahu2021: posts big blind 80
*** HOLE CARDS ***
Dealt to Mahu2021 [9s Td]
Kbies: calls 40
Mahu2021: checks 
*** FLOP *** [4s 2d 8h]
Mahu2021: checks 
Kbies: bets 80
Mahu2021: folds 
Uncalled bet (80) returned to Kbies
Kbies collected 160 from pot
Kbies: doesn't show hand 
*** SUMMARY ***
Total pot 160 | Rake 0 
Board [4s 2d 8h]
Seat 1: Kbies (button) (small blind) collected (160)
Seat 3: Mahu2021 (big blind) folded on the Flop



PokerStars Hand #250509296551: Tournament #3754676708, $1.84+$0.16 USD Hold'em No Limit - Level V (40/80) - 2024/05/15 12:42:40 CET [2024/05/15 6:42:40 ET]
Table '3754676708 1' 3-max Seat #3 is the button
Seat 1: Kbies (880 in chips) 
Seat 3: Mahu2021 (620 in chips) 
Mahu2021: posts small blind 40
Kbies: posts big blind 80
*** HOLE CARDS ***
Dealt to Mahu2021 [3h 8s]
Mahu2021: folds 
Uncalled bet (40) returned to Kbies
Kbies collected 80 from pot
Kbies: doesn't show hand 
*** SUMMARY ***
Total pot 80 | Rake 0 
Seat 1: Kbies (big blind) collected (80)
Seat 3: Mahu2021 (button) (small blind) folded before Flop



PokerStars Hand #250509297149: Tournament #3754676708, $1.84+$0.16 USD Hold'em No Limit - Level V (40/80) - 2024/05/15 12:42:44 CET [2024/05/15 6:42:44 ET]
Table '3754676708 1' 3-max Seat #1 is the button
Seat 1: Kbies (920 in chips) 
Seat 3: Mahu2021 (580 in chips) 
Kbies: posts small blind 40
Mahu2021: posts big blind 80
*** HOLE CARDS ***
Dealt to Mahu2021 [6s Qc]
Kbies: folds 
Uncalled bet (40) returned to Mahu2021
Mahu2021 collected 80 from pot
Mahu2021: doesn't show hand 
*** SUMMARY ***
Total pot 80 | Rake 0 
Seat 1: Kbies (button) (small blind) folded before Flop
Seat 3: Mahu2021 (big blind) collected (80)



PokerStars Hand #250509297722: Tournament #3754676708, $1.84+$0.16 USD Hold'em No Limit - Level V (40/80) - 2024/05/15 12:42:48 CET [2024/05/15 6:42:48 ET]
Table '3754676708 1' 3-max Seat #3 is the button
Seat 1: Kbies (880 in chips) 
Seat 3: Mahu2021 (620 in chips) 
Mahu2021: posts small blind 40
Kbies: posts big blind 80
*** HOLE CARDS ***
Dealt to Mahu2021 [Kh Ks]
Mahu2021: calls 40
Kbies: checks 
*** FLOP *** [Ac 6s 5c]
Kbies: checks 
Mahu2021: bets 80
Kbies: folds 
Uncalled bet (80) returned to Mahu2021
Mahu2021 collected 160 from pot
Mahu2021: doesn't show hand 
*** SUMMARY ***
Total pot 160 | Rake 0 
Board [Ac 6s 5c]
Seat 1: Kbies (big blind) folded on the Flop
Seat 3: Mahu2021 (button) (small blind) collected (160)



PokerStars Hand #250509300175: Tournament #3754676708, $1.84+$0.16 USD Hold'em No Limit - Level V (40/80) - 2024/05/15 12:43:05 CET [2024/05/15 6:43:05 ET]
Table '3754676708 1' 3-max Seat #1 is the button
Seat 1: Kbies (800 in chips) 
Seat 3: Mahu2021 (700 in chips) 
Kbies: posts small blind 40
Mahu2021: posts big blind 80
*** HOLE CARDS ***
Dealt to Mahu2021 [3s 6s]
Kbies: folds 
Uncalled bet (40) returned to Mahu2021
Mahu2021 collected 80 from pot
Mahu2021: doesn't show hand 
*** SUMMARY ***
Total pot 80 | Rake 0 
Seat 1: Kbies (button) (small blind) folded before Flop
Seat 3: Mahu2021 (big blind) collected (80)



PokerStars Hand #250509300808: Tournament #3754676708, $1.84+$0.16 USD Hold'em No Limit - Level V (40/80) - 2024/05/15 12:43:09 CET [2024/05/15 6:43:09 ET]
Table '3754676708 1' 3-max Seat #3 is the button
Seat 1: Kbies (760 in chips) 
Seat 3: Mahu2021 (740 in chips) 
Mahu2021: posts small blind 40
Kbies: posts big blind 80
*** HOLE CARDS ***
Dealt to Mahu2021 [Qh Kh]
Mahu2021: raises 80 to 160
Kbies: folds 
Uncalled bet (80) returned to Mahu2021
Mahu2021 collected 160 from pot
Mahu2021: doesn't show hand 
*** SUMMARY ***
Total pot 160 | Rake 0 
Seat 1: Kbies (big blind) folded before Flop
Seat 3: Mahu2021 (button) (small blind) collected (160)



PokerStars Hand #250509301837: Tournament #3754676708, $1.84+$0.16 USD Hold'em No Limit - Level V (40/80) - 2024/05/15 12:43:16 CET [2024/05/15 6:43:16 ET]
Table '3754676708 1' 3-max Seat #1 is the button
Seat 1: Kbies (680 in chips) 
Seat 3: Mahu2021 (820 in chips) 
Kbies: posts small blind 40
Mahu2021: posts big blind 80
*** HOLE CARDS ***
Dealt to Mahu2021 [3s 2s]
Kbies: calls 40
Mahu2021: checks 
*** FLOP *** [Kh Qs Th]
Mahu2021: checks 
Kbies: checks 
*** TURN *** [Kh Qs Th] [7c]
Mahu2021: checks 
Kbies: bets 80
Mahu2021: folds 
Uncalled bet (80) returned to Kbies
Kbies collected 160 from pot
Kbies: doesn't show hand 
*** SUMMARY ***
Total pot 160 | Rake 0 
Board [Kh Qs Th 7c]
Seat 1: Kbies (button) (small blind) collected (160)
Seat 3: Mahu2021 (big blind) folded on the Turn



PokerStars Hand #250509304479: Tournament #3754676708, $1.84+$0.16 USD Hold'em No Limit - Level V (40/80) - 2024/05/15 12:43:35 CET [2024/05/15 6:43:35 ET]
Table '3754676708 1' 3-max Seat #3 is the button
Seat 1: Kbies (760 in chips) 
Seat 3: Mahu2021 (740 in chips) 
Mahu2021: posts small blind 40
Kbies: posts big blind 80
*** HOLE CARDS ***
Dealt to Mahu2021 [Qh 5s]
Mahu2021: calls 40
Kbies: raises 160 to 240
Mahu2021: folds 
Uncalled bet (160) returned to Kbies
Kbies collected 160 from pot
Kbies: doesn't show hand 
*** SUMMARY ***
Total pot 160 | Rake 0 
Seat 1: Kbies (big blind) collected (160)
Seat 3: Mahu2021 (button) (small blind) folded before Flop



PokerStars Hand #250509306280: Tournament #3754676708, $1.84+$0.16 USD Hold'em No Limit - Level V (40/80) - 2024/05/15 12:43:48 CET [2024/05/15 6:43:48 ET]
Table '3754676708 1' 3-max Seat #1 is the button
Seat 1: Kbies (840 in chips) 
Seat 3: Mahu2021 (660 in chips) 
Kbies: posts small blind 40
Mahu2021: posts big blind 80
*** HOLE CARDS ***
Dealt to Mahu2021 [8h 4d]
Kbies: calls 40
Mahu2021: checks 
*** FLOP *** [9h Jh Jd]
Mahu2021: checks 
Kbies: checks 
*** TURN *** [9h Jh Jd] [Js]
Mahu2021: checks 
Kbies: checks 
*** RIVER *** [9h Jh Jd Js] [4s]
Mahu2021: bets 580 and is all-in
Kbies: folds 
Uncalled bet (580) returned to Mahu2021
Mahu2021 collected 160 from pot
Mahu2021: doesn't show hand 
*** SUMMARY ***
Total pot 160 | Rake 0 
Board [9h Jh Jd Js 4s]
Seat 1: Kbies (button) (small blind) folded on the River
Seat 3: Mahu2021 (big blind) collected (160)



PokerStars Hand #250509309100: Tournament #3754676708, $1.84+$0.16 USD Hold'em No Limit - Level V (40/80) - 2024/05/15 12:44:08 CET [2024/05/15 6:44:08 ET]
Table '3754676708 1' 3-max Seat #3 is the button
Seat 1: Kbies (760 in chips) 
Seat 3: Mahu2021 (740 in chips) 
Mahu2021: posts small blind 40
Kbies: posts big blind 80
*** HOLE CARDS ***
Dealt to Mahu2021 [3c 6d]
Mahu2021: folds 
Uncalled bet (40) returned to Kbies
Kbies collected 80 from pot
Kbies: doesn't show hand 
*** SUMMARY ***
Total pot 80 | Rake 0 
Seat 1: Kbies (big blind) collected (80)
Seat 3: Mahu2021 (button) (small blind) folded before Flop



PokerStars Hand #250509309731: Tournament #3754676708, $1.84+$0.16 USD Hold'em No Limit - Level V (40/80) - 2024/05/15 12:44:12 CET [2024/05/15 6:44:12 ET]
Table '3754676708 1' 3-max Seat #1 is the button
Seat 1: Kbies (800 in chips) 
Seat 3: Mahu2021 (700 in chips) 
Kbies: posts small blind 40
Mahu2021: posts big blind 80
*** HOLE CARDS ***
Dealt to Mahu2021 [7d Ks]
Kbies: raises 80 to 160
Mahu2021: calls 80
*** FLOP *** [6d 6s Kd]
Mahu2021: bets 540 and is all-in
Kbies: calls 540
*** TURN *** [6d 6s Kd] [2h]
*** RIVER *** [6d 6s Kd 2h] [6c]
*** SHOW DOWN ***
Mahu2021: shows [7d Ks] (a full house, Sixes full of Kings)
Kbies: shows [8s 8h] (a full house, Sixes full of Eights)
Mahu2021 collected 1400 from pot
*** SUMMARY ***
Total pot 1400 | Rake 0 
Board [6d 6s Kd 2h 6c]
Seat 1: Kbies (button) (small blind) showed [8s 8h] and lost with a full house, Sixes full of Eights
Seat 3: Mahu2021 (big blind) showed [7d Ks] and won (1400) with a full house, Sixes full of Kings



PokerStars Hand #250509313075: Tournament #3754676708, $1.84+$0.16 USD Hold'em No Limit - Level VI (50/100) - 2024/05/15 12:44:36 CET [2024/05/15 6:44:36 ET]
Table '3754676708 1' 3-max Seat #3 is the button
Seat 1: Kbies (100 in chips) 
Seat 3: Mahu2021 (1400 in chips) 
Mahu2021: posts small blind 50
Kbies: posts big blind 100 and is all-in
*** HOLE CARDS ***
Dealt to Mahu2021 [5s 3s]
Mahu2021: calls 50
*** FLOP *** [8s 4h Kd]
*** TURN *** [8s 4h Kd] [7s]
*** RIVER *** [8s 4h Kd 7s] [Ad]
*** SHOW DOWN ***
Kbies: shows [2d 4d] (a pair of Fours)
Mahu2021: shows [5s 3s] (high card Ace)
Kbies collected 200 from pot
*** SUMMARY ***
Total pot 200 | Rake 0 
Board [8s 4h Kd 7s Ad]
Seat 1: Kbies (big blind) showed [2d 4d] and won (200) with a pair of Fours
Seat 3: Mahu2021 (button) (small blind) showed [5s 3s] and lost with high card Ace



PokerStars Hand #250509314749: Tournament #3754676708, $1.84+$0.16 USD Hold'em No Limit - Level VI (50/100) - 2024/05/15 12:44:47 CET [2024/05/15 6:44:47 ET]
Table '3754676708 1' 3-max Seat #1 is the button
Seat 1: Kbies (200 in chips) 
Seat 3: Mahu2021 (1300 in chips) 
Kbies: posts small blind 50
Mahu2021: posts big blind 100
*** HOLE CARDS ***
Dealt to Mahu2021 [7d Jc]
Kbies: raises 100 to 200 and is all-in
Mahu2021: calls 100
*** FLOP *** [9d Jd Kc]
*** TURN *** [9d Jd Kc] [Ah]
*** RIVER *** [9d Jd Kc Ah] [3d]
*** SHOW DOWN ***
Mahu2021: shows [7d Jc] (a pair of Jacks)
Kbies: shows [5c 7c] (high card Ace)
Mahu2021 collected 400 from pot
Kbies finished the tournament in 2nd place
Mahu2021 wins the tournament and receives $4.00 - congratulations!
*** SUMMARY ***
Total pot 400 | Rake 0 
Board [9d Jd Kc Ah 3d]
Seat 1: Kbies (button) (small blind) showed [5c 7c] and lost with high card Ace
Seat 3: Mahu2021 (big blind) showed [7d Jc] and won (400) with a pair of Jacks



