PokerStars Hand #252456938597: Tournament #3800692933, $1.84+$0.16 USD Hold'em No Limit - Level I (10/20) - 2024/09/15 8:57:01 CET [2024/09/15 2:57:01 ET]
Table '3800692933 1' 3-max Seat #1 is the button
Seat 1: misumagnificul (500 in chips) 
Seat 2: Mahu2021 (500 in chips) 
Seat 3: LinasPovil (500 in chips) 
Mahu2021: posts small blind 10
LinasPovil: posts big blind 20
*** HOLE CARDS ***
Dealt to Mahu2021 [Js 2h]
misumagnificul: raises 20 to 40
Mahu2021: folds 
LinasPovil: calls 20
*** FLOP *** [6h Td Tc]
LinasPovil: checks 
misumagnificul: bets 40
LinasPovil: folds 
Uncalled bet (40) returned to misumagnificul
misumagnificul collected 90 from pot
misumagnificul: doesn't show hand 
*** SUMMARY ***
Total pot 90 | Rake 0 
Board [6h Td Tc]
Seat 1: misumagnificul (button) collected (90)
Seat 2: Mahu2021 (small blind) folded before Flop
Seat 3: LinasPovil (big blind) folded on the Flop



PokerStars Hand #252456941479: Tournament #3800692933, $1.84+$0.16 USD Hold'em No Limit - Level I (10/20) - 2024/09/15 8:57:36 CET [2024/09/15 2:57:36 ET]
Table '3800692933 1' 3-max Seat #2 is the button
Seat 1: misumagnificul (550 in chips) 
Seat 2: Mahu2021 (490 in chips) 
Seat 3: LinasPovil (460 in chips) 
LinasPovil: posts small blind 10
misumagnificul: posts big blind 20
*** HOLE CARDS ***
Dealt to Mahu2021 [Qd Td]
Mahu2021: raises 20 to 40
LinasPovil: raises 420 to 460 and is all-in
misumagnificul: raises 90 to 550 and is all-in
Mahu2021: folds 
Uncalled bet (90) returned to misumagnificul
*** FLOP *** [Ts 2s Ac]
*** TURN *** [Ts 2s Ac] [7s]
*** RIVER *** [Ts 2s Ac 7s] [9d]
*** SHOW DOWN ***
LinasPovil: shows [7c 7h] (three of a kind, Sevens)
misumagnificul: shows [6d 6s] (a pair of Sixes)
LinasPovil collected 960 from pot
*** SUMMARY ***
Total pot 960 | Rake 0 
Board [Ts 2s Ac 7s 9d]
Seat 1: misumagnificul (big blind) showed [6d 6s] and lost with a pair of Sixes
Seat 2: Mahu2021 (button) folded before Flop
Seat 3: LinasPovil (small blind) showed [7c 7h] and won (960) with three of a kind, Sevens



PokerStars Hand #252456943928: Tournament #3800692933, $1.84+$0.16 USD Hold'em No Limit - Level I (10/20) - 2024/09/15 8:58:06 CET [2024/09/15 2:58:06 ET]
Table '3800692933 1' 3-max Seat #3 is the button
Seat 1: misumagnificul (90 in chips) 
Seat 2: Mahu2021 (450 in chips) 
Seat 3: LinasPovil (960 in chips) 
misumagnificul: posts small blind 10
Mahu2021: posts big blind 20
*** HOLE CARDS ***
Dealt to Mahu2021 [3h Jh]
LinasPovil: raises 20 to 40
misumagnificul: folds 
Mahu2021: calls 20
*** FLOP *** [5h 2d Tc]
Mahu2021: checks 
LinasPovil: bets 30
Mahu2021: folds 
Uncalled bet (30) returned to LinasPovil
LinasPovil collected 90 from pot
LinasPovil: doesn't show hand 
*** SUMMARY ***
Total pot 90 | Rake 0 
Board [5h 2d Tc]
Seat 1: misumagnificul (small blind) folded before Flop
Seat 2: Mahu2021 (big blind) folded on the Flop
Seat 3: LinasPovil (button) collected (90)



PokerStars Hand #252456945450: Tournament #3800692933, $1.84+$0.16 USD Hold'em No Limit - Level I (10/20) - 2024/09/15 8:58:24 CET [2024/09/15 2:58:24 ET]
Table '3800692933 1' 3-max Seat #1 is the button
Seat 1: misumagnificul (80 in chips) 
Seat 2: Mahu2021 (410 in chips) 
Seat 3: LinasPovil (1010 in chips) 
Mahu2021: posts small blind 10
LinasPovil: posts big blind 20
*** HOLE CARDS ***
Dealt to Mahu2021 [Th 9c]
misumagnificul: folds 
Mahu2021: folds 
Uncalled bet (10) returned to LinasPovil
LinasPovil collected 20 from pot
LinasPovil: doesn't show hand 
*** SUMMARY ***
Total pot 20 | Rake 0 
Seat 1: misumagnificul (button) folded before Flop (didn't bet)
Seat 2: Mahu2021 (small blind) folded before Flop
Seat 3: LinasPovil (big blind) collected (20)



PokerStars Hand #252456946282: Tournament #3800692933, $1.84+$0.16 USD Hold'em No Limit - Level I (10/20) - 2024/09/15 8:58:34 CET [2024/09/15 2:58:34 ET]
Table '3800692933 1' 3-max Seat #2 is the button
Seat 1: misumagnificul (80 in chips) 
Seat 2: Mahu2021 (400 in chips) 
Seat 3: LinasPovil (1020 in chips) 
LinasPovil: posts small blind 10
misumagnificul: posts big blind 20
*** HOLE CARDS ***
Dealt to Mahu2021 [Kc 4h]
Mahu2021: folds 
LinasPovil: calls 10
misumagnificul: checks 
*** FLOP *** [3d Qd 8h]
LinasPovil: bets 20
misumagnificul: raises 40 to 60 and is all-in
LinasPovil: folds 
Uncalled bet (40) returned to misumagnificul
misumagnificul collected 80 from pot
misumagnificul: doesn't show hand 
*** SUMMARY ***
Total pot 80 | Rake 0 
Board [3d Qd 8h]
Seat 1: misumagnificul (big blind) collected (80)
Seat 2: Mahu2021 (button) folded before Flop (didn't bet)
Seat 3: LinasPovil (small blind) folded on the Flop



PokerStars Hand #252456950523: Tournament #3800692933, $1.84+$0.16 USD Hold'em No Limit - Level I (10/20) - 2024/09/15 8:59:25 CET [2024/09/15 2:59:25 ET]
Table '3800692933 1' 3-max Seat #3 is the button
Seat 1: misumagnificul (120 in chips) 
Seat 2: Mahu2021 (400 in chips) 
Seat 3: LinasPovil (980 in chips) 
misumagnificul: posts small blind 10
Mahu2021: posts big blind 20
*** HOLE CARDS ***
Dealt to Mahu2021 [2h 9d]
LinasPovil: folds 
misumagnificul: folds 
Uncalled bet (10) returned to Mahu2021
Mahu2021 collected 20 from pot
Mahu2021: doesn't show hand 
*** SUMMARY ***
Total pot 20 | Rake 0 
Seat 1: misumagnificul (small blind) folded before Flop
Seat 2: Mahu2021 (big blind) collected (20)
Seat 3: LinasPovil (button) folded before Flop (didn't bet)



PokerStars Hand #252456951867: Tournament #3800692933, $1.84+$0.16 USD Hold'em No Limit - Level I (10/20) - 2024/09/15 8:59:40 CET [2024/09/15 2:59:40 ET]
Table '3800692933 1' 3-max Seat #1 is the button
Seat 1: misumagnificul (110 in chips) 
Seat 2: Mahu2021 (410 in chips) 
Seat 3: LinasPovil (980 in chips) 
Mahu2021: posts small blind 10
LinasPovil: posts big blind 20
*** HOLE CARDS ***
Dealt to Mahu2021 [Qs 4d]
misumagnificul: folds 
Mahu2021: folds 
Uncalled bet (10) returned to LinasPovil
LinasPovil collected 20 from pot
LinasPovil: doesn't show hand 
*** SUMMARY ***
Total pot 20 | Rake 0 
Seat 1: misumagnificul (button) folded before Flop (didn't bet)
Seat 2: Mahu2021 (small blind) folded before Flop
Seat 3: LinasPovil (big blind) collected (20)



PokerStars Hand #252456952291: Tournament #3800692933, $1.84+$0.16 USD Hold'em No Limit - Level I (10/20) - 2024/09/15 8:59:45 CET [2024/09/15 2:59:45 ET]
Table '3800692933 1' 3-max Seat #2 is the button
Seat 1: misumagnificul (110 in chips) 
Seat 2: Mahu2021 (400 in chips) 
Seat 3: LinasPovil (990 in chips) 
LinasPovil: posts small blind 10
misumagnificul: posts big blind 20
*** HOLE CARDS ***
Dealt to Mahu2021 [8d 2h]
Mahu2021: folds 
LinasPovil: raises 970 to 990 and is all-in
misumagnificul: calls 90 and is all-in
Uncalled bet (880) returned to LinasPovil
*** FLOP *** [7c 9c 9s]
*** TURN *** [7c 9c 9s] [3d]
*** RIVER *** [7c 9c 9s 3d] [5d]
*** SHOW DOWN ***
LinasPovil: shows [6h Ks] (a pair of Nines)
misumagnificul: shows [Jd Tc] (a pair of Nines - lower kicker)
LinasPovil collected 220 from pot
misumagnificul finished the tournament in 3rd place
*** SUMMARY ***
Total pot 220 | Rake 0 
Board [7c 9c 9s 3d 5d]
Seat 1: misumagnificul (big blind) showed [Jd Tc] and lost with a pair of Nines
Seat 2: Mahu2021 (button) folded before Flop (didn't bet)
Seat 3: LinasPovil (small blind) showed [6h Ks] and won (220) with a pair of Nines



PokerStars Hand #252456953695: Tournament #3800692933, $1.84+$0.16 USD Hold'em No Limit - Level I (10/20) - 2024/09/15 9:00:02 CET [2024/09/15 3:00:02 ET]
Table '3800692933 1' 3-max Seat #3 is the button
Seat 2: Mahu2021 (400 in chips) 
Seat 3: LinasPovil (1100 in chips) 
LinasPovil: posts small blind 10
Mahu2021: posts big blind 20
*** HOLE CARDS ***
Dealt to Mahu2021 [Ad 4c]
LinasPovil: calls 10
Mahu2021: raises 380 to 400 and is all-in
LinasPovil: folds 
Uncalled bet (380) returned to Mahu2021
Mahu2021 collected 40 from pot
Mahu2021: doesn't show hand 
*** SUMMARY ***
Total pot 40 | Rake 0 
Seat 2: Mahu2021 (big blind) collected (40)
Seat 3: LinasPovil (button) (small blind) folded before Flop



PokerStars Hand #252456955401: Tournament #3800692933, $1.84+$0.16 USD Hold'em No Limit - Level II (15/30) - 2024/09/15 9:00:22 CET [2024/09/15 3:00:22 ET]
Table '3800692933 1' 3-max Seat #2 is the button
Seat 2: Mahu2021 (420 in chips) 
Seat 3: LinasPovil (1080 in chips) 
Mahu2021: posts small blind 15
LinasPovil: posts big blind 30
*** HOLE CARDS ***
Dealt to Mahu2021 [Ad Qs]
Mahu2021: raises 30 to 60
LinasPovil: calls 30
*** FLOP *** [Ah Jd 3d]
LinasPovil: checks 
Mahu2021: bets 60
LinasPovil: folds 
Uncalled bet (60) returned to Mahu2021
Mahu2021 collected 120 from pot
Mahu2021: doesn't show hand 
*** SUMMARY ***
Total pot 120 | Rake 0 
Board [Ah Jd 3d]
Seat 2: Mahu2021 (button) (small blind) collected (120)
Seat 3: LinasPovil (big blind) folded on the Flop



PokerStars Hand #252456957474: Tournament #3800692933, $1.84+$0.16 USD Hold'em No Limit - Level II (15/30) - 2024/09/15 9:00:44 CET [2024/09/15 3:00:44 ET]
Table '3800692933 1' 3-max Seat #3 is the button
Seat 2: Mahu2021 (480 in chips) 
Seat 3: LinasPovil (1020 in chips) 
LinasPovil: posts small blind 15
Mahu2021: posts big blind 30
*** HOLE CARDS ***
Dealt to Mahu2021 [Ks 9s]
LinasPovil: calls 15
Mahu2021: raises 90 to 120
LinasPovil: folds 
Uncalled bet (90) returned to Mahu2021
Mahu2021 collected 60 from pot
Mahu2021: doesn't show hand 
*** SUMMARY ***
Total pot 60 | Rake 0 
Seat 2: Mahu2021 (big blind) collected (60)
Seat 3: LinasPovil (button) (small blind) folded before Flop



PokerStars Hand #252456958867: Tournament #3800692933, $1.84+$0.16 USD Hold'em No Limit - Level II (15/30) - 2024/09/15 9:00:59 CET [2024/09/15 3:00:59 ET]
Table '3800692933 1' 3-max Seat #2 is the button
Seat 2: Mahu2021 (510 in chips) 
Seat 3: LinasPovil (990 in chips) 
Mahu2021: posts small blind 15
LinasPovil: posts big blind 30
*** HOLE CARDS ***
Dealt to Mahu2021 [Tc Ts]
Mahu2021: raises 480 to 510 and is all-in
LinasPovil: folds 
Uncalled bet (480) returned to Mahu2021
Mahu2021 collected 60 from pot
Mahu2021: doesn't show hand 
*** SUMMARY ***
Total pot 60 | Rake 0 
Seat 2: Mahu2021 (button) (small blind) collected (60)
Seat 3: LinasPovil (big blind) folded before Flop



PokerStars Hand #252456959700: Tournament #3800692933, $1.84+$0.16 USD Hold'em No Limit - Level II (15/30) - 2024/09/15 9:01:08 CET [2024/09/15 3:01:08 ET]
Table '3800692933 1' 3-max Seat #3 is the button
Seat 2: Mahu2021 (540 in chips) 
Seat 3: LinasPovil (960 in chips) 
LinasPovil: posts small blind 15
Mahu2021: posts big blind 30
*** HOLE CARDS ***
Dealt to Mahu2021 [Jd 3d]
LinasPovil: calls 15
Mahu2021: checks 
*** FLOP *** [Qd Kd Tc]
Mahu2021: checks 
LinasPovil: bets 30
Mahu2021: calls 30
*** TURN *** [Qd Kd Tc] [6c]
Mahu2021: checks 
LinasPovil: bets 60
Mahu2021: raises 90 to 150
LinasPovil: folds 
Uncalled bet (90) returned to Mahu2021
Mahu2021 collected 240 from pot
Mahu2021: doesn't show hand 
*** SUMMARY ***
Total pot 240 | Rake 0 
Board [Qd Kd Tc 6c]
Seat 2: Mahu2021 (big blind) collected (240)
Seat 3: LinasPovil (button) (small blind) folded on the Turn



PokerStars Hand #252456962593: Tournament #3800692933, $1.84+$0.16 USD Hold'em No Limit - Level II (15/30) - 2024/09/15 9:01:38 CET [2024/09/15 3:01:38 ET]
Table '3800692933 1' 3-max Seat #2 is the button
Seat 2: Mahu2021 (660 in chips) 
Seat 3: LinasPovil (840 in chips) 
Mahu2021: posts small blind 15
LinasPovil: posts big blind 30
*** HOLE CARDS ***
Dealt to Mahu2021 [2c 4s]
Mahu2021: folds 
Uncalled bet (15) returned to LinasPovil
LinasPovil collected 30 from pot
LinasPovil: doesn't show hand 
*** SUMMARY ***
Total pot 30 | Rake 0 
Seat 2: Mahu2021 (button) (small blind) folded before Flop
Seat 3: LinasPovil (big blind) collected (30)



PokerStars Hand #252456963064: Tournament #3800692933, $1.84+$0.16 USD Hold'em No Limit - Level II (15/30) - 2024/09/15 9:01:43 CET [2024/09/15 3:01:43 ET]
Table '3800692933 1' 3-max Seat #3 is the button
Seat 2: Mahu2021 (645 in chips) 
Seat 3: LinasPovil (855 in chips) 
LinasPovil: posts small blind 15
Mahu2021: posts big blind 30
*** HOLE CARDS ***
Dealt to Mahu2021 [7s Qd]
LinasPovil: calls 15
Mahu2021: checks 
*** FLOP *** [8d 7c 2d]
Mahu2021: checks 
LinasPovil: bets 30
Mahu2021: calls 30
*** TURN *** [8d 7c 2d] [7h]
Mahu2021: checks 
LinasPovil: checks 
*** RIVER *** [8d 7c 2d 7h] [5c]
Mahu2021: bets 120
LinasPovil: folds 
Uncalled bet (120) returned to Mahu2021
Mahu2021 collected 120 from pot
Mahu2021: doesn't show hand 
*** SUMMARY ***
Total pot 120 | Rake 0 
Board [8d 7c 2d 7h 5c]
Seat 2: Mahu2021 (big blind) collected (120)
Seat 3: LinasPovil (button) (small blind) folded on the River



PokerStars Hand #252456965633: Tournament #3800692933, $1.84+$0.16 USD Hold'em No Limit - Level II (15/30) - 2024/09/15 9:02:09 CET [2024/09/15 3:02:09 ET]
Table '3800692933 1' 3-max Seat #2 is the button
Seat 2: Mahu2021 (705 in chips) 
Seat 3: LinasPovil (795 in chips) 
Mahu2021: posts small blind 15
LinasPovil: posts big blind 30
*** HOLE CARDS ***
Dealt to Mahu2021 [Kc 7d]
Mahu2021: calls 15
LinasPovil: checks 
*** FLOP *** [Ks Jh 9h]
LinasPovil: checks 
Mahu2021: bets 30
LinasPovil: folds 
Uncalled bet (30) returned to Mahu2021
Mahu2021 collected 60 from pot
Mahu2021: doesn't show hand 
*** SUMMARY ***
Total pot 60 | Rake 0 
Board [Ks Jh 9h]
Seat 2: Mahu2021 (button) (small blind) collected (60)
Seat 3: LinasPovil (big blind) folded on the Flop



PokerStars Hand #252456967826: Tournament #3800692933, $1.84+$0.16 USD Hold'em No Limit - Level II (15/30) - 2024/09/15 9:02:33 CET [2024/09/15 3:02:33 ET]
Table '3800692933 1' 3-max Seat #3 is the button
Seat 2: Mahu2021 (735 in chips) 
Seat 3: LinasPovil (765 in chips) 
LinasPovil: posts small blind 15
Mahu2021: posts big blind 30
*** HOLE CARDS ***
Dealt to Mahu2021 [Jd 6c]
LinasPovil: calls 15
Mahu2021: checks 
*** FLOP *** [8h 5d 7d]
Mahu2021: checks 
LinasPovil: bets 30
Mahu2021: calls 30
*** TURN *** [8h 5d 7d] [4s]
Mahu2021: checks 
LinasPovil: bets 90
Mahu2021: raises 120 to 210
LinasPovil: calls 120
*** RIVER *** [8h 5d 7d 4s] [4c]
Mahu2021: bets 465 and is all-in
LinasPovil: calls 465
*** SHOW DOWN ***
Mahu2021: shows [Jd 6c] (a straight, Four to Eight)
LinasPovil: shows [8c 6s] (a straight, Four to Eight)
Mahu2021 collected 735 from pot
LinasPovil collected 735 from pot
*** SUMMARY ***
Total pot 1470 | Rake 0 
Board [8h 5d 7d 4s 4c]
Seat 2: Mahu2021 (big blind) showed [Jd 6c] and won (735) with a straight, Four to Eight
Seat 3: LinasPovil (button) (small blind) showed [8c 6s] and won (735) with a straight, Four to Eight



PokerStars Hand #252456973006: Tournament #3800692933, $1.84+$0.16 USD Hold'em No Limit - Level III (20/40) - 2024/09/15 9:03:26 CET [2024/09/15 3:03:26 ET]
Table '3800692933 1' 3-max Seat #2 is the button
Seat 2: Mahu2021 (735 in chips) 
Seat 3: LinasPovil (765 in chips) 
Mahu2021: posts small blind 20
LinasPovil: posts big blind 40
*** HOLE CARDS ***
Dealt to Mahu2021 [7c Th]
Mahu2021: folds 
Uncalled bet (20) returned to LinasPovil
LinasPovil collected 40 from pot
LinasPovil: doesn't show hand 
*** SUMMARY ***
Total pot 40 | Rake 0 
Seat 2: Mahu2021 (button) (small blind) folded before Flop
Seat 3: LinasPovil (big blind) collected (40)



PokerStars Hand #252456973494: Tournament #3800692933, $1.84+$0.16 USD Hold'em No Limit - Level III (20/40) - 2024/09/15 9:03:32 CET [2024/09/15 3:03:32 ET]
Table '3800692933 1' 3-max Seat #3 is the button
Seat 2: Mahu2021 (715 in chips) 
Seat 3: LinasPovil (785 in chips) 
LinasPovil: posts small blind 20
Mahu2021: posts big blind 40
*** HOLE CARDS ***
Dealt to Mahu2021 [Kd Js]
LinasPovil: calls 20
Mahu2021: raises 120 to 160
LinasPovil: folds 
Uncalled bet (120) returned to Mahu2021
Mahu2021 collected 80 from pot
Mahu2021: doesn't show hand 
*** SUMMARY ***
Total pot 80 | Rake 0 
Seat 2: Mahu2021 (big blind) collected (80)
Seat 3: LinasPovil (button) (small blind) folded before Flop



PokerStars Hand #252456974838: Tournament #3800692933, $1.84+$0.16 USD Hold'em No Limit - Level III (20/40) - 2024/09/15 9:03:46 CET [2024/09/15 3:03:46 ET]
Table '3800692933 1' 3-max Seat #2 is the button
Seat 2: Mahu2021 (755 in chips) 
Seat 3: LinasPovil (745 in chips) 
Mahu2021: posts small blind 20
LinasPovil: posts big blind 40
*** HOLE CARDS ***
Dealt to Mahu2021 [9s 2d]
Mahu2021: folds 
Uncalled bet (20) returned to LinasPovil
LinasPovil collected 40 from pot
LinasPovil: doesn't show hand 
*** SUMMARY ***
Total pot 40 | Rake 0 
Seat 2: Mahu2021 (button) (small blind) folded before Flop
Seat 3: LinasPovil (big blind) collected (40)



PokerStars Hand #252456975252: Tournament #3800692933, $1.84+$0.16 USD Hold'em No Limit - Level III (20/40) - 2024/09/15 9:03:50 CET [2024/09/15 3:03:50 ET]
Table '3800692933 1' 3-max Seat #3 is the button
Seat 2: Mahu2021 (735 in chips) 
Seat 3: LinasPovil (765 in chips) 
LinasPovil: posts small blind 20
Mahu2021: posts big blind 40
*** HOLE CARDS ***
Dealt to Mahu2021 [Js Kc]
LinasPovil: calls 20
Mahu2021: raises 120 to 160
LinasPovil: folds 
Uncalled bet (120) returned to Mahu2021
Mahu2021 collected 80 from pot
Mahu2021: doesn't show hand 
*** SUMMARY ***
Total pot 80 | Rake 0 
Seat 2: Mahu2021 (big blind) collected (80)
Seat 3: LinasPovil (button) (small blind) folded before Flop



PokerStars Hand #252456976787: Tournament #3800692933, $1.84+$0.16 USD Hold'em No Limit - Level III (20/40) - 2024/09/15 9:04:06 CET [2024/09/15 3:04:06 ET]
Table '3800692933 1' 3-max Seat #2 is the button
Seat 2: Mahu2021 (775 in chips) 
Seat 3: LinasPovil (725 in chips) 
Mahu2021: posts small blind 20
LinasPovil: posts big blind 40
*** HOLE CARDS ***
Dealt to Mahu2021 [6h Qc]
Mahu2021: calls 20
LinasPovil: checks 
*** FLOP *** [Ac Ks Qh]
LinasPovil: checks 
Mahu2021: bets 40
LinasPovil: calls 40
*** TURN *** [Ac Ks Qh] [Qd]
LinasPovil: checks 
Mahu2021: bets 40
LinasPovil: calls 40
*** RIVER *** [Ac Ks Qh Qd] [5h]
LinasPovil: checks 
Mahu2021: bets 40
LinasPovil: calls 40
*** SHOW DOWN ***
Mahu2021: shows [6h Qc] (three of a kind, Queens)
LinasPovil: mucks hand 
Mahu2021 collected 320 from pot
*** SUMMARY ***
Total pot 320 | Rake 0 
Board [Ac Ks Qh Qd 5h]
Seat 2: Mahu2021 (button) (small blind) showed [6h Qc] and won (320) with three of a kind, Queens
Seat 3: LinasPovil (big blind) mucked [7s Ad]



PokerStars Hand #252456981272: Tournament #3800692933, $1.84+$0.16 USD Hold'em No Limit - Level III (20/40) - 2024/09/15 9:04:52 CET [2024/09/15 3:04:52 ET]
Table '3800692933 1' 3-max Seat #3 is the button
Seat 2: Mahu2021 (935 in chips) 
Seat 3: LinasPovil (565 in chips) 
LinasPovil: posts small blind 20
Mahu2021: posts big blind 40
*** HOLE CARDS ***
Dealt to Mahu2021 [4c Qc]
LinasPovil: calls 20
Mahu2021: checks 
*** FLOP *** [Kd 9h 7c]
Mahu2021: checks 
LinasPovil: bets 40
Mahu2021: folds 
Uncalled bet (40) returned to LinasPovil
LinasPovil collected 80 from pot
LinasPovil: doesn't show hand 
*** SUMMARY ***
Total pot 80 | Rake 0 
Board [Kd 9h 7c]
Seat 2: Mahu2021 (big blind) folded on the Flop
Seat 3: LinasPovil (button) (small blind) collected (80)



PokerStars Hand #252456983170: Tournament #3800692933, $1.84+$0.16 USD Hold'em No Limit - Level III (20/40) - 2024/09/15 9:05:12 CET [2024/09/15 3:05:12 ET]
Table '3800692933 1' 3-max Seat #2 is the button
Seat 2: Mahu2021 (895 in chips) 
Seat 3: LinasPovil (605 in chips) 
Mahu2021: posts small blind 20
LinasPovil: posts big blind 40
*** HOLE CARDS ***
Dealt to Mahu2021 [9d 5c]
Mahu2021: folds 
Uncalled bet (20) returned to LinasPovil
LinasPovil collected 40 from pot
LinasPovil: doesn't show hand 
*** SUMMARY ***
Total pot 40 | Rake 0 
Seat 2: Mahu2021 (button) (small blind) folded before Flop
Seat 3: LinasPovil (big blind) collected (40)



PokerStars Hand #252456983590: Tournament #3800692933, $1.84+$0.16 USD Hold'em No Limit - Level III (20/40) - 2024/09/15 9:05:16 CET [2024/09/15 3:05:16 ET]
Table '3800692933 1' 3-max Seat #3 is the button
Seat 2: Mahu2021 (875 in chips) 
Seat 3: LinasPovil (625 in chips) 
LinasPovil: posts small blind 20
Mahu2021: posts big blind 40
*** HOLE CARDS ***
Dealt to Mahu2021 [2h Qs]
LinasPovil: calls 20
Mahu2021: checks 
*** FLOP *** [8h 8c Ks]
Mahu2021: checks 
LinasPovil: checks 
*** TURN *** [8h 8c Ks] [7h]
Mahu2021: checks 
LinasPovil: bets 40
Mahu2021: folds 
Uncalled bet (40) returned to LinasPovil
LinasPovil collected 80 from pot
LinasPovil: doesn't show hand 
*** SUMMARY ***
Total pot 80 | Rake 0 
Board [8h 8c Ks 7h]
Seat 2: Mahu2021 (big blind) folded on the Turn
Seat 3: LinasPovil (button) (small blind) collected (80)



PokerStars Hand #252456985545: Tournament #3800692933, $1.84+$0.16 USD Hold'em No Limit - Level III (20/40) - 2024/09/15 9:05:37 CET [2024/09/15 3:05:37 ET]
Table '3800692933 1' 3-max Seat #2 is the button
Seat 2: Mahu2021 (835 in chips) 
Seat 3: LinasPovil (665 in chips) 
Mahu2021: posts small blind 20
LinasPovil: posts big blind 40
*** HOLE CARDS ***
Dealt to Mahu2021 [Ac 4h]
Mahu2021: raises 40 to 80
LinasPovil: folds 
Uncalled bet (40) returned to Mahu2021
Mahu2021 collected 80 from pot
Mahu2021: doesn't show hand 
*** SUMMARY ***
Total pot 80 | Rake 0 
Seat 2: Mahu2021 (button) (small blind) collected (80)
Seat 3: LinasPovil (big blind) folded before Flop



PokerStars Hand #252456986824: Tournament #3800692933, $1.84+$0.16 USD Hold'em No Limit - Level III (20/40) - 2024/09/15 9:05:50 CET [2024/09/15 3:05:50 ET]
Table '3800692933 1' 3-max Seat #3 is the button
Seat 2: Mahu2021 (875 in chips) 
Seat 3: LinasPovil (625 in chips) 
LinasPovil: posts small blind 20
Mahu2021: posts big blind 40
*** HOLE CARDS ***
Dealt to Mahu2021 [4c 9s]
LinasPovil: calls 20
Mahu2021: checks 
*** FLOP *** [Th Js 5h]
Mahu2021: checks 
LinasPovil: bets 40
Mahu2021: folds 
Uncalled bet (40) returned to LinasPovil
LinasPovil collected 80 from pot
LinasPovil: doesn't show hand 
*** SUMMARY ***
Total pot 80 | Rake 0 
Board [Th Js 5h]
Seat 2: Mahu2021 (big blind) folded on the Flop
Seat 3: LinasPovil (button) (small blind) collected (80)



PokerStars Hand #252456988778: Tournament #3800692933, $1.84+$0.16 USD Hold'em No Limit - Level IV (30/60) - 2024/09/15 9:06:11 CET [2024/09/15 3:06:11 ET]
Table '3800692933 1' 3-max Seat #2 is the button
Seat 2: Mahu2021 (835 in chips) 
Seat 3: LinasPovil (665 in chips) 
Mahu2021: posts small blind 30
LinasPovil: posts big blind 60
*** HOLE CARDS ***
Dealt to Mahu2021 [Ac 5s]
Mahu2021: raises 60 to 120
LinasPovil: calls 60
*** FLOP *** [8h Th Qs]
LinasPovil: checks 
Mahu2021: bets 715 and is all-in
LinasPovil: calls 545 and is all-in
Uncalled bet (170) returned to Mahu2021
*** TURN *** [8h Th Qs] [4d]
*** RIVER *** [8h Th Qs 4d] [9d]
*** SHOW DOWN ***
LinasPovil: shows [Ks Js] (a straight, Nine to King)
Mahu2021: shows [Ac 5s] (high card Ace)
LinasPovil collected 1330 from pot
*** SUMMARY ***
Total pot 1330 | Rake 0 
Board [8h Th Qs 4d 9d]
Seat 2: Mahu2021 (button) (small blind) showed [Ac 5s] and lost with high card Ace
Seat 3: LinasPovil (big blind) showed [Ks Js] and won (1330) with a straight, Nine to King



PokerStars Hand #252456991071: Tournament #3800692933, $1.84+$0.16 USD Hold'em No Limit - Level IV (30/60) - 2024/09/15 9:06:36 CET [2024/09/15 3:06:36 ET]
Table '3800692933 1' 3-max Seat #3 is the button
Seat 2: Mahu2021 (170 in chips) 
Seat 3: LinasPovil (1330 in chips) 
LinasPovil: posts small blind 30
Mahu2021: posts big blind 60
*** HOLE CARDS ***
Dealt to Mahu2021 [7d Th]
LinasPovil: folds 
Uncalled bet (30) returned to Mahu2021
Mahu2021 collected 60 from pot
Mahu2021: doesn't show hand 
*** SUMMARY ***
Total pot 60 | Rake 0 
Seat 2: Mahu2021 (big blind) collected (60)
Seat 3: LinasPovil (button) (small blind) folded before Flop



PokerStars Hand #252456991397: Tournament #3800692933, $1.84+$0.16 USD Hold'em No Limit - Level IV (30/60) - 2024/09/15 9:06:39 CET [2024/09/15 3:06:39 ET]
Table '3800692933 1' 3-max Seat #2 is the button
Seat 2: Mahu2021 (200 in chips) 
Seat 3: LinasPovil (1300 in chips) 
Mahu2021: posts small blind 30
LinasPovil: posts big blind 60
*** HOLE CARDS ***
Dealt to Mahu2021 [2h Qc]
Mahu2021: raises 140 to 200 and is all-in
LinasPovil: folds 
Uncalled bet (140) returned to Mahu2021
Mahu2021 collected 120 from pot
Mahu2021: doesn't show hand 
*** SUMMARY ***
Total pot 120 | Rake 0 
Seat 2: Mahu2021 (button) (small blind) collected (120)
Seat 3: LinasPovil (big blind) folded before Flop



PokerStars Hand #252456992166: Tournament #3800692933, $1.84+$0.16 USD Hold'em No Limit - Level IV (30/60) - 2024/09/15 9:06:47 CET [2024/09/15 3:06:47 ET]
Table '3800692933 1' 3-max Seat #3 is the button
Seat 2: Mahu2021 (260 in chips) 
Seat 3: LinasPovil (1240 in chips) 
LinasPovil: posts small blind 30
Mahu2021: posts big blind 60
*** HOLE CARDS ***
Dealt to Mahu2021 [5h Ah]
LinasPovil: raises 1180 to 1240 and is all-in
Mahu2021: calls 200 and is all-in
Uncalled bet (980) returned to LinasPovil
*** FLOP *** [6s As 4s]
*** TURN *** [6s As 4s] [Th]
*** RIVER *** [6s As 4s Th] [3c]
*** SHOW DOWN ***
Mahu2021: shows [5h Ah] (a pair of Aces)
LinasPovil: shows [5c Ks] (high card Ace)
Mahu2021 collected 520 from pot
*** SUMMARY ***
Total pot 520 | Rake 0 
Board [6s As 4s Th 3c]
Seat 2: Mahu2021 (big blind) showed [5h Ah] and won (520) with a pair of Aces
Seat 3: LinasPovil (button) (small blind) showed [5c Ks] and lost with high card Ace



PokerStars Hand #252456993422: Tournament #3800692933, $1.84+$0.16 USD Hold'em No Limit - Level IV (30/60) - 2024/09/15 9:07:01 CET [2024/09/15 3:07:01 ET]
Table '3800692933 1' 3-max Seat #2 is the button
Seat 2: Mahu2021 (520 in chips) 
Seat 3: LinasPovil (980 in chips) 
Mahu2021: posts small blind 30
LinasPovil: posts big blind 60
*** HOLE CARDS ***
Dealt to Mahu2021 [5c Jc]
Mahu2021: calls 30
LinasPovil: checks 
*** FLOP *** [Qc Td 6d]
LinasPovil: checks 
Mahu2021: bets 60
LinasPovil: raises 120 to 180
Mahu2021: folds 
Uncalled bet (120) returned to LinasPovil
LinasPovil collected 240 from pot
LinasPovil: doesn't show hand 
*** SUMMARY ***
Total pot 240 | Rake 0 
Board [Qc Td 6d]
Seat 2: Mahu2021 (button) (small blind) folded on the Flop
Seat 3: LinasPovil (big blind) collected (240)



PokerStars Hand #252456995232: Tournament #3800692933, $1.84+$0.16 USD Hold'em No Limit - Level IV (30/60) - 2024/09/15 9:07:20 CET [2024/09/15 3:07:20 ET]
Table '3800692933 1' 3-max Seat #3 is the button
Seat 2: Mahu2021 (400 in chips) 
Seat 3: LinasPovil (1100 in chips) 
LinasPovil: posts small blind 30
Mahu2021: posts big blind 60
*** HOLE CARDS ***
Dealt to Mahu2021 [Jh Ts]
LinasPovil: raises 1040 to 1100 and is all-in
Mahu2021: folds 
Uncalled bet (1040) returned to LinasPovil
LinasPovil collected 120 from pot
LinasPovil: doesn't show hand 
*** SUMMARY ***
Total pot 120 | Rake 0 
Seat 2: Mahu2021 (big blind) folded before Flop
Seat 3: LinasPovil (button) (small blind) collected (120)



PokerStars Hand #252456995794: Tournament #3800692933, $1.84+$0.16 USD Hold'em No Limit - Level IV (30/60) - 2024/09/15 9:07:26 CET [2024/09/15 3:07:26 ET]
Table '3800692933 1' 3-max Seat #2 is the button
Seat 2: Mahu2021 (340 in chips) 
Seat 3: LinasPovil (1160 in chips) 
Mahu2021: posts small blind 30
LinasPovil: posts big blind 60
*** HOLE CARDS ***
Dealt to Mahu2021 [Jd 9c]
Mahu2021: raises 280 to 340 and is all-in
LinasPovil: calls 280
*** FLOP *** [As 4s 6d]
*** TURN *** [As 4s 6d] [2c]
*** RIVER *** [As 4s 6d 2c] [6s]
*** SHOW DOWN ***
LinasPovil: shows [3h Kh] (a pair of Sixes)
Mahu2021: shows [Jd 9c] (a pair of Sixes - lower kicker)
LinasPovil collected 680 from pot
Mahu2021 finished the tournament in 2nd place
LinasPovil wins the tournament and receives $6.00 - congratulations!
*** SUMMARY ***
Total pot 680 | Rake 0 
Board [As 4s 6d 2c 6s]
Seat 2: Mahu2021 (button) (small blind) showed [Jd 9c] and lost with a pair of Sixes
Seat 3: LinasPovil (big blind) showed [3h Kh] and won (680) with a pair of Sixes



