PokerStars Zoom Hand #254499404037:  Hold'em No Limit ($0.05/$0.10) - 2025/01/22 16:20:37 CET [2025/01/22 10:20:37 ET]
Table 'Aludra' 6-max Seat #1 is the button
Seat 1: Deox666 ($23.48 in chips) 
Seat 2: joedunston ($12.57 in chips) 
Seat 3: Mahu2021 ($10 in chips) 
Seat 4: kloniss ($14.38 in chips) 
Seat 5: DanC996 ($13.12 in chips) 
Seat 6: anderetsu ($25.08 in chips) 
joedunston: posts small blind $0.05
Mahu2021: posts big blind $0.10
*** HOLE CARDS ***
Dealt to Mahu2021 [Jd 5c]
kloniss: folds 
DanC996: folds 
anderetsu: raises $0.15 to $0.25
Deox666: folds 
joedunston: calls $0.20
Mahu2021: calls $0.15
*** FLOP *** [Kc 6d Ac]
joedunston: checks 
Mahu2021: checks 
anderetsu: checks 
*** TURN *** [Kc 6d Ac] [9c]
joedunston: checks 
Mahu2021: checks 
anderetsu: checks 
*** RIVER *** [Kc 6d Ac 9c] [Ad]
joedunston: bets $0.24
Mahu2021: folds 
anderetsu: calls $0.24
*** SHOW DOWN ***
joedunston: shows [9s 7s] (two pair, Aces and Nines)
anderetsu: shows [7h Ah] (three of a kind, Aces)
anderetsu collected $1.17 from pot
*** SUMMARY ***
Total pot $1.23 | Rake $0.06 
Board [Kc 6d Ac 9c Ad]
Seat 1: Deox666 (button) folded before Flop (didn't bet)
Seat 2: joedunston (small blind) showed [9s 7s] and lost with two pair, Aces and Nines
Seat 3: Mahu2021 (big blind) folded on the River
Seat 4: kloniss folded before Flop (didn't bet)
Seat 5: DanC996 folded before Flop (didn't bet)
Seat 6: anderetsu showed [7h Ah] and won ($1.17) with three of a kind, Aces



PokerStars Zoom Hand #254499411903:  Hold'em No Limit ($0.05/$0.10) - 2025/01/22 16:21:15 CET [2025/01/22 10:21:15 ET]
Table 'Aludra' 6-max Seat #1 is the button
Seat 1: WhiteHeineken ($6.37 in chips) 
Seat 2: Mahu2021 ($9.75 in chips) 
Seat 3: coolio1984 ($16.14 in chips) 
Seat 4: Mallardz ($12.50 in chips) 
Seat 5: Sao77 ($10 in chips) 
Seat 6: anderetsu ($10.09 in chips) 
Mahu2021: posts small blind $0.05
coolio1984: posts big blind $0.10
*** HOLE CARDS ***
Dealt to Mahu2021 [2d Ts]
Mallardz: folds 
Sao77: folds 
anderetsu: raises $0.15 to $0.25
WhiteHeineken: calls $0.25
Mahu2021: folds 
coolio1984: folds 
*** FLOP *** [6s 9h 3s]
anderetsu: bets $0.20
WhiteHeineken: raises $0.50 to $0.70
anderetsu: folds 
Uncalled bet ($0.50) returned to WhiteHeineken
WhiteHeineken collected $1 from pot
WhiteHeineken: doesn't show hand 
*** SUMMARY ***
Total pot $1.05 | Rake $0.05 
Board [6s 9h 3s]
Seat 1: WhiteHeineken (button) collected ($1)
Seat 2: Mahu2021 (small blind) folded before Flop
Seat 3: coolio1984 (big blind) folded before Flop
Seat 4: Mallardz folded before Flop (didn't bet)
Seat 5: Sao77 folded before Flop (didn't bet)
Seat 6: anderetsu folded on the Flop



PokerStars Zoom Hand #254499412701:  Hold'em No Limit ($0.05/$0.10) - 2025/01/22 16:21:19 CET [2025/01/22 10:21:19 ET]
Table 'Aludra' 6-max Seat #1 is the button
Seat 1: Mahu2021 ($9.70 in chips) 
Seat 2: Rickyrihari ($12.53 in chips) 
Seat 3: RodrigoGouveia ($10 in chips) 
Seat 4: Dylpoke92 ($10.47 in chips) 
Seat 5: Jerdole ($17.94 in chips) 
Seat 6: tabo483 ($21.05 in chips) 
Rickyrihari: posts small blind $0.05
RodrigoGouveia: posts big blind $0.10
*** HOLE CARDS ***
Dealt to Mahu2021 [3s 3c]
Dylpoke92: calls $0.10
Jerdole: folds 
tabo483: folds 
Mahu2021: calls $0.10
Rickyrihari: folds 
RodrigoGouveia: checks 
*** FLOP *** [Th Ts 5s]
RodrigoGouveia: checks 
Dylpoke92: bets $0.40
Mahu2021: folds 
RodrigoGouveia: folds 
Uncalled bet ($0.40) returned to Dylpoke92
Dylpoke92 collected $0.33 from pot
Dylpoke92: doesn't show hand 
*** SUMMARY ***
Total pot $0.35 | Rake $0.02 
Board [Th Ts 5s]
Seat 1: Mahu2021 (button) folded on the Flop
Seat 2: Rickyrihari (small blind) folded before Flop
Seat 3: RodrigoGouveia (big blind) folded on the Flop
Seat 4: Dylpoke92 collected ($0.33)
Seat 5: Jerdole folded before Flop (didn't bet)
Seat 6: tabo483 folded before Flop (didn't bet)



PokerStars Zoom Hand #254499418205:  Hold'em No Limit ($0.05/$0.10) - 2025/01/22 16:21:45 CET [2025/01/22 10:21:45 ET]
Table 'Aludra' 6-max Seat #1 is the button
Seat 1: Amrutha378 ($13.35 in chips) 
Seat 2: Ki55 ma Ace ($20.27 in chips) 
Seat 3: geo3pokerr ($2.81 in chips) 
Seat 4: Mallardz ($12.40 in chips) 
Seat 5: Mahu2021 ($9.60 in chips) 
Seat 6: WhiteHeineken ($6.92 in chips) 
Ki55 ma Ace: posts small blind $0.05
geo3pokerr: posts big blind $0.10
*** HOLE CARDS ***
Dealt to Mahu2021 [Td Js]
Mallardz: folds 
Mahu2021: folds 
WhiteHeineken: folds 
Amrutha378: folds 
Ki55 ma Ace: folds 
Uncalled bet ($0.05) returned to geo3pokerr
geo3pokerr collected $0.10 from pot
geo3pokerr: doesn't show hand 
*** SUMMARY ***
Total pot $0.10 | Rake $0 
Seat 1: Amrutha378 (button) folded before Flop (didn't bet)
Seat 2: Ki55 ma Ace (small blind) folded before Flop
Seat 3: geo3pokerr (big blind) collected ($0.10)
Seat 4: Mallardz folded before Flop (didn't bet)
Seat 5: Mahu2021 folded before Flop (didn't bet)
Seat 6: WhiteHeineken folded before Flop (didn't bet)



PokerStars Zoom Hand #254499419487:  Hold'em No Limit ($0.05/$0.10) - 2025/01/22 16:21:51 CET [2025/01/22 10:21:51 ET]
Table 'Aludra' 6-max Seat #1 is the button
Seat 1: Mallardz ($12.40 in chips) 
Seat 2: Amrutha378 ($7.84 in chips) 
Seat 3: Jayce230308 ($10.48 in chips) 
Seat 4: zodapoker ($21.70 in chips) 
Seat 5: Belphegor228 ($11.19 in chips) 
Seat 6: Mahu2021 ($9.60 in chips) 
Amrutha378: posts small blind $0.05
Jayce230308: posts big blind $0.10
*** HOLE CARDS ***
Dealt to Mahu2021 [5h 6d]
zodapoker: folds 
Belphegor228: folds 
Mahu2021: folds 
Mallardz: folds 
Amrutha378: raises $0.20 to $0.30
Jayce230308: calls $0.20
*** FLOP *** [Ah 8h 2d]
Amrutha378: bets $0.29
Jayce230308: folds 
Uncalled bet ($0.29) returned to Amrutha378
Amrutha378 collected $0.57 from pot
Amrutha378: doesn't show hand 
*** SUMMARY ***
Total pot $0.60 | Rake $0.03 
Board [Ah 8h 2d]
Seat 1: Mallardz (button) folded before Flop (didn't bet)
Seat 2: Amrutha378 (small blind) collected ($0.57)
Seat 3: Jayce230308 (big blind) folded on the Flop
Seat 4: zodapoker folded before Flop (didn't bet)
Seat 5: Belphegor228 folded before Flop (didn't bet)
Seat 6: Mahu2021 folded before Flop (didn't bet)



PokerStars Zoom Hand #254499420511:  Hold'em No Limit ($0.05/$0.10) - 2025/01/22 16:21:56 CET [2025/01/22 10:21:56 ET]
Table 'Aludra' 6-max Seat #1 is the button
Seat 1: ASENNA76 ($10.47 in chips) 
Seat 2: coolio1984 ($20.12 in chips) 
Seat 3: Dylpoke92 ($10.65 in chips) 
Seat 4: Amrutha378 ($13.35 in chips) 
Seat 5: Mahu2021 ($9.60 in chips) 
Seat 6: tabo483 ($14.64 in chips) 
coolio1984: posts small blind $0.05
Dylpoke92: posts big blind $0.10
*** HOLE CARDS ***
Dealt to Mahu2021 [Tc 9d]
Amrutha378: folds 
Mahu2021: folds 
tabo483: folds 
ASENNA76: folds 
coolio1984: raises $0.15 to $0.25
Dylpoke92: raises $0.15 to $0.40
coolio1984: calls $0.15
*** FLOP *** [7d 6h 8c]
coolio1984: checks 
Dylpoke92: bets $0.20
coolio1984: folds 
Uncalled bet ($0.20) returned to Dylpoke92
Dylpoke92 collected $0.76 from pot
Dylpoke92: doesn't show hand 
*** SUMMARY ***
Total pot $0.80 | Rake $0.04 
Board [7d 6h 8c]
Seat 1: ASENNA76 (button) folded before Flop (didn't bet)
Seat 2: coolio1984 (small blind) folded on the Flop
Seat 3: Dylpoke92 (big blind) collected ($0.76)
Seat 4: Amrutha378 folded before Flop (didn't bet)
Seat 5: Mahu2021 folded before Flop (didn't bet)
Seat 6: tabo483 folded before Flop (didn't bet)



PokerStars Zoom Hand #254499425501:  Hold'em No Limit ($0.05/$0.10) - 2025/01/22 16:22:20 CET [2025/01/22 10:22:20 ET]
Table 'Aludra' 6-max Seat #1 is the button
Seat 1: Mahu2021 ($9.50 in chips) 
Seat 2: ASENNA76 ($10.72 in chips) 
Seat 3: Amrutha378 ($13.50 in chips) 
Seat 4: anderetsu ($9.74 in chips) 
Seat 5: coolio1984 ($25.02 in chips) 
Seat 6: Sao77 ($10.15 in chips) 
ASENNA76: posts small blind $0.05
Amrutha378: posts big blind $0.10
*** HOLE CARDS ***
Dealt to Mahu2021 [Qs Jc]
anderetsu: folds 
coolio1984: folds 
Sao77: folds 
Mahu2021: raises $0.20 to $0.30
ASENNA76: folds 
Amrutha378: folds 
Uncalled bet ($0.20) returned to Mahu2021
Mahu2021 collected $0.25 from pot
Mahu2021: doesn't show hand 
*** SUMMARY ***
Total pot $0.25 | Rake $0 
Seat 1: Mahu2021 (button) collected ($0.25)
Seat 2: ASENNA76 (small blind) folded before Flop
Seat 3: Amrutha378 (big blind) folded before Flop
Seat 4: anderetsu folded before Flop (didn't bet)
Seat 5: coolio1984 folded before Flop (didn't bet)
Seat 6: Sao77 folded before Flop (didn't bet)



PokerStars Zoom Hand #254499421949:  Hold'em No Limit ($0.05/$0.10) - 2025/01/22 16:22:03 CET [2025/01/22 10:22:03 ET]
Table 'Aludra' 6-max Seat #1 is the button
Seat 1: Footraiser ($20.43 in chips) 
Seat 2: cobwobbler ($8.89 in chips) 
Seat 3: Mahu2021 ($9.60 in chips) 
Seat 4: Belphegor228 ($31.43 in chips) 
Seat 5: zodapoker ($7.59 in chips) 
Seat 6: PNSalgado ($30.35 in chips) 
cobwobbler: posts small blind $0.05
Mahu2021: posts big blind $0.10
*** HOLE CARDS ***
Dealt to Mahu2021 [9s 9c]
Belphegor228: folds 
zodapoker: folds 
PNSalgado: raises $0.20 to $0.30
Footraiser: raises $0.90 to $1.20
cobwobbler: calls $1.15
Mahu2021: folds 
PNSalgado: folds 
*** FLOP *** [7c As 5h]
cobwobbler: checks 
Footraiser: checks 
*** TURN *** [7c As 5h] [6h]
cobwobbler: checks 
Footraiser: checks 
*** RIVER *** [7c As 5h 6h] [9h]
cobwobbler: checks 
Footraiser: checks 
*** SHOW DOWN ***
cobwobbler: shows [Td Qd] (high card Ace)
Footraiser: shows [Kh Kd] (a pair of Kings)
Footraiser collected $2.67 from pot
*** SUMMARY ***
Total pot $2.80 | Rake $0.13 
Board [7c As 5h 6h 9h]
Seat 1: Footraiser (button) showed [Kh Kd] and won ($2.67) with a pair of Kings
Seat 2: cobwobbler (small blind) showed [Td Qd] and lost with high card Ace
Seat 3: Mahu2021 (big blind) folded before Flop
Seat 4: Belphegor228 folded before Flop (didn't bet)
Seat 5: zodapoker folded before Flop (didn't bet)
Seat 6: PNSalgado folded before Flop



PokerStars Zoom Hand #254499428803:  Hold'em No Limit ($0.05/$0.10) - 2025/01/22 16:22:36 CET [2025/01/22 10:22:36 ET]
Table 'Aludra' 6-max Seat #1 is the button
Seat 1: Ifarus89 ($12.57 in chips) 
Seat 2: Mahu2021 ($9.65 in chips) 
Seat 3: assuncaogu ($10 in chips) 
Seat 4: suntony ($8.32 in chips) 
Seat 5: tabo483 ($14.64 in chips) 
Seat 6: Vadim91_blr ($12.13 in chips) 
Mahu2021: posts small blind $0.05
assuncaogu: posts big blind $0.10
*** HOLE CARDS ***
Dealt to Mahu2021 [Jd Ah]
suntony: folds 
tabo483: folds 
Vadim91_blr: folds 
Ifarus89: raises $0.20 to $0.30
Mahu2021: calls $0.25
assuncaogu: folds 
*** FLOP *** [Tc Ks 7h]
Mahu2021: checks 
Ifarus89: checks 
*** TURN *** [Tc Ks 7h] [5d]
Mahu2021: checks 
Ifarus89: checks 
*** RIVER *** [Tc Ks 7h 5d] [7s]
Mahu2021: bets $0.20
Ifarus89: calls $0.20
*** SHOW DOWN ***
Mahu2021: shows [Jd Ah] (a pair of Sevens)
Ifarus89: shows [Ad Ts] (two pair, Tens and Sevens)
Ifarus89 collected $1.05 from pot
*** SUMMARY ***
Total pot $1.10 | Rake $0.05 
Board [Tc Ks 7h 5d 7s]
Seat 1: Ifarus89 (button) showed [Ad Ts] and won ($1.05) with two pair, Tens and Sevens
Seat 2: Mahu2021 (small blind) showed [Jd Ah] and lost with a pair of Sevens
Seat 3: assuncaogu (big blind) folded before Flop
Seat 4: suntony folded before Flop (didn't bet)
Seat 5: tabo483 folded before Flop (didn't bet)
Seat 6: Vadim91_blr folded before Flop (didn't bet)



PokerStars Zoom Hand #254499434219:  Hold'em No Limit ($0.05/$0.10) - 2025/01/22 16:23:02 CET [2025/01/22 10:23:02 ET]
Table 'Aludra' 6-max Seat #1 is the button
Seat 1: Fakasaki ($11.41 in chips) 
Seat 2: Belphegor228 ($11.04 in chips) 
Seat 3: looser00091 ($10 in chips) 
Seat 4: DesTaZaDoR17 ($11.05 in chips) 
Seat 5: Mahu2021 ($9.15 in chips) 
Seat 6: Marquitoys ($4.55 in chips) 
Belphegor228: posts small blind $0.05
looser00091: posts big blind $0.10
*** HOLE CARDS ***
Dealt to Mahu2021 [3s 2c]
DesTaZaDoR17: folds 
Mahu2021: folds 
Marquitoys: folds 
Fakasaki: raises $0.15 to $0.25
Belphegor228: folds 
looser00091: folds 
Uncalled bet ($0.15) returned to Fakasaki
Fakasaki collected $0.25 from pot
Fakasaki: doesn't show hand 
*** SUMMARY ***
Total pot $0.25 | Rake $0 
Seat 1: Fakasaki (button) collected ($0.25)
Seat 2: Belphegor228 (small blind) folded before Flop
Seat 3: looser00091 (big blind) folded before Flop
Seat 4: DesTaZaDoR17 folded before Flop (didn't bet)
Seat 5: Mahu2021 folded before Flop (didn't bet)
Seat 6: Marquitoys folded before Flop (didn't bet)



PokerStars Zoom Hand #254499435084:  Hold'em No Limit ($0.05/$0.10) - 2025/01/22 16:23:06 CET [2025/01/22 10:23:06 ET]
Table 'Aludra' 6-max Seat #1 is the button
Seat 1: RodrigoGouveia ($10 in chips) 
Seat 2: assuncaogu ($17.59 in chips) 
Seat 3: ASENNA76 ($10.05 in chips) 
Seat 4: 2.147b ($10 in chips) 
Seat 5: DesTaZaDoR17 ($6.99 in chips) 
Seat 6: Mahu2021 ($9.15 in chips) 
assuncaogu: posts small blind $0.05
ASENNA76: posts big blind $0.10
*** HOLE CARDS ***
Dealt to Mahu2021 [Ks As]
2.147b: raises $0.10 to $0.20
DesTaZaDoR17: raises $0.55 to $0.75
Mahu2021: calls $0.75
RodrigoGouveia: folds 
assuncaogu: folds 
ASENNA76: folds 
2.147b: calls $0.55
*** FLOP *** [2s 9d 8d]
2.147b: checks 
DesTaZaDoR17: bets $1
Mahu2021: calls $1
2.147b: folds 
*** TURN *** [2s 9d 8d] [Js]
DesTaZaDoR17: bets $1
Mahu2021: calls $1
*** RIVER *** [2s 9d 8d Js] [6d]
DesTaZaDoR17: checks 
Mahu2021: bets $6.40 and is all-in
DesTaZaDoR17: calls $4.24 and is all-in
Uncalled bet ($2.16) returned to Mahu2021
*** SHOW DOWN ***
Mahu2021: shows [Ks As] (high card Ace)
DesTaZaDoR17: shows [Ad Ah] (a pair of Aces)
DesTaZaDoR17 collected $14.21 from pot
*** SUMMARY ***
Total pot $14.88 | Rake $0.67 
Board [2s 9d 8d Js 6d]
Seat 1: RodrigoGouveia (button) folded before Flop (didn't bet)
Seat 2: assuncaogu (small blind) folded before Flop
Seat 3: ASENNA76 (big blind) folded before Flop
Seat 4: 2.147b folded on the Flop
Seat 5: DesTaZaDoR17 showed [Ad Ah] and won ($14.21) with a pair of Aces
Seat 6: Mahu2021 showed [Ks As] and lost with high card Ace



