PokerStars Hand #249469672516: Tournament #3730017289, $1.84+$0.16 USD Hold'em No Limit - Level I (10/20) - 2024/03/17 15:09:16 CET [2024/03/17 10:09:16 ET]
Table '3730017289 1' 3-max Seat #1 is the button
Seat 1: Tsogt70 (500 in chips) 
Seat 2: Mahu2021 (500 in chips) 
Seat 3: Cristi P7 (500 in chips) 
Mahu2021: posts small blind 10
Cristi P7: posts big blind 20
*** HOLE CARDS ***
Dealt to Mahu2021 [5h Qc]
Tsogt70: calls 20
Mahu2021: folds 
Cristi P7: checks 
*** FLOP *** [3s 5d 8s]
Cristi P7: checks 
Tsogt70: checks 
*** TURN *** [3s 5d 8s] [Ah]
Cristi P7: checks 
Tsogt70: checks 
*** RIVER *** [3s 5d 8s Ah] [3h]
Cristi P7: checks 
Tsogt70: checks 
*** SHOW DOWN ***
Cristi P7: shows [Kd 6d] (a pair of Threes)
Tsogt70: mucks hand 
Cristi P7 collected 50 from pot
*** SUMMARY ***
Total pot 50 | Rake 0 
Board [3s 5d 8s Ah 3h]
Seat 1: Tsogt70 (button) mucked [Ts Jh]
Seat 2: Mahu2021 (small blind) folded before Flop
Seat 3: Cristi P7 (big blind) showed [Kd 6d] and won (50) with a pair of Threes



PokerStars Hand #249469679067: Tournament #3730017289, $1.84+$0.16 USD Hold'em No Limit - Level I (10/20) - 2024/03/17 15:09:44 CET [2024/03/17 10:09:44 ET]
Table '3730017289 1' 3-max Seat #2 is the button
Seat 1: Tsogt70 (480 in chips) 
Seat 2: Mahu2021 (490 in chips) 
Seat 3: Cristi P7 (530 in chips) 
Cristi P7: posts small blind 10
Tsogt70: posts big blind 20
*** HOLE CARDS ***
Dealt to Mahu2021 [Kc 2c]
Mahu2021: calls 20
Cristi P7: raises 20 to 40
Tsogt70: calls 20
Mahu2021: calls 20
*** FLOP *** [5c 6h Ts]
Cristi P7: checks 
Tsogt70: checks 
Mahu2021: checks 
*** TURN *** [5c 6h Ts] [Kd]
Cristi P7: checks 
Tsogt70: bets 20
Mahu2021: calls 20
Cristi P7: calls 20
*** RIVER *** [5c 6h Ts Kd] [Qh]
Cristi P7: bets 40
Tsogt70: calls 40
Mahu2021: folds 
*** SHOW DOWN ***
Cristi P7: shows [Ac Qd] (a pair of Queens)
Tsogt70: shows [Kh 9s] (a pair of Kings)
Tsogt70 collected 260 from pot
*** SUMMARY ***
Total pot 260 | Rake 0 
Board [5c 6h Ts Kd Qh]
Seat 1: Tsogt70 (big blind) showed [Kh 9s] and won (260) with a pair of Kings
Seat 2: Mahu2021 (button) folded on the River
Seat 3: Cristi P7 (small blind) showed [Ac Qd] and lost with a pair of Queens



PokerStars Hand #249469685117: Tournament #3730017289, $1.84+$0.16 USD Hold'em No Limit - Level I (10/20) - 2024/03/17 15:10:11 CET [2024/03/17 10:10:11 ET]
Table '3730017289 1' 3-max Seat #3 is the button
Seat 1: Tsogt70 (640 in chips) 
Seat 2: Mahu2021 (430 in chips) 
Seat 3: Cristi P7 (430 in chips) 
Tsogt70: posts small blind 10
Mahu2021: posts big blind 20
*** HOLE CARDS ***
Dealt to Mahu2021 [Qh 4h]
Cristi P7: calls 20
Tsogt70: raises 620 to 640 and is all-in
Mahu2021: folds 
Cristi P7: folds 
Uncalled bet (620) returned to Tsogt70
Tsogt70 collected 60 from pot
*** SUMMARY ***
Total pot 60 | Rake 0 
Seat 1: Tsogt70 (small blind) collected (60)
Seat 2: Mahu2021 (big blind) folded before Flop
Seat 3: Cristi P7 (button) folded before Flop



PokerStars Hand #249469687751: Tournament #3730017289, $1.84+$0.16 USD Hold'em No Limit - Level I (10/20) - 2024/03/17 15:10:23 CET [2024/03/17 10:10:23 ET]
Table '3730017289 1' 3-max Seat #1 is the button
Seat 1: Tsogt70 (680 in chips) 
Seat 2: Mahu2021 (410 in chips) 
Seat 3: Cristi P7 (410 in chips) 
Mahu2021: posts small blind 10
Cristi P7: posts big blind 20
*** HOLE CARDS ***
Dealt to Mahu2021 [Ad 4s]
Tsogt70: raises 660 to 680 and is all-in
Mahu2021: folds 
Cristi P7: folds 
Uncalled bet (660) returned to Tsogt70
Tsogt70 collected 50 from pot
*** SUMMARY ***
Total pot 50 | Rake 0 
Seat 1: Tsogt70 (button) collected (50)
Seat 2: Mahu2021 (small blind) folded before Flop
Seat 3: Cristi P7 (big blind) folded before Flop



PokerStars Hand #249469689722: Tournament #3730017289, $1.84+$0.16 USD Hold'em No Limit - Level I (10/20) - 2024/03/17 15:10:31 CET [2024/03/17 10:10:31 ET]
Table '3730017289 1' 3-max Seat #2 is the button
Seat 1: Tsogt70 (710 in chips) 
Seat 2: Mahu2021 (400 in chips) 
Seat 3: Cristi P7 (390 in chips) 
Cristi P7: posts small blind 10
Tsogt70: posts big blind 20
*** HOLE CARDS ***
Dealt to Mahu2021 [3s Kd]
Mahu2021: folds 
Cristi P7: raises 370 to 390 and is all-in
Tsogt70: folds 
Uncalled bet (370) returned to Cristi P7
Cristi P7 collected 40 from pot
*** SUMMARY ***
Total pot 40 | Rake 0 
Seat 1: Tsogt70 (big blind) folded before Flop
Seat 2: Mahu2021 (button) folded before Flop (didn't bet)
Seat 3: Cristi P7 (small blind) collected (40)



PokerStars Hand #249469691264: Tournament #3730017289, $1.84+$0.16 USD Hold'em No Limit - Level I (10/20) - 2024/03/17 15:10:38 CET [2024/03/17 10:10:38 ET]
Table '3730017289 1' 3-max Seat #3 is the button
Seat 1: Tsogt70 (690 in chips) 
Seat 2: Mahu2021 (400 in chips) 
Seat 3: Cristi P7 (410 in chips) 
Tsogt70: posts small blind 10
Mahu2021: posts big blind 20
*** HOLE CARDS ***
Dealt to Mahu2021 [4h 9s]
Cristi P7: folds 
Tsogt70: raises 670 to 690 and is all-in
Mahu2021: folds 
Uncalled bet (670) returned to Tsogt70
Tsogt70 collected 40 from pot
*** SUMMARY ***
Total pot 40 | Rake 0 
Seat 1: Tsogt70 (small blind) collected (40)
Seat 2: Mahu2021 (big blind) folded before Flop
Seat 3: Cristi P7 (button) folded before Flop (didn't bet)



PokerStars Hand #249469692873: Tournament #3730017289, $1.84+$0.16 USD Hold'em No Limit - Level I (10/20) - 2024/03/17 15:10:45 CET [2024/03/17 10:10:45 ET]
Table '3730017289 1' 3-max Seat #1 is the button
Seat 1: Tsogt70 (710 in chips) 
Seat 2: Mahu2021 (380 in chips) 
Seat 3: Cristi P7 (410 in chips) 
Mahu2021: posts small blind 10
Cristi P7: posts big blind 20
*** HOLE CARDS ***
Dealt to Mahu2021 [5s Jc]
Tsogt70: folds 
Mahu2021: folds 
Uncalled bet (10) returned to Cristi P7
Cristi P7 collected 20 from pot
*** SUMMARY ***
Total pot 20 | Rake 0 
Seat 1: Tsogt70 (button) folded before Flop (didn't bet)
Seat 2: Mahu2021 (small blind) folded before Flop
Seat 3: Cristi P7 (big blind) collected (20)



PokerStars Hand #249469693926: Tournament #3730017289, $1.84+$0.16 USD Hold'em No Limit - Level I (10/20) - 2024/03/17 15:10:50 CET [2024/03/17 10:10:50 ET]
Table '3730017289 1' 3-max Seat #2 is the button
Seat 1: Tsogt70 (710 in chips) 
Seat 2: Mahu2021 (370 in chips) 
Seat 3: Cristi P7 (420 in chips) 
Cristi P7: posts small blind 10
Tsogt70: posts big blind 20
*** HOLE CARDS ***
Dealt to Mahu2021 [Kd 7s]
Mahu2021: calls 20
Cristi P7: folds 
Tsogt70: checks 
*** FLOP *** [Jc Ts As]
Tsogt70: checks 
Mahu2021: bets 20
Tsogt70: folds 
Uncalled bet (20) returned to Mahu2021
Mahu2021 collected 50 from pot
Mahu2021: doesn't show hand 
*** SUMMARY ***
Total pot 50 | Rake 0 
Board [Jc Ts As]
Seat 1: Tsogt70 (big blind) folded on the Flop
Seat 2: Mahu2021 (button) collected (50)
Seat 3: Cristi P7 (small blind) folded before Flop



PokerStars Hand #249469696620: Tournament #3730017289, $1.84+$0.16 USD Hold'em No Limit - Level I (10/20) - 2024/03/17 15:11:01 CET [2024/03/17 10:11:01 ET]
Table '3730017289 1' 3-max Seat #3 is the button
Seat 1: Tsogt70 (690 in chips) 
Seat 2: Mahu2021 (400 in chips) 
Seat 3: Cristi P7 (410 in chips) 
Tsogt70: posts small blind 10
Mahu2021: posts big blind 20
*** HOLE CARDS ***
Dealt to Mahu2021 [5h 3h]
Cristi P7: folds 
Tsogt70: folds 
Uncalled bet (10) returned to Mahu2021
Mahu2021 collected 20 from pot
Mahu2021: doesn't show hand 
*** SUMMARY ***
Total pot 20 | Rake 0 
Seat 1: Tsogt70 (small blind) folded before Flop
Seat 2: Mahu2021 (big blind) collected (20)
Seat 3: Cristi P7 (button) folded before Flop (didn't bet)



PokerStars Hand #249469697750: Tournament #3730017289, $1.84+$0.16 USD Hold'em No Limit - Level I (10/20) - 2024/03/17 15:11:06 CET [2024/03/17 10:11:06 ET]
Table '3730017289 1' 3-max Seat #1 is the button
Seat 1: Tsogt70 (680 in chips) 
Seat 2: Mahu2021 (410 in chips) 
Seat 3: Cristi P7 (410 in chips) 
Mahu2021: posts small blind 10
Cristi P7: posts big blind 20
*** HOLE CARDS ***
Dealt to Mahu2021 [7s 6s]
Tsogt70: folds 
Mahu2021: raises 20 to 40
Cristi P7: calls 20
*** FLOP *** [9d As 7d]
Mahu2021: checks 
Cristi P7: checks 
*** TURN *** [9d As 7d] [6d]
Mahu2021: bets 40
Cristi P7: folds 
Uncalled bet (40) returned to Mahu2021
Mahu2021 collected 80 from pot
Mahu2021: doesn't show hand 
*** SUMMARY ***
Total pot 80 | Rake 0 
Board [9d As 7d 6d]
Seat 1: Tsogt70 (button) folded before Flop (didn't bet)
Seat 2: Mahu2021 (small blind) collected (80)
Seat 3: Cristi P7 (big blind) folded on the Turn



PokerStars Hand #249469700455: Tournament #3730017289, $1.84+$0.16 USD Hold'em No Limit - Level I (10/20) - 2024/03/17 15:11:18 CET [2024/03/17 10:11:18 ET]
Table '3730017289 1' 3-max Seat #2 is the button
Seat 1: Tsogt70 (680 in chips) 
Seat 2: Mahu2021 (450 in chips) 
Seat 3: Cristi P7 (370 in chips) 
Cristi P7: posts small blind 10
Tsogt70: posts big blind 20
*** HOLE CARDS ***
Dealt to Mahu2021 [Jc 4h]
Mahu2021: folds 
Cristi P7: folds 
Uncalled bet (10) returned to Tsogt70
Tsogt70 collected 20 from pot
*** SUMMARY ***
Total pot 20 | Rake 0 
Seat 1: Tsogt70 (big blind) collected (20)
Seat 2: Mahu2021 (button) folded before Flop (didn't bet)
Seat 3: Cristi P7 (small blind) folded before Flop



PokerStars Hand #249469701535: Tournament #3730017289, $1.84+$0.16 USD Hold'em No Limit - Level I (10/20) - 2024/03/17 15:11:23 CET [2024/03/17 10:11:23 ET]
Table '3730017289 1' 3-max Seat #3 is the button
Seat 1: Tsogt70 (690 in chips) 
Seat 2: Mahu2021 (450 in chips) 
Seat 3: Cristi P7 (360 in chips) 
Tsogt70: posts small blind 10
Mahu2021: posts big blind 20
*** HOLE CARDS ***
Dealt to Mahu2021 [Jd 5c]
Cristi P7: folds 
Tsogt70: calls 10
Mahu2021: checks 
*** FLOP *** [9s 8d 8s]
Tsogt70: checks 
Mahu2021: checks 
*** TURN *** [9s 8d 8s] [Qs]
Tsogt70: checks 
Mahu2021: checks 
*** RIVER *** [9s 8d 8s Qs] [Js]
Tsogt70: checks 
Mahu2021: checks 
*** SHOW DOWN ***
Tsogt70: shows [2d Tc] (a straight, Eight to Queen)
Mahu2021: mucks hand 
Tsogt70 collected 40 from pot
*** SUMMARY ***
Total pot 40 | Rake 0 
Board [9s 8d 8s Qs Js]
Seat 1: Tsogt70 (small blind) showed [2d Tc] and won (40) with a straight, Eight to Queen
Seat 2: Mahu2021 (big blind) mucked [Jd 5c]
Seat 3: Cristi P7 (button) folded before Flop (didn't bet)



PokerStars Hand #249469705019: Tournament #3730017289, $1.84+$0.16 USD Hold'em No Limit - Level I (10/20) - 2024/03/17 15:11:38 CET [2024/03/17 10:11:38 ET]
Table '3730017289 1' 3-max Seat #1 is the button
Seat 1: Tsogt70 (710 in chips) 
Seat 2: Mahu2021 (430 in chips) 
Seat 3: Cristi P7 (360 in chips) 
Mahu2021: posts small blind 10
Cristi P7: posts big blind 20
*** HOLE CARDS ***
Dealt to Mahu2021 [8c 2d]
Tsogt70: raises 20 to 40
Mahu2021: folds 
Cristi P7: folds 
Uncalled bet (20) returned to Tsogt70
Tsogt70 collected 50 from pot
*** SUMMARY ***
Total pot 50 | Rake 0 
Seat 1: Tsogt70 (button) collected (50)
Seat 2: Mahu2021 (small blind) folded before Flop
Seat 3: Cristi P7 (big blind) folded before Flop



PokerStars Hand #249469706553: Tournament #3730017289, $1.84+$0.16 USD Hold'em No Limit - Level I (10/20) - 2024/03/17 15:11:45 CET [2024/03/17 10:11:45 ET]
Table '3730017289 1' 3-max Seat #2 is the button
Seat 1: Tsogt70 (740 in chips) 
Seat 2: Mahu2021 (420 in chips) 
Seat 3: Cristi P7 (340 in chips) 
Cristi P7: posts small blind 10
Tsogt70: posts big blind 20
*** HOLE CARDS ***
Dealt to Mahu2021 [2h Th]
Mahu2021: folds 
Cristi P7: raises 20 to 40
Tsogt70: raises 700 to 740 and is all-in
Cristi P7: calls 300 and is all-in
Uncalled bet (400) returned to Tsogt70
*** FLOP *** [9c 4d 6d]
*** TURN *** [9c 4d 6d] [As]
*** RIVER *** [9c 4d 6d As] [3d]
*** SHOW DOWN ***
Cristi P7: shows [Kh Jh] (high card Ace)
Tsogt70: shows [Ad 5h] (a pair of Aces)
Tsogt70 collected 680 from pot
Cristi P7 finished the tournament in 3rd place
*** SUMMARY ***
Total pot 680 | Rake 0 
Board [9c 4d 6d As 3d]
Seat 1: Tsogt70 (big blind) showed [Ad 5h] and won (680) with a pair of Aces
Seat 2: Mahu2021 (button) folded before Flop (didn't bet)
Seat 3: Cristi P7 (small blind) showed [Kh Jh] and lost with high card Ace



PokerStars Hand #249469711391: Tournament #3730017289, $1.84+$0.16 USD Hold'em No Limit - Level I (10/20) - 2024/03/17 15:12:07 CET [2024/03/17 10:12:07 ET]
Table '3730017289 1' 3-max Seat #1 is the button
Seat 1: Tsogt70 (1080 in chips) 
Seat 2: Mahu2021 (420 in chips) 
Tsogt70: posts small blind 10
Mahu2021: posts big blind 20
*** HOLE CARDS ***
Dealt to Mahu2021 [8c Qh]
Tsogt70: calls 10
Mahu2021: checks 
*** FLOP *** [2h Td 9h]
Mahu2021: checks 
Tsogt70: checks 
*** TURN *** [2h Td 9h] [4c]
Mahu2021: checks 
Tsogt70: checks 
*** RIVER *** [2h Td 9h 4c] [6s]
Mahu2021: checks 
Tsogt70: checks 
*** SHOW DOWN ***
Mahu2021: shows [8c Qh] (high card Queen)
Tsogt70: mucks hand 
Mahu2021 collected 40 from pot
*** SUMMARY ***
Total pot 40 | Rake 0 
Board [2h Td 9h 4c 6s]
Seat 1: Tsogt70 (button) (small blind) mucked [7c 3s]
Seat 2: Mahu2021 (big blind) showed [8c Qh] and won (40) with high card Queen



PokerStars Hand #249469715758: Tournament #3730017289, $1.84+$0.16 USD Hold'em No Limit - Level II (15/30) - 2024/03/17 15:12:26 CET [2024/03/17 10:12:26 ET]
Table '3730017289 1' 3-max Seat #2 is the button
Seat 1: Tsogt70 (1060 in chips) 
Seat 2: Mahu2021 (440 in chips) 
Mahu2021: posts small blind 15
Tsogt70: posts big blind 30
*** HOLE CARDS ***
Dealt to Mahu2021 [Ts 3h]
Mahu2021: folds 
Uncalled bet (15) returned to Tsogt70
Tsogt70 collected 30 from pot
*** SUMMARY ***
Total pot 30 | Rake 0 
Seat 1: Tsogt70 (big blind) collected (30)
Seat 2: Mahu2021 (button) (small blind) folded before Flop



PokerStars Hand #249469716945: Tournament #3730017289, $1.84+$0.16 USD Hold'em No Limit - Level II (15/30) - 2024/03/17 15:12:31 CET [2024/03/17 10:12:31 ET]
Table '3730017289 1' 3-max Seat #1 is the button
Seat 1: Tsogt70 (1075 in chips) 
Seat 2: Mahu2021 (425 in chips) 
Tsogt70: posts small blind 15
Mahu2021: posts big blind 30
*** HOLE CARDS ***
Dealt to Mahu2021 [9d 4s]
Tsogt70: raises 1045 to 1075 and is all-in
Mahu2021: folds 
Uncalled bet (1045) returned to Tsogt70
Tsogt70 collected 60 from pot
*** SUMMARY ***
Total pot 60 | Rake 0 
Seat 1: Tsogt70 (button) (small blind) collected (60)
Seat 2: Mahu2021 (big blind) folded before Flop



PokerStars Hand #249469718241: Tournament #3730017289, $1.84+$0.16 USD Hold'em No Limit - Level II (15/30) - 2024/03/17 15:12:37 CET [2024/03/17 10:12:37 ET]
Table '3730017289 1' 3-max Seat #2 is the button
Seat 1: Tsogt70 (1105 in chips) 
Seat 2: Mahu2021 (395 in chips) 
Mahu2021: posts small blind 15
Tsogt70: posts big blind 30
*** HOLE CARDS ***
Dealt to Mahu2021 [2s 6s]
Mahu2021: calls 15
Tsogt70: checks 
*** FLOP *** [Ac Th 2d]
Tsogt70: checks 
Mahu2021: bets 30
Tsogt70: folds 
Uncalled bet (30) returned to Mahu2021
Mahu2021 collected 60 from pot
Mahu2021: doesn't show hand 
*** SUMMARY ***
Total pot 60 | Rake 0 
Board [Ac Th 2d]
Seat 1: Tsogt70 (big blind) folded on the Flop
Seat 2: Mahu2021 (button) (small blind) collected (60)



PokerStars Hand #249469720899: Tournament #3730017289, $1.84+$0.16 USD Hold'em No Limit - Level II (15/30) - 2024/03/17 15:12:48 CET [2024/03/17 10:12:48 ET]
Table '3730017289 1' 3-max Seat #1 is the button
Seat 1: Tsogt70 (1075 in chips) 
Seat 2: Mahu2021 (425 in chips) 
Tsogt70: posts small blind 15
Mahu2021: posts big blind 30
*** HOLE CARDS ***
Dealt to Mahu2021 [Jd 7h]
Tsogt70: raises 1045 to 1075 and is all-in
Mahu2021: folds 
Uncalled bet (1045) returned to Tsogt70
Tsogt70 collected 60 from pot
*** SUMMARY ***
Total pot 60 | Rake 0 
Seat 1: Tsogt70 (button) (small blind) collected (60)
Seat 2: Mahu2021 (big blind) folded before Flop



PokerStars Hand #249469722425: Tournament #3730017289, $1.84+$0.16 USD Hold'em No Limit - Level II (15/30) - 2024/03/17 15:12:55 CET [2024/03/17 10:12:55 ET]
Table '3730017289 1' 3-max Seat #2 is the button
Seat 1: Tsogt70 (1105 in chips) 
Seat 2: Mahu2021 (395 in chips) 
Mahu2021: posts small blind 15
Tsogt70: posts big blind 30
*** HOLE CARDS ***
Dealt to Mahu2021 [2d Kh]
Mahu2021: calls 15
Tsogt70: checks 
*** FLOP *** [4c 6d Tc]
Tsogt70: checks 
Mahu2021: checks 
*** TURN *** [4c 6d Tc] [6c]
Tsogt70: checks 
Mahu2021: checks 
*** RIVER *** [4c 6d Tc 6c] [4d]
Tsogt70: checks 
Mahu2021: checks 
*** SHOW DOWN ***
Tsogt70: shows [7h 2h] (two pair, Sixes and Fours)
Mahu2021: shows [2d Kh] (two pair, Sixes and Fours - King kicker)
Mahu2021 collected 60 from pot
*** SUMMARY ***
Total pot 60 | Rake 0 
Board [4c 6d Tc 6c 4d]
Seat 1: Tsogt70 (big blind) showed [7h 2h] and lost with two pair, Sixes and Fours
Seat 2: Mahu2021 (button) (small blind) showed [2d Kh] and won (60) with two pair, Sixes and Fours



PokerStars Hand #249469725504: Tournament #3730017289, $1.84+$0.16 USD Hold'em No Limit - Level II (15/30) - 2024/03/17 15:13:09 CET [2024/03/17 10:13:09 ET]
Table '3730017289 1' 3-max Seat #1 is the button
Seat 1: Tsogt70 (1075 in chips) 
Seat 2: Mahu2021 (425 in chips) 
Tsogt70: posts small blind 15
Mahu2021: posts big blind 30
*** HOLE CARDS ***
Dealt to Mahu2021 [9h Td]
Tsogt70: raises 1045 to 1075 and is all-in
Mahu2021: folds 
Uncalled bet (1045) returned to Tsogt70
Tsogt70 collected 60 from pot
*** SUMMARY ***
Total pot 60 | Rake 0 
Seat 1: Tsogt70 (button) (small blind) collected (60)
Seat 2: Mahu2021 (big blind) folded before Flop



PokerStars Hand #249469727152: Tournament #3730017289, $1.84+$0.16 USD Hold'em No Limit - Level II (15/30) - 2024/03/17 15:13:15 CET [2024/03/17 10:13:15 ET]
Table '3730017289 1' 3-max Seat #2 is the button
Seat 1: Tsogt70 (1105 in chips) 
Seat 2: Mahu2021 (395 in chips) 
Mahu2021: posts small blind 15
Tsogt70: posts big blind 30
*** HOLE CARDS ***
Dealt to Mahu2021 [3h Ks]
Mahu2021: calls 15
Tsogt70: checks 
*** FLOP *** [6h Th 2h]
Tsogt70: checks 
Mahu2021: bets 30
Tsogt70: folds 
Uncalled bet (30) returned to Mahu2021
Mahu2021 collected 60 from pot
Mahu2021: doesn't show hand 
*** SUMMARY ***
Total pot 60 | Rake 0 
Board [6h Th 2h]
Seat 1: Tsogt70 (big blind) folded on the Flop
Seat 2: Mahu2021 (button) (small blind) collected (60)



PokerStars Hand #249469729529: Tournament #3730017289, $1.84+$0.16 USD Hold'em No Limit - Level II (15/30) - 2024/03/17 15:13:26 CET [2024/03/17 10:13:26 ET]
Table '3730017289 1' 3-max Seat #1 is the button
Seat 1: Tsogt70 (1075 in chips) 
Seat 2: Mahu2021 (425 in chips) 
Tsogt70: posts small blind 15
Mahu2021: posts big blind 30
*** HOLE CARDS ***
Dealt to Mahu2021 [5h Th]
Tsogt70: calls 15
Mahu2021: checks 
*** FLOP *** [8c 4c 9d]
Mahu2021: checks 
Tsogt70: checks 
*** TURN *** [8c 4c 9d] [2c]
Mahu2021: checks 
Tsogt70: checks 
*** RIVER *** [8c 4c 9d 2c] [Qh]
Mahu2021: checks 
Tsogt70: bets 30
Mahu2021: folds 
Uncalled bet (30) returned to Tsogt70
Tsogt70 collected 60 from pot
*** SUMMARY ***
Total pot 60 | Rake 0 
Board [8c 4c 9d 2c Qh]
Seat 1: Tsogt70 (button) (small blind) collected (60)
Seat 2: Mahu2021 (big blind) folded on the River



PokerStars Hand #249469733072: Tournament #3730017289, $1.84+$0.16 USD Hold'em No Limit - Level II (15/30) - 2024/03/17 15:13:41 CET [2024/03/17 10:13:41 ET]
Table '3730017289 1' 3-max Seat #2 is the button
Seat 1: Tsogt70 (1105 in chips) 
Seat 2: Mahu2021 (395 in chips) 
Mahu2021: posts small blind 15
Tsogt70: posts big blind 30
*** HOLE CARDS ***
Dealt to Mahu2021 [2s 4d]
Mahu2021: folds 
Uncalled bet (15) returned to Tsogt70
Tsogt70 collected 30 from pot
*** SUMMARY ***
Total pot 30 | Rake 0 
Seat 1: Tsogt70 (big blind) collected (30)
Seat 2: Mahu2021 (button) (small blind) folded before Flop



PokerStars Hand #249469734106: Tournament #3730017289, $1.84+$0.16 USD Hold'em No Limit - Level II (15/30) - 2024/03/17 15:13:45 CET [2024/03/17 10:13:45 ET]
Table '3730017289 1' 3-max Seat #1 is the button
Seat 1: Tsogt70 (1120 in chips) 
Seat 2: Mahu2021 (380 in chips) 
Tsogt70: posts small blind 15
Mahu2021: posts big blind 30
*** HOLE CARDS ***
Dealt to Mahu2021 [As Qs]
Tsogt70: calls 15
Mahu2021: raises 350 to 380 and is all-in
Tsogt70: folds 
Uncalled bet (350) returned to Mahu2021
Mahu2021 collected 60 from pot
Mahu2021: doesn't show hand 
*** SUMMARY ***
Total pot 60 | Rake 0 
Seat 1: Tsogt70 (button) (small blind) folded before Flop
Seat 2: Mahu2021 (big blind) collected (60)



PokerStars Hand #249469735937: Tournament #3730017289, $1.84+$0.16 USD Hold'em No Limit - Level II (15/30) - 2024/03/17 15:13:53 CET [2024/03/17 10:13:53 ET]
Table '3730017289 1' 3-max Seat #2 is the button
Seat 1: Tsogt70 (1090 in chips) 
Seat 2: Mahu2021 (410 in chips) 
Mahu2021: posts small blind 15
Tsogt70: posts big blind 30
*** HOLE CARDS ***
Dealt to Mahu2021 [3h Js]
Mahu2021: folds 
Uncalled bet (15) returned to Tsogt70
Tsogt70 collected 30 from pot
*** SUMMARY ***
Total pot 30 | Rake 0 
Seat 1: Tsogt70 (big blind) collected (30)
Seat 2: Mahu2021 (button) (small blind) folded before Flop



PokerStars Hand #249469736984: Tournament #3730017289, $1.84+$0.16 USD Hold'em No Limit - Level II (15/30) - 2024/03/17 15:13:58 CET [2024/03/17 10:13:58 ET]
Table '3730017289 1' 3-max Seat #1 is the button
Seat 1: Tsogt70 (1105 in chips) 
Seat 2: Mahu2021 (395 in chips) 
Tsogt70: posts small blind 15
Mahu2021: posts big blind 30
*** HOLE CARDS ***
Dealt to Mahu2021 [Jh Ks]
Tsogt70: calls 15
Mahu2021: checks 
*** FLOP *** [7h Ts 5h]
Mahu2021: checks 
Tsogt70: checks 
*** TURN *** [7h Ts 5h] [Qd]
Mahu2021: checks 
Tsogt70: checks 
*** RIVER *** [7h Ts 5h Qd] [4h]
Mahu2021: checks 
Tsogt70: checks 
*** SHOW DOWN ***
Mahu2021: shows [Jh Ks] (high card King)
Tsogt70: shows [Jc 4c] (a pair of Fours)
Tsogt70 collected 60 from pot
*** SUMMARY ***
Total pot 60 | Rake 0 
Board [7h Ts 5h Qd 4h]
Seat 1: Tsogt70 (button) (small blind) showed [Jc 4c] and won (60) with a pair of Fours
Seat 2: Mahu2021 (big blind) showed [Jh Ks] and lost with high card King



PokerStars Hand #249469740164: Tournament #3730017289, $1.84+$0.16 USD Hold'em No Limit - Level II (15/30) - 2024/03/17 15:14:12 CET [2024/03/17 10:14:12 ET]
Table '3730017289 1' 3-max Seat #2 is the button
Seat 1: Tsogt70 (1135 in chips) 
Seat 2: Mahu2021 (365 in chips) 
Mahu2021: posts small blind 15
Tsogt70: posts big blind 30
*** HOLE CARDS ***
Dealt to Mahu2021 [6d Ah]
Mahu2021: raises 30 to 60
Tsogt70: calls 30
*** FLOP *** [9c 3s 9s]
Tsogt70: checks 
Mahu2021: checks 
*** TURN *** [9c 3s 9s] [5d]
Tsogt70: checks 
Mahu2021: checks 
*** RIVER *** [9c 3s 9s 5d] [Ad]
Tsogt70: bets 30
Mahu2021: raises 180 to 210
Tsogt70: raises 180 to 390
Mahu2021: calls 95 and is all-in
Uncalled bet (85) returned to Tsogt70
*** SHOW DOWN ***
Tsogt70: shows [7s 9h] (three of a kind, Nines)
Mahu2021: shows [6d Ah] (two pair, Aces and Nines)
Tsogt70 collected 730 from pot
Mahu2021 finished the tournament in 2nd place
Tsogt70 wins the tournament and receives $6.00 - congratulations!
*** SUMMARY ***
Total pot 730 | Rake 0 
Board [9c 3s 9s 5d Ad]
Seat 1: Tsogt70 (big blind) showed [7s 9h] and won (730) with three of a kind, Nines
Seat 2: Mahu2021 (button) (small blind) showed [6d Ah] and lost with two pair, Aces and Nines



