PokerStars Hand #252794455448: Tournament #3808840363, $1.84+$0.16 USD Hold'em No Limit - Level I (10/20) - 2024/10/06 16:25:32 CET [2024/10/06 10:25:32 ET]
Table '3808840363 1' 3-max Seat #1 is the button
Seat 1: som1990 (500 in chips) 
Seat 2: Mahu2021 (500 in chips) 
Seat 3: Despas (500 in chips) 
Mahu2021: posts small blind 10
Despas: posts big blind 20
*** HOLE CARDS ***
Dealt to Mahu2021 [3s 6d]
som1990: folds 
Mahu2021: folds 
Uncalled bet (10) returned to Despas
Despas collected 20 from pot
Despas: doesn't show hand 
*** SUMMARY ***
Total pot 20 | Rake 0 
Seat 1: som1990 (button) folded before Flop (didn't bet)
Seat 2: Mahu2021 (small blind) folded before Flop
Seat 3: Despas (big blind) collected (20)



PokerStars Hand #252794457176: Tournament #3808840363, $1.84+$0.16 USD Hold'em No Limit - Level I (10/20) - 2024/10/06 16:25:40 CET [2024/10/06 10:25:40 ET]
Table '3808840363 1' 3-max Seat #2 is the button
Seat 1: som1990 (500 in chips) 
Seat 2: Mahu2021 (490 in chips) 
Seat 3: Despas (510 in chips) 
Despas: posts small blind 10
som1990: posts big blind 20
*** HOLE CARDS ***
Dealt to Mahu2021 [9c 7c]
Mahu2021: calls 20
Despas: folds 
som1990: checks 
*** FLOP *** [Qd 2h Qh]
som1990: checks 
Mahu2021: checks 
*** TURN *** [Qd 2h Qh] [Td]
som1990: checks 
Mahu2021: checks 
*** RIVER *** [Qd 2h Qh Td] [4h]
som1990: checks 
Mahu2021: checks 
*** SHOW DOWN ***
som1990: shows [4d 5s] (two pair, Queens and Fours)
Mahu2021: mucks hand 
som1990 collected 50 from pot
*** SUMMARY ***
Total pot 50 | Rake 0 
Board [Qd 2h Qh Td 4h]
Seat 1: som1990 (big blind) showed [4d 5s] and won (50) with two pair, Queens and Fours
Seat 2: Mahu2021 (button) mucked [9c 7c]
Seat 3: Despas (small blind) folded before Flop



PokerStars Hand #252794461508: Tournament #3808840363, $1.84+$0.16 USD Hold'em No Limit - Level I (10/20) - 2024/10/06 16:25:59 CET [2024/10/06 10:25:59 ET]
Table '3808840363 1' 3-max Seat #3 is the button
Seat 1: som1990 (530 in chips) 
Seat 2: Mahu2021 (470 in chips) 
Seat 3: Despas (500 in chips) 
som1990: posts small blind 10
Mahu2021: posts big blind 20
*** HOLE CARDS ***
Dealt to Mahu2021 [6c 9s]
Despas: calls 20
som1990: folds 
Mahu2021: checks 
*** FLOP *** [Ad 7c 4c]
Mahu2021: checks 
Despas: bets 40
Mahu2021: folds 
Uncalled bet (40) returned to Despas
Despas collected 50 from pot
Despas: doesn't show hand 
*** SUMMARY ***
Total pot 50 | Rake 0 
Board [Ad 7c 4c]
Seat 1: som1990 (small blind) folded before Flop
Seat 2: Mahu2021 (big blind) folded on the Flop
Seat 3: Despas (button) collected (50)



PokerStars Hand #252794465610: Tournament #3808840363, $1.84+$0.16 USD Hold'em No Limit - Level I (10/20) - 2024/10/06 16:26:17 CET [2024/10/06 10:26:17 ET]
Table '3808840363 1' 3-max Seat #1 is the button
Seat 1: som1990 (520 in chips) 
Seat 2: Mahu2021 (450 in chips) 
Seat 3: Despas (530 in chips) 
Mahu2021: posts small blind 10
Despas: posts big blind 20
*** HOLE CARDS ***
Dealt to Mahu2021 [4d 3c]
som1990: folds 
Mahu2021: calls 10
Despas: checks 
*** FLOP *** [Ks 8c 8s]
Mahu2021: checks 
Despas: checks 
*** TURN *** [Ks 8c 8s] [Jd]
Mahu2021: checks 
Despas: checks 
*** RIVER *** [Ks 8c 8s Jd] [8h]
Mahu2021: bets 40
Despas: calls 40
*** SHOW DOWN ***
Mahu2021: shows [4d 3c] (three of a kind, Eights)
Despas: shows [5s 9h] (three of a kind, Eights)
Mahu2021 collected 60 from pot
Despas collected 60 from pot
*** SUMMARY ***
Total pot 120 | Rake 0 
Board [Ks 8c 8s Jd 8h]
Seat 1: som1990 (button) folded before Flop (didn't bet)
Seat 2: Mahu2021 (small blind) showed [4d 3c] and won (60) with three of a kind, Eights
Seat 3: Despas (big blind) showed [5s 9h] and won (60) with three of a kind, Eights



PokerStars Hand #252794470281: Tournament #3808840363, $1.84+$0.16 USD Hold'em No Limit - Level I (10/20) - 2024/10/06 16:26:37 CET [2024/10/06 10:26:37 ET]
Table '3808840363 1' 3-max Seat #2 is the button
Seat 1: som1990 (520 in chips) 
Seat 2: Mahu2021 (450 in chips) 
Seat 3: Despas (530 in chips) 
Despas: posts small blind 10
som1990: posts big blind 20
*** HOLE CARDS ***
Dealt to Mahu2021 [3c Jc]
Mahu2021: calls 20
Despas: raises 40 to 60
som1990: folds 
Mahu2021: calls 40
*** FLOP *** [9s 2d Ts]
Despas: bets 40
Mahu2021: folds 
Uncalled bet (40) returned to Despas
Despas collected 140 from pot
Despas: doesn't show hand 
*** SUMMARY ***
Total pot 140 | Rake 0 
Board [9s 2d Ts]
Seat 1: som1990 (big blind) folded before Flop
Seat 2: Mahu2021 (button) folded on the Flop
Seat 3: Despas (small blind) collected (140)



PokerStars Hand #252794473866: Tournament #3808840363, $1.84+$0.16 USD Hold'em No Limit - Level I (10/20) - 2024/10/06 16:26:53 CET [2024/10/06 10:26:53 ET]
Table '3808840363 1' 3-max Seat #3 is the button
Seat 1: som1990 (500 in chips) 
Seat 2: Mahu2021 (390 in chips) 
Seat 3: Despas (610 in chips) 
som1990: posts small blind 10
Mahu2021: posts big blind 20
*** HOLE CARDS ***
Dealt to Mahu2021 [7h 3d]
Despas: folds 
som1990: raises 40 to 60
Mahu2021: folds 
Uncalled bet (40) returned to som1990
som1990 collected 40 from pot
*** SUMMARY ***
Total pot 40 | Rake 0 
Seat 1: som1990 (small blind) collected (40)
Seat 2: Mahu2021 (big blind) folded before Flop
Seat 3: Despas (button) folded before Flop (didn't bet)



PokerStars Hand #252794475572: Tournament #3808840363, $1.84+$0.16 USD Hold'em No Limit - Level I (10/20) - 2024/10/06 16:27:00 CET [2024/10/06 10:27:00 ET]
Table '3808840363 1' 3-max Seat #1 is the button
Seat 1: som1990 (520 in chips) 
Seat 2: Mahu2021 (370 in chips) 
Seat 3: Despas (610 in chips) 
Mahu2021: posts small blind 10
Despas: posts big blind 20
*** HOLE CARDS ***
Dealt to Mahu2021 [6d 5c]
som1990: folds 
Mahu2021: folds 
Uncalled bet (10) returned to Despas
Despas collected 20 from pot
Despas: doesn't show hand 
*** SUMMARY ***
Total pot 20 | Rake 0 
Seat 1: som1990 (button) folded before Flop (didn't bet)
Seat 2: Mahu2021 (small blind) folded before Flop
Seat 3: Despas (big blind) collected (20)



PokerStars Hand #252794476919: Tournament #3808840363, $1.84+$0.16 USD Hold'em No Limit - Level I (10/20) - 2024/10/06 16:27:06 CET [2024/10/06 10:27:06 ET]
Table '3808840363 1' 3-max Seat #2 is the button
Seat 1: som1990 (520 in chips) 
Seat 2: Mahu2021 (360 in chips) 
Seat 3: Despas (620 in chips) 
Despas: posts small blind 10
som1990: posts big blind 20
*** HOLE CARDS ***
Dealt to Mahu2021 [Th Ks]
Mahu2021: raises 20 to 40
Despas: calls 30
som1990: raises 480 to 520 and is all-in
Mahu2021: folds 
Despas: calls 480
*** FLOP *** [9h 4d Ad]
*** TURN *** [9h 4d Ad] [5s]
*** RIVER *** [9h 4d Ad 5s] [Qc]
*** SHOW DOWN ***
Despas: shows [Kd Qd] (a pair of Queens)
som1990: shows [Jd Kc] (high card Ace)
Despas collected 1080 from pot
som1990 finished the tournament in 3rd place
*** SUMMARY ***
Total pot 1080 | Rake 0 
Board [9h 4d Ad 5s Qc]
Seat 1: som1990 (big blind) showed [Jd Kc] and lost with high card Ace
Seat 2: Mahu2021 (button) folded before Flop
Seat 3: Despas (small blind) showed [Kd Qd] and won (1080) with a pair of Queens



PokerStars Hand #252794482981: Tournament #3808840363, $1.84+$0.16 USD Hold'em No Limit - Level I (10/20) - 2024/10/06 16:27:33 CET [2024/10/06 10:27:33 ET]
Table '3808840363 1' 3-max Seat #3 is the button
Seat 2: Mahu2021 (320 in chips) 
Seat 3: Despas (1180 in chips) 
Despas: posts small blind 10
Mahu2021: posts big blind 20
*** HOLE CARDS ***
Dealt to Mahu2021 [Kh As]
Despas: raises 20 to 40
Mahu2021: raises 280 to 320 and is all-in
Despas: folds 
Uncalled bet (280) returned to Mahu2021
Mahu2021 collected 80 from pot
Mahu2021: doesn't show hand 
*** SUMMARY ***
Total pot 80 | Rake 0 
Seat 2: Mahu2021 (big blind) collected (80)
Seat 3: Despas (button) (small blind) folded before Flop



PokerStars Hand #252794485409: Tournament #3808840363, $1.84+$0.16 USD Hold'em No Limit - Level II (15/30) - 2024/10/06 16:27:43 CET [2024/10/06 10:27:43 ET]
Table '3808840363 1' 3-max Seat #2 is the button
Seat 2: Mahu2021 (360 in chips) 
Seat 3: Despas (1140 in chips) 
Mahu2021: posts small blind 15
Despas: posts big blind 30
*** HOLE CARDS ***
Dealt to Mahu2021 [Kh 9c]
Mahu2021: raises 30 to 60
Despas: calls 30
*** FLOP *** [Qs 7d 4c]
Despas: checks 
Mahu2021: checks 
*** TURN *** [Qs 7d 4c] [Jh]
Despas: checks 
Mahu2021: bets 60
Despas: folds 
Uncalled bet (60) returned to Mahu2021
Mahu2021 collected 120 from pot
Mahu2021: doesn't show hand 
*** SUMMARY ***
Total pot 120 | Rake 0 
Board [Qs 7d 4c Jh]
Seat 2: Mahu2021 (button) (small blind) collected (120)
Seat 3: Despas (big blind) folded on the Turn



PokerStars Hand #252794488842: Tournament #3808840363, $1.84+$0.16 USD Hold'em No Limit - Level II (15/30) - 2024/10/06 16:27:58 CET [2024/10/06 10:27:58 ET]
Table '3808840363 1' 3-max Seat #3 is the button
Seat 2: Mahu2021 (420 in chips) 
Seat 3: Despas (1080 in chips) 
Despas: posts small blind 15
Mahu2021: posts big blind 30
*** HOLE CARDS ***
Dealt to Mahu2021 [Jh Qc]
Despas: raises 30 to 60
Mahu2021: calls 30
*** FLOP *** [Jc 5h 5c]
Mahu2021: bets 60
Despas: calls 60
*** TURN *** [Jc 5h 5c] [9s]
Mahu2021: bets 60
Despas: calls 60
*** RIVER *** [Jc 5h 5c 9s] [Qd]
Mahu2021: bets 240 and is all-in
Despas: calls 240
*** SHOW DOWN ***
Mahu2021: shows [Jh Qc] (two pair, Queens and Jacks)
Despas: shows [Qs Ac] (two pair, Queens and Fives)
Mahu2021 collected 840 from pot
*** SUMMARY ***
Total pot 840 | Rake 0 
Board [Jc 5h 5c 9s Qd]
Seat 2: Mahu2021 (big blind) showed [Jh Qc] and won (840) with two pair, Queens and Jacks
Seat 3: Despas (button) (small blind) showed [Qs Ac] and lost with two pair, Queens and Fives



PokerStars Hand #252794492639: Tournament #3808840363, $1.84+$0.16 USD Hold'em No Limit - Level II (15/30) - 2024/10/06 16:28:15 CET [2024/10/06 10:28:15 ET]
Table '3808840363 1' 3-max Seat #2 is the button
Seat 2: Mahu2021 (840 in chips) 
Seat 3: Despas (660 in chips) 
Mahu2021: posts small blind 15
Despas: posts big blind 30
*** HOLE CARDS ***
Dealt to Mahu2021 [Js Kd]
Mahu2021: raises 30 to 60
Despas: calls 30
*** FLOP *** [3s 2d Tc]
Despas: bets 90
Mahu2021: folds 
Uncalled bet (90) returned to Despas
Despas collected 120 from pot
Despas: doesn't show hand 
*** SUMMARY ***
Total pot 120 | Rake 0 
Board [3s 2d Tc]
Seat 2: Mahu2021 (button) (small blind) folded on the Flop
Seat 3: Despas (big blind) collected (120)



PokerStars Hand #252794495271: Tournament #3808840363, $1.84+$0.16 USD Hold'em No Limit - Level II (15/30) - 2024/10/06 16:28:26 CET [2024/10/06 10:28:26 ET]
Table '3808840363 1' 3-max Seat #3 is the button
Seat 2: Mahu2021 (780 in chips) 
Seat 3: Despas (720 in chips) 
Despas: posts small blind 15
Mahu2021: posts big blind 30
*** HOLE CARDS ***
Dealt to Mahu2021 [2d Jh]
Despas: raises 30 to 60
Mahu2021: calls 30
*** FLOP *** [9s 5c Kc]
Mahu2021: checks 
Despas: bets 60
Mahu2021: folds 
Uncalled bet (60) returned to Despas
Despas collected 120 from pot
Despas: doesn't show hand 
*** SUMMARY ***
Total pot 120 | Rake 0 
Board [9s 5c Kc]
Seat 2: Mahu2021 (big blind) folded on the Flop
Seat 3: Despas (button) (small blind) collected (120)



PokerStars Hand #252794498627: Tournament #3808840363, $1.84+$0.16 USD Hold'em No Limit - Level II (15/30) - 2024/10/06 16:28:41 CET [2024/10/06 10:28:41 ET]
Table '3808840363 1' 3-max Seat #2 is the button
Seat 2: Mahu2021 (720 in chips) 
Seat 3: Despas (780 in chips) 
Mahu2021: posts small blind 15
Despas: posts big blind 30
*** HOLE CARDS ***
Dealt to Mahu2021 [Ac 7c]
Mahu2021: raises 30 to 60
Despas: folds 
Uncalled bet (30) returned to Mahu2021
Mahu2021 collected 60 from pot
Mahu2021: doesn't show hand 
*** SUMMARY ***
Total pot 60 | Rake 0 
Seat 2: Mahu2021 (button) (small blind) collected (60)
Seat 3: Despas (big blind) folded before Flop



PokerStars Hand #252794499855: Tournament #3808840363, $1.84+$0.16 USD Hold'em No Limit - Level II (15/30) - 2024/10/06 16:28:46 CET [2024/10/06 10:28:46 ET]
Table '3808840363 1' 3-max Seat #3 is the button
Seat 2: Mahu2021 (750 in chips) 
Seat 3: Despas (750 in chips) 
Despas: posts small blind 15
Mahu2021: posts big blind 30
*** HOLE CARDS ***
Dealt to Mahu2021 [3d 9c]
Despas: raises 30 to 60
Mahu2021: folds 
Uncalled bet (30) returned to Despas
Despas collected 60 from pot
Despas: doesn't show hand 
*** SUMMARY ***
Total pot 60 | Rake 0 
Seat 2: Mahu2021 (big blind) folded before Flop
Seat 3: Despas (button) (small blind) collected (60)



PokerStars Hand #252794500986: Tournament #3808840363, $1.84+$0.16 USD Hold'em No Limit - Level II (15/30) - 2024/10/06 16:28:51 CET [2024/10/06 10:28:51 ET]
Table '3808840363 1' 3-max Seat #2 is the button
Seat 2: Mahu2021 (720 in chips) 
Seat 3: Despas (780 in chips) 
Mahu2021: posts small blind 15
Despas: posts big blind 30
*** HOLE CARDS ***
Dealt to Mahu2021 [Qh Kh]
Mahu2021: raises 30 to 60
Despas: folds 
Uncalled bet (30) returned to Mahu2021
Mahu2021 collected 60 from pot
Mahu2021: doesn't show hand 
*** SUMMARY ***
Total pot 60 | Rake 0 
Seat 2: Mahu2021 (button) (small blind) collected (60)
Seat 3: Despas (big blind) folded before Flop



PokerStars Hand #252794502357: Tournament #3808840363, $1.84+$0.16 USD Hold'em No Limit - Level II (15/30) - 2024/10/06 16:28:57 CET [2024/10/06 10:28:57 ET]
Table '3808840363 1' 3-max Seat #3 is the button
Seat 2: Mahu2021 (750 in chips) 
Seat 3: Despas (750 in chips) 
Despas: posts small blind 15
Mahu2021: posts big blind 30
*** HOLE CARDS ***
Dealt to Mahu2021 [5s 3h]
Despas: raises 30 to 60
Mahu2021: folds 
Uncalled bet (30) returned to Despas
Despas collected 60 from pot
Despas: doesn't show hand 
*** SUMMARY ***
Total pot 60 | Rake 0 
Seat 2: Mahu2021 (big blind) folded before Flop
Seat 3: Despas (button) (small blind) collected (60)



PokerStars Hand #252794503674: Tournament #3808840363, $1.84+$0.16 USD Hold'em No Limit - Level II (15/30) - 2024/10/06 16:29:02 CET [2024/10/06 10:29:02 ET]
Table '3808840363 1' 3-max Seat #2 is the button
Seat 2: Mahu2021 (720 in chips) 
Seat 3: Despas (780 in chips) 
Mahu2021: posts small blind 15
Despas: posts big blind 30
*** HOLE CARDS ***
Dealt to Mahu2021 [Kd Ah]
Mahu2021: raises 30 to 60
Despas: calls 30
*** FLOP *** [7h Tc Qh]
Despas: checks 
Mahu2021: checks 
*** TURN *** [7h Tc Qh] [Td]
Despas: checks 
Mahu2021: checks 
*** RIVER *** [7h Tc Qh Td] [Ac]
Despas: checks 
Mahu2021: bets 120
Despas: folds 
Uncalled bet (120) returned to Mahu2021
Mahu2021 collected 120 from pot
Mahu2021: doesn't show hand 
*** SUMMARY ***
Total pot 120 | Rake 0 
Board [7h Tc Qh Td Ac]
Seat 2: Mahu2021 (button) (small blind) collected (120)
Seat 3: Despas (big blind) folded on the River



PokerStars Hand #252794507162: Tournament #3808840363, $1.84+$0.16 USD Hold'em No Limit - Level II (15/30) - 2024/10/06 16:29:18 CET [2024/10/06 10:29:18 ET]
Table '3808840363 1' 3-max Seat #3 is the button
Seat 2: Mahu2021 (780 in chips) 
Seat 3: Despas (720 in chips) 
Despas: posts small blind 15
Mahu2021: posts big blind 30
*** HOLE CARDS ***
Dealt to Mahu2021 [Jh 5s]
Despas: raises 30 to 60
Mahu2021: calls 30
*** FLOP *** [8d 6h Qs]
Mahu2021: checks 
Despas: bets 60
Mahu2021: folds 
Uncalled bet (60) returned to Despas
Despas collected 120 from pot
Despas: doesn't show hand 
*** SUMMARY ***
Total pot 120 | Rake 0 
Board [8d 6h Qs]
Seat 2: Mahu2021 (big blind) folded on the Flop
Seat 3: Despas (button) (small blind) collected (120)



PokerStars Hand #252794509354: Tournament #3808840363, $1.84+$0.16 USD Hold'em No Limit - Level II (15/30) - 2024/10/06 16:29:27 CET [2024/10/06 10:29:27 ET]
Table '3808840363 1' 3-max Seat #2 is the button
Seat 2: Mahu2021 (720 in chips) 
Seat 3: Despas (780 in chips) 
Mahu2021: posts small blind 15
Despas: posts big blind 30
*** HOLE CARDS ***
Dealt to Mahu2021 [6s 6h]
Mahu2021: raises 30 to 60
Despas: calls 30
*** FLOP *** [3s Kc 8c]
Despas: bets 60
Mahu2021: calls 60
*** TURN *** [3s Kc 8c] [2h]
Despas: bets 150
Mahu2021: folds 
Uncalled bet (150) returned to Despas
Despas collected 240 from pot
Despas: doesn't show hand 
*** SUMMARY ***
Total pot 240 | Rake 0 
Board [3s Kc 8c 2h]
Seat 2: Mahu2021 (button) (small blind) folded on the Turn
Seat 3: Despas (big blind) collected (240)



PokerStars Hand #252794513646: Tournament #3808840363, $1.84+$0.16 USD Hold'em No Limit - Level III (20/40) - 2024/10/06 16:29:46 CET [2024/10/06 10:29:46 ET]
Table '3808840363 1' 3-max Seat #3 is the button
Seat 2: Mahu2021 (600 in chips) 
Seat 3: Despas (900 in chips) 
Despas: posts small blind 20
Mahu2021: posts big blind 40
*** HOLE CARDS ***
Dealt to Mahu2021 [Js 6s]
Despas: raises 40 to 80
Mahu2021: calls 40
*** FLOP *** [5s 2c 4s]
Mahu2021: bets 80
Despas: calls 80
*** TURN *** [5s 2c 4s] [Ac]
Mahu2021: bets 440 and is all-in
Despas: folds 
Uncalled bet (440) returned to Mahu2021
Mahu2021 collected 320 from pot
Mahu2021: doesn't show hand 
*** SUMMARY ***
Total pot 320 | Rake 0 
Board [5s 2c 4s Ac]
Seat 2: Mahu2021 (big blind) collected (320)
Seat 3: Despas (button) (small blind) folded on the Turn



PokerStars Hand #252794517400: Tournament #3808840363, $1.84+$0.16 USD Hold'em No Limit - Level III (20/40) - 2024/10/06 16:30:01 CET [2024/10/06 10:30:01 ET]
Table '3808840363 1' 3-max Seat #2 is the button
Seat 2: Mahu2021 (760 in chips) 
Seat 3: Despas (740 in chips) 
Mahu2021: posts small blind 20
Despas: posts big blind 40
*** HOLE CARDS ***
Dealt to Mahu2021 [Kd Ts]
Mahu2021: raises 40 to 80
Despas: calls 40
*** FLOP *** [8d 4c 7d]
Despas: checks 
Mahu2021: checks 
*** TURN *** [8d 4c 7d] [5d]
Despas: checks 
Mahu2021: bets 80
Despas: calls 80
*** RIVER *** [8d 4c 7d 5d] [2s]
Despas: checks 
Mahu2021: bets 160
Despas: folds 
Uncalled bet (160) returned to Mahu2021
Mahu2021 collected 320 from pot
Mahu2021: doesn't show hand 
*** SUMMARY ***
Total pot 320 | Rake 0 
Board [8d 4c 7d 5d 2s]
Seat 2: Mahu2021 (button) (small blind) collected (320)
Seat 3: Despas (big blind) folded on the River



PokerStars Hand #252794522231: Tournament #3808840363, $1.84+$0.16 USD Hold'em No Limit - Level III (20/40) - 2024/10/06 16:30:22 CET [2024/10/06 10:30:22 ET]
Table '3808840363 1' 3-max Seat #3 is the button
Seat 2: Mahu2021 (920 in chips) 
Seat 3: Despas (580 in chips) 
Despas: posts small blind 20
Mahu2021: posts big blind 40
*** HOLE CARDS ***
Dealt to Mahu2021 [Qs Jh]
Despas: calls 20
Mahu2021: raises 120 to 160
Despas: folds 
Uncalled bet (120) returned to Mahu2021
Mahu2021 collected 80 from pot
Mahu2021: doesn't show hand 
*** SUMMARY ***
Total pot 80 | Rake 0 
Seat 2: Mahu2021 (big blind) collected (80)
Seat 3: Despas (button) (small blind) folded before Flop



PokerStars Hand #252794523881: Tournament #3808840363, $1.84+$0.16 USD Hold'em No Limit - Level III (20/40) - 2024/10/06 16:30:29 CET [2024/10/06 10:30:29 ET]
Table '3808840363 1' 3-max Seat #2 is the button
Seat 2: Mahu2021 (960 in chips) 
Seat 3: Despas (540 in chips) 
Mahu2021: posts small blind 20
Despas: posts big blind 40
*** HOLE CARDS ***
Dealt to Mahu2021 [6s 9h]
Mahu2021: folds 
Uncalled bet (20) returned to Despas
Despas collected 40 from pot
Despas: doesn't show hand 
*** SUMMARY ***
Total pot 40 | Rake 0 
Seat 2: Mahu2021 (button) (small blind) folded before Flop
Seat 3: Despas (big blind) collected (40)



PokerStars Hand #252794524904: Tournament #3808840363, $1.84+$0.16 USD Hold'em No Limit - Level III (20/40) - 2024/10/06 16:30:33 CET [2024/10/06 10:30:33 ET]
Table '3808840363 1' 3-max Seat #3 is the button
Seat 2: Mahu2021 (940 in chips) 
Seat 3: Despas (560 in chips) 
Despas: posts small blind 20
Mahu2021: posts big blind 40
*** HOLE CARDS ***
Dealt to Mahu2021 [9c As]
Despas: folds 
Uncalled bet (20) returned to Mahu2021
Mahu2021 collected 40 from pot
Mahu2021: doesn't show hand 
*** SUMMARY ***
Total pot 40 | Rake 0 
Seat 2: Mahu2021 (big blind) collected (40)
Seat 3: Despas (button) (small blind) folded before Flop



PokerStars Hand #252794525902: Tournament #3808840363, $1.84+$0.16 USD Hold'em No Limit - Level III (20/40) - 2024/10/06 16:30:38 CET [2024/10/06 10:30:38 ET]
Table '3808840363 1' 3-max Seat #2 is the button
Seat 2: Mahu2021 (960 in chips) 
Seat 3: Despas (540 in chips) 
Mahu2021: posts small blind 20
Despas: posts big blind 40
*** HOLE CARDS ***
Dealt to Mahu2021 [Ah 9h]
Mahu2021: raises 40 to 80
Despas: calls 40
*** FLOP *** [9c 6s 3d]
Despas: checks 
Mahu2021: bets 160
Despas: folds 
Uncalled bet (160) returned to Mahu2021
Mahu2021 collected 160 from pot
Mahu2021: doesn't show hand 
*** SUMMARY ***
Total pot 160 | Rake 0 
Board [9c 6s 3d]
Seat 2: Mahu2021 (button) (small blind) collected (160)
Seat 3: Despas (big blind) folded on the Flop



PokerStars Hand #252794529029: Tournament #3808840363, $1.84+$0.16 USD Hold'em No Limit - Level III (20/40) - 2024/10/06 16:30:51 CET [2024/10/06 10:30:51 ET]
Table '3808840363 1' 3-max Seat #3 is the button
Seat 2: Mahu2021 (1040 in chips) 
Seat 3: Despas (460 in chips) 
Despas: posts small blind 20
Mahu2021: posts big blind 40
*** HOLE CARDS ***
Dealt to Mahu2021 [As Tc]
Despas: folds 
Uncalled bet (20) returned to Mahu2021
Mahu2021 collected 40 from pot
Mahu2021: doesn't show hand 
*** SUMMARY ***
Total pot 40 | Rake 0 
Seat 2: Mahu2021 (big blind) collected (40)
Seat 3: Despas (button) (small blind) folded before Flop



PokerStars Hand #252794530237: Tournament #3808840363, $1.84+$0.16 USD Hold'em No Limit - Level III (20/40) - 2024/10/06 16:30:56 CET [2024/10/06 10:30:56 ET]
Table '3808840363 1' 3-max Seat #2 is the button
Seat 2: Mahu2021 (1060 in chips) 
Seat 3: Despas (440 in chips) 
Mahu2021: posts small blind 20
Despas: posts big blind 40
*** HOLE CARDS ***
Dealt to Mahu2021 [As Kh]
Mahu2021: raises 40 to 80
Despas: raises 360 to 440 and is all-in
Mahu2021: calls 360
*** FLOP *** [Qd 2c 8s]
*** TURN *** [Qd 2c 8s] [8c]
*** RIVER *** [Qd 2c 8s 8c] [7s]
*** SHOW DOWN ***
Despas: shows [Kc 8h] (three of a kind, Eights)
Mahu2021: shows [As Kh] (a pair of Eights)
Despas collected 880 from pot
*** SUMMARY ***
Total pot 880 | Rake 0 
Board [Qd 2c 8s 8c 7s]
Seat 2: Mahu2021 (button) (small blind) showed [As Kh] and lost with a pair of Eights
Seat 3: Despas (big blind) showed [Kc 8h] and won (880) with three of a kind, Eights



PokerStars Hand #252794533358: Tournament #3808840363, $1.84+$0.16 USD Hold'em No Limit - Level III (20/40) - 2024/10/06 16:31:10 CET [2024/10/06 10:31:10 ET]
Table '3808840363 1' 3-max Seat #3 is the button
Seat 2: Mahu2021 (620 in chips) 
Seat 3: Despas (880 in chips) 
Despas: posts small blind 20
Mahu2021: posts big blind 40
*** HOLE CARDS ***
Dealt to Mahu2021 [7d 5c]
Despas: raises 40 to 80
Mahu2021: folds 
Uncalled bet (40) returned to Despas
Despas collected 80 from pot
Despas: doesn't show hand 
*** SUMMARY ***
Total pot 80 | Rake 0 
Seat 2: Mahu2021 (big blind) folded before Flop
Seat 3: Despas (button) (small blind) collected (80)



PokerStars Hand #252794534590: Tournament #3808840363, $1.84+$0.16 USD Hold'em No Limit - Level III (20/40) - 2024/10/06 16:31:15 CET [2024/10/06 10:31:15 ET]
Table '3808840363 1' 3-max Seat #2 is the button
Seat 2: Mahu2021 (580 in chips) 
Seat 3: Despas (920 in chips) 
Mahu2021: posts small blind 20
Despas: posts big blind 40
*** HOLE CARDS ***
Dealt to Mahu2021 [3s Jc]
Mahu2021: calls 20
Despas: checks 
*** FLOP *** [Qh 2s Ac]
Despas: checks 
Mahu2021: checks 
*** TURN *** [Qh 2s Ac] [5s]
Despas: bets 40
Mahu2021: calls 40
*** RIVER *** [Qh 2s Ac 5s] [Tc]
Despas: checks 
Mahu2021: bets 40
Despas: calls 40
*** SHOW DOWN ***
Mahu2021: shows [3s Jc] (high card Ace)
Despas: shows [8h 5d] (a pair of Fives)
Despas collected 240 from pot
*** SUMMARY ***
Total pot 240 | Rake 0 
Board [Qh 2s Ac 5s Tc]
Seat 2: Mahu2021 (button) (small blind) showed [3s Jc] and lost with high card Ace
Seat 3: Despas (big blind) showed [8h 5d] and won (240) with a pair of Fives



PokerStars Hand #252794537707: Tournament #3808840363, $1.84+$0.16 USD Hold'em No Limit - Level III (20/40) - 2024/10/06 16:31:28 CET [2024/10/06 10:31:28 ET]
Table '3808840363 1' 3-max Seat #3 is the button
Seat 2: Mahu2021 (460 in chips) 
Seat 3: Despas (1040 in chips) 
Despas: posts small blind 20
Mahu2021: posts big blind 40
*** HOLE CARDS ***
Dealt to Mahu2021 [Ad 7d]
Despas: calls 20
Mahu2021: raises 420 to 460 and is all-in
Despas: calls 420
*** FLOP *** [3s 3d Kc]
*** TURN *** [3s 3d Kc] [9h]
*** RIVER *** [3s 3d Kc 9h] [Qs]
*** SHOW DOWN ***
Mahu2021: shows [Ad 7d] (a pair of Threes)
Despas: shows [Ah Jd] (a pair of Threes)
Mahu2021 collected 460 from pot
Despas collected 460 from pot
*** SUMMARY ***
Total pot 920 | Rake 0 
Board [3s 3d Kc 9h Qs]
Seat 2: Mahu2021 (big blind) showed [Ad 7d] and won (460) with a pair of Threes
Seat 3: Despas (button) (small blind) showed [Ah Jd] and won (460) with a pair of Threes



PokerStars Hand #252794542224: Tournament #3808840363, $1.84+$0.16 USD Hold'em No Limit - Level IV (30/60) - 2024/10/06 16:31:47 CET [2024/10/06 10:31:47 ET]
Table '3808840363 1' 3-max Seat #2 is the button
Seat 2: Mahu2021 (460 in chips) 
Seat 3: Despas (1040 in chips) 
Mahu2021: posts small blind 30
Despas: posts big blind 60
*** HOLE CARDS ***
Dealt to Mahu2021 [Qd Jd]
Mahu2021: raises 400 to 460 and is all-in
Despas: calls 400
*** FLOP *** [2d 6c 8d]
*** TURN *** [2d 6c 8d] [7d]
*** RIVER *** [2d 6c 8d 7d] [2s]
*** SHOW DOWN ***
Despas: shows [5h Ks] (a pair of Deuces)
Mahu2021: shows [Qd Jd] (a flush, Queen high)
Mahu2021 collected 920 from pot
*** SUMMARY ***
Total pot 920 | Rake 0 
Board [2d 6c 8d 7d 2s]
Seat 2: Mahu2021 (button) (small blind) showed [Qd Jd] and won (920) with a flush, Queen high
Seat 3: Despas (big blind) showed [5h Ks] and lost with a pair of Deuces



PokerStars Hand #252794545121: Tournament #3808840363, $1.84+$0.16 USD Hold'em No Limit - Level IV (30/60) - 2024/10/06 16:32:00 CET [2024/10/06 10:32:00 ET]
Table '3808840363 1' 3-max Seat #3 is the button
Seat 2: Mahu2021 (920 in chips) 
Seat 3: Despas (580 in chips) 
Despas: posts small blind 30
Mahu2021: posts big blind 60
*** HOLE CARDS ***
Dealt to Mahu2021 [Ks 4h]
Despas: calls 30
Mahu2021: checks 
*** FLOP *** [8c Jc 9h]
Mahu2021: checks 
Despas: bets 120
Mahu2021: folds 
Uncalled bet (120) returned to Despas
Despas collected 120 from pot
Despas: doesn't show hand 
*** SUMMARY ***
Total pot 120 | Rake 0 
Board [8c Jc 9h]
Seat 2: Mahu2021 (big blind) folded on the Flop
Seat 3: Despas (button) (small blind) collected (120)



PokerStars Hand #252794547436: Tournament #3808840363, $1.84+$0.16 USD Hold'em No Limit - Level IV (30/60) - 2024/10/06 16:32:10 CET [2024/10/06 10:32:10 ET]
Table '3808840363 1' 3-max Seat #2 is the button
Seat 2: Mahu2021 (860 in chips) 
Seat 3: Despas (640 in chips) 
Mahu2021: posts small blind 30
Despas: posts big blind 60
*** HOLE CARDS ***
Dealt to Mahu2021 [6s 5h]
Mahu2021: calls 30
Despas: raises 580 to 640 and is all-in
Mahu2021: folds 
Uncalled bet (580) returned to Despas
Despas collected 120 from pot
Despas: doesn't show hand 
*** SUMMARY ***
Total pot 120 | Rake 0 
Seat 2: Mahu2021 (button) (small blind) folded before Flop
Seat 3: Despas (big blind) collected (120)



PokerStars Hand #252794548958: Tournament #3808840363, $1.84+$0.16 USD Hold'em No Limit - Level IV (30/60) - 2024/10/06 16:32:16 CET [2024/10/06 10:32:16 ET]
Table '3808840363 1' 3-max Seat #3 is the button
Seat 2: Mahu2021 (800 in chips) 
Seat 3: Despas (700 in chips) 
Despas: posts small blind 30
Mahu2021: posts big blind 60
*** HOLE CARDS ***
Dealt to Mahu2021 [6h 7h]
Despas: folds 
Uncalled bet (30) returned to Mahu2021
Mahu2021 collected 60 from pot
Mahu2021: doesn't show hand 
*** SUMMARY ***
Total pot 60 | Rake 0 
Seat 2: Mahu2021 (big blind) collected (60)
Seat 3: Despas (button) (small blind) folded before Flop



PokerStars Hand #252794549865: Tournament #3808840363, $1.84+$0.16 USD Hold'em No Limit - Level IV (30/60) - 2024/10/06 16:32:20 CET [2024/10/06 10:32:20 ET]
Table '3808840363 1' 3-max Seat #2 is the button
Seat 2: Mahu2021 (830 in chips) 
Seat 3: Despas (670 in chips) 
Mahu2021: posts small blind 30
Despas: posts big blind 60
*** HOLE CARDS ***
Dealt to Mahu2021 [7s 3s]
Mahu2021: calls 30
Despas: raises 610 to 670 and is all-in
Mahu2021: folds 
Uncalled bet (610) returned to Despas
Despas collected 120 from pot
Despas: doesn't show hand 
*** SUMMARY ***
Total pot 120 | Rake 0 
Seat 2: Mahu2021 (button) (small blind) folded before Flop
Seat 3: Despas (big blind) collected (120)



PokerStars Hand #252794551419: Tournament #3808840363, $1.84+$0.16 USD Hold'em No Limit - Level IV (30/60) - 2024/10/06 16:32:27 CET [2024/10/06 10:32:27 ET]
Table '3808840363 1' 3-max Seat #3 is the button
Seat 2: Mahu2021 (770 in chips) 
Seat 3: Despas (730 in chips) 
Despas: posts small blind 30
Mahu2021: posts big blind 60
*** HOLE CARDS ***
Dealt to Mahu2021 [6c 2c]
Despas: folds 
Uncalled bet (30) returned to Mahu2021
Mahu2021 collected 60 from pot
Mahu2021: doesn't show hand 
*** SUMMARY ***
Total pot 60 | Rake 0 
Seat 2: Mahu2021 (big blind) collected (60)
Seat 3: Despas (button) (small blind) folded before Flop



PokerStars Hand #252794552339: Tournament #3808840363, $1.84+$0.16 USD Hold'em No Limit - Level IV (30/60) - 2024/10/06 16:32:31 CET [2024/10/06 10:32:31 ET]
Table '3808840363 1' 3-max Seat #2 is the button
Seat 2: Mahu2021 (800 in chips) 
Seat 3: Despas (700 in chips) 
Mahu2021: posts small blind 30
Despas: posts big blind 60
*** HOLE CARDS ***
Dealt to Mahu2021 [9s 8d]
Mahu2021: folds 
Uncalled bet (30) returned to Despas
Despas collected 60 from pot
Despas: doesn't show hand 
*** SUMMARY ***
Total pot 60 | Rake 0 
Seat 2: Mahu2021 (button) (small blind) folded before Flop
Seat 3: Despas (big blind) collected (60)



PokerStars Hand #252794553424: Tournament #3808840363, $1.84+$0.16 USD Hold'em No Limit - Level IV (30/60) - 2024/10/06 16:32:35 CET [2024/10/06 10:32:35 ET]
Table '3808840363 1' 3-max Seat #3 is the button
Seat 2: Mahu2021 (770 in chips) 
Seat 3: Despas (730 in chips) 
Despas: posts small blind 30
Mahu2021: posts big blind 60
*** HOLE CARDS ***
Dealt to Mahu2021 [5c 9d]
Despas: raises 60 to 120
Mahu2021: folds 
Uncalled bet (60) returned to Despas
Despas collected 120 from pot
Despas: doesn't show hand 
*** SUMMARY ***
Total pot 120 | Rake 0 
Seat 2: Mahu2021 (big blind) folded before Flop
Seat 3: Despas (button) (small blind) collected (120)



PokerStars Hand #252794554505: Tournament #3808840363, $1.84+$0.16 USD Hold'em No Limit - Level IV (30/60) - 2024/10/06 16:32:40 CET [2024/10/06 10:32:40 ET]
Table '3808840363 1' 3-max Seat #2 is the button
Seat 2: Mahu2021 (710 in chips) 
Seat 3: Despas (790 in chips) 
Mahu2021: posts small blind 30
Despas: posts big blind 60
*** HOLE CARDS ***
Dealt to Mahu2021 [5d 3c]
Mahu2021: folds 
Uncalled bet (30) returned to Despas
Despas collected 60 from pot
Despas: doesn't show hand 
*** SUMMARY ***
Total pot 60 | Rake 0 
Seat 2: Mahu2021 (button) (small blind) folded before Flop
Seat 3: Despas (big blind) collected (60)



PokerStars Hand #252794555530: Tournament #3808840363, $1.84+$0.16 USD Hold'em No Limit - Level IV (30/60) - 2024/10/06 16:32:44 CET [2024/10/06 10:32:44 ET]
Table '3808840363 1' 3-max Seat #3 is the button
Seat 2: Mahu2021 (680 in chips) 
Seat 3: Despas (820 in chips) 
Despas: posts small blind 30
Mahu2021: posts big blind 60
*** HOLE CARDS ***
Dealt to Mahu2021 [5s Qc]
Despas: folds 
Uncalled bet (30) returned to Mahu2021
Mahu2021 collected 60 from pot
Mahu2021: doesn't show hand 
*** SUMMARY ***
Total pot 60 | Rake 0 
Seat 2: Mahu2021 (big blind) collected (60)
Seat 3: Despas (button) (small blind) folded before Flop



PokerStars Hand #252794556595: Tournament #3808840363, $1.84+$0.16 USD Hold'em No Limit - Level IV (30/60) - 2024/10/06 16:32:48 CET [2024/10/06 10:32:48 ET]
Table '3808840363 1' 3-max Seat #2 is the button
Seat 2: Mahu2021 (710 in chips) 
Seat 3: Despas (790 in chips) 
Mahu2021: posts small blind 30
Despas: posts big blind 60
*** HOLE CARDS ***
Dealt to Mahu2021 [Ad 3s]
Mahu2021: raises 60 to 120
Despas: calls 60
*** FLOP *** [7s 2s Ah]
Despas: bets 60
Mahu2021: raises 530 to 590 and is all-in
Despas: calls 530
*** TURN *** [7s 2s Ah] [As]
*** RIVER *** [7s 2s Ah As] [6h]
*** SHOW DOWN ***
Despas: shows [8s 7c] (two pair, Aces and Sevens)
Mahu2021: shows [Ad 3s] (three of a kind, Aces)
Mahu2021 collected 1420 from pot
*** SUMMARY ***
Total pot 1420 | Rake 0 
Board [7s 2s Ah As 6h]
Seat 2: Mahu2021 (button) (small blind) showed [Ad 3s] and won (1420) with three of a kind, Aces
Seat 3: Despas (big blind) showed [8s 7c] and lost with two pair, Aces and Sevens



PokerStars Hand #252794562293: Tournament #3808840363, $1.84+$0.16 USD Hold'em No Limit - Level IV (30/60) - 2024/10/06 16:33:13 CET [2024/10/06 10:33:13 ET]
Table '3808840363 1' 3-max Seat #3 is the button
Seat 2: Mahu2021 (1420 in chips) 
Seat 3: Despas (80 in chips) 
Despas: posts small blind 30
Mahu2021: posts big blind 60
*** HOLE CARDS ***
Dealt to Mahu2021 [4s 7d]
Despas: raises 20 to 80 and is all-in
Mahu2021: calls 20
*** FLOP *** [5c 6h 8h]
*** TURN *** [5c 6h 8h] [Jc]
*** RIVER *** [5c 6h 8h Jc] [2h]
*** SHOW DOWN ***
Mahu2021: shows [4s 7d] (a straight, Four to Eight)
Despas: shows [Js 7h] (a pair of Jacks)
Mahu2021 collected 160 from pot
Despas finished the tournament in 2nd place
Mahu2021 wins the tournament and receives $4.00 - congratulations!
*** SUMMARY ***
Total pot 160 | Rake 0 
Board [5c 6h 8h Jc 2h]
Seat 2: Mahu2021 (big blind) showed [4s 7d] and won (160) with a straight, Four to Eight
Seat 3: Despas (button) (small blind) showed [Js 7h] and lost with a pair of Jacks



