PokerStars Hand #253490414767: Tournament #3825530838, $1.84+$0.16 USD Hold'em No Limit - Level I (10/20) - 2024/11/20 15:28:39 CET [2024/11/20 9:28:39 ET]
Table '3825530838 1' 3-max Seat #1 is the button
Seat 1: wenzelole (500 in chips) 
Seat 2: Mahu2021 (500 in chips) 
Seat 3: IAMTHEVIRUS (500 in chips) 
Mahu2021: posts small blind 10
IAMTHEVIRUS: posts big blind 20
*** HOLE CARDS ***
Dealt to Mahu2021 [6d Qc]
wenzelole: calls 20
Mahu2021: folds 
IAMTHEVIRUS: checks 
*** FLOP *** [Js 7h 4s]
IAMTHEVIRUS: checks 
wenzelole: bets 20
IAMTHEVIRUS: calls 20
*** TURN *** [Js 7h 4s] [5d]
IAMTHEVIRUS: checks 
wenzelole: bets 20
IAMTHEVIRUS: calls 20
*** RIVER *** [Js 7h 4s 5d] [Tc]
IAMTHEVIRUS: checks 
wenzelole: checks 
*** SHOW DOWN ***
IAMTHEVIRUS: shows [Qd 8c] (high card Queen)
wenzelole: shows [5s Ad] (a pair of Fives)
wenzelole collected 130 from pot
*** SUMMARY ***
Total pot 130 | Rake 0 
Board [Js 7h 4s 5d Tc]
Seat 1: wenzelole (button) showed [5s Ad] and won (130) with a pair of Fives
Seat 2: Mahu2021 (small blind) folded before Flop
Seat 3: IAMTHEVIRUS (big blind) showed [Qd 8c] and lost with high card Queen



PokerStars Hand #253490418903: Tournament #3825530838, $1.84+$0.16 USD Hold'em No Limit - Level I (10/20) - 2024/11/20 15:29:04 CET [2024/11/20 9:29:04 ET]
Table '3825530838 1' 3-max Seat #2 is the button
Seat 1: wenzelole (570 in chips) 
Seat 2: Mahu2021 (490 in chips) 
Seat 3: IAMTHEVIRUS (440 in chips) 
IAMTHEVIRUS: posts small blind 10
wenzelole: posts big blind 20
*** HOLE CARDS ***
Dealt to Mahu2021 [7h 5d]
Mahu2021: folds 
IAMTHEVIRUS: raises 60 to 80
wenzelole: folds 
Uncalled bet (60) returned to IAMTHEVIRUS
IAMTHEVIRUS collected 40 from pot
IAMTHEVIRUS: doesn't show hand 
*** SUMMARY ***
Total pot 40 | Rake 0 
Seat 1: wenzelole (big blind) folded before Flop
Seat 2: Mahu2021 (button) folded before Flop (didn't bet)
Seat 3: IAMTHEVIRUS (small blind) collected (40)



PokerStars Hand #253490420748: Tournament #3825530838, $1.84+$0.16 USD Hold'em No Limit - Level I (10/20) - 2024/11/20 15:29:16 CET [2024/11/20 9:29:16 ET]
Table '3825530838 1' 3-max Seat #3 is the button
Seat 1: wenzelole (550 in chips) 
Seat 2: Mahu2021 (490 in chips) 
Seat 3: IAMTHEVIRUS (460 in chips) 
wenzelole: posts small blind 10
Mahu2021: posts big blind 20
*** HOLE CARDS ***
Dealt to Mahu2021 [6s Qs]
IAMTHEVIRUS: folds 
wenzelole: raises 20 to 40
Mahu2021: calls 20
*** FLOP *** [Qd 9d Kh]
wenzelole: bets 40
Mahu2021: calls 40
*** TURN *** [Qd 9d Kh] [8d]
wenzelole: bets 470 and is all-in
Mahu2021: folds 
Uncalled bet (470) returned to wenzelole
wenzelole collected 160 from pot
wenzelole: doesn't show hand 
*** SUMMARY ***
Total pot 160 | Rake 0 
Board [Qd 9d Kh 8d]
Seat 1: wenzelole (small blind) collected (160)
Seat 2: Mahu2021 (big blind) folded on the Turn
Seat 3: IAMTHEVIRUS (button) folded before Flop (didn't bet)



PokerStars Hand #253490424614: Tournament #3825530838, $1.84+$0.16 USD Hold'em No Limit - Level I (10/20) - 2024/11/20 15:29:39 CET [2024/11/20 9:29:39 ET]
Table '3825530838 1' 3-max Seat #1 is the button
Seat 1: wenzelole (630 in chips) 
Seat 2: Mahu2021 (410 in chips) 
Seat 3: IAMTHEVIRUS (460 in chips) 
Mahu2021: posts small blind 10
IAMTHEVIRUS: posts big blind 20
*** HOLE CARDS ***
Dealt to Mahu2021 [5h 5s]
wenzelole: calls 20
Mahu2021: calls 10
IAMTHEVIRUS: checks 
*** FLOP *** [5c 2s 4s]
Mahu2021: checks 
IAMTHEVIRUS: checks 
wenzelole: checks 
*** TURN *** [5c 2s 4s] [Ac]
Mahu2021: checks 
IAMTHEVIRUS: bets 40
wenzelole: calls 40
Mahu2021: calls 40
*** RIVER *** [5c 2s 4s Ac] [6h]
Mahu2021: checks 
IAMTHEVIRUS: bets 60
wenzelole: calls 60
Mahu2021: calls 60
*** SHOW DOWN ***
IAMTHEVIRUS: shows [Ts 3s] (a straight, Deuce to Six)
wenzelole: mucks hand 
Mahu2021: mucks hand 
IAMTHEVIRUS collected 360 from pot
*** SUMMARY ***
Total pot 360 | Rake 0 
Board [5c 2s 4s Ac 6h]
Seat 1: wenzelole (button) mucked [Js Ah]
Seat 2: Mahu2021 (small blind) mucked [5h 5s]
Seat 3: IAMTHEVIRUS (big blind) showed [Ts 3s] and won (360) with a straight, Deuce to Six



PokerStars Hand #253490430020: Tournament #3825530838, $1.84+$0.16 USD Hold'em No Limit - Level I (10/20) - 2024/11/20 15:30:10 CET [2024/11/20 9:30:10 ET]
Table '3825530838 1' 3-max Seat #2 is the button
Seat 1: wenzelole (510 in chips) 
Seat 2: Mahu2021 (290 in chips) 
Seat 3: IAMTHEVIRUS (700 in chips) 
IAMTHEVIRUS: posts small blind 10
wenzelole: posts big blind 20
*** HOLE CARDS ***
Dealt to Mahu2021 [6d 6h]
Mahu2021: raises 270 to 290 and is all-in
IAMTHEVIRUS: folds 
wenzelole: folds 
Uncalled bet (270) returned to Mahu2021
Mahu2021 collected 50 from pot
Mahu2021: doesn't show hand 
*** SUMMARY ***
Total pot 50 | Rake 0 
Seat 1: wenzelole (big blind) folded before Flop
Seat 2: Mahu2021 (button) collected (50)
Seat 3: IAMTHEVIRUS (small blind) folded before Flop



PokerStars Hand #253490431659: Tournament #3825530838, $1.84+$0.16 USD Hold'em No Limit - Level I (10/20) - 2024/11/20 15:30:20 CET [2024/11/20 9:30:20 ET]
Table '3825530838 1' 3-max Seat #3 is the button
Seat 1: wenzelole (490 in chips) 
Seat 2: Mahu2021 (320 in chips) 
Seat 3: IAMTHEVIRUS (690 in chips) 
wenzelole: posts small blind 10
Mahu2021: posts big blind 20
*** HOLE CARDS ***
Dealt to Mahu2021 [4s 8d]
IAMTHEVIRUS: folds 
wenzelole: raises 470 to 490 and is all-in
Mahu2021: folds 
Uncalled bet (470) returned to wenzelole
wenzelole collected 40 from pot
wenzelole: doesn't show hand 
*** SUMMARY ***
Total pot 40 | Rake 0 
Seat 1: wenzelole (small blind) collected (40)
Seat 2: Mahu2021 (big blind) folded before Flop
Seat 3: IAMTHEVIRUS (button) folded before Flop (didn't bet)



PokerStars Hand #253490432955: Tournament #3825530838, $1.84+$0.16 USD Hold'em No Limit - Level I (10/20) - 2024/11/20 15:30:28 CET [2024/11/20 9:30:28 ET]
Table '3825530838 1' 3-max Seat #1 is the button
Seat 1: wenzelole (510 in chips) 
Seat 2: Mahu2021 (300 in chips) 
Seat 3: IAMTHEVIRUS (690 in chips) 
Mahu2021: posts small blind 10
IAMTHEVIRUS: posts big blind 20
*** HOLE CARDS ***
Dealt to Mahu2021 [6h Kc]
wenzelole: raises 20 to 40
Mahu2021: folds 
IAMTHEVIRUS: folds 
Uncalled bet (20) returned to wenzelole
wenzelole collected 50 from pot
wenzelole: doesn't show hand 
*** SUMMARY ***
Total pot 50 | Rake 0 
Seat 1: wenzelole (button) collected (50)
Seat 2: Mahu2021 (small blind) folded before Flop
Seat 3: IAMTHEVIRUS (big blind) folded before Flop



PokerStars Hand #253490434487: Tournament #3825530838, $1.84+$0.16 USD Hold'em No Limit - Level I (10/20) - 2024/11/20 15:30:37 CET [2024/11/20 9:30:37 ET]
Table '3825530838 1' 3-max Seat #2 is the button
Seat 1: wenzelole (540 in chips) 
Seat 2: Mahu2021 (290 in chips) 
Seat 3: IAMTHEVIRUS (670 in chips) 
IAMTHEVIRUS: posts small blind 10
wenzelole: posts big blind 20
*** HOLE CARDS ***
Dealt to Mahu2021 [Jc 5d]
Mahu2021: folds 
IAMTHEVIRUS: folds 
Uncalled bet (10) returned to wenzelole
wenzelole collected 20 from pot
wenzelole: doesn't show hand 
*** SUMMARY ***
Total pot 20 | Rake 0 
Seat 1: wenzelole (big blind) collected (20)
Seat 2: Mahu2021 (button) folded before Flop (didn't bet)
Seat 3: IAMTHEVIRUS (small blind) folded before Flop



PokerStars Hand #253490435717: Tournament #3825530838, $1.84+$0.16 USD Hold'em No Limit - Level I (10/20) - 2024/11/20 15:30:44 CET [2024/11/20 9:30:44 ET]
Table '3825530838 1' 3-max Seat #3 is the button
Seat 1: wenzelole (550 in chips) 
Seat 2: Mahu2021 (290 in chips) 
Seat 3: IAMTHEVIRUS (660 in chips) 
wenzelole: posts small blind 10
Mahu2021: posts big blind 20
*** HOLE CARDS ***
Dealt to Mahu2021 [8h 2h]
IAMTHEVIRUS: folds 
wenzelole: raises 20 to 40
Mahu2021: folds 
Uncalled bet (20) returned to wenzelole
wenzelole collected 40 from pot
wenzelole: doesn't show hand 
*** SUMMARY ***
Total pot 40 | Rake 0 
Seat 1: wenzelole (small blind) collected (40)
Seat 2: Mahu2021 (big blind) folded before Flop
Seat 3: IAMTHEVIRUS (button) folded before Flop (didn't bet)



PokerStars Hand #253490437029: Tournament #3825530838, $1.84+$0.16 USD Hold'em No Limit - Level I (10/20) - 2024/11/20 15:30:52 CET [2024/11/20 9:30:52 ET]
Table '3825530838 1' 3-max Seat #1 is the button
Seat 1: wenzelole (570 in chips) 
Seat 2: Mahu2021 (270 in chips) 
Seat 3: IAMTHEVIRUS (660 in chips) 
Mahu2021: posts small blind 10
IAMTHEVIRUS: posts big blind 20
*** HOLE CARDS ***
Dealt to Mahu2021 [6d 7s]
wenzelole: folds 
Mahu2021: calls 10
IAMTHEVIRUS: checks 
*** FLOP *** [5s 7h Td]
Mahu2021: bets 40
IAMTHEVIRUS: folds 
Uncalled bet (40) returned to Mahu2021
Mahu2021 collected 40 from pot
Mahu2021: doesn't show hand 
*** SUMMARY ***
Total pot 40 | Rake 0 
Board [5s 7h Td]
Seat 1: wenzelole (button) folded before Flop (didn't bet)
Seat 2: Mahu2021 (small blind) collected (40)
Seat 3: IAMTHEVIRUS (big blind) folded on the Flop



PokerStars Hand #253490439472: Tournament #3825530838, $1.84+$0.16 USD Hold'em No Limit - Level I (10/20) - 2024/11/20 15:31:06 CET [2024/11/20 9:31:06 ET]
Table '3825530838 1' 3-max Seat #2 is the button
Seat 1: wenzelole (570 in chips) 
Seat 2: Mahu2021 (290 in chips) 
Seat 3: IAMTHEVIRUS (640 in chips) 
IAMTHEVIRUS: posts small blind 10
wenzelole: posts big blind 20
*** HOLE CARDS ***
Dealt to Mahu2021 [Th 4s]
Mahu2021: folds 
IAMTHEVIRUS: raises 20 to 40
wenzelole: folds 
Uncalled bet (20) returned to IAMTHEVIRUS
IAMTHEVIRUS collected 40 from pot
IAMTHEVIRUS: doesn't show hand 
*** SUMMARY ***
Total pot 40 | Rake 0 
Seat 1: wenzelole (big blind) folded before Flop
Seat 2: Mahu2021 (button) folded before Flop (didn't bet)
Seat 3: IAMTHEVIRUS (small blind) collected (40)



PokerStars Hand #253490440843: Tournament #3825530838, $1.84+$0.16 USD Hold'em No Limit - Level I (10/20) - 2024/11/20 15:31:14 CET [2024/11/20 9:31:14 ET]
Table '3825530838 1' 3-max Seat #3 is the button
Seat 1: wenzelole (550 in chips) 
Seat 2: Mahu2021 (290 in chips) 
Seat 3: IAMTHEVIRUS (660 in chips) 
wenzelole: posts small blind 10
Mahu2021: posts big blind 20
*** HOLE CARDS ***
Dealt to Mahu2021 [Qs 6s]
IAMTHEVIRUS: folds 
wenzelole: folds 
Uncalled bet (10) returned to Mahu2021
Mahu2021 collected 20 from pot
Mahu2021: doesn't show hand 
*** SUMMARY ***
Total pot 20 | Rake 0 
Seat 1: wenzelole (small blind) folded before Flop
Seat 2: Mahu2021 (big blind) collected (20)
Seat 3: IAMTHEVIRUS (button) folded before Flop (didn't bet)



PokerStars Hand #253490441705: Tournament #3825530838, $1.84+$0.16 USD Hold'em No Limit - Level I (10/20) - 2024/11/20 15:31:20 CET [2024/11/20 9:31:20 ET]
Table '3825530838 1' 3-max Seat #1 is the button
Seat 1: wenzelole (540 in chips) 
Seat 2: Mahu2021 (300 in chips) 
Seat 3: IAMTHEVIRUS (660 in chips) 
Mahu2021: posts small blind 10
IAMTHEVIRUS: posts big blind 20
*** HOLE CARDS ***
Dealt to Mahu2021 [Kc Kh]
wenzelole: raises 20 to 40
Mahu2021: raises 80 to 120
IAMTHEVIRUS: folds 
wenzelole: folds 
Uncalled bet (80) returned to Mahu2021
Mahu2021 collected 100 from pot
Mahu2021: doesn't show hand 
*** SUMMARY ***
Total pot 100 | Rake 0 
Seat 1: wenzelole (button) folded before Flop
Seat 2: Mahu2021 (small blind) collected (100)
Seat 3: IAMTHEVIRUS (big blind) folded before Flop



PokerStars Hand #253490444079: Tournament #3825530838, $1.84+$0.16 USD Hold'em No Limit - Level I (10/20) - 2024/11/20 15:31:34 CET [2024/11/20 9:31:34 ET]
Table '3825530838 1' 3-max Seat #2 is the button
Seat 1: wenzelole (500 in chips) 
Seat 2: Mahu2021 (360 in chips) 
Seat 3: IAMTHEVIRUS (640 in chips) 
IAMTHEVIRUS: posts small blind 10
wenzelole: posts big blind 20
*** HOLE CARDS ***
Dealt to Mahu2021 [Ac 9h]
Mahu2021: raises 20 to 40
IAMTHEVIRUS: calls 30
wenzelole: raises 460 to 500 and is all-in
Mahu2021: folds 
IAMTHEVIRUS: folds 
Uncalled bet (460) returned to wenzelole
wenzelole collected 120 from pot
wenzelole: doesn't show hand 
*** SUMMARY ***
Total pot 120 | Rake 0 
Seat 1: wenzelole (big blind) collected (120)
Seat 2: Mahu2021 (button) folded before Flop
Seat 3: IAMTHEVIRUS (small blind) folded before Flop



PokerStars Hand #253490447695: Tournament #3825530838, $1.84+$0.16 USD Hold'em No Limit - Level II (15/30) - 2024/11/20 15:31:55 CET [2024/11/20 9:31:55 ET]
Table '3825530838 1' 3-max Seat #3 is the button
Seat 1: wenzelole (580 in chips) 
Seat 2: Mahu2021 (320 in chips) 
Seat 3: IAMTHEVIRUS (600 in chips) 
wenzelole: posts small blind 15
Mahu2021: posts big blind 30
*** HOLE CARDS ***
Dealt to Mahu2021 [7s 3s]
IAMTHEVIRUS: folds 
wenzelole: raises 30 to 60
Mahu2021: calls 30
*** FLOP *** [2c 6d 2s]
wenzelole: bets 60
Mahu2021: folds 
Uncalled bet (60) returned to wenzelole
wenzelole collected 120 from pot
wenzelole: doesn't show hand 
*** SUMMARY ***
Total pot 120 | Rake 0 
Board [2c 6d 2s]
Seat 1: wenzelole (small blind) collected (120)
Seat 2: Mahu2021 (big blind) folded on the Flop
Seat 3: IAMTHEVIRUS (button) folded before Flop (didn't bet)



PokerStars Hand #253490450409: Tournament #3825530838, $1.84+$0.16 USD Hold'em No Limit - Level II (15/30) - 2024/11/20 15:32:12 CET [2024/11/20 9:32:12 ET]
Table '3825530838 1' 3-max Seat #1 is the button
Seat 1: wenzelole (640 in chips) 
Seat 2: Mahu2021 (260 in chips) 
Seat 3: IAMTHEVIRUS (600 in chips) 
Mahu2021: posts small blind 15
IAMTHEVIRUS: posts big blind 30
*** HOLE CARDS ***
Dealt to Mahu2021 [Ac Ad]
wenzelole: folds 
Mahu2021: raises 60 to 90
IAMTHEVIRUS: folds 
Uncalled bet (60) returned to Mahu2021
Mahu2021 collected 60 from pot
Mahu2021: doesn't show hand 
*** SUMMARY ***
Total pot 60 | Rake 0 
Seat 1: wenzelole (button) folded before Flop (didn't bet)
Seat 2: Mahu2021 (small blind) collected (60)
Seat 3: IAMTHEVIRUS (big blind) folded before Flop



PokerStars Hand #253490452056: Tournament #3825530838, $1.84+$0.16 USD Hold'em No Limit - Level II (15/30) - 2024/11/20 15:32:22 CET [2024/11/20 9:32:22 ET]
Table '3825530838 1' 3-max Seat #2 is the button
Seat 1: wenzelole (640 in chips) 
Seat 2: Mahu2021 (290 in chips) 
Seat 3: IAMTHEVIRUS (570 in chips) 
IAMTHEVIRUS: posts small blind 15
wenzelole: posts big blind 30
*** HOLE CARDS ***
Dealt to Mahu2021 [2d 6s]
Mahu2021: folds 
IAMTHEVIRUS: calls 15
wenzelole: checks 
*** FLOP *** [9s 9h 4s]
IAMTHEVIRUS: checks 
wenzelole: checks 
*** TURN *** [9s 9h 4s] [4h]
IAMTHEVIRUS: bets 30
wenzelole: folds 
Uncalled bet (30) returned to IAMTHEVIRUS
IAMTHEVIRUS collected 60 from pot
IAMTHEVIRUS: doesn't show hand 
*** SUMMARY ***
Total pot 60 | Rake 0 
Board [9s 9h 4s 4h]
Seat 1: wenzelole (big blind) folded on the Turn
Seat 2: Mahu2021 (button) folded before Flop (didn't bet)
Seat 3: IAMTHEVIRUS (small blind) collected (60)



PokerStars Hand #253490454807: Tournament #3825530838, $1.84+$0.16 USD Hold'em No Limit - Level II (15/30) - 2024/11/20 15:32:38 CET [2024/11/20 9:32:38 ET]
Table '3825530838 1' 3-max Seat #3 is the button
Seat 1: wenzelole (610 in chips) 
Seat 2: Mahu2021 (290 in chips) 
Seat 3: IAMTHEVIRUS (600 in chips) 
wenzelole: posts small blind 15
Mahu2021: posts big blind 30
*** HOLE CARDS ***
Dealt to Mahu2021 [2h 6c]
IAMTHEVIRUS: folds 
wenzelole: raises 30 to 60
Mahu2021: folds 
Uncalled bet (30) returned to wenzelole
wenzelole collected 60 from pot
wenzelole: doesn't show hand 
*** SUMMARY ***
Total pot 60 | Rake 0 
Seat 1: wenzelole (small blind) collected (60)
Seat 2: Mahu2021 (big blind) folded before Flop
Seat 3: IAMTHEVIRUS (button) folded before Flop (didn't bet)



PokerStars Hand #253490456526: Tournament #3825530838, $1.84+$0.16 USD Hold'em No Limit - Level II (15/30) - 2024/11/20 15:32:48 CET [2024/11/20 9:32:48 ET]
Table '3825530838 1' 3-max Seat #1 is the button
Seat 1: wenzelole (640 in chips) 
Seat 2: Mahu2021 (260 in chips) 
Seat 3: IAMTHEVIRUS (600 in chips) 
Mahu2021: posts small blind 15
IAMTHEVIRUS: posts big blind 30
*** HOLE CARDS ***
Dealt to Mahu2021 [4c 8s]
wenzelole: raises 610 to 640 and is all-in
Mahu2021: folds 
IAMTHEVIRUS: folds 
Uncalled bet (610) returned to wenzelole
wenzelole collected 75 from pot
wenzelole: doesn't show hand 
*** SUMMARY ***
Total pot 75 | Rake 0 
Seat 1: wenzelole (button) collected (75)
Seat 2: Mahu2021 (small blind) folded before Flop
Seat 3: IAMTHEVIRUS (big blind) folded before Flop



PokerStars Hand #253490458374: Tournament #3825530838, $1.84+$0.16 USD Hold'em No Limit - Level II (15/30) - 2024/11/20 15:32:59 CET [2024/11/20 9:32:59 ET]
Table '3825530838 1' 3-max Seat #2 is the button
Seat 1: wenzelole (685 in chips) 
Seat 2: Mahu2021 (245 in chips) 
Seat 3: IAMTHEVIRUS (570 in chips) 
IAMTHEVIRUS: posts small blind 15
wenzelole: posts big blind 30
*** HOLE CARDS ***
Dealt to Mahu2021 [Qs 7c]
Mahu2021: folds 
IAMTHEVIRUS: folds 
Uncalled bet (15) returned to wenzelole
wenzelole collected 30 from pot
wenzelole: doesn't show hand 
*** SUMMARY ***
Total pot 30 | Rake 0 
Seat 1: wenzelole (big blind) collected (30)
Seat 2: Mahu2021 (button) folded before Flop (didn't bet)
Seat 3: IAMTHEVIRUS (small blind) folded before Flop



PokerStars Hand #253490459281: Tournament #3825530838, $1.84+$0.16 USD Hold'em No Limit - Level II (15/30) - 2024/11/20 15:33:05 CET [2024/11/20 9:33:05 ET]
Table '3825530838 1' 3-max Seat #3 is the button
Seat 1: wenzelole (700 in chips) 
Seat 2: Mahu2021 (245 in chips) 
Seat 3: IAMTHEVIRUS (555 in chips) 
wenzelole: posts small blind 15
Mahu2021: posts big blind 30
*** HOLE CARDS ***
Dealt to Mahu2021 [6h Qd]
IAMTHEVIRUS: calls 30
wenzelole: calls 15
Mahu2021: checks 
*** FLOP *** [9s 7c As]
wenzelole: checks 
Mahu2021: checks 
IAMTHEVIRUS: bets 60
wenzelole: calls 60
Mahu2021: folds 
*** TURN *** [9s 7c As] [6c]
wenzelole: checks 
IAMTHEVIRUS: bets 150
wenzelole: calls 150
*** RIVER *** [9s 7c As 6c] [7s]
wenzelole: checks 
IAMTHEVIRUS: bets 180
wenzelole: calls 180
*** SHOW DOWN ***
IAMTHEVIRUS: shows [7h 9d] (a full house, Sevens full of Nines)
wenzelole: mucks hand 
IAMTHEVIRUS collected 870 from pot
*** SUMMARY ***
Total pot 870 | Rake 0 
Board [9s 7c As 6c 7s]
Seat 1: wenzelole (small blind) mucked [4h Ah]
Seat 2: Mahu2021 (big blind) folded on the Flop
Seat 3: IAMTHEVIRUS (button) showed [7h 9d] and won (870) with a full house, Sevens full of Nines



PokerStars Hand #253490466968: Tournament #3825530838, $1.84+$0.16 USD Hold'em No Limit - Level II (15/30) - 2024/11/20 15:33:50 CET [2024/11/20 9:33:50 ET]
Table '3825530838 1' 3-max Seat #1 is the button
Seat 1: wenzelole (280 in chips) 
Seat 2: Mahu2021 (215 in chips) 
Seat 3: IAMTHEVIRUS (1005 in chips) 
Mahu2021: posts small blind 15
IAMTHEVIRUS: posts big blind 30
*** HOLE CARDS ***
Dealt to Mahu2021 [Th Qd]
wenzelole: raises 250 to 280 and is all-in
Mahu2021: folds 
IAMTHEVIRUS: folds 
Uncalled bet (250) returned to wenzelole
wenzelole collected 75 from pot
wenzelole: doesn't show hand 
*** SUMMARY ***
Total pot 75 | Rake 0 
Seat 1: wenzelole (button) collected (75)
Seat 2: Mahu2021 (small blind) folded before Flop
Seat 3: IAMTHEVIRUS (big blind) folded before Flop



PokerStars Hand #253490468881: Tournament #3825530838, $1.84+$0.16 USD Hold'em No Limit - Level II (15/30) - 2024/11/20 15:34:01 CET [2024/11/20 9:34:01 ET]
Table '3825530838 1' 3-max Seat #2 is the button
Seat 1: wenzelole (325 in chips) 
Seat 2: Mahu2021 (200 in chips) 
Seat 3: IAMTHEVIRUS (975 in chips) 
IAMTHEVIRUS: posts small blind 15
wenzelole: posts big blind 30
*** HOLE CARDS ***
Dealt to Mahu2021 [6c Ah]
Mahu2021: folds 
IAMTHEVIRUS: folds 
Uncalled bet (15) returned to wenzelole
wenzelole collected 30 from pot
wenzelole: doesn't show hand 
*** SUMMARY ***
Total pot 30 | Rake 0 
Seat 1: wenzelole (big blind) collected (30)
Seat 2: Mahu2021 (button) folded before Flop (didn't bet)
Seat 3: IAMTHEVIRUS (small blind) folded before Flop



PokerStars Hand #253490470182: Tournament #3825530838, $1.84+$0.16 USD Hold'em No Limit - Level II (15/30) - 2024/11/20 15:34:09 CET [2024/11/20 9:34:09 ET]
Table '3825530838 1' 3-max Seat #3 is the button
Seat 1: wenzelole (340 in chips) 
Seat 2: Mahu2021 (200 in chips) 
Seat 3: IAMTHEVIRUS (960 in chips) 
wenzelole: posts small blind 15
Mahu2021: posts big blind 30
*** HOLE CARDS ***
Dealt to Mahu2021 [7c 4d]
IAMTHEVIRUS: raises 30 to 60
wenzelole: folds 
Mahu2021: folds 
Uncalled bet (30) returned to IAMTHEVIRUS
IAMTHEVIRUS collected 75 from pot
IAMTHEVIRUS: doesn't show hand 
*** SUMMARY ***
Total pot 75 | Rake 0 
Seat 1: wenzelole (small blind) folded before Flop
Seat 2: Mahu2021 (big blind) folded before Flop
Seat 3: IAMTHEVIRUS (button) collected (75)



PokerStars Hand #253490471276: Tournament #3825530838, $1.84+$0.16 USD Hold'em No Limit - Level II (15/30) - 2024/11/20 15:34:15 CET [2024/11/20 9:34:15 ET]
Table '3825530838 1' 3-max Seat #1 is the button
Seat 1: wenzelole (325 in chips) 
Seat 2: Mahu2021 (170 in chips) 
Seat 3: IAMTHEVIRUS (1005 in chips) 
Mahu2021: posts small blind 15
IAMTHEVIRUS: posts big blind 30
*** HOLE CARDS ***
Dealt to Mahu2021 [4c 4h]
wenzelole: raises 295 to 325 and is all-in
Mahu2021: calls 155 and is all-in
IAMTHEVIRUS: folds 
Uncalled bet (155) returned to wenzelole
*** FLOP *** [7d 4s 5s]
*** TURN *** [7d 4s 5s] [Kd]
*** RIVER *** [7d 4s 5s Kd] [5d]
*** SHOW DOWN ***
Mahu2021: shows [4c 4h] (a full house, Fours full of Fives)
wenzelole: shows [5c Ah] (three of a kind, Fives)
Mahu2021 collected 370 from pot
*** SUMMARY ***
Total pot 370 | Rake 0 
Board [7d 4s 5s Kd 5d]
Seat 1: wenzelole (button) showed [5c Ah] and lost with three of a kind, Fives
Seat 2: Mahu2021 (small blind) showed [4c 4h] and won (370) with a full house, Fours full of Fives
Seat 3: IAMTHEVIRUS (big blind) folded before Flop



PokerStars Hand #253490473803: Tournament #3825530838, $1.84+$0.16 USD Hold'em No Limit - Level II (15/30) - 2024/11/20 15:34:31 CET [2024/11/20 9:34:31 ET]
Table '3825530838 1' 3-max Seat #2 is the button
Seat 1: wenzelole (155 in chips) 
Seat 2: Mahu2021 (370 in chips) 
Seat 3: IAMTHEVIRUS (975 in chips) 
IAMTHEVIRUS: posts small blind 15
wenzelole: posts big blind 30
*** HOLE CARDS ***
Dealt to Mahu2021 [7d Kc]
Mahu2021: folds 
IAMTHEVIRUS: folds 
Uncalled bet (15) returned to wenzelole
wenzelole collected 30 from pot
wenzelole: doesn't show hand 
*** SUMMARY ***
Total pot 30 | Rake 0 
Seat 1: wenzelole (big blind) collected (30)
Seat 2: Mahu2021 (button) folded before Flop (didn't bet)
Seat 3: IAMTHEVIRUS (small blind) folded before Flop



PokerStars Hand #253490474941: Tournament #3825530838, $1.84+$0.16 USD Hold'em No Limit - Level II (15/30) - 2024/11/20 15:34:37 CET [2024/11/20 9:34:37 ET]
Table '3825530838 1' 3-max Seat #3 is the button
Seat 1: wenzelole (170 in chips) 
Seat 2: Mahu2021 (370 in chips) 
Seat 3: IAMTHEVIRUS (960 in chips) 
wenzelole: posts small blind 15
Mahu2021: posts big blind 30
*** HOLE CARDS ***
Dealt to Mahu2021 [Kd 9c]
IAMTHEVIRUS: folds 
wenzelole: raises 140 to 170 and is all-in
Mahu2021: calls 140
*** FLOP *** [3d 5h As]
*** TURN *** [3d 5h As] [Tc]
*** RIVER *** [3d 5h As Tc] [5s]
*** SHOW DOWN ***
wenzelole: shows [Ah 8h] (two pair, Aces and Fives)
Mahu2021: shows [Kd 9c] (a pair of Fives)
wenzelole collected 340 from pot
*** SUMMARY ***
Total pot 340 | Rake 0 
Board [3d 5h As Tc 5s]
Seat 1: wenzelole (small blind) showed [Ah 8h] and won (340) with two pair, Aces and Fives
Seat 2: Mahu2021 (big blind) showed [Kd 9c] and lost with a pair of Fives
Seat 3: IAMTHEVIRUS (button) folded before Flop (didn't bet)



PokerStars Hand #253490477959: Tournament #3825530838, $1.84+$0.16 USD Hold'em No Limit - Level III (20/40) - 2024/11/20 15:34:55 CET [2024/11/20 9:34:55 ET]
Table '3825530838 1' 3-max Seat #1 is the button
Seat 1: wenzelole (340 in chips) 
Seat 2: Mahu2021 (200 in chips) 
Seat 3: IAMTHEVIRUS (960 in chips) 
Mahu2021: posts small blind 20
IAMTHEVIRUS: posts big blind 40
*** HOLE CARDS ***
Dealt to Mahu2021 [Ts As]
wenzelole: folds 
Mahu2021: raises 160 to 200 and is all-in
IAMTHEVIRUS: folds 
Uncalled bet (160) returned to Mahu2021
Mahu2021 collected 80 from pot
Mahu2021: doesn't show hand 
*** SUMMARY ***
Total pot 80 | Rake 0 
Seat 1: wenzelole (button) folded before Flop (didn't bet)
Seat 2: Mahu2021 (small blind) collected (80)
Seat 3: IAMTHEVIRUS (big blind) folded before Flop



PokerStars Hand #253490479345: Tournament #3825530838, $1.84+$0.16 USD Hold'em No Limit - Level III (20/40) - 2024/11/20 15:35:03 CET [2024/11/20 9:35:03 ET]
Table '3825530838 1' 3-max Seat #2 is the button
Seat 1: wenzelole (340 in chips) 
Seat 2: Mahu2021 (240 in chips) 
Seat 3: IAMTHEVIRUS (920 in chips) 
IAMTHEVIRUS: posts small blind 20
wenzelole: posts big blind 40
*** HOLE CARDS ***
Dealt to Mahu2021 [9h 7s]
Mahu2021: folds 
IAMTHEVIRUS: calls 20
wenzelole: checks 
*** FLOP *** [Ac Qc Jd]
IAMTHEVIRUS: checks 
wenzelole: checks 
*** TURN *** [Ac Qc Jd] [2h]
IAMTHEVIRUS: bets 40
wenzelole: calls 40
*** RIVER *** [Ac Qc Jd 2h] [Qd]
IAMTHEVIRUS: bets 120
wenzelole: folds 
Uncalled bet (120) returned to IAMTHEVIRUS
IAMTHEVIRUS collected 160 from pot
IAMTHEVIRUS: doesn't show hand 
*** SUMMARY ***
Total pot 160 | Rake 0 
Board [Ac Qc Jd 2h Qd]
Seat 1: wenzelole (big blind) folded on the River
Seat 2: Mahu2021 (button) folded before Flop (didn't bet)
Seat 3: IAMTHEVIRUS (small blind) collected (160)



PokerStars Hand #253490482922: Tournament #3825530838, $1.84+$0.16 USD Hold'em No Limit - Level III (20/40) - 2024/11/20 15:35:24 CET [2024/11/20 9:35:24 ET]
Table '3825530838 1' 3-max Seat #3 is the button
Seat 1: wenzelole (260 in chips) 
Seat 2: Mahu2021 (240 in chips) 
Seat 3: IAMTHEVIRUS (1000 in chips) 
wenzelole: posts small blind 20
Mahu2021: posts big blind 40
*** HOLE CARDS ***
Dealt to Mahu2021 [4s Tc]
IAMTHEVIRUS: folds 
wenzelole: raises 220 to 260 and is all-in
Mahu2021: folds 
Uncalled bet (220) returned to wenzelole
wenzelole collected 80 from pot
wenzelole: doesn't show hand 
*** SUMMARY ***
Total pot 80 | Rake 0 
Seat 1: wenzelole (small blind) collected (80)
Seat 2: Mahu2021 (big blind) folded before Flop
Seat 3: IAMTHEVIRUS (button) folded before Flop (didn't bet)



PokerStars Hand #253490484402: Tournament #3825530838, $1.84+$0.16 USD Hold'em No Limit - Level III (20/40) - 2024/11/20 15:35:33 CET [2024/11/20 9:35:33 ET]
Table '3825530838 1' 3-max Seat #1 is the button
Seat 1: wenzelole (300 in chips) 
Seat 2: Mahu2021 (200 in chips) 
Seat 3: IAMTHEVIRUS (1000 in chips) 
Mahu2021: posts small blind 20
IAMTHEVIRUS: posts big blind 40
*** HOLE CARDS ***
Dealt to Mahu2021 [6c Tc]
wenzelole: folds 
Mahu2021: calls 20
IAMTHEVIRUS: checks 
*** FLOP *** [Qc 5h Qh]
Mahu2021: checks 
IAMTHEVIRUS: checks 
*** TURN *** [Qc 5h Qh] [2s]
Mahu2021: checks 
IAMTHEVIRUS: checks 
*** RIVER *** [Qc 5h Qh 2s] [9c]
Mahu2021: checks 
IAMTHEVIRUS: bets 80
Mahu2021: folds 
Uncalled bet (80) returned to IAMTHEVIRUS
IAMTHEVIRUS collected 80 from pot
IAMTHEVIRUS: doesn't show hand 
*** SUMMARY ***
Total pot 80 | Rake 0 
Board [Qc 5h Qh 2s 9c]
Seat 1: wenzelole (button) folded before Flop (didn't bet)
Seat 2: Mahu2021 (small blind) folded on the River
Seat 3: IAMTHEVIRUS (big blind) collected (80)



PokerStars Hand #253490487612: Tournament #3825530838, $1.84+$0.16 USD Hold'em No Limit - Level III (20/40) - 2024/11/20 15:35:52 CET [2024/11/20 9:35:52 ET]
Table '3825530838 1' 3-max Seat #2 is the button
Seat 1: wenzelole (300 in chips) 
Seat 2: Mahu2021 (160 in chips) 
Seat 3: IAMTHEVIRUS (1040 in chips) 
IAMTHEVIRUS: posts small blind 20
wenzelole: posts big blind 40
*** HOLE CARDS ***
Dealt to Mahu2021 [Js 6d]
Mahu2021: folds 
IAMTHEVIRUS: folds 
Uncalled bet (20) returned to wenzelole
wenzelole collected 40 from pot
wenzelole: doesn't show hand 
*** SUMMARY ***
Total pot 40 | Rake 0 
Seat 1: wenzelole (big blind) collected (40)
Seat 2: Mahu2021 (button) folded before Flop (didn't bet)
Seat 3: IAMTHEVIRUS (small blind) folded before Flop



PokerStars Hand #253490488536: Tournament #3825530838, $1.84+$0.16 USD Hold'em No Limit - Level III (20/40) - 2024/11/20 15:35:58 CET [2024/11/20 9:35:58 ET]
Table '3825530838 1' 3-max Seat #3 is the button
Seat 1: wenzelole (320 in chips) 
Seat 2: Mahu2021 (160 in chips) 
Seat 3: IAMTHEVIRUS (1020 in chips) 
wenzelole: posts small blind 20
Mahu2021: posts big blind 40
*** HOLE CARDS ***
Dealt to Mahu2021 [9s 8c]
IAMTHEVIRUS: folds 
wenzelole: folds 
Uncalled bet (20) returned to Mahu2021
Mahu2021 collected 40 from pot
Mahu2021: doesn't show hand 
*** SUMMARY ***
Total pot 40 | Rake 0 
Seat 1: wenzelole (small blind) folded before Flop
Seat 2: Mahu2021 (big blind) collected (40)
Seat 3: IAMTHEVIRUS (button) folded before Flop (didn't bet)



PokerStars Hand #253490489419: Tournament #3825530838, $1.84+$0.16 USD Hold'em No Limit - Level III (20/40) - 2024/11/20 15:36:03 CET [2024/11/20 9:36:03 ET]
Table '3825530838 1' 3-max Seat #1 is the button
Seat 1: wenzelole (300 in chips) 
Seat 2: Mahu2021 (180 in chips) 
Seat 3: IAMTHEVIRUS (1020 in chips) 
Mahu2021: posts small blind 20
IAMTHEVIRUS: posts big blind 40
*** HOLE CARDS ***
Dealt to Mahu2021 [6s 9s]
wenzelole: raises 260 to 300 and is all-in
Mahu2021: folds 
IAMTHEVIRUS: folds 
Uncalled bet (260) returned to wenzelole
wenzelole collected 100 from pot
wenzelole: doesn't show hand 
*** SUMMARY ***
Total pot 100 | Rake 0 
Seat 1: wenzelole (button) collected (100)
Seat 2: Mahu2021 (small blind) folded before Flop
Seat 3: IAMTHEVIRUS (big blind) folded before Flop



PokerStars Hand #253490490787: Tournament #3825530838, $1.84+$0.16 USD Hold'em No Limit - Level III (20/40) - 2024/11/20 15:36:11 CET [2024/11/20 9:36:11 ET]
Table '3825530838 1' 3-max Seat #2 is the button
Seat 1: wenzelole (360 in chips) 
Seat 2: Mahu2021 (160 in chips) 
Seat 3: IAMTHEVIRUS (980 in chips) 
IAMTHEVIRUS: posts small blind 20
wenzelole: posts big blind 40
*** HOLE CARDS ***
Dealt to Mahu2021 [Qs 2c]
Mahu2021: folds 
IAMTHEVIRUS: folds 
Uncalled bet (20) returned to wenzelole
wenzelole collected 40 from pot
wenzelole: doesn't show hand 
*** SUMMARY ***
Total pot 40 | Rake 0 
Seat 1: wenzelole (big blind) collected (40)
Seat 2: Mahu2021 (button) folded before Flop (didn't bet)
Seat 3: IAMTHEVIRUS (small blind) folded before Flop



PokerStars Hand #253490492136: Tournament #3825530838, $1.84+$0.16 USD Hold'em No Limit - Level III (20/40) - 2024/11/20 15:36:20 CET [2024/11/20 9:36:20 ET]
Table '3825530838 1' 3-max Seat #3 is the button
Seat 1: wenzelole (380 in chips) 
Seat 2: Mahu2021 (160 in chips) 
Seat 3: IAMTHEVIRUS (960 in chips) 
wenzelole: posts small blind 20
Mahu2021: posts big blind 40
*** HOLE CARDS ***
Dealt to Mahu2021 [7s 4s]
IAMTHEVIRUS: folds 
wenzelole: folds 
Uncalled bet (20) returned to Mahu2021
Mahu2021 collected 40 from pot
Mahu2021: doesn't show hand 
*** SUMMARY ***
Total pot 40 | Rake 0 
Seat 1: wenzelole (small blind) folded before Flop
Seat 2: Mahu2021 (big blind) collected (40)
Seat 3: IAMTHEVIRUS (button) folded before Flop (didn't bet)



PokerStars Hand #253490493031: Tournament #3825530838, $1.84+$0.16 USD Hold'em No Limit - Level III (20/40) - 2024/11/20 15:36:25 CET [2024/11/20 9:36:25 ET]
Table '3825530838 1' 3-max Seat #1 is the button
Seat 1: wenzelole (360 in chips) 
Seat 2: Mahu2021 (180 in chips) 
Seat 3: IAMTHEVIRUS (960 in chips) 
Mahu2021: posts small blind 20
IAMTHEVIRUS: posts big blind 40
*** HOLE CARDS ***
Dealt to Mahu2021 [7d Qh]
wenzelole: folds 
Mahu2021: raises 140 to 180 and is all-in
IAMTHEVIRUS: folds 
Uncalled bet (140) returned to Mahu2021
Mahu2021 collected 80 from pot
Mahu2021: doesn't show hand 
*** SUMMARY ***
Total pot 80 | Rake 0 
Seat 1: wenzelole (button) folded before Flop (didn't bet)
Seat 2: Mahu2021 (small blind) collected (80)
Seat 3: IAMTHEVIRUS (big blind) folded before Flop



PokerStars Hand #253490494488: Tournament #3825530838, $1.84+$0.16 USD Hold'em No Limit - Level III (20/40) - 2024/11/20 15:36:33 CET [2024/11/20 9:36:33 ET]
Table '3825530838 1' 3-max Seat #2 is the button
Seat 1: wenzelole (360 in chips) 
Seat 2: Mahu2021 (220 in chips) 
Seat 3: IAMTHEVIRUS (920 in chips) 
IAMTHEVIRUS: posts small blind 20
wenzelole: posts big blind 40
*** HOLE CARDS ***
Dealt to Mahu2021 [7c 7d]
Mahu2021: raises 180 to 220 and is all-in
IAMTHEVIRUS: folds 
wenzelole: folds 
Uncalled bet (180) returned to Mahu2021
Mahu2021 collected 100 from pot
Mahu2021: doesn't show hand 
*** SUMMARY ***
Total pot 100 | Rake 0 
Seat 1: wenzelole (big blind) folded before Flop
Seat 2: Mahu2021 (button) collected (100)
Seat 3: IAMTHEVIRUS (small blind) folded before Flop



PokerStars Hand #253490495970: Tournament #3825530838, $1.84+$0.16 USD Hold'em No Limit - Level III (20/40) - 2024/11/20 15:36:42 CET [2024/11/20 9:36:42 ET]
Table '3825530838 1' 3-max Seat #3 is the button
Seat 1: wenzelole (320 in chips) 
Seat 2: Mahu2021 (280 in chips) 
Seat 3: IAMTHEVIRUS (900 in chips) 
wenzelole: posts small blind 20
Mahu2021: posts big blind 40
*** HOLE CARDS ***
Dealt to Mahu2021 [Td 3d]
IAMTHEVIRUS: calls 40
wenzelole: raises 280 to 320 and is all-in
Mahu2021: folds 
IAMTHEVIRUS: folds 
Uncalled bet (280) returned to wenzelole
wenzelole collected 120 from pot
wenzelole: doesn't show hand 
*** SUMMARY ***
Total pot 120 | Rake 0 
Seat 1: wenzelole (small blind) collected (120)
Seat 2: Mahu2021 (big blind) folded before Flop
Seat 3: IAMTHEVIRUS (button) folded before Flop



PokerStars Hand #253490498246: Tournament #3825530838, $1.84+$0.16 USD Hold'em No Limit - Level III (20/40) - 2024/11/20 15:36:56 CET [2024/11/20 9:36:56 ET]
Table '3825530838 1' 3-max Seat #1 is the button
Seat 1: wenzelole (400 in chips) 
Seat 2: Mahu2021 (240 in chips) 
Seat 3: IAMTHEVIRUS (860 in chips) 
Mahu2021: posts small blind 20
IAMTHEVIRUS: posts big blind 40
*** HOLE CARDS ***
Dealt to Mahu2021 [9d Kd]
wenzelole: raises 360 to 400 and is all-in
Mahu2021: calls 220 and is all-in
IAMTHEVIRUS: folds 
Uncalled bet (160) returned to wenzelole
*** FLOP *** [Th 5h Jh]
*** TURN *** [Th 5h Jh] [6c]
*** RIVER *** [Th 5h Jh 6c] [3d]
*** SHOW DOWN ***
Mahu2021: shows [9d Kd] (high card King)
wenzelole: shows [3s As] (a pair of Threes)
wenzelole collected 520 from pot
Mahu2021 finished the tournament in 3rd place
*** SUMMARY ***
Total pot 520 | Rake 0 
Board [Th 5h Jh 6c 3d]
Seat 1: wenzelole (button) showed [3s As] and won (520) with a pair of Threes
Seat 2: Mahu2021 (small blind) showed [9d Kd] and lost with high card King
Seat 3: IAMTHEVIRUS (big blind) folded before Flop



