PokerStars Hand #252554873305: Tournament #3803457384, $1.84+$0.16 USD Hold'em No Limit - Level I (10/20) - 2024/09/21 13:45:50 CET [2024/09/21 7:45:50 ET]
Table '3803457384 1' 3-max Seat #1 is the button
Seat 1: Mahu2021 (500 in chips) 
Seat 2: Bernabeu3a1 (500 in chips) 
Seat 3: Icomad (500 in chips) 
Bernabeu3a1: posts small blind 10
Icomad: posts big blind 20
*** HOLE CARDS ***
Dealt to Mahu2021 [6s 5c]
Mahu2021: folds 
Bernabeu3a1: folds 
Uncalled bet (10) returned to Icomad
Icomad collected 20 from pot
Icomad: doesn't show hand 
*** SUMMARY ***
Total pot 20 | Rake 0 
Seat 1: Mahu2021 (button) folded before Flop (didn't bet)
Seat 2: Bernabeu3a1 (small blind) folded before Flop
Seat 3: Icomad (big blind) collected (20)



PokerStars Hand #252554873912: Tournament #3803457384, $1.84+$0.16 USD Hold'em No Limit - Level I (10/20) - 2024/09/21 13:45:55 CET [2024/09/21 7:45:55 ET]
Table '3803457384 1' 3-max Seat #2 is the button
Seat 1: Mahu2021 (500 in chips) 
Seat 2: Bernabeu3a1 (490 in chips) 
Seat 3: Icomad (510 in chips) 
Icomad: posts small blind 10
Mahu2021: posts big blind 20
*** HOLE CARDS ***
Dealt to Mahu2021 [Ts As]
Bernabeu3a1: raises 20 to 40
Icomad: folds 
Mahu2021: calls 20
*** FLOP *** [8d 9s Th]
Mahu2021: bets 40
Bernabeu3a1: calls 40
*** TURN *** [8d 9s Th] [4s]
Mahu2021: checks 
Bernabeu3a1: bets 128
Mahu2021: raises 292 to 420 and is all-in
Bernabeu3a1: folds 
Uncalled bet (292) returned to Mahu2021
Mahu2021 collected 426 from pot
Mahu2021: doesn't show hand 
*** SUMMARY ***
Total pot 426 | Rake 0 
Board [8d 9s Th 4s]
Seat 1: Mahu2021 (big blind) collected (426)
Seat 2: Bernabeu3a1 (button) folded on the Turn
Seat 3: Icomad (small blind) folded before Flop



PokerStars Hand #252554877476: Tournament #3803457384, $1.84+$0.16 USD Hold'em No Limit - Level I (10/20) - 2024/09/21 13:46:19 CET [2024/09/21 7:46:19 ET]
Table '3803457384 1' 3-max Seat #3 is the button
Seat 1: Mahu2021 (718 in chips) 
Seat 2: Bernabeu3a1 (282 in chips) 
Seat 3: Icomad (500 in chips) 
Mahu2021: posts small blind 10
Bernabeu3a1: posts big blind 20
*** HOLE CARDS ***
Dealt to Mahu2021 [6d 7h]
Icomad: folds 
Mahu2021: folds 
Uncalled bet (10) returned to Bernabeu3a1
Bernabeu3a1 collected 20 from pot
Bernabeu3a1: doesn't show hand 
*** SUMMARY ***
Total pot 20 | Rake 0 
Seat 1: Mahu2021 (small blind) folded before Flop
Seat 2: Bernabeu3a1 (big blind) collected (20)
Seat 3: Icomad (button) folded before Flop (didn't bet)



PokerStars Hand #252554878651: Tournament #3803457384, $1.84+$0.16 USD Hold'em No Limit - Level I (10/20) - 2024/09/21 13:46:28 CET [2024/09/21 7:46:28 ET]
Table '3803457384 1' 3-max Seat #1 is the button
Seat 1: Mahu2021 (708 in chips) 
Seat 2: Bernabeu3a1 (292 in chips) 
Seat 3: Icomad (500 in chips) 
Bernabeu3a1: posts small blind 10
Icomad: posts big blind 20
*** HOLE CARDS ***
Dealt to Mahu2021 [4d 9h]
Mahu2021: folds 
Bernabeu3a1: folds 
Uncalled bet (10) returned to Icomad
Icomad collected 20 from pot
Icomad: doesn't show hand 
*** SUMMARY ***
Total pot 20 | Rake 0 
Seat 1: Mahu2021 (button) folded before Flop (didn't bet)
Seat 2: Bernabeu3a1 (small blind) folded before Flop
Seat 3: Icomad (big blind) collected (20)



PokerStars Hand #252554879381: Tournament #3803457384, $1.84+$0.16 USD Hold'em No Limit - Level I (10/20) - 2024/09/21 13:46:33 CET [2024/09/21 7:46:33 ET]
Table '3803457384 1' 3-max Seat #2 is the button
Seat 1: Mahu2021 (708 in chips) 
Seat 2: Bernabeu3a1 (282 in chips) 
Seat 3: Icomad (510 in chips) 
Icomad: posts small blind 10
Mahu2021: posts big blind 20
*** HOLE CARDS ***
Dealt to Mahu2021 [Jc 3c]
Bernabeu3a1: folds 
Icomad: folds 
Uncalled bet (10) returned to Mahu2021
Mahu2021 collected 20 from pot
Mahu2021: doesn't show hand 
*** SUMMARY ***
Total pot 20 | Rake 0 
Seat 1: Mahu2021 (big blind) collected (20)
Seat 2: Bernabeu3a1 (button) folded before Flop (didn't bet)
Seat 3: Icomad (small blind) folded before Flop



PokerStars Hand #252554880479: Tournament #3803457384, $1.84+$0.16 USD Hold'em No Limit - Level I (10/20) - 2024/09/21 13:46:40 CET [2024/09/21 7:46:40 ET]
Table '3803457384 1' 3-max Seat #3 is the button
Seat 1: Mahu2021 (718 in chips) 
Seat 2: Bernabeu3a1 (282 in chips) 
Seat 3: Icomad (500 in chips) 
Mahu2021: posts small blind 10
Bernabeu3a1: posts big blind 20
*** HOLE CARDS ***
Dealt to Mahu2021 [6s 7s]
Icomad: raises 20 to 40
Mahu2021: calls 30
Bernabeu3a1: calls 20
*** FLOP *** [9d 6h Jh]
Mahu2021: checks 
Bernabeu3a1: checks 
Icomad: checks 
*** TURN *** [9d 6h Jh] [8s]
Mahu2021: bets 40
Bernabeu3a1: calls 40
Icomad: folds 
*** RIVER *** [9d 6h Jh 8s] [Ac]
Mahu2021: checks 
Bernabeu3a1: bets 66
Mahu2021: folds 
Uncalled bet (66) returned to Bernabeu3a1
Bernabeu3a1 collected 200 from pot
Bernabeu3a1: doesn't show hand 
*** SUMMARY ***
Total pot 200 | Rake 0 
Board [9d 6h Jh 8s Ac]
Seat 1: Mahu2021 (small blind) folded on the River
Seat 2: Bernabeu3a1 (big blind) collected (200)
Seat 3: Icomad (button) folded on the Turn



PokerStars Hand #252554886178: Tournament #3803457384, $1.84+$0.16 USD Hold'em No Limit - Level I (10/20) - 2024/09/21 13:47:19 CET [2024/09/21 7:47:19 ET]
Table '3803457384 1' 3-max Seat #1 is the button
Seat 1: Mahu2021 (638 in chips) 
Seat 2: Bernabeu3a1 (402 in chips) 
Seat 3: Icomad (460 in chips) 
Bernabeu3a1: posts small blind 10
Icomad: posts big blind 20
*** HOLE CARDS ***
Dealt to Mahu2021 [Ac 5d]
Mahu2021: calls 20
Bernabeu3a1: raises 382 to 402 and is all-in
Icomad: folds 
Mahu2021: folds 
Uncalled bet (382) returned to Bernabeu3a1
Bernabeu3a1 collected 60 from pot
Bernabeu3a1: doesn't show hand 
*** SUMMARY ***
Total pot 60 | Rake 0 
Seat 1: Mahu2021 (button) folded before Flop
Seat 2: Bernabeu3a1 (small blind) collected (60)
Seat 3: Icomad (big blind) folded before Flop



PokerStars Hand #252554887802: Tournament #3803457384, $1.84+$0.16 USD Hold'em No Limit - Level I (10/20) - 2024/09/21 13:47:30 CET [2024/09/21 7:47:30 ET]
Table '3803457384 1' 3-max Seat #2 is the button
Seat 1: Mahu2021 (618 in chips) 
Seat 2: Bernabeu3a1 (442 in chips) 
Seat 3: Icomad (440 in chips) 
Icomad: posts small blind 10
Mahu2021: posts big blind 20
*** HOLE CARDS ***
Dealt to Mahu2021 [Ac 5d]
Bernabeu3a1: folds 
Icomad: folds 
Uncalled bet (10) returned to Mahu2021
Mahu2021 collected 20 from pot
Mahu2021: doesn't show hand 
*** SUMMARY ***
Total pot 20 | Rake 0 
Seat 1: Mahu2021 (big blind) collected (20)
Seat 2: Bernabeu3a1 (button) folded before Flop (didn't bet)
Seat 3: Icomad (small blind) folded before Flop



PokerStars Hand #252554891328: Tournament #3803457384, $1.84+$0.16 USD Hold'em No Limit - Level I (10/20) - 2024/09/21 13:47:54 CET [2024/09/21 7:47:54 ET]
Table '3803457384 1' 3-max Seat #3 is the button
Seat 1: Mahu2021 (628 in chips) 
Seat 2: Bernabeu3a1 (442 in chips) 
Seat 3: Icomad (430 in chips) 
Mahu2021: posts small blind 10
Bernabeu3a1: posts big blind 20
*** HOLE CARDS ***
Dealt to Mahu2021 [Ah 7h]
Icomad: raises 20 to 40
Mahu2021: calls 30
Bernabeu3a1: folds 
*** FLOP *** [6s 4h 7c]
Mahu2021: bets 40
Icomad: calls 40
*** TURN *** [6s 4h 7c] [8h]
Mahu2021: bets 180
Icomad: folds 
Uncalled bet (180) returned to Mahu2021
Mahu2021 collected 180 from pot
Mahu2021: doesn't show hand 
*** SUMMARY ***
Total pot 180 | Rake 0 
Board [6s 4h 7c 8h]
Seat 1: Mahu2021 (small blind) collected (180)
Seat 2: Bernabeu3a1 (big blind) folded before Flop
Seat 3: Icomad (button) folded on the Turn



PokerStars Hand #252554896610: Tournament #3803457384, $1.84+$0.16 USD Hold'em No Limit - Level I (10/20) - 2024/09/21 13:48:30 CET [2024/09/21 7:48:30 ET]
Table '3803457384 1' 3-max Seat #1 is the button
Seat 1: Mahu2021 (728 in chips) 
Seat 2: Bernabeu3a1 (422 in chips) 
Seat 3: Icomad (350 in chips) 
Bernabeu3a1: posts small blind 10
Icomad: posts big blind 20
*** HOLE CARDS ***
Dealt to Mahu2021 [8c 9s]
Mahu2021: folds 
Bernabeu3a1: raises 20 to 40
Icomad: raises 50 to 90
Bernabeu3a1: folds 
Uncalled bet (50) returned to Icomad
Icomad collected 80 from pot
Icomad: doesn't show hand 
*** SUMMARY ***
Total pot 80 | Rake 0 
Seat 1: Mahu2021 (button) folded before Flop (didn't bet)
Seat 2: Bernabeu3a1 (small blind) folded before Flop
Seat 3: Icomad (big blind) collected (80)



PokerStars Hand #252554899406: Tournament #3803457384, $1.84+$0.16 USD Hold'em No Limit - Level I (10/20) - 2024/09/21 13:48:49 CET [2024/09/21 7:48:49 ET]
Table '3803457384 1' 3-max Seat #2 is the button
Seat 1: Mahu2021 (728 in chips) 
Seat 2: Bernabeu3a1 (382 in chips) 
Seat 3: Icomad (390 in chips) 
Icomad: posts small blind 10
Mahu2021: posts big blind 20
*** HOLE CARDS ***
Dealt to Mahu2021 [6c 5s]
Bernabeu3a1: folds 
Icomad: calls 10
Mahu2021: checks 
*** FLOP *** [2d 8c 3c]
Icomad: checks 
Mahu2021: bets 20
Icomad: calls 20
*** TURN *** [2d 8c 3c] [Qd]
Icomad: checks 
Mahu2021: checks 
*** RIVER *** [2d 8c 3c Qd] [Ts]
Icomad: bets 20
Mahu2021: folds 
Uncalled bet (20) returned to Icomad
Icomad collected 80 from pot
Icomad: doesn't show hand 
*** SUMMARY ***
Total pot 80 | Rake 0 
Board [2d 8c 3c Qd Ts]
Seat 1: Mahu2021 (big blind) folded on the River
Seat 2: Bernabeu3a1 (button) folded before Flop (didn't bet)
Seat 3: Icomad (small blind) collected (80)



PokerStars Hand #252554908002: Tournament #3803457384, $1.84+$0.16 USD Hold'em No Limit - Level II (15/30) - 2024/09/21 13:49:47 CET [2024/09/21 7:49:47 ET]
Table '3803457384 1' 3-max Seat #3 is the button
Seat 1: Mahu2021 (688 in chips) 
Seat 2: Bernabeu3a1 (382 in chips) 
Seat 3: Icomad (430 in chips) 
Mahu2021: posts small blind 15
Bernabeu3a1: posts big blind 30
*** HOLE CARDS ***
Dealt to Mahu2021 [Kh 3c]
Icomad: raises 30 to 60
Mahu2021: folds 
Bernabeu3a1: folds 
Uncalled bet (30) returned to Icomad
Icomad collected 75 from pot
Icomad: doesn't show hand 
*** SUMMARY ***
Total pot 75 | Rake 0 
Seat 1: Mahu2021 (small blind) folded before Flop
Seat 2: Bernabeu3a1 (big blind) folded before Flop
Seat 3: Icomad (button) collected (75)



PokerStars Hand #252554909170: Tournament #3803457384, $1.84+$0.16 USD Hold'em No Limit - Level II (15/30) - 2024/09/21 13:49:55 CET [2024/09/21 7:49:55 ET]
Table '3803457384 1' 3-max Seat #1 is the button
Seat 1: Mahu2021 (673 in chips) 
Seat 2: Bernabeu3a1 (352 in chips) 
Seat 3: Icomad (475 in chips) 
Bernabeu3a1: posts small blind 15
Icomad: posts big blind 30
*** HOLE CARDS ***
Dealt to Mahu2021 [8s Qs]
Mahu2021: calls 30
Bernabeu3a1: folds 
Icomad: checks 
*** FLOP *** [Qd Ad 9d]
Icomad: checks 
Mahu2021: bets 30
Icomad: calls 30
*** TURN *** [Qd Ad 9d] [Js]
Icomad: checks 
Mahu2021: checks 
*** RIVER *** [Qd Ad 9d Js] [Th]
Icomad: bets 30
Mahu2021: calls 30
*** SHOW DOWN ***
Icomad: shows [8h Jd] (a straight, Eight to Queen)
Mahu2021: shows [8s Qs] (a straight, Eight to Queen)
Icomad collected 98 from pot
Mahu2021 collected 97 from pot
*** SUMMARY ***
Total pot 195 | Rake 0 
Board [Qd Ad 9d Js Th]
Seat 1: Mahu2021 (button) showed [8s Qs] and won (97) with a straight, Eight to Queen
Seat 2: Bernabeu3a1 (small blind) folded before Flop
Seat 3: Icomad (big blind) showed [8h Jd] and won (98) with a straight, Eight to Queen



PokerStars Hand #252554914790: Tournament #3803457384, $1.84+$0.16 USD Hold'em No Limit - Level II (15/30) - 2024/09/21 13:50:33 CET [2024/09/21 7:50:33 ET]
Table '3803457384 1' 3-max Seat #2 is the button
Seat 1: Mahu2021 (680 in chips) 
Seat 2: Bernabeu3a1 (337 in chips) 
Seat 3: Icomad (483 in chips) 
Icomad: posts small blind 15
Mahu2021: posts big blind 30
*** HOLE CARDS ***
Dealt to Mahu2021 [7h Ad]
Bernabeu3a1: folds 
Icomad: raises 30 to 60
Mahu2021: calls 30
*** FLOP *** [2c 8c 5d]
Icomad: bets 90
Mahu2021: folds 
Uncalled bet (90) returned to Icomad
Icomad collected 120 from pot
Icomad: doesn't show hand 
*** SUMMARY ***
Total pot 120 | Rake 0 
Board [2c 8c 5d]
Seat 1: Mahu2021 (big blind) folded on the Flop
Seat 2: Bernabeu3a1 (button) folded before Flop (didn't bet)
Seat 3: Icomad (small blind) collected (120)



PokerStars Hand #252554917696: Tournament #3803457384, $1.84+$0.16 USD Hold'em No Limit - Level II (15/30) - 2024/09/21 13:50:53 CET [2024/09/21 7:50:53 ET]
Table '3803457384 1' 3-max Seat #3 is the button
Seat 1: Mahu2021 (620 in chips) 
Seat 2: Bernabeu3a1 (337 in chips) 
Seat 3: Icomad (543 in chips) 
Mahu2021: posts small blind 15
Bernabeu3a1: posts big blind 30
*** HOLE CARDS ***
Dealt to Mahu2021 [3s Kc]
Icomad: raises 30 to 60
Mahu2021: folds 
Bernabeu3a1: folds 
Uncalled bet (30) returned to Icomad
Icomad collected 75 from pot
Icomad: doesn't show hand 
*** SUMMARY ***
Total pot 75 | Rake 0 
Seat 1: Mahu2021 (small blind) folded before Flop
Seat 2: Bernabeu3a1 (big blind) folded before Flop
Seat 3: Icomad (button) collected (75)



PokerStars Hand #252554918846: Tournament #3803457384, $1.84+$0.16 USD Hold'em No Limit - Level II (15/30) - 2024/09/21 13:51:01 CET [2024/09/21 7:51:01 ET]
Table '3803457384 1' 3-max Seat #1 is the button
Seat 1: Mahu2021 (605 in chips) 
Seat 2: Bernabeu3a1 (307 in chips) 
Seat 3: Icomad (588 in chips) 
Bernabeu3a1: posts small blind 15
Icomad: posts big blind 30
*** HOLE CARDS ***
Dealt to Mahu2021 [Kh 6s]
Mahu2021: folds 
Bernabeu3a1: raises 277 to 307 and is all-in
Icomad: calls 277
*** FLOP *** [4s 3d 3h]
*** TURN *** [4s 3d 3h] [Th]
*** RIVER *** [4s 3d 3h Th] [7d]
*** SHOW DOWN ***
Bernabeu3a1: shows [5h 5c] (two pair, Fives and Threes)
Icomad: shows [Ad Ts] (two pair, Tens and Threes)
Icomad collected 614 from pot
Bernabeu3a1 finished the tournament in 3rd place
*** SUMMARY ***
Total pot 614 | Rake 0 
Board [4s 3d 3h Th 7d]
Seat 1: Mahu2021 (button) folded before Flop (didn't bet)
Seat 2: Bernabeu3a1 (small blind) showed [5h 5c] and lost with two pair, Fives and Threes
Seat 3: Icomad (big blind) showed [Ad Ts] and won (614) with two pair, Tens and Threes



PokerStars Hand #252554921579: Tournament #3803457384, $1.84+$0.16 USD Hold'em No Limit - Level II (15/30) - 2024/09/21 13:51:19 CET [2024/09/21 7:51:19 ET]
Table '3803457384 1' 3-max Seat #3 is the button
Seat 1: Mahu2021 (605 in chips) 
Seat 3: Icomad (895 in chips) 
Icomad: posts small blind 15
Mahu2021: posts big blind 30
*** HOLE CARDS ***
Dealt to Mahu2021 [8s 7h]
Icomad: calls 15
Mahu2021: checks 
*** FLOP *** [3c Qd 5s]
Mahu2021: checks 
Icomad: checks 
*** TURN *** [3c Qd 5s] [Td]
Mahu2021: checks 
Icomad: checks 
*** RIVER *** [3c Qd 5s Td] [5h]
Mahu2021: checks 
Icomad: checks 
*** SHOW DOWN ***
Mahu2021: shows [8s 7h] (a pair of Fives)
Icomad: shows [7c 3d] (two pair, Fives and Threes)
Icomad collected 60 from pot
*** SUMMARY ***
Total pot 60 | Rake 0 
Board [3c Qd 5s Td 5h]
Seat 1: Mahu2021 (big blind) showed [8s 7h] and lost with a pair of Fives
Seat 3: Icomad (button) (small blind) showed [7c 3d] and won (60) with two pair, Fives and Threes



PokerStars Hand #252554927149: Tournament #3803457384, $1.84+$0.16 USD Hold'em No Limit - Level III (20/40) - 2024/09/21 13:51:57 CET [2024/09/21 7:51:57 ET]
Table '3803457384 1' 3-max Seat #1 is the button
Seat 1: Mahu2021 (575 in chips) 
Seat 3: Icomad (925 in chips) 
Mahu2021: posts small blind 20
Icomad: posts big blind 40
*** HOLE CARDS ***
Dealt to Mahu2021 [3d 5d]
Mahu2021: calls 20
Icomad: checks 
*** FLOP *** [9h 2h 4h]
Icomad: checks 
Mahu2021: bets 40
Icomad: calls 40
*** TURN *** [9h 2h 4h] [2s]
Icomad: checks 
Mahu2021: bets 40
Icomad: calls 40
*** RIVER *** [9h 2h 4h 2s] [2d]
Icomad: bets 120
Mahu2021: folds 
Uncalled bet (120) returned to Icomad
Icomad collected 240 from pot
Icomad: doesn't show hand 
*** SUMMARY ***
Total pot 240 | Rake 0 
Board [9h 2h 4h 2s 2d]
Seat 1: Mahu2021 (button) (small blind) folded on the River
Seat 3: Icomad (big blind) collected (240)



PokerStars Hand #252554932947: Tournament #3803457384, $1.84+$0.16 USD Hold'em No Limit - Level III (20/40) - 2024/09/21 13:52:36 CET [2024/09/21 7:52:36 ET]
Table '3803457384 1' 3-max Seat #3 is the button
Seat 1: Mahu2021 (455 in chips) 
Seat 3: Icomad (1045 in chips) 
Icomad: posts small blind 20
Mahu2021: posts big blind 40
*** HOLE CARDS ***
Dealt to Mahu2021 [Td 8h]
Icomad: raises 1005 to 1045 and is all-in
Mahu2021: folds 
Uncalled bet (1005) returned to Icomad
Icomad collected 80 from pot
Icomad: doesn't show hand 
*** SUMMARY ***
Total pot 80 | Rake 0 
Seat 1: Mahu2021 (big blind) folded before Flop
Seat 3: Icomad (button) (small blind) collected (80)



PokerStars Hand #252554934243: Tournament #3803457384, $1.84+$0.16 USD Hold'em No Limit - Level III (20/40) - 2024/09/21 13:52:44 CET [2024/09/21 7:52:44 ET]
Table '3803457384 1' 3-max Seat #1 is the button
Seat 1: Mahu2021 (415 in chips) 
Seat 3: Icomad (1085 in chips) 
Mahu2021: posts small blind 20
Icomad: posts big blind 40
*** HOLE CARDS ***
Dealt to Mahu2021 [4h Jh]
Mahu2021: raises 40 to 80
Icomad: calls 40
*** FLOP *** [Kd 9h 6s]
Icomad: checks 
Mahu2021: checks 
*** TURN *** [Kd 9h 6s] [4s]
Icomad: bets 80
Mahu2021: calls 80
*** RIVER *** [Kd 9h 6s 4s] [6c]
Icomad has timed out
Icomad: checks 
Mahu2021: bets 255 and is all-in
Icomad: folds 
Uncalled bet (255) returned to Mahu2021
Mahu2021 collected 320 from pot
Mahu2021: doesn't show hand 
*** SUMMARY ***
Total pot 320 | Rake 0 
Board [Kd 9h 6s 4s 6c]
Seat 1: Mahu2021 (button) (small blind) collected (320)
Seat 3: Icomad (big blind) folded on the River



PokerStars Hand #252554941455: Tournament #3803457384, $1.84+$0.16 USD Hold'em No Limit - Level III (20/40) - 2024/09/21 13:53:33 CET [2024/09/21 7:53:33 ET]
Table '3803457384 1' 3-max Seat #3 is the button
Seat 1: Mahu2021 (575 in chips) 
Seat 3: Icomad (925 in chips) 
Icomad: posts small blind 20
Mahu2021: posts big blind 40
*** HOLE CARDS ***
Dealt to Mahu2021 [Ts 9s]
Icomad: calls 20
Mahu2021: checks 
*** FLOP *** [Ks 4c 5d]
Mahu2021: checks 
Icomad: bets 40
Mahu2021: folds 
Uncalled bet (40) returned to Icomad
Icomad collected 80 from pot
Icomad: doesn't show hand 
*** SUMMARY ***
Total pot 80 | Rake 0 
Board [Ks 4c 5d]
Seat 1: Mahu2021 (big blind) folded on the Flop
Seat 3: Icomad (button) (small blind) collected (80)



PokerStars Hand #252554943599: Tournament #3803457384, $1.84+$0.16 USD Hold'em No Limit - Level III (20/40) - 2024/09/21 13:53:47 CET [2024/09/21 7:53:47 ET]
Table '3803457384 1' 3-max Seat #1 is the button
Seat 1: Mahu2021 (535 in chips) 
Seat 3: Icomad (965 in chips) 
Mahu2021: posts small blind 20
Icomad: posts big blind 40
*** HOLE CARDS ***
Dealt to Mahu2021 [Jd Th]
Mahu2021: raises 40 to 80
Icomad: raises 885 to 965 and is all-in
Mahu2021: folds 
Uncalled bet (885) returned to Icomad
Icomad collected 160 from pot
Icomad: doesn't show hand 
*** SUMMARY ***
Total pot 160 | Rake 0 
Seat 1: Mahu2021 (button) (small blind) folded before Flop
Seat 3: Icomad (big blind) collected (160)



PokerStars Hand #252554945517: Tournament #3803457384, $1.84+$0.16 USD Hold'em No Limit - Level III (20/40) - 2024/09/21 13:54:00 CET [2024/09/21 7:54:00 ET]
Table '3803457384 1' 3-max Seat #3 is the button
Seat 1: Mahu2021 (455 in chips) 
Seat 3: Icomad (1045 in chips) 
Icomad: posts small blind 20
Mahu2021: posts big blind 40
*** HOLE CARDS ***
Dealt to Mahu2021 [6h Jh]
Icomad: raises 1005 to 1045 and is all-in
Mahu2021: folds 
Uncalled bet (1005) returned to Icomad
Icomad collected 80 from pot
Icomad: doesn't show hand 
*** SUMMARY ***
Total pot 80 | Rake 0 
Seat 1: Mahu2021 (big blind) folded before Flop
Seat 3: Icomad (button) (small blind) collected (80)



PokerStars Hand #252554946605: Tournament #3803457384, $1.84+$0.16 USD Hold'em No Limit - Level III (20/40) - 2024/09/21 13:54:07 CET [2024/09/21 7:54:07 ET]
Table '3803457384 1' 3-max Seat #1 is the button
Seat 1: Mahu2021 (415 in chips) 
Seat 3: Icomad (1085 in chips) 
Mahu2021: posts small blind 20
Icomad: posts big blind 40
*** HOLE CARDS ***
Dealt to Mahu2021 [Jc 5c]
Mahu2021: calls 20
Icomad: raises 1045 to 1085 and is all-in
Mahu2021: folds 
Uncalled bet (1045) returned to Icomad
Icomad collected 80 from pot
Icomad: doesn't show hand 
*** SUMMARY ***
Total pot 80 | Rake 0 
Seat 1: Mahu2021 (button) (small blind) folded before Flop
Seat 3: Icomad (big blind) collected (80)



PokerStars Hand #252554948394: Tournament #3803457384, $1.84+$0.16 USD Hold'em No Limit - Level III (20/40) - 2024/09/21 13:54:19 CET [2024/09/21 7:54:19 ET]
Table '3803457384 1' 3-max Seat #3 is the button
Seat 1: Mahu2021 (375 in chips) 
Seat 3: Icomad (1125 in chips) 
Icomad: posts small blind 20
Mahu2021: posts big blind 40
*** HOLE CARDS ***
Dealt to Mahu2021 [4h 7h]
Icomad: raises 1085 to 1125 and is all-in
Mahu2021: folds 
Uncalled bet (1085) returned to Icomad
Icomad collected 80 from pot
Icomad: doesn't show hand 
*** SUMMARY ***
Total pot 80 | Rake 0 
Seat 1: Mahu2021 (big blind) folded before Flop
Seat 3: Icomad (button) (small blind) collected (80)



PokerStars Hand #252554949577: Tournament #3803457384, $1.84+$0.16 USD Hold'em No Limit - Level III (20/40) - 2024/09/21 13:54:27 CET [2024/09/21 7:54:27 ET]
Table '3803457384 1' 3-max Seat #1 is the button
Seat 1: Mahu2021 (335 in chips) 
Seat 3: Icomad (1165 in chips) 
Mahu2021: posts small blind 20
Icomad: posts big blind 40
*** HOLE CARDS ***
Dealt to Mahu2021 [4s Js]
Mahu2021: calls 20
Icomad: raises 1125 to 1165 and is all-in
Mahu2021: folds 
Uncalled bet (1125) returned to Icomad
Icomad collected 80 from pot
Icomad: doesn't show hand 
*** SUMMARY ***
Total pot 80 | Rake 0 
Seat 1: Mahu2021 (button) (small blind) folded before Flop
Seat 3: Icomad (big blind) collected (80)



PokerStars Hand #252554951856: Tournament #3803457384, $1.84+$0.16 USD Hold'em No Limit - Level III (20/40) - 2024/09/21 13:54:42 CET [2024/09/21 7:54:42 ET]
Table '3803457384 1' 3-max Seat #3 is the button
Seat 1: Mahu2021 (295 in chips) 
Seat 3: Icomad (1205 in chips) 
Icomad: posts small blind 20
Mahu2021: posts big blind 40
*** HOLE CARDS ***
Dealt to Mahu2021 [7h 6s]
Icomad: raises 1165 to 1205 and is all-in
Mahu2021: folds 
Uncalled bet (1165) returned to Icomad
Icomad collected 80 from pot
Icomad: doesn't show hand 
*** SUMMARY ***
Total pot 80 | Rake 0 
Seat 1: Mahu2021 (big blind) folded before Flop
Seat 3: Icomad (button) (small blind) collected (80)



PokerStars Hand #252554952999: Tournament #3803457384, $1.84+$0.16 USD Hold'em No Limit - Level III (20/40) - 2024/09/21 13:54:50 CET [2024/09/21 7:54:50 ET]
Table '3803457384 1' 3-max Seat #1 is the button
Seat 1: Mahu2021 (255 in chips) 
Seat 3: Icomad (1245 in chips) 
Mahu2021: posts small blind 20
Icomad: posts big blind 40
*** HOLE CARDS ***
Dealt to Mahu2021 [Ad Td]
Mahu2021: calls 20
Icomad: raises 1205 to 1245 and is all-in
Mahu2021: calls 215 and is all-in
Uncalled bet (990) returned to Icomad
*** FLOP *** [Ts 6h 2s]
*** TURN *** [Ts 6h 2s] [2h]
*** RIVER *** [Ts 6h 2s 2h] [9s]
*** SHOW DOWN ***
Icomad: shows [Qc 3c] (a pair of Deuces)
Mahu2021: shows [Ad Td] (two pair, Tens and Deuces)
Mahu2021 collected 510 from pot
*** SUMMARY ***
Total pot 510 | Rake 0 
Board [Ts 6h 2s 2h 9s]
Seat 1: Mahu2021 (button) (small blind) showed [Ad Td] and won (510) with two pair, Tens and Deuces
Seat 3: Icomad (big blind) showed [Qc 3c] and lost with a pair of Deuces



PokerStars Hand #252554956528: Tournament #3803457384, $1.84+$0.16 USD Hold'em No Limit - Level IV (30/60) - 2024/09/21 13:55:13 CET [2024/09/21 7:55:13 ET]
Table '3803457384 1' 3-max Seat #3 is the button
Seat 1: Mahu2021 (510 in chips) 
Seat 3: Icomad (990 in chips) 
Icomad: posts small blind 30
Mahu2021: posts big blind 60
*** HOLE CARDS ***
Dealt to Mahu2021 [Qh Td]
Icomad: raises 930 to 990 and is all-in
Mahu2021: calls 450 and is all-in
Uncalled bet (480) returned to Icomad
*** FLOP *** [Ks 4c 5c]
*** TURN *** [Ks 4c 5c] [Tc]
*** RIVER *** [Ks 4c 5c Tc] [7c]
*** SHOW DOWN ***
Mahu2021: shows [Qh Td] (a pair of Tens)
Icomad: shows [3c Ah] (a flush, Ten high)
Icomad collected 1020 from pot
Mahu2021 finished the tournament in 2nd place
Icomad wins the tournament and receives $6.00 - congratulations!
*** SUMMARY ***
Total pot 1020 | Rake 0 
Board [Ks 4c 5c Tc 7c]
Seat 1: Mahu2021 (big blind) showed [Qh Td] and lost with a pair of Tens
Seat 3: Icomad (button) (small blind) showed [3c Ah] and won (1020) with a flush, Ten high



