PokerStars Hand #243005779891: Tournament #3575525348, $0.92+$0.08 USD Hold'em No Limit - Level I (10/20) - 2023/04/10 17:21:57 CET [2023/04/10 11:21:57 ET]
Table '3575525348 1' 3-max Seat #1 is the button
Seat 1: Mahu2021 (500 in chips) 
Seat 2: BirdGovoryn (500 in chips) 
Seat 3: Okaycavalcanti (500 in chips) 
BirdGovoryn: posts small blind 10
Okaycavalcanti: posts big blind 20
*** HOLE CARDS ***
Dealt to Mahu2021 [2c Kh]
Mahu2021: folds 
BirdGovoryn: raises 480 to 500 and is all-in
Okaycavalcanti: folds 
Uncalled bet (480) returned to BirdGovoryn
BirdGovoryn collected 40 from pot
*** SUMMARY ***
Total pot 40 | Rake 0 
Seat 1: Mahu2021 (button) folded before Flop (didn't bet)
Seat 2: BirdGovoryn (small blind) collected (40)
Seat 3: Okaycavalcanti (big blind) folded before Flop



PokerStars Hand #243005782034: Tournament #3575525348, $0.92+$0.08 USD Hold'em No Limit - Level I (10/20) - 2023/04/10 17:22:04 CET [2023/04/10 11:22:04 ET]
Table '3575525348 1' 3-max Seat #2 is the button
Seat 1: Mahu2021 (500 in chips) 
Seat 2: BirdGovoryn (520 in chips) 
Seat 3: Okaycavalcanti (480 in chips) 
Okaycavalcanti: posts small blind 10
Mahu2021: posts big blind 20
*** HOLE CARDS ***
Dealt to Mahu2021 [4h Ac]
BirdGovoryn: folds 
Okaycavalcanti: folds 
Uncalled bet (10) returned to Mahu2021
Mahu2021 collected 20 from pot
Mahu2021: doesn't show hand 
*** SUMMARY ***
Total pot 20 | Rake 0 
Seat 1: Mahu2021 (big blind) collected (20)
Seat 2: BirdGovoryn (button) folded before Flop (didn't bet)
Seat 3: Okaycavalcanti (small blind) folded before Flop



PokerStars Hand #243005783470: Tournament #3575525348, $0.92+$0.08 USD Hold'em No Limit - Level I (10/20) - 2023/04/10 17:22:09 CET [2023/04/10 11:22:09 ET]
Table '3575525348 1' 3-max Seat #3 is the button
Seat 1: Mahu2021 (510 in chips) 
Seat 2: BirdGovoryn (520 in chips) 
Seat 3: Okaycavalcanti (470 in chips) 
Mahu2021: posts small blind 10
BirdGovoryn: posts big blind 20
*** HOLE CARDS ***
Dealt to Mahu2021 [4d Ks]
Okaycavalcanti: raises 20 to 40
Mahu2021: folds 
BirdGovoryn: calls 20
*** FLOP *** [Kc 8s 5h]
BirdGovoryn: checks 
Okaycavalcanti: bets 30
BirdGovoryn: folds 
Uncalled bet (30) returned to Okaycavalcanti
Okaycavalcanti collected 90 from pot
Okaycavalcanti: doesn't show hand 
*** SUMMARY ***
Total pot 90 | Rake 0 
Board [Kc 8s 5h]
Seat 1: Mahu2021 (small blind) folded before Flop
Seat 2: BirdGovoryn (big blind) folded on the Flop
Seat 3: Okaycavalcanti (button) collected (90)



PokerStars Hand #243005788665: Tournament #3575525348, $0.92+$0.08 USD Hold'em No Limit - Level I (10/20) - 2023/04/10 17:22:26 CET [2023/04/10 11:22:26 ET]
Table '3575525348 1' 3-max Seat #1 is the button
Seat 1: Mahu2021 (500 in chips) 
Seat 2: BirdGovoryn (480 in chips) 
Seat 3: Okaycavalcanti (520 in chips) 
BirdGovoryn: posts small blind 10
Okaycavalcanti: posts big blind 20
*** HOLE CARDS ***
Dealt to Mahu2021 [Qc 7d]
Mahu2021: folds 
BirdGovoryn: calls 10
Okaycavalcanti: checks 
*** FLOP *** [4s 5s Kd]
BirdGovoryn: checks 
Okaycavalcanti: checks 
*** TURN *** [4s 5s Kd] [Qs]
BirdGovoryn: checks 
Okaycavalcanti: bets 30
BirdGovoryn: folds 
Uncalled bet (30) returned to Okaycavalcanti
Okaycavalcanti collected 40 from pot
Okaycavalcanti: doesn't show hand 
*** SUMMARY ***
Total pot 40 | Rake 0 
Board [4s 5s Kd Qs]
Seat 1: Mahu2021 (button) folded before Flop (didn't bet)
Seat 2: BirdGovoryn (small blind) folded on the Turn
Seat 3: Okaycavalcanti (big blind) collected (40)



PokerStars Hand #243005793844: Tournament #3575525348, $0.92+$0.08 USD Hold'em No Limit - Level I (10/20) - 2023/04/10 17:22:43 CET [2023/04/10 11:22:43 ET]
Table '3575525348 1' 3-max Seat #2 is the button
Seat 1: Mahu2021 (500 in chips) 
Seat 2: BirdGovoryn (460 in chips) 
Seat 3: Okaycavalcanti (540 in chips) 
Okaycavalcanti: posts small blind 10
Mahu2021: posts big blind 20
*** HOLE CARDS ***
Dealt to Mahu2021 [9c Kd]
BirdGovoryn: raises 20 to 40
Okaycavalcanti: folds 
Mahu2021: calls 20
*** FLOP *** [4s 4d 3h]
Mahu2021: checks 
BirdGovoryn: checks 
*** TURN *** [4s 4d 3h] [Jh]
Mahu2021: checks 
BirdGovoryn: checks 
*** RIVER *** [4s 4d 3h Jh] [Th]
Mahu2021: checks 
BirdGovoryn: checks 
*** SHOW DOWN ***
Mahu2021: shows [9c Kd] (a pair of Fours)
BirdGovoryn: mucks hand 
Mahu2021 collected 90 from pot
*** SUMMARY ***
Total pot 90 | Rake 0 
Board [4s 4d 3h Jh Th]
Seat 1: Mahu2021 (big blind) showed [9c Kd] and won (90) with a pair of Fours
Seat 2: BirdGovoryn (button) mucked [9d 6d]
Seat 3: Okaycavalcanti (small blind) folded before Flop



PokerStars Hand #243005797971: Tournament #3575525348, $0.92+$0.08 USD Hold'em No Limit - Level I (10/20) - 2023/04/10 17:22:57 CET [2023/04/10 11:22:57 ET]
Table '3575525348 1' 3-max Seat #3 is the button
Seat 1: Mahu2021 (550 in chips) 
Seat 2: BirdGovoryn (420 in chips) 
Seat 3: Okaycavalcanti (530 in chips) 
Mahu2021: posts small blind 10
BirdGovoryn: posts big blind 20
*** HOLE CARDS ***
Dealt to Mahu2021 [9h Ah]
Okaycavalcanti: folds 
Mahu2021: raises 20 to 40
BirdGovoryn: calls 20
*** FLOP *** [7d 4h 4d]
Mahu2021: bets 40
BirdGovoryn: raises 160 to 200
Mahu2021: folds 
Uncalled bet (160) returned to BirdGovoryn
BirdGovoryn collected 160 from pot
*** SUMMARY ***
Total pot 160 | Rake 0 
Board [7d 4h 4d]
Seat 1: Mahu2021 (small blind) folded on the Flop
Seat 2: BirdGovoryn (big blind) collected (160)
Seat 3: Okaycavalcanti (button) folded before Flop (didn't bet)



PokerStars Hand #243005802606: Tournament #3575525348, $0.92+$0.08 USD Hold'em No Limit - Level I (10/20) - 2023/04/10 17:23:12 CET [2023/04/10 11:23:12 ET]
Table '3575525348 1' 3-max Seat #1 is the button
Seat 1: Mahu2021 (470 in chips) 
Seat 2: BirdGovoryn (500 in chips) 
Seat 3: Okaycavalcanti (530 in chips) 
BirdGovoryn: posts small blind 10
Okaycavalcanti: posts big blind 20
*** HOLE CARDS ***
Dealt to Mahu2021 [6d Qs]
Mahu2021: raises 20 to 40
BirdGovoryn: calls 30
Okaycavalcanti: folds 
*** FLOP *** [4c Kh Tc]
BirdGovoryn: checks 
Mahu2021: checks 
*** TURN *** [4c Kh Tc] [9s]
BirdGovoryn: bets 100
Mahu2021: calls 100
*** RIVER *** [4c Kh Tc 9s] [4h]
BirdGovoryn: bets 300
Mahu2021: folds 
Uncalled bet (300) returned to BirdGovoryn
BirdGovoryn collected 300 from pot
*** SUMMARY ***
Total pot 300 | Rake 0 
Board [4c Kh Tc 9s 4h]
Seat 1: Mahu2021 (button) folded on the River
Seat 2: BirdGovoryn (small blind) collected (300)
Seat 3: Okaycavalcanti (big blind) folded before Flop



PokerStars Hand #243005808123: Tournament #3575525348, $0.92+$0.08 USD Hold'em No Limit - Level I (10/20) - 2023/04/10 17:23:30 CET [2023/04/10 11:23:30 ET]
Table '3575525348 1' 3-max Seat #2 is the button
Seat 1: Mahu2021 (330 in chips) 
Seat 2: BirdGovoryn (660 in chips) 
Seat 3: Okaycavalcanti (510 in chips) 
Okaycavalcanti: posts small blind 10
Mahu2021: posts big blind 20
*** HOLE CARDS ***
Dealt to Mahu2021 [Ts 9h]
BirdGovoryn: raises 20 to 40
Okaycavalcanti: folds 
Mahu2021: calls 20
*** FLOP *** [3d 5s Tc]
Mahu2021: bets 290 and is all-in
BirdGovoryn: folds 
Uncalled bet (290) returned to Mahu2021
Mahu2021 collected 90 from pot
Mahu2021: doesn't show hand 
*** SUMMARY ***
Total pot 90 | Rake 0 
Board [3d 5s Tc]
Seat 1: Mahu2021 (big blind) collected (90)
Seat 2: BirdGovoryn (button) folded on the Flop
Seat 3: Okaycavalcanti (small blind) folded before Flop



PokerStars Hand #243005811468: Tournament #3575525348, $0.92+$0.08 USD Hold'em No Limit - Level I (10/20) - 2023/04/10 17:23:41 CET [2023/04/10 11:23:41 ET]
Table '3575525348 1' 3-max Seat #3 is the button
Seat 1: Mahu2021 (380 in chips) 
Seat 2: BirdGovoryn (620 in chips) 
Seat 3: Okaycavalcanti (500 in chips) 
Mahu2021: posts small blind 10
BirdGovoryn: posts big blind 20
*** HOLE CARDS ***
Dealt to Mahu2021 [3h 9h]
Okaycavalcanti: folds 
Mahu2021: calls 10
BirdGovoryn: checks 
*** FLOP *** [Ks Js Kd]
Mahu2021: checks 
BirdGovoryn: checks 
*** TURN *** [Ks Js Kd] [8d]
Mahu2021: bets 20
BirdGovoryn: folds 
Uncalled bet (20) returned to Mahu2021
Mahu2021 collected 40 from pot
Mahu2021: doesn't show hand 
*** SUMMARY ***
Total pot 40 | Rake 0 
Board [Ks Js Kd 8d]
Seat 1: Mahu2021 (small blind) collected (40)
Seat 2: BirdGovoryn (big blind) folded on the Turn
Seat 3: Okaycavalcanti (button) folded before Flop (didn't bet)



PokerStars Hand #243005815322: Tournament #3575525348, $0.92+$0.08 USD Hold'em No Limit - Level I (10/20) - 2023/04/10 17:23:54 CET [2023/04/10 11:23:54 ET]
Table '3575525348 1' 3-max Seat #1 is the button
Seat 1: Mahu2021 (400 in chips) 
Seat 2: BirdGovoryn (600 in chips) 
Seat 3: Okaycavalcanti (500 in chips) 
BirdGovoryn: posts small blind 10
Okaycavalcanti: posts big blind 20
*** HOLE CARDS ***
Dealt to Mahu2021 [Ad 7h]
Mahu2021: raises 20 to 40
BirdGovoryn: folds 
Okaycavalcanti: folds 
Uncalled bet (20) returned to Mahu2021
Mahu2021 collected 50 from pot
Mahu2021: doesn't show hand 
*** SUMMARY ***
Total pot 50 | Rake 0 
Seat 1: Mahu2021 (button) collected (50)
Seat 2: BirdGovoryn (small blind) folded before Flop
Seat 3: Okaycavalcanti (big blind) folded before Flop



PokerStars Hand #243005818570: Tournament #3575525348, $0.92+$0.08 USD Hold'em No Limit - Level II (15/30) - 2023/04/10 17:24:05 CET [2023/04/10 11:24:05 ET]
Table '3575525348 1' 3-max Seat #2 is the button
Seat 1: Mahu2021 (430 in chips) 
Seat 2: BirdGovoryn (590 in chips) 
Seat 3: Okaycavalcanti (480 in chips) 
Okaycavalcanti: posts small blind 15
Mahu2021: posts big blind 30
*** HOLE CARDS ***
Dealt to Mahu2021 [6h Ac]
BirdGovoryn: raises 560 to 590 and is all-in
Okaycavalcanti: folds 
Mahu2021: folds 
Uncalled bet (560) returned to BirdGovoryn
BirdGovoryn collected 75 from pot
*** SUMMARY ***
Total pot 75 | Rake 0 
Seat 1: Mahu2021 (big blind) folded before Flop
Seat 2: BirdGovoryn (button) collected (75)
Seat 3: Okaycavalcanti (small blind) folded before Flop



PokerStars Hand #243005821253: Tournament #3575525348, $0.92+$0.08 USD Hold'em No Limit - Level II (15/30) - 2023/04/10 17:24:14 CET [2023/04/10 11:24:14 ET]
Table '3575525348 1' 3-max Seat #3 is the button
Seat 1: Mahu2021 (400 in chips) 
Seat 2: BirdGovoryn (635 in chips) 
Seat 3: Okaycavalcanti (465 in chips) 
Mahu2021: posts small blind 15
BirdGovoryn: posts big blind 30
*** HOLE CARDS ***
Dealt to Mahu2021 [9d Qc]
Okaycavalcanti: raises 30 to 60
Mahu2021: calls 45
BirdGovoryn: folds 
*** FLOP *** [Kd 7d Jh]
Mahu2021: checks 
Okaycavalcanti: checks 
*** TURN *** [Kd 7d Jh] [3c]
Mahu2021: checks 
Okaycavalcanti: bets 60
Mahu2021: folds 
Uncalled bet (60) returned to Okaycavalcanti
Okaycavalcanti collected 150 from pot
Okaycavalcanti: doesn't show hand 
*** SUMMARY ***
Total pot 150 | Rake 0 
Board [Kd 7d Jh 3c]
Seat 1: Mahu2021 (small blind) folded on the Turn
Seat 2: BirdGovoryn (big blind) folded before Flop
Seat 3: Okaycavalcanti (button) collected (150)



PokerStars Hand #243005827648: Tournament #3575525348, $0.92+$0.08 USD Hold'em No Limit - Level II (15/30) - 2023/04/10 17:24:35 CET [2023/04/10 11:24:35 ET]
Table '3575525348 1' 3-max Seat #1 is the button
Seat 1: Mahu2021 (340 in chips) 
Seat 2: BirdGovoryn (605 in chips) 
Seat 3: Okaycavalcanti (555 in chips) 
BirdGovoryn: posts small blind 15
Okaycavalcanti: posts big blind 30
*** HOLE CARDS ***
Dealt to Mahu2021 [Ks Qd]
Mahu2021: raises 30 to 60
BirdGovoryn: folds 
Okaycavalcanti: folds 
Uncalled bet (30) returned to Mahu2021
Mahu2021 collected 75 from pot
Mahu2021: doesn't show hand 
*** SUMMARY ***
Total pot 75 | Rake 0 
Seat 1: Mahu2021 (button) collected (75)
Seat 2: BirdGovoryn (small blind) folded before Flop
Seat 3: Okaycavalcanti (big blind) folded before Flop



PokerStars Hand #243005830399: Tournament #3575525348, $0.92+$0.08 USD Hold'em No Limit - Level II (15/30) - 2023/04/10 17:24:44 CET [2023/04/10 11:24:44 ET]
Table '3575525348 1' 3-max Seat #2 is the button
Seat 1: Mahu2021 (385 in chips) 
Seat 2: BirdGovoryn (590 in chips) 
Seat 3: Okaycavalcanti (525 in chips) 
Okaycavalcanti: posts small blind 15
Mahu2021: posts big blind 30
*** HOLE CARDS ***
Dealt to Mahu2021 [7c 6d]
BirdGovoryn: folds 
Okaycavalcanti: raises 30 to 60
Mahu2021: calls 30
*** FLOP *** [8d Qd 4c]
Okaycavalcanti: bets 40
Mahu2021: raises 285 to 325 and is all-in
Okaycavalcanti: folds 
Uncalled bet (285) returned to Mahu2021
Mahu2021 collected 200 from pot
Mahu2021: doesn't show hand 
*** SUMMARY ***
Total pot 200 | Rake 0 
Board [8d Qd 4c]
Seat 1: Mahu2021 (big blind) collected (200)
Seat 2: BirdGovoryn (button) folded before Flop (didn't bet)
Seat 3: Okaycavalcanti (small blind) folded on the Flop



PokerStars Hand #243005837168: Tournament #3575525348, $0.92+$0.08 USD Hold'em No Limit - Level II (15/30) - 2023/04/10 17:25:06 CET [2023/04/10 11:25:06 ET]
Table '3575525348 1' 3-max Seat #3 is the button
Seat 1: Mahu2021 (485 in chips) 
Seat 2: BirdGovoryn (590 in chips) 
Seat 3: Okaycavalcanti (425 in chips) 
Mahu2021: posts small blind 15
BirdGovoryn: posts big blind 30
*** HOLE CARDS ***
Dealt to Mahu2021 [2c 3h]
Okaycavalcanti: raises 30 to 60
Mahu2021: folds 
BirdGovoryn: raises 530 to 590 and is all-in
Okaycavalcanti: folds 
Uncalled bet (530) returned to BirdGovoryn
BirdGovoryn collected 135 from pot
*** SUMMARY ***
Total pot 135 | Rake 0 
Seat 1: Mahu2021 (small blind) folded before Flop
Seat 2: BirdGovoryn (big blind) collected (135)
Seat 3: Okaycavalcanti (button) folded before Flop



PokerStars Hand #243005840315: Tournament #3575525348, $0.92+$0.08 USD Hold'em No Limit - Level II (15/30) - 2023/04/10 17:25:16 CET [2023/04/10 11:25:16 ET]
Table '3575525348 1' 3-max Seat #1 is the button
Seat 1: Mahu2021 (470 in chips) 
Seat 2: BirdGovoryn (665 in chips) 
Seat 3: Okaycavalcanti (365 in chips) 
BirdGovoryn: posts small blind 15
Okaycavalcanti: posts big blind 30
*** HOLE CARDS ***
Dealt to Mahu2021 [6h Kc]
Mahu2021: folds 
BirdGovoryn: calls 15
Okaycavalcanti: checks 
*** FLOP *** [Td 3h 5s]
BirdGovoryn: checks 
Okaycavalcanti: bets 45
BirdGovoryn: calls 45
*** TURN *** [Td 3h 5s] [Qh]
BirdGovoryn: checks 
Okaycavalcanti: checks 
*** RIVER *** [Td 3h 5s Qh] [Qc]
BirdGovoryn: bets 75
Okaycavalcanti: folds 
Uncalled bet (75) returned to BirdGovoryn
BirdGovoryn collected 150 from pot
*** SUMMARY ***
Total pot 150 | Rake 0 
Board [Td 3h 5s Qh Qc]
Seat 1: Mahu2021 (button) folded before Flop (didn't bet)
Seat 2: BirdGovoryn (small blind) collected (150)
Seat 3: Okaycavalcanti (big blind) folded on the River



PokerStars Hand #243005848281: Tournament #3575525348, $0.92+$0.08 USD Hold'em No Limit - Level II (15/30) - 2023/04/10 17:25:43 CET [2023/04/10 11:25:43 ET]
Table '3575525348 1' 3-max Seat #2 is the button
Seat 1: Mahu2021 (470 in chips) 
Seat 2: BirdGovoryn (740 in chips) 
Seat 3: Okaycavalcanti (290 in chips) 
Okaycavalcanti: posts small blind 15
Mahu2021: posts big blind 30
*** HOLE CARDS ***
Dealt to Mahu2021 [7c Ad]
BirdGovoryn: folds 
Okaycavalcanti: raises 260 to 290 and is all-in
Mahu2021: folds 
Uncalled bet (260) returned to Okaycavalcanti
Okaycavalcanti collected 60 from pot
Okaycavalcanti: doesn't show hand 
*** SUMMARY ***
Total pot 60 | Rake 0 
Seat 1: Mahu2021 (big blind) folded before Flop
Seat 2: BirdGovoryn (button) folded before Flop (didn't bet)
Seat 3: Okaycavalcanti (small blind) collected (60)



PokerStars Hand #243005851243: Tournament #3575525348, $0.92+$0.08 USD Hold'em No Limit - Level II (15/30) - 2023/04/10 17:25:52 CET [2023/04/10 11:25:52 ET]
Table '3575525348 1' 3-max Seat #3 is the button
Seat 1: Mahu2021 (440 in chips) 
Seat 2: BirdGovoryn (740 in chips) 
Seat 3: Okaycavalcanti (320 in chips) 
Mahu2021: posts small blind 15
BirdGovoryn: posts big blind 30
*** HOLE CARDS ***
Dealt to Mahu2021 [6c 9d]
Okaycavalcanti: folds 
Mahu2021: folds 
Uncalled bet (15) returned to BirdGovoryn
BirdGovoryn collected 30 from pot
*** SUMMARY ***
Total pot 30 | Rake 0 
Seat 1: Mahu2021 (small blind) folded before Flop
Seat 2: BirdGovoryn (big blind) collected (30)
Seat 3: Okaycavalcanti (button) folded before Flop (didn't bet)



PokerStars Hand #243005852803: Tournament #3575525348, $0.92+$0.08 USD Hold'em No Limit - Level II (15/30) - 2023/04/10 17:25:57 CET [2023/04/10 11:25:57 ET]
Table '3575525348 1' 3-max Seat #1 is the button
Seat 1: Mahu2021 (425 in chips) 
Seat 2: BirdGovoryn (755 in chips) 
Seat 3: Okaycavalcanti (320 in chips) 
BirdGovoryn: posts small blind 15
Okaycavalcanti: posts big blind 30
*** HOLE CARDS ***
Dealt to Mahu2021 [4d Qc]
Mahu2021: folds 
BirdGovoryn: calls 15
Okaycavalcanti: raises 290 to 320 and is all-in
BirdGovoryn: folds 
Uncalled bet (290) returned to Okaycavalcanti
Okaycavalcanti collected 60 from pot
Okaycavalcanti: doesn't show hand 
*** SUMMARY ***
Total pot 60 | Rake 0 
Seat 1: Mahu2021 (button) folded before Flop (didn't bet)
Seat 2: BirdGovoryn (small blind) folded before Flop
Seat 3: Okaycavalcanti (big blind) collected (60)



PokerStars Hand #243005856266: Tournament #3575525348, $0.92+$0.08 USD Hold'em No Limit - Level III (20/40) - 2023/04/10 17:26:09 CET [2023/04/10 11:26:09 ET]
Table '3575525348 1' 3-max Seat #2 is the button
Seat 1: Mahu2021 (425 in chips) 
Seat 2: BirdGovoryn (725 in chips) 
Seat 3: Okaycavalcanti (350 in chips) 
Okaycavalcanti: posts small blind 20
Mahu2021: posts big blind 40
*** HOLE CARDS ***
Dealt to Mahu2021 [Js Jh]
BirdGovoryn: folds 
Okaycavalcanti: raises 310 to 350 and is all-in
Mahu2021: calls 310
*** FLOP *** [4c Qs 9c]
*** TURN *** [4c Qs 9c] [2c]
*** RIVER *** [4c Qs 9c 2c] [8h]
*** SHOW DOWN ***
Okaycavalcanti: shows [Kd Ac] (high card Ace)
Mahu2021: shows [Js Jh] (a pair of Jacks)
Mahu2021 collected 700 from pot
Okaycavalcanti finished the tournament in 3rd place
*** SUMMARY ***
Total pot 700 | Rake 0 
Board [4c Qs 9c 2c 8h]
Seat 1: Mahu2021 (big blind) showed [Js Jh] and won (700) with a pair of Jacks
Seat 2: BirdGovoryn (button) folded before Flop (didn't bet)
Seat 3: Okaycavalcanti (small blind) showed [Kd Ac] and lost with high card Ace



PokerStars Hand #243005860899: Tournament #3575525348, $0.92+$0.08 USD Hold'em No Limit - Level III (20/40) - 2023/04/10 17:26:25 CET [2023/04/10 11:26:25 ET]
Table '3575525348 1' 3-max Seat #1 is the button
Seat 1: Mahu2021 (775 in chips) 
Seat 2: BirdGovoryn (725 in chips) 
Mahu2021: posts small blind 20
BirdGovoryn: posts big blind 40
*** HOLE CARDS ***
Dealt to Mahu2021 [Ah 7c]
Mahu2021: calls 20
BirdGovoryn: checks 
*** FLOP *** [Tc Qd 9c]
BirdGovoryn: checks 
Mahu2021: checks 
*** TURN *** [Tc Qd 9c] [3s]
BirdGovoryn: bets 40
Mahu2021: calls 40
*** RIVER *** [Tc Qd 9c 3s] [8c]
BirdGovoryn: bets 40
Mahu2021: folds 
Uncalled bet (40) returned to BirdGovoryn
BirdGovoryn collected 160 from pot
*** SUMMARY ***
Total pot 160 | Rake 0 
Board [Tc Qd 9c 3s 8c]
Seat 1: Mahu2021 (button) (small blind) folded on the River
Seat 2: BirdGovoryn (big blind) collected (160)



PokerStars Hand #243005865781: Tournament #3575525348, $0.92+$0.08 USD Hold'em No Limit - Level III (20/40) - 2023/04/10 17:26:41 CET [2023/04/10 11:26:41 ET]
Table '3575525348 1' 3-max Seat #2 is the button
Seat 1: Mahu2021 (695 in chips) 
Seat 2: BirdGovoryn (805 in chips) 
BirdGovoryn: posts small blind 20
Mahu2021: posts big blind 40
*** HOLE CARDS ***
Dealt to Mahu2021 [7s Qh]
BirdGovoryn: calls 20
Mahu2021: checks 
*** FLOP *** [9c 6c 5s]
Mahu2021: checks 
BirdGovoryn: checks 
*** TURN *** [9c 6c 5s] [Ks]
Mahu2021: bets 40
BirdGovoryn: calls 40
*** RIVER *** [9c 6c 5s Ks] [5h]
Mahu2021: checks 
BirdGovoryn: checks 
*** SHOW DOWN ***
Mahu2021: shows [7s Qh] (a pair of Fives)
BirdGovoryn: mucks hand 
Mahu2021 collected 160 from pot
*** SUMMARY ***
Total pot 160 | Rake 0 
Board [9c 6c 5s Ks 5h]
Seat 1: Mahu2021 (big blind) showed [7s Qh] and won (160) with a pair of Fives
Seat 2: BirdGovoryn (button) (small blind) mucked [8h Th]



PokerStars Hand #243005869974: Tournament #3575525348, $0.92+$0.08 USD Hold'em No Limit - Level III (20/40) - 2023/04/10 17:26:55 CET [2023/04/10 11:26:55 ET]
Table '3575525348 1' 3-max Seat #1 is the button
Seat 1: Mahu2021 (775 in chips) 
Seat 2: BirdGovoryn (725 in chips) 
Mahu2021: posts small blind 20
BirdGovoryn: posts big blind 40
*** HOLE CARDS ***
Dealt to Mahu2021 [3d Kh]
Mahu2021: calls 20
BirdGovoryn: checks 
*** FLOP *** [Ks 3s 4h]
BirdGovoryn: checks 
Mahu2021: bets 40
BirdGovoryn: calls 40
*** TURN *** [Ks 3s 4h] [Qc]
BirdGovoryn: checks 
Mahu2021: bets 40
BirdGovoryn: calls 40
*** RIVER *** [Ks 3s 4h Qc] [7c]
BirdGovoryn: checks 
Mahu2021: bets 80
BirdGovoryn: calls 80
*** SHOW DOWN ***
Mahu2021: shows [3d Kh] (two pair, Kings and Threes)
BirdGovoryn: mucks hand 
Mahu2021 collected 400 from pot
*** SUMMARY ***
Total pot 400 | Rake 0 
Board [Ks 3s 4h Qc 7c]
Seat 1: Mahu2021 (button) (small blind) showed [3d Kh] and won (400) with two pair, Kings and Threes
Seat 2: BirdGovoryn (big blind) mucked [Qd 5h]



PokerStars Hand #243005875523: Tournament #3575525348, $0.92+$0.08 USD Hold'em No Limit - Level III (20/40) - 2023/04/10 17:27:13 CET [2023/04/10 11:27:13 ET]
Table '3575525348 1' 3-max Seat #2 is the button
Seat 1: Mahu2021 (975 in chips) 
Seat 2: BirdGovoryn (525 in chips) 
BirdGovoryn: posts small blind 20
Mahu2021: posts big blind 40
*** HOLE CARDS ***
Dealt to Mahu2021 [5s 8h]
BirdGovoryn: raises 40 to 80
Mahu2021: folds 
Uncalled bet (40) returned to BirdGovoryn
BirdGovoryn collected 80 from pot
*** SUMMARY ***
Total pot 80 | Rake 0 
Seat 1: Mahu2021 (big blind) folded before Flop
Seat 2: BirdGovoryn (button) (small blind) collected (80)



PokerStars Hand #243005877425: Tournament #3575525348, $0.92+$0.08 USD Hold'em No Limit - Level III (20/40) - 2023/04/10 17:27:20 CET [2023/04/10 11:27:20 ET]
Table '3575525348 1' 3-max Seat #1 is the button
Seat 1: Mahu2021 (935 in chips) 
Seat 2: BirdGovoryn (565 in chips) 
Mahu2021: posts small blind 20
BirdGovoryn: posts big blind 40
*** HOLE CARDS ***
Dealt to Mahu2021 [Jh 4h]
Mahu2021: calls 20
BirdGovoryn: raises 525 to 565 and is all-in
Mahu2021: folds 
Uncalled bet (525) returned to BirdGovoryn
BirdGovoryn collected 80 from pot
*** SUMMARY ***
Total pot 80 | Rake 0 
Seat 1: Mahu2021 (button) (small blind) folded before Flop
Seat 2: BirdGovoryn (big blind) collected (80)



PokerStars Hand #243005879823: Tournament #3575525348, $0.92+$0.08 USD Hold'em No Limit - Level III (20/40) - 2023/04/10 17:27:28 CET [2023/04/10 11:27:28 ET]
Table '3575525348 1' 3-max Seat #2 is the button
Seat 1: Mahu2021 (895 in chips) 
Seat 2: BirdGovoryn (605 in chips) 
BirdGovoryn: posts small blind 20
Mahu2021: posts big blind 40
*** HOLE CARDS ***
Dealt to Mahu2021 [4d Td]
BirdGovoryn: calls 20
Mahu2021: checks 
*** FLOP *** [Jc 5d 5h]
Mahu2021: checks 
BirdGovoryn: bets 80
Mahu2021: folds 
Uncalled bet (80) returned to BirdGovoryn
BirdGovoryn collected 80 from pot
*** SUMMARY ***
Total pot 80 | Rake 0 
Board [Jc 5d 5h]
Seat 1: Mahu2021 (big blind) folded on the Flop
Seat 2: BirdGovoryn (button) (small blind) collected (80)



PokerStars Hand #243005883561: Tournament #3575525348, $0.92+$0.08 USD Hold'em No Limit - Level III (20/40) - 2023/04/10 17:27:40 CET [2023/04/10 11:27:40 ET]
Table '3575525348 1' 3-max Seat #1 is the button
Seat 1: Mahu2021 (855 in chips) 
Seat 2: BirdGovoryn (645 in chips) 
Mahu2021: posts small blind 20
BirdGovoryn: posts big blind 40
*** HOLE CARDS ***
Dealt to Mahu2021 [Kh Tc]
Mahu2021: calls 20
BirdGovoryn: checks 
*** FLOP *** [3d 2s As]
BirdGovoryn: bets 40
Mahu2021: folds 
Uncalled bet (40) returned to BirdGovoryn
BirdGovoryn collected 80 from pot
*** SUMMARY ***
Total pot 80 | Rake 0 
Board [3d 2s As]
Seat 1: Mahu2021 (button) (small blind) folded on the Flop
Seat 2: BirdGovoryn (big blind) collected (80)



PokerStars Hand #243005886791: Tournament #3575525348, $0.92+$0.08 USD Hold'em No Limit - Level III (20/40) - 2023/04/10 17:27:51 CET [2023/04/10 11:27:51 ET]
Table '3575525348 1' 3-max Seat #2 is the button
Seat 1: Mahu2021 (815 in chips) 
Seat 2: BirdGovoryn (685 in chips) 
BirdGovoryn: posts small blind 20
Mahu2021: posts big blind 40
*** HOLE CARDS ***
Dealt to Mahu2021 [4h Jd]
BirdGovoryn: calls 20
Mahu2021: checks 
*** FLOP *** [7c 9h Kc]
Mahu2021: checks 
BirdGovoryn: bets 40
Mahu2021: folds 
Uncalled bet (40) returned to BirdGovoryn
BirdGovoryn collected 80 from pot
*** SUMMARY ***
Total pot 80 | Rake 0 
Board [7c 9h Kc]
Seat 1: Mahu2021 (big blind) folded on the Flop
Seat 2: BirdGovoryn (button) (small blind) collected (80)



PokerStars Hand #243005890342: Tournament #3575525348, $0.92+$0.08 USD Hold'em No Limit - Level IV (30/60) - 2023/04/10 17:28:03 CET [2023/04/10 11:28:03 ET]
Table '3575525348 1' 3-max Seat #1 is the button
Seat 1: Mahu2021 (775 in chips) 
Seat 2: BirdGovoryn (725 in chips) 
Mahu2021: posts small blind 30
BirdGovoryn: posts big blind 60
*** HOLE CARDS ***
Dealt to Mahu2021 [Js 2c]
Mahu2021: folds 
Uncalled bet (30) returned to BirdGovoryn
BirdGovoryn collected 60 from pot
*** SUMMARY ***
Total pot 60 | Rake 0 
Seat 1: Mahu2021 (button) (small blind) folded before Flop
Seat 2: BirdGovoryn (big blind) collected (60)



PokerStars Hand #243005891793: Tournament #3575525348, $0.92+$0.08 USD Hold'em No Limit - Level IV (30/60) - 2023/04/10 17:28:07 CET [2023/04/10 11:28:07 ET]
Table '3575525348 1' 3-max Seat #2 is the button
Seat 1: Mahu2021 (745 in chips) 
Seat 2: BirdGovoryn (755 in chips) 
BirdGovoryn: posts small blind 30
Mahu2021: posts big blind 60
*** HOLE CARDS ***
Dealt to Mahu2021 [5s 6c]
BirdGovoryn: calls 30
Mahu2021: checks 
*** FLOP *** [Qd 7d Kd]
Mahu2021: checks 
BirdGovoryn: checks 
*** TURN *** [Qd 7d Kd] [9c]
Mahu2021: checks 
BirdGovoryn: checks 
*** RIVER *** [Qd 7d Kd 9c] [9s]
Mahu2021: bets 60
BirdGovoryn: folds 
Uncalled bet (60) returned to Mahu2021
Mahu2021 collected 120 from pot
Mahu2021: doesn't show hand 
*** SUMMARY ***
Total pot 120 | Rake 0 
Board [Qd 7d Kd 9c 9s]
Seat 1: Mahu2021 (big blind) collected (120)
Seat 2: BirdGovoryn (button) (small blind) folded on the River



PokerStars Hand #243005895364: Tournament #3575525348, $0.92+$0.08 USD Hold'em No Limit - Level IV (30/60) - 2023/04/10 17:28:19 CET [2023/04/10 11:28:19 ET]
Table '3575525348 1' 3-max Seat #1 is the button
Seat 1: Mahu2021 (805 in chips) 
Seat 2: BirdGovoryn (695 in chips) 
Mahu2021: posts small blind 30
BirdGovoryn: posts big blind 60
*** HOLE CARDS ***
Dealt to Mahu2021 [6c Ah]
Mahu2021: calls 30
BirdGovoryn: checks 
*** FLOP *** [8d 9c 4s]
BirdGovoryn: checks 
Mahu2021: bets 60
BirdGovoryn: calls 60
*** TURN *** [8d 9c 4s] [Ts]
BirdGovoryn: checks 
Mahu2021: checks 
*** RIVER *** [8d 9c 4s Ts] [Td]
BirdGovoryn: bets 60
Mahu2021: folds 
Uncalled bet (60) returned to BirdGovoryn
BirdGovoryn collected 240 from pot
*** SUMMARY ***
Total pot 240 | Rake 0 
Board [8d 9c 4s Ts Td]
Seat 1: Mahu2021 (button) (small blind) folded on the River
Seat 2: BirdGovoryn (big blind) collected (240)



PokerStars Hand #243005900048: Tournament #3575525348, $0.92+$0.08 USD Hold'em No Limit - Level IV (30/60) - 2023/04/10 17:28:35 CET [2023/04/10 11:28:35 ET]
Table '3575525348 1' 3-max Seat #2 is the button
Seat 1: Mahu2021 (685 in chips) 
Seat 2: BirdGovoryn (815 in chips) 
BirdGovoryn: posts small blind 30
Mahu2021: posts big blind 60
*** HOLE CARDS ***
Dealt to Mahu2021 [7h 5h]
BirdGovoryn: calls 30
Mahu2021: checks 
*** FLOP *** [3c 8s 8c]
Mahu2021: checks 
BirdGovoryn: checks 
*** TURN *** [3c 8s 8c] [Jh]
Mahu2021: checks 
BirdGovoryn: checks 
*** RIVER *** [3c 8s 8c Jh] [Jc]
Mahu2021: checks 
BirdGovoryn: bets 60
Mahu2021: folds 
Uncalled bet (60) returned to BirdGovoryn
BirdGovoryn collected 120 from pot
*** SUMMARY ***
Total pot 120 | Rake 0 
Board [3c 8s 8c Jh Jc]
Seat 1: Mahu2021 (big blind) folded on the River
Seat 2: BirdGovoryn (button) (small blind) collected (120)



PokerStars Hand #243005904043: Tournament #3575525348, $0.92+$0.08 USD Hold'em No Limit - Level IV (30/60) - 2023/04/10 17:28:48 CET [2023/04/10 11:28:48 ET]
Table '3575525348 1' 3-max Seat #1 is the button
Seat 1: Mahu2021 (625 in chips) 
Seat 2: BirdGovoryn (875 in chips) 
Mahu2021: posts small blind 30
BirdGovoryn: posts big blind 60
*** HOLE CARDS ***
Dealt to Mahu2021 [Qs 2s]
Mahu2021: calls 30
BirdGovoryn: checks 
*** FLOP *** [4c Jd 7c]
BirdGovoryn: checks 
Mahu2021: checks 
*** TURN *** [4c Jd 7c] [Ad]
BirdGovoryn: checks 
Mahu2021: checks 
*** RIVER *** [4c Jd 7c Ad] [6h]
BirdGovoryn: checks 
Mahu2021: checks 
*** SHOW DOWN ***
BirdGovoryn: shows [4s 8s] (a pair of Fours)
Mahu2021: mucks hand 
BirdGovoryn collected 120 from pot
*** SUMMARY ***
Total pot 120 | Rake 0 
Board [4c Jd 7c Ad 6h]
Seat 1: Mahu2021 (button) (small blind) mucked [Qs 2s]
Seat 2: BirdGovoryn (big blind) showed [4s 8s] and won (120) with a pair of Fours



PokerStars Hand #243005907984: Tournament #3575525348, $0.92+$0.08 USD Hold'em No Limit - Level IV (30/60) - 2023/04/10 17:29:01 CET [2023/04/10 11:29:01 ET]
Table '3575525348 1' 3-max Seat #2 is the button
Seat 1: Mahu2021 (565 in chips) 
Seat 2: BirdGovoryn (935 in chips) 
BirdGovoryn: posts small blind 30
Mahu2021: posts big blind 60
*** HOLE CARDS ***
Dealt to Mahu2021 [8h 3s]
BirdGovoryn: calls 30
Mahu2021: checks 
*** FLOP *** [4h 9s Js]
Mahu2021: checks 
BirdGovoryn: bets 60
Mahu2021: folds 
Uncalled bet (60) returned to BirdGovoryn
BirdGovoryn collected 120 from pot
*** SUMMARY ***
Total pot 120 | Rake 0 
Board [4h 9s Js]
Seat 1: Mahu2021 (big blind) folded on the Flop
Seat 2: BirdGovoryn (button) (small blind) collected (120)



PokerStars Hand #243005910713: Tournament #3575525348, $0.92+$0.08 USD Hold'em No Limit - Level IV (30/60) - 2023/04/10 17:29:10 CET [2023/04/10 11:29:10 ET]
Table '3575525348 1' 3-max Seat #1 is the button
Seat 1: Mahu2021 (505 in chips) 
Seat 2: BirdGovoryn (995 in chips) 
Mahu2021: posts small blind 30
BirdGovoryn: posts big blind 60
*** HOLE CARDS ***
Dealt to Mahu2021 [Qh 4s]
Mahu2021: calls 30
BirdGovoryn: checks 
*** FLOP *** [Ad Kh Qc]
BirdGovoryn: bets 60
Mahu2021: folds 
Uncalled bet (60) returned to BirdGovoryn
BirdGovoryn collected 120 from pot
*** SUMMARY ***
Total pot 120 | Rake 0 
Board [Ad Kh Qc]
Seat 1: Mahu2021 (button) (small blind) folded on the Flop
Seat 2: BirdGovoryn (big blind) collected (120)



PokerStars Hand #243005913557: Tournament #3575525348, $0.92+$0.08 USD Hold'em No Limit - Level IV (30/60) - 2023/04/10 17:29:20 CET [2023/04/10 11:29:20 ET]
Table '3575525348 1' 3-max Seat #2 is the button
Seat 1: Mahu2021 (445 in chips) 
Seat 2: BirdGovoryn (1055 in chips) 
BirdGovoryn: posts small blind 30
Mahu2021: posts big blind 60
*** HOLE CARDS ***
Dealt to Mahu2021 [9d 6h]
BirdGovoryn: calls 30
Mahu2021: checks 
*** FLOP *** [Th Kc 6d]
Mahu2021: checks 
BirdGovoryn: checks 
*** TURN *** [Th Kc 6d] [Kh]
Mahu2021: checks 
BirdGovoryn: checks 
*** RIVER *** [Th Kc 6d Kh] [4d]
Mahu2021: bets 60
BirdGovoryn: calls 60
*** SHOW DOWN ***
Mahu2021: shows [9d 6h] (two pair, Kings and Sixes)
BirdGovoryn: mucks hand 
Mahu2021 collected 240 from pot
*** SUMMARY ***
Total pot 240 | Rake 0 
Board [Th Kc 6d Kh 4d]
Seat 1: Mahu2021 (big blind) showed [9d 6h] and won (240) with two pair, Kings and Sixes
Seat 2: BirdGovoryn (button) (small blind) mucked [Qd 9h]



PokerStars Hand #243005917495: Tournament #3575525348, $0.92+$0.08 USD Hold'em No Limit - Level IV (30/60) - 2023/04/10 17:29:33 CET [2023/04/10 11:29:33 ET]
Table '3575525348 1' 3-max Seat #1 is the button
Seat 1: Mahu2021 (565 in chips) 
Seat 2: BirdGovoryn (935 in chips) 
Mahu2021: posts small blind 30
BirdGovoryn: posts big blind 60
*** HOLE CARDS ***
Dealt to Mahu2021 [4c 4d]
Mahu2021: raises 505 to 565 and is all-in
BirdGovoryn: folds 
Uncalled bet (505) returned to Mahu2021
Mahu2021 collected 120 from pot
Mahu2021: doesn't show hand 
*** SUMMARY ***
Total pot 120 | Rake 0 
Seat 1: Mahu2021 (button) (small blind) collected (120)
Seat 2: BirdGovoryn (big blind) folded before Flop



PokerStars Hand #243005919686: Tournament #3575525348, $0.92+$0.08 USD Hold'em No Limit - Level IV (30/60) - 2023/04/10 17:29:40 CET [2023/04/10 11:29:40 ET]
Table '3575525348 1' 3-max Seat #2 is the button
Seat 1: Mahu2021 (625 in chips) 
Seat 2: BirdGovoryn (875 in chips) 
BirdGovoryn: posts small blind 30
Mahu2021: posts big blind 60
*** HOLE CARDS ***
Dealt to Mahu2021 [Jd 9h]
BirdGovoryn: calls 30
Mahu2021: checks 
*** FLOP *** [Kh Ah 9c]
Mahu2021: bets 60
BirdGovoryn: folds 
Uncalled bet (60) returned to Mahu2021
Mahu2021 collected 120 from pot
Mahu2021: doesn't show hand 
*** SUMMARY ***
Total pot 120 | Rake 0 
Board [Kh Ah 9c]
Seat 1: Mahu2021 (big blind) collected (120)
Seat 2: BirdGovoryn (button) (small blind) folded on the Flop



PokerStars Hand #243005922236: Tournament #3575525348, $0.92+$0.08 USD Hold'em No Limit - Level IV (30/60) - 2023/04/10 17:29:49 CET [2023/04/10 11:29:49 ET]
Table '3575525348 1' 3-max Seat #1 is the button
Seat 1: Mahu2021 (685 in chips) 
Seat 2: BirdGovoryn (815 in chips) 
Mahu2021: posts small blind 30
BirdGovoryn: posts big blind 60
*** HOLE CARDS ***
Dealt to Mahu2021 [5d Kh]
Mahu2021: calls 30
BirdGovoryn: checks 
*** FLOP *** [As 8h 3c]
BirdGovoryn: checks 
Mahu2021: checks 
*** TURN *** [As 8h 3c] [9d]
BirdGovoryn: checks 
Mahu2021: checks 
*** RIVER *** [As 8h 3c 9d] [6d]
BirdGovoryn: checks 
Mahu2021: checks 
*** SHOW DOWN ***
BirdGovoryn: shows [Jc 4s] (high card Ace)
Mahu2021: shows [5d Kh] (high card Ace - King kicker)
Mahu2021 collected 120 from pot
*** SUMMARY ***
Total pot 120 | Rake 0 
Board [As 8h 3c 9d 6d]
Seat 1: Mahu2021 (button) (small blind) showed [5d Kh] and won (120) with high card Ace
Seat 2: BirdGovoryn (big blind) showed [Jc 4s] and lost with high card Ace



PokerStars Hand #243005926954: Tournament #3575525348, $0.92+$0.08 USD Hold'em No Limit - Level V (40/80) - 2023/04/10 17:30:04 CET [2023/04/10 11:30:04 ET]
Table '3575525348 1' 3-max Seat #2 is the button
Seat 1: Mahu2021 (745 in chips) 
Seat 2: BirdGovoryn (755 in chips) 
BirdGovoryn: posts small blind 40
Mahu2021: posts big blind 80
*** HOLE CARDS ***
Dealt to Mahu2021 [2h Js]
BirdGovoryn: raises 675 to 755 and is all-in
Mahu2021: folds 
Uncalled bet (675) returned to BirdGovoryn
BirdGovoryn collected 160 from pot
*** SUMMARY ***
Total pot 160 | Rake 0 
Seat 1: Mahu2021 (big blind) folded before Flop
Seat 2: BirdGovoryn (button) (small blind) collected (160)



PokerStars Hand #243005929002: Tournament #3575525348, $0.92+$0.08 USD Hold'em No Limit - Level V (40/80) - 2023/04/10 17:30:11 CET [2023/04/10 11:30:11 ET]
Table '3575525348 1' 3-max Seat #1 is the button
Seat 1: Mahu2021 (665 in chips) 
Seat 2: BirdGovoryn (835 in chips) 
Mahu2021: posts small blind 40
BirdGovoryn: posts big blind 80
*** HOLE CARDS ***
Dealt to Mahu2021 [Qh 4h]
Mahu2021: calls 40
BirdGovoryn: raises 755 to 835 and is all-in
Mahu2021: folds 
Uncalled bet (755) returned to BirdGovoryn
BirdGovoryn collected 160 from pot
*** SUMMARY ***
Total pot 160 | Rake 0 
Seat 1: Mahu2021 (button) (small blind) folded before Flop
Seat 2: BirdGovoryn (big blind) collected (160)



PokerStars Hand #243005931133: Tournament #3575525348, $0.92+$0.08 USD Hold'em No Limit - Level V (40/80) - 2023/04/10 17:30:18 CET [2023/04/10 11:30:18 ET]
Table '3575525348 1' 3-max Seat #2 is the button
Seat 1: Mahu2021 (585 in chips) 
Seat 2: BirdGovoryn (915 in chips) 
BirdGovoryn: posts small blind 40
Mahu2021: posts big blind 80
*** HOLE CARDS ***
Dealt to Mahu2021 [Js Qs]
BirdGovoryn: calls 40
Mahu2021: checks 
*** FLOP *** [Tc Jd 4c]
Mahu2021: bets 80
BirdGovoryn: calls 80
*** TURN *** [Tc Jd 4c] [5c]
Mahu2021: bets 425 and is all-in
BirdGovoryn: calls 425
*** RIVER *** [Tc Jd 4c 5c] [4h]
*** SHOW DOWN ***
Mahu2021: shows [Js Qs] (two pair, Jacks and Fours)
BirdGovoryn: shows [6c Jh] (two pair, Jacks and Fours - lower kicker)
Mahu2021 collected 1170 from pot
*** SUMMARY ***
Total pot 1170 | Rake 0 
Board [Tc Jd 4c 5c 4h]
Seat 1: Mahu2021 (big blind) showed [Js Qs] and won (1170) with two pair, Jacks and Fours
Seat 2: BirdGovoryn (button) (small blind) showed [6c Jh] and lost with two pair, Jacks and Fours



PokerStars Hand #243005935747: Tournament #3575525348, $0.92+$0.08 USD Hold'em No Limit - Level V (40/80) - 2023/04/10 17:30:33 CET [2023/04/10 11:30:33 ET]
Table '3575525348 1' 3-max Seat #1 is the button
Seat 1: Mahu2021 (1170 in chips) 
Seat 2: BirdGovoryn (330 in chips) 
Mahu2021: posts small blind 40
BirdGovoryn: posts big blind 80
*** HOLE CARDS ***
Dealt to Mahu2021 [3c 7s]
Mahu2021: folds 
Uncalled bet (40) returned to BirdGovoryn
BirdGovoryn collected 80 from pot
*** SUMMARY ***
Total pot 80 | Rake 0 
Seat 1: Mahu2021 (button) (small blind) folded before Flop
Seat 2: BirdGovoryn (big blind) collected (80)



PokerStars Hand #243005937134: Tournament #3575525348, $0.92+$0.08 USD Hold'em No Limit - Level V (40/80) - 2023/04/10 17:30:38 CET [2023/04/10 11:30:38 ET]
Table '3575525348 1' 3-max Seat #2 is the button
Seat 1: Mahu2021 (1130 in chips) 
Seat 2: BirdGovoryn (370 in chips) 
BirdGovoryn: posts small blind 40
Mahu2021: posts big blind 80
*** HOLE CARDS ***
Dealt to Mahu2021 [2d Qc]
BirdGovoryn: raises 290 to 370 and is all-in
Mahu2021: folds 
Uncalled bet (290) returned to BirdGovoryn
BirdGovoryn collected 160 from pot
*** SUMMARY ***
Total pot 160 | Rake 0 
Seat 1: Mahu2021 (big blind) folded before Flop
Seat 2: BirdGovoryn (button) (small blind) collected (160)



PokerStars Hand #243005938853: Tournament #3575525348, $0.92+$0.08 USD Hold'em No Limit - Level V (40/80) - 2023/04/10 17:30:43 CET [2023/04/10 11:30:43 ET]
Table '3575525348 1' 3-max Seat #1 is the button
Seat 1: Mahu2021 (1050 in chips) 
Seat 2: BirdGovoryn (450 in chips) 
Mahu2021: posts small blind 40
BirdGovoryn: posts big blind 80
*** HOLE CARDS ***
Dealt to Mahu2021 [Qc 6d]
Mahu2021: calls 40
BirdGovoryn: checks 
*** FLOP *** [6h 7s Qs]
BirdGovoryn: checks 
Mahu2021: checks 
*** TURN *** [6h 7s Qs] [3s]
BirdGovoryn: bets 80
Mahu2021: calls 80
*** RIVER *** [6h 7s Qs 3s] [Jc]
BirdGovoryn: bets 80
Mahu2021: calls 80
*** SHOW DOWN ***
BirdGovoryn: shows [4c 7d] (a pair of Sevens)
Mahu2021: shows [Qc 6d] (two pair, Queens and Sixes)
Mahu2021 collected 480 from pot
*** SUMMARY ***
Total pot 480 | Rake 0 
Board [6h 7s Qs 3s Jc]
Seat 1: Mahu2021 (button) (small blind) showed [Qc 6d] and won (480) with two pair, Queens and Sixes
Seat 2: BirdGovoryn (big blind) showed [4c 7d] and lost with a pair of Sevens



PokerStars Hand #243005943542: Tournament #3575525348, $0.92+$0.08 USD Hold'em No Limit - Level V (40/80) - 2023/04/10 17:30:59 CET [2023/04/10 11:30:59 ET]
Table '3575525348 1' 3-max Seat #2 is the button
Seat 1: Mahu2021 (1290 in chips) 
Seat 2: BirdGovoryn (210 in chips) 
BirdGovoryn: posts small blind 40
Mahu2021: posts big blind 80
*** HOLE CARDS ***
Dealt to Mahu2021 [Kc 3s]
BirdGovoryn: raises 130 to 210 and is all-in
Mahu2021: calls 130
*** FLOP *** [5s 6d Jh]
*** TURN *** [5s 6d Jh] [Jd]
*** RIVER *** [5s 6d Jh Jd] [9d]
*** SHOW DOWN ***
Mahu2021: shows [Kc 3s] (a pair of Jacks)
BirdGovoryn: shows [9h 3h] (two pair, Jacks and Nines)
BirdGovoryn collected 420 from pot
*** SUMMARY ***
Total pot 420 | Rake 0 
Board [5s 6d Jh Jd 9d]
Seat 1: Mahu2021 (big blind) showed [Kc 3s] and lost with a pair of Jacks
Seat 2: BirdGovoryn (button) (small blind) showed [9h 3h] and won (420) with two pair, Jacks and Nines



PokerStars Hand #243005947069: Tournament #3575525348, $0.92+$0.08 USD Hold'em No Limit - Level V (40/80) - 2023/04/10 17:31:11 CET [2023/04/10 11:31:11 ET]
Table '3575525348 1' 3-max Seat #1 is the button
Seat 1: Mahu2021 (1080 in chips) 
Seat 2: BirdGovoryn (420 in chips) 
Mahu2021: posts small blind 40
BirdGovoryn: posts big blind 80
*** HOLE CARDS ***
Dealt to Mahu2021 [4s Ts]
Mahu2021: calls 40
BirdGovoryn: raises 340 to 420 and is all-in
Mahu2021: folds 
Uncalled bet (340) returned to BirdGovoryn
BirdGovoryn collected 160 from pot
*** SUMMARY ***
Total pot 160 | Rake 0 
Seat 1: Mahu2021 (button) (small blind) folded before Flop
Seat 2: BirdGovoryn (big blind) collected (160)



PokerStars Hand #243005949406: Tournament #3575525348, $0.92+$0.08 USD Hold'em No Limit - Level V (40/80) - 2023/04/10 17:31:19 CET [2023/04/10 11:31:19 ET]
Table '3575525348 1' 3-max Seat #2 is the button
Seat 1: Mahu2021 (1000 in chips) 
Seat 2: BirdGovoryn (500 in chips) 
BirdGovoryn: posts small blind 40
Mahu2021: posts big blind 80
*** HOLE CARDS ***
Dealt to Mahu2021 [Ts 3s]
BirdGovoryn: calls 40
Mahu2021: checks 
*** FLOP *** [6h 9d 8s]
Mahu2021: bets 80
BirdGovoryn: calls 80
*** TURN *** [6h 9d 8s] [3d]
Mahu2021: checks 
BirdGovoryn: checks 
*** RIVER *** [6h 9d 8s 3d] [9s]
Mahu2021: bets 840 and is all-in
BirdGovoryn: folds 
Uncalled bet (840) returned to Mahu2021
Mahu2021 collected 320 from pot
Mahu2021: doesn't show hand 
*** SUMMARY ***
Total pot 320 | Rake 0 
Board [6h 9d 8s 3d 9s]
Seat 1: Mahu2021 (big blind) collected (320)
Seat 2: BirdGovoryn (button) (small blind) folded on the River



PokerStars Hand #243005954737: Tournament #3575525348, $0.92+$0.08 USD Hold'em No Limit - Level V (40/80) - 2023/04/10 17:31:36 CET [2023/04/10 11:31:36 ET]
Table '3575525348 1' 3-max Seat #1 is the button
Seat 1: Mahu2021 (1160 in chips) 
Seat 2: BirdGovoryn (340 in chips) 
Mahu2021: posts small blind 40
BirdGovoryn: posts big blind 80
*** HOLE CARDS ***
Dealt to Mahu2021 [4d 8d]
Mahu2021: calls 40
BirdGovoryn: raises 260 to 340 and is all-in
Mahu2021: folds 
Uncalled bet (260) returned to BirdGovoryn
BirdGovoryn collected 160 from pot
*** SUMMARY ***
Total pot 160 | Rake 0 
Seat 1: Mahu2021 (button) (small blind) folded before Flop
Seat 2: BirdGovoryn (big blind) collected (160)



PokerStars Hand #243005956936: Tournament #3575525348, $0.92+$0.08 USD Hold'em No Limit - Level V (40/80) - 2023/04/10 17:31:43 CET [2023/04/10 11:31:43 ET]
Table '3575525348 1' 3-max Seat #2 is the button
Seat 1: Mahu2021 (1080 in chips) 
Seat 2: BirdGovoryn (420 in chips) 
BirdGovoryn: posts small blind 40
Mahu2021: posts big blind 80
*** HOLE CARDS ***
Dealt to Mahu2021 [7d 4c]
BirdGovoryn: raises 340 to 420 and is all-in
Mahu2021: folds 
Uncalled bet (340) returned to BirdGovoryn
BirdGovoryn collected 160 from pot
*** SUMMARY ***
Total pot 160 | Rake 0 
Seat 1: Mahu2021 (big blind) folded before Flop
Seat 2: BirdGovoryn (button) (small blind) collected (160)



PokerStars Hand #243005958929: Tournament #3575525348, $0.92+$0.08 USD Hold'em No Limit - Level V (40/80) - 2023/04/10 17:31:50 CET [2023/04/10 11:31:50 ET]
Table '3575525348 1' 3-max Seat #1 is the button
Seat 1: Mahu2021 (1000 in chips) 
Seat 2: BirdGovoryn (500 in chips) 
Mahu2021: posts small blind 40
BirdGovoryn: posts big blind 80
*** HOLE CARDS ***
Dealt to Mahu2021 [3d Ks]
Mahu2021: raises 920 to 1000 and is all-in
BirdGovoryn: folds 
Uncalled bet (920) returned to Mahu2021
Mahu2021 collected 160 from pot
Mahu2021: doesn't show hand 
*** SUMMARY ***
Total pot 160 | Rake 0 
Seat 1: Mahu2021 (button) (small blind) collected (160)
Seat 2: BirdGovoryn (big blind) folded before Flop



PokerStars Hand #243005963145: Tournament #3575525348, $0.92+$0.08 USD Hold'em No Limit - Level VI (50/100) - 2023/04/10 17:32:04 CET [2023/04/10 11:32:04 ET]
Table '3575525348 1' 3-max Seat #2 is the button
Seat 1: Mahu2021 (1080 in chips) 
Seat 2: BirdGovoryn (420 in chips) 
BirdGovoryn: posts small blind 50
Mahu2021: posts big blind 100
*** HOLE CARDS ***
Dealt to Mahu2021 [Kh 2s]
BirdGovoryn: raises 320 to 420 and is all-in
Mahu2021: calls 320
*** FLOP *** [4c Jd 7h]
*** TURN *** [4c Jd 7h] [6h]
*** RIVER *** [4c Jd 7h 6h] [Ah]
*** SHOW DOWN ***
Mahu2021: shows [Kh 2s] (high card Ace)
BirdGovoryn: shows [Kc Qs] (high card Ace - King+Queen kicker)
BirdGovoryn collected 840 from pot
*** SUMMARY ***
Total pot 840 | Rake 0 
Board [4c Jd 7h 6h Ah]
Seat 1: Mahu2021 (big blind) showed [Kh 2s] and lost with high card Ace
Seat 2: BirdGovoryn (button) (small blind) showed [Kc Qs] and won (840) with high card Ace



PokerStars Hand #243005966681: Tournament #3575525348, $0.92+$0.08 USD Hold'em No Limit - Level VI (50/100) - 2023/04/10 17:32:16 CET [2023/04/10 11:32:16 ET]
Table '3575525348 1' 3-max Seat #1 is the button
Seat 1: Mahu2021 (660 in chips) 
Seat 2: BirdGovoryn (840 in chips) 
Mahu2021: posts small blind 50
BirdGovoryn: posts big blind 100
*** HOLE CARDS ***
Dealt to Mahu2021 [3h 8d]
Mahu2021: folds 
Uncalled bet (50) returned to BirdGovoryn
BirdGovoryn collected 100 from pot
*** SUMMARY ***
Total pot 100 | Rake 0 
Seat 1: Mahu2021 (button) (small blind) folded before Flop
Seat 2: BirdGovoryn (big blind) collected (100)



PokerStars Hand #243005968106: Tournament #3575525348, $0.92+$0.08 USD Hold'em No Limit - Level VI (50/100) - 2023/04/10 17:32:20 CET [2023/04/10 11:32:20 ET]
Table '3575525348 1' 3-max Seat #2 is the button
Seat 1: Mahu2021 (610 in chips) 
Seat 2: BirdGovoryn (890 in chips) 
BirdGovoryn: posts small blind 50
Mahu2021: posts big blind 100
*** HOLE CARDS ***
Dealt to Mahu2021 [As 3c]
BirdGovoryn: raises 790 to 890 and is all-in
Mahu2021: calls 510 and is all-in
Uncalled bet (280) returned to BirdGovoryn
*** FLOP *** [Jc 6s 2d]
*** TURN *** [Jc 6s 2d] [Td]
*** RIVER *** [Jc 6s 2d Td] [Ah]
*** SHOW DOWN ***
Mahu2021: shows [As 3c] (a pair of Aces)
BirdGovoryn: shows [Ad 7d] (a pair of Aces - Jack+Ten+Seven kicker)
BirdGovoryn collected 1220 from pot
Mahu2021 finished the tournament in 2nd place
BirdGovoryn wins the tournament and receives $2.00 - congratulations!
*** SUMMARY ***
Total pot 1220 | Rake 0 
Board [Jc 6s 2d Td Ah]
Seat 1: Mahu2021 (big blind) showed [As 3c] and lost with a pair of Aces
Seat 2: BirdGovoryn (button) (small blind) showed [Ad 7d] and won (1220) with a pair of Aces



