PokerStars Hand #252892412916: Tournament #3811169400, $1.84+$0.16 USD Hold'em No Limit - Level I (10/20) - 2024/10/12 19:09:06 CET [2024/10/12 13:09:06 ET]
Table '3811169400 1' 3-max Seat #1 is the button
Seat 1: brunotj2303 (500 in chips) 
Seat 2: smoeh60 (500 in chips) 
Seat 3: Mahu2021 (500 in chips) 
smoeh60: posts small blind 10
Mahu2021: posts big blind 20
*** HOLE CARDS ***
Dealt to Mahu2021 [Qh Td]
brunotj2303: raises 20 to 40
smoeh60: calls 30
Mahu2021: calls 20
*** FLOP *** [4c 8c 9h]
smoeh60: checks 
Mahu2021: checks 
brunotj2303: checks 
*** TURN *** [4c 8c 9h] [6h]
smoeh60: checks 
Mahu2021: bets 80
brunotj2303: folds 
smoeh60: folds 
Uncalled bet (80) returned to Mahu2021
Mahu2021 collected 120 from pot
Mahu2021: doesn't show hand 
*** SUMMARY ***
Total pot 120 | Rake 0 
Board [4c 8c 9h 6h]
Seat 1: brunotj2303 (button) folded on the Turn
Seat 2: smoeh60 (small blind) folded on the Turn
Seat 3: Mahu2021 (big blind) collected (120)



PokerStars Hand #252892422712: Tournament #3811169400, $1.84+$0.16 USD Hold'em No Limit - Level I (10/20) - 2024/10/12 19:09:44 CET [2024/10/12 13:09:44 ET]
Table '3811169400 1' 3-max Seat #2 is the button
Seat 1: brunotj2303 (460 in chips) 
Seat 2: smoeh60 (460 in chips) 
Seat 3: Mahu2021 (580 in chips) 
Mahu2021: posts small blind 10
brunotj2303: posts big blind 20
*** HOLE CARDS ***
Dealt to Mahu2021 [6c Th]
smoeh60: folds 
Mahu2021: folds 
Uncalled bet (10) returned to brunotj2303
brunotj2303 collected 20 from pot
brunotj2303: doesn't show hand 
*** SUMMARY ***
Total pot 20 | Rake 0 
Seat 1: brunotj2303 (big blind) collected (20)
Seat 2: smoeh60 (button) folded before Flop (didn't bet)
Seat 3: Mahu2021 (small blind) folded before Flop



PokerStars Hand #252892424143: Tournament #3811169400, $1.84+$0.16 USD Hold'em No Limit - Level I (10/20) - 2024/10/12 19:09:50 CET [2024/10/12 13:09:50 ET]
Table '3811169400 1' 3-max Seat #3 is the button
Seat 1: brunotj2303 (470 in chips) 
Seat 2: smoeh60 (460 in chips) 
Seat 3: Mahu2021 (570 in chips) 
brunotj2303: posts small blind 10
smoeh60: posts big blind 20
*** HOLE CARDS ***
Dealt to Mahu2021 [Ah Qc]
Mahu2021: raises 20 to 40
brunotj2303: folds 
smoeh60: raises 20 to 60
Mahu2021: calls 20
*** FLOP *** [6d 4c 2h]
smoeh60: checks 
Mahu2021: checks 
*** TURN *** [6d 4c 2h] [Js]
smoeh60: checks 
Mahu2021: checks 
*** RIVER *** [6d 4c 2h Js] [5s]
smoeh60: checks 
Mahu2021: checks 
*** SHOW DOWN ***
smoeh60: shows [Kc 6s] (a pair of Sixes)
Mahu2021: mucks hand 
smoeh60 collected 130 from pot
*** SUMMARY ***
Total pot 130 | Rake 0 
Board [6d 4c 2h Js 5s]
Seat 1: brunotj2303 (small blind) folded before Flop
Seat 2: smoeh60 (big blind) showed [Kc 6s] and won (130) with a pair of Sixes
Seat 3: Mahu2021 (button) mucked [Ah Qc]



PokerStars Hand #252892429830: Tournament #3811169400, $1.84+$0.16 USD Hold'em No Limit - Level I (10/20) - 2024/10/12 19:10:12 CET [2024/10/12 13:10:12 ET]
Table '3811169400 1' 3-max Seat #1 is the button
Seat 1: brunotj2303 (460 in chips) 
Seat 2: smoeh60 (530 in chips) 
Seat 3: Mahu2021 (510 in chips) 
smoeh60: posts small blind 10
Mahu2021: posts big blind 20
*** HOLE CARDS ***
Dealt to Mahu2021 [7s 6h]
brunotj2303: raises 20 to 40
smoeh60: raises 20 to 60
Mahu2021: folds 
brunotj2303: calls 20
*** FLOP *** [Qc 9c 7h]
smoeh60: checks 
brunotj2303: checks 
*** TURN *** [Qc 9c 7h] [5s]
smoeh60: checks 
brunotj2303: bets 70
smoeh60: calls 70
*** RIVER *** [Qc 9c 7h 5s] [9d]
smoeh60: checks 
brunotj2303: bets 140
smoeh60: calls 140
*** SHOW DOWN ***
brunotj2303: shows [9h Kc] (three of a kind, Nines)
smoeh60: mucks hand 
brunotj2303 collected 560 from pot
*** SUMMARY ***
Total pot 560 | Rake 0 
Board [Qc 9c 7h 5s 9d]
Seat 1: brunotj2303 (button) showed [9h Kc] and won (560) with three of a kind, Nines
Seat 2: smoeh60 (small blind) mucked [Jd Kh]
Seat 3: Mahu2021 (big blind) folded before Flop



PokerStars Hand #252892441486: Tournament #3811169400, $1.84+$0.16 USD Hold'em No Limit - Level I (10/20) - 2024/10/12 19:10:58 CET [2024/10/12 13:10:58 ET]
Table '3811169400 1' 3-max Seat #2 is the button
Seat 1: brunotj2303 (750 in chips) 
Seat 2: smoeh60 (260 in chips) 
Seat 3: Mahu2021 (490 in chips) 
Mahu2021: posts small blind 10
brunotj2303: posts big blind 20
*** HOLE CARDS ***
Dealt to Mahu2021 [Td 9h]
smoeh60: raises 180 to 200
Mahu2021: folds 
brunotj2303: folds 
Uncalled bet (180) returned to smoeh60
smoeh60 collected 50 from pot
*** SUMMARY ***
Total pot 50 | Rake 0 
Seat 1: brunotj2303 (big blind) folded before Flop
Seat 2: smoeh60 (button) collected (50)
Seat 3: Mahu2021 (small blind) folded before Flop



PokerStars Hand #252892443407: Tournament #3811169400, $1.84+$0.16 USD Hold'em No Limit - Level I (10/20) - 2024/10/12 19:11:05 CET [2024/10/12 13:11:05 ET]
Table '3811169400 1' 3-max Seat #3 is the button
Seat 1: brunotj2303 (730 in chips) 
Seat 2: smoeh60 (290 in chips) 
Seat 3: Mahu2021 (480 in chips) 
brunotj2303: posts small blind 10
smoeh60: posts big blind 20
*** HOLE CARDS ***
Dealt to Mahu2021 [Qc 4s]
Mahu2021: folds 
brunotj2303: folds 
Uncalled bet (10) returned to smoeh60
smoeh60 collected 20 from pot
*** SUMMARY ***
Total pot 20 | Rake 0 
Seat 1: brunotj2303 (small blind) folded before Flop
Seat 2: smoeh60 (big blind) collected (20)
Seat 3: Mahu2021 (button) folded before Flop (didn't bet)



PokerStars Hand #252892446060: Tournament #3811169400, $1.84+$0.16 USD Hold'em No Limit - Level II (15/30) - 2024/10/12 19:11:16 CET [2024/10/12 13:11:16 ET]
Table '3811169400 1' 3-max Seat #1 is the button
Seat 1: brunotj2303 (720 in chips) 
Seat 2: smoeh60 (300 in chips) 
Seat 3: Mahu2021 (480 in chips) 
smoeh60: posts small blind 15
Mahu2021: posts big blind 30
*** HOLE CARDS ***
Dealt to Mahu2021 [Qh 5d]
brunotj2303: folds 
smoeh60: raises 210 to 240
Mahu2021: folds 
Uncalled bet (210) returned to smoeh60
smoeh60 collected 60 from pot
*** SUMMARY ***
Total pot 60 | Rake 0 
Seat 1: brunotj2303 (button) folded before Flop (didn't bet)
Seat 2: smoeh60 (small blind) collected (60)
Seat 3: Mahu2021 (big blind) folded before Flop



PokerStars Hand #252892448556: Tournament #3811169400, $1.84+$0.16 USD Hold'em No Limit - Level II (15/30) - 2024/10/12 19:11:26 CET [2024/10/12 13:11:26 ET]
Table '3811169400 1' 3-max Seat #2 is the button
Seat 1: brunotj2303 (720 in chips) 
Seat 2: smoeh60 (330 in chips) 
Seat 3: Mahu2021 (450 in chips) 
Mahu2021: posts small blind 15
brunotj2303: posts big blind 30
*** HOLE CARDS ***
Dealt to Mahu2021 [Ad Kh]
smoeh60: raises 30 to 60
Mahu2021: calls 45
brunotj2303: calls 30
*** FLOP *** [7s 8s 4d]
Mahu2021: checks 
brunotj2303: checks 
smoeh60: checks 
*** TURN *** [7s 8s 4d] [Ts]
Mahu2021: checks 
brunotj2303: checks 
smoeh60: checks 
*** RIVER *** [7s 8s 4d Ts] [Qh]
Mahu2021: checks 
brunotj2303: checks 
smoeh60: checks 
*** SHOW DOWN ***
Mahu2021: shows [Ad Kh] (high card Ace)
brunotj2303: mucks hand 
smoeh60: shows [Jc 4s] (a pair of Fours)
smoeh60 collected 180 from pot
*** SUMMARY ***
Total pot 180 | Rake 0 
Board [7s 8s 4d Ts Qh]
Seat 1: brunotj2303 (big blind) mucked [Ac 5h]
Seat 2: smoeh60 (button) showed [Jc 4s] and won (180) with a pair of Fours
Seat 3: Mahu2021 (small blind) showed [Ad Kh] and lost with high card Ace



PokerStars Hand #252892460878: Tournament #3811169400, $1.84+$0.16 USD Hold'em No Limit - Level II (15/30) - 2024/10/12 19:12:14 CET [2024/10/12 13:12:14 ET]
Table '3811169400 1' 3-max Seat #3 is the button
Seat 1: brunotj2303 (660 in chips) 
Seat 2: smoeh60 (450 in chips) 
Seat 3: Mahu2021 (390 in chips) 
brunotj2303: posts small blind 15
smoeh60: posts big blind 30
*** HOLE CARDS ***
Dealt to Mahu2021 [Ah 5c]
Mahu2021: raises 30 to 60
brunotj2303: calls 45
smoeh60: raises 30 to 90
Mahu2021: calls 30
brunotj2303: calls 30
*** FLOP *** [2s 2h Ac]
brunotj2303: checks 
smoeh60: checks 
Mahu2021: bets 270
brunotj2303: calls 270
smoeh60: folds 
*** TURN *** [2s 2h Ac] [8c]
brunotj2303: checks 
Mahu2021: bets 30 and is all-in
brunotj2303: calls 30
*** RIVER *** [2s 2h Ac 8c] [9h]
*** SHOW DOWN ***
brunotj2303: shows [2d 2c] (four of a kind, Deuces)
Mahu2021: shows [Ah 5c] (two pair, Aces and Deuces)
brunotj2303 collected 870 from pot
Mahu2021 finished the tournament in 3rd place
*** SUMMARY ***
Total pot 870 | Rake 0 
Board [2s 2h Ac 8c 9h]
Seat 1: brunotj2303 (small blind) showed [2d 2c] and won (870) with four of a kind, Deuces
Seat 2: smoeh60 (big blind) folded on the Flop
Seat 3: Mahu2021 (button) showed [Ah 5c] and lost with two pair, Aces and Deuces



