PokerStars Hand #243069216178: Tournament #3576997735, $0.92+$0.08 USD Hold'em No Limit - Level I (10/20) - 2023/04/13 20:28:30 CET [2023/04/13 14:28:30 ET]
Table '3576997735 1' 3-max Seat #1 is the button
Seat 1: LLIalun (500 in chips) 
Seat 2: Mahu2021 (500 in chips) 
Seat 3: kilgrak (500 in chips) 
Mahu2021: posts small blind 10
kilgrak: posts big blind 20
*** HOLE CARDS ***
Dealt to Mahu2021 [Jd 4s]
LLIalun: raises 20 to 40
Mahu2021: folds 
kilgrak: folds 
Uncalled bet (20) returned to LLIalun
LLIalun collected 50 from pot
LLIalun: doesn't show hand 
*** SUMMARY ***
Total pot 50 | Rake 0 
Seat 1: LLIalun (button) collected (50)
Seat 2: Mahu2021 (small blind) folded before Flop
Seat 3: kilgrak (big blind) folded before Flop



PokerStars Hand #243069217789: Tournament #3576997735, $0.92+$0.08 USD Hold'em No Limit - Level I (10/20) - 2023/04/13 20:28:35 CET [2023/04/13 14:28:35 ET]
Table '3576997735 1' 3-max Seat #2 is the button
Seat 1: LLIalun (530 in chips) 
Seat 2: Mahu2021 (490 in chips) 
Seat 3: kilgrak (480 in chips) 
kilgrak: posts small blind 10
LLIalun: posts big blind 20
*** HOLE CARDS ***
Dealt to Mahu2021 [Qs As]
Mahu2021: raises 20 to 40
kilgrak: calls 30
LLIalun: folds 
*** FLOP *** [Qc 3c 9d]
kilgrak: checks 
Mahu2021: bets 100
kilgrak: calls 100
*** TURN *** [Qc 3c 9d] [2d]
kilgrak: bets 150
Mahu2021: raises 200 to 350 and is all-in
kilgrak: calls 190 and is all-in
Uncalled bet (10) returned to Mahu2021
*** RIVER *** [Qc 3c 9d 2d] [7c]
*** SHOW DOWN ***
kilgrak: shows [Kd Qd] (a pair of Queens)
Mahu2021: shows [Qs As] (a pair of Queens - Ace kicker)
Mahu2021 collected 980 from pot
kilgrak finished the tournament in 3rd place
*** SUMMARY ***
Total pot 980 | Rake 0 
Board [Qc 3c 9d 2d 7c]
Seat 1: LLIalun (big blind) folded before Flop
Seat 2: Mahu2021 (button) showed [Qs As] and won (980) with a pair of Queens
Seat 3: kilgrak (small blind) showed [Kd Qd] and lost with a pair of Queens



PokerStars Hand #243069227899: Tournament #3576997735, $0.92+$0.08 USD Hold'em No Limit - Level I (10/20) - 2023/04/13 20:29:03 CET [2023/04/13 14:29:03 ET]
Table '3576997735 1' 3-max Seat #1 is the button
Seat 1: LLIalun (510 in chips) 
Seat 2: Mahu2021 (990 in chips) 
LLIalun: posts small blind 10
Mahu2021: posts big blind 20
*** HOLE CARDS ***
Dealt to Mahu2021 [7c 6c]
LLIalun: calls 10
Mahu2021: raises 20 to 40
LLIalun: calls 20
*** FLOP *** [4h Td 9h]
Mahu2021: checks 
LLIalun: bets 40
Mahu2021: folds 
Uncalled bet (40) returned to LLIalun
LLIalun collected 80 from pot
LLIalun: doesn't show hand 
*** SUMMARY ***
Total pot 80 | Rake 0 
Board [4h Td 9h]
Seat 1: LLIalun (button) (small blind) collected (80)
Seat 2: Mahu2021 (big blind) folded on the Flop



PokerStars Hand #243069237119: Tournament #3576997735, $0.92+$0.08 USD Hold'em No Limit - Level I (10/20) - 2023/04/13 20:29:28 CET [2023/04/13 14:29:28 ET]
Table '3576997735 1' 3-max Seat #2 is the button
Seat 1: LLIalun (550 in chips) 
Seat 2: Mahu2021 (950 in chips) 
Mahu2021: posts small blind 10
LLIalun: posts big blind 20
*** HOLE CARDS ***
Dealt to Mahu2021 [9d 8c]
Mahu2021: calls 10
LLIalun: checks 
*** FLOP *** [4h 6d 2c]
LLIalun: checks 
Mahu2021: bets 20
LLIalun: calls 20
*** TURN *** [4h 6d 2c] [Ah]
LLIalun: checks 
Mahu2021: checks 
*** RIVER *** [4h 6d 2c Ah] [Jc]
LLIalun: checks 
Mahu2021: bets 80
LLIalun: folds 
Uncalled bet (80) returned to Mahu2021
Mahu2021 collected 80 from pot
Mahu2021: doesn't show hand 
*** SUMMARY ***
Total pot 80 | Rake 0 
Board [4h 6d 2c Ah Jc]
Seat 1: LLIalun (big blind) folded on the River
Seat 2: Mahu2021 (button) (small blind) collected (80)



PokerStars Hand #243069253353: Tournament #3576997735, $0.92+$0.08 USD Hold'em No Limit - Level I (10/20) - 2023/04/13 20:30:13 CET [2023/04/13 14:30:13 ET]
Table '3576997735 1' 3-max Seat #1 is the button
Seat 1: LLIalun (510 in chips) 
Seat 2: Mahu2021 (990 in chips) 
LLIalun: posts small blind 10
Mahu2021: posts big blind 20
*** HOLE CARDS ***
Dealt to Mahu2021 [5h 7h]
LLIalun: folds 
Uncalled bet (10) returned to Mahu2021
Mahu2021 collected 20 from pot
Mahu2021: doesn't show hand 
*** SUMMARY ***
Total pot 20 | Rake 0 
Seat 1: LLIalun (button) (small blind) folded before Flop
Seat 2: Mahu2021 (big blind) collected (20)



PokerStars Hand #243069254846: Tournament #3576997735, $0.92+$0.08 USD Hold'em No Limit - Level I (10/20) - 2023/04/13 20:30:17 CET [2023/04/13 14:30:17 ET]
Table '3576997735 1' 3-max Seat #2 is the button
Seat 1: LLIalun (500 in chips) 
Seat 2: Mahu2021 (1000 in chips) 
Mahu2021: posts small blind 10
LLIalun: posts big blind 20
*** HOLE CARDS ***
Dealt to Mahu2021 [Ac Th]
Mahu2021: raises 20 to 40
LLIalun: calls 20
*** FLOP *** [Js Ad 2c]
LLIalun: checks 
Mahu2021: bets 40
LLIalun: folds 
Uncalled bet (40) returned to Mahu2021
Mahu2021 collected 80 from pot
Mahu2021: doesn't show hand 
*** SUMMARY ***
Total pot 80 | Rake 0 
Board [Js Ad 2c]
Seat 1: LLIalun (big blind) folded on the Flop
Seat 2: Mahu2021 (button) (small blind) collected (80)



PokerStars Hand #243069263172: Tournament #3576997735, $0.92+$0.08 USD Hold'em No Limit - Level I (10/20) - 2023/04/13 20:30:40 CET [2023/04/13 14:30:40 ET]
Table '3576997735 1' 3-max Seat #1 is the button
Seat 1: LLIalun (460 in chips) 
Seat 2: Mahu2021 (1040 in chips) 
LLIalun: posts small blind 10
Mahu2021: posts big blind 20
*** HOLE CARDS ***
Dealt to Mahu2021 [Ts 5h]
LLIalun: calls 10
Mahu2021: checks 
*** FLOP *** [Qs Kd 9h]
Mahu2021: checks 
LLIalun: checks 
*** TURN *** [Qs Kd 9h] [3h]
Mahu2021: checks 
LLIalun: checks 
*** RIVER *** [Qs Kd 9h 3h] [9c]
Mahu2021: checks 
LLIalun: checks 
*** SHOW DOWN ***
Mahu2021: shows [Ts 5h] (a pair of Nines)
LLIalun: mucks hand 
Mahu2021 collected 40 from pot
*** SUMMARY ***
Total pot 40 | Rake 0 
Board [Qs Kd 9h 3h 9c]
Seat 1: LLIalun (button) (small blind) mucked [5s 8s]
Seat 2: Mahu2021 (big blind) showed [Ts 5h] and won (40) with a pair of Nines



PokerStars Hand #243069272639: Tournament #3576997735, $0.92+$0.08 USD Hold'em No Limit - Level I (10/20) - 2023/04/13 20:31:05 CET [2023/04/13 14:31:05 ET]
Table '3576997735 1' 3-max Seat #2 is the button
Seat 1: LLIalun (440 in chips) 
Seat 2: Mahu2021 (1060 in chips) 
Mahu2021: posts small blind 10
LLIalun: posts big blind 20
*** HOLE CARDS ***
Dealt to Mahu2021 [8d As]
Mahu2021: raises 20 to 40
LLIalun: raises 400 to 440 and is all-in
Mahu2021: folds 
Uncalled bet (400) returned to LLIalun
LLIalun collected 80 from pot
LLIalun: doesn't show hand 
*** SUMMARY ***
Total pot 80 | Rake 0 
Seat 1: LLIalun (big blind) collected (80)
Seat 2: Mahu2021 (button) (small blind) folded before Flop



PokerStars Hand #243069277772: Tournament #3576997735, $0.92+$0.08 USD Hold'em No Limit - Level I (10/20) - 2023/04/13 20:31:19 CET [2023/04/13 14:31:19 ET]
Table '3576997735 1' 3-max Seat #1 is the button
Seat 1: LLIalun (480 in chips) 
Seat 2: Mahu2021 (1020 in chips) 
LLIalun: posts small blind 10
Mahu2021: posts big blind 20
*** HOLE CARDS ***
Dealt to Mahu2021 [Kd Ah]
LLIalun: calls 10
Mahu2021: raises 1000 to 1020 and is all-in
LLIalun: folds 
Uncalled bet (1000) returned to Mahu2021
Mahu2021 collected 40 from pot
Mahu2021: doesn't show hand 
*** SUMMARY ***
Total pot 40 | Rake 0 
Seat 1: LLIalun (button) (small blind) folded before Flop
Seat 2: Mahu2021 (big blind) collected (40)



PokerStars Hand #243069288220: Tournament #3576997735, $0.92+$0.08 USD Hold'em No Limit - Level II (15/30) - 2023/04/13 20:31:48 CET [2023/04/13 14:31:48 ET]
Table '3576997735 1' 3-max Seat #2 is the button
Seat 1: LLIalun (460 in chips) 
Seat 2: Mahu2021 (1040 in chips) 
Mahu2021: posts small blind 15
LLIalun: posts big blind 30
*** HOLE CARDS ***
Dealt to Mahu2021 [2h 6h]
Mahu2021: calls 15
LLIalun: raises 430 to 460 and is all-in
Mahu2021: folds 
Uncalled bet (430) returned to LLIalun
LLIalun collected 60 from pot
LLIalun: doesn't show hand 
*** SUMMARY ***
Total pot 60 | Rake 0 
Seat 1: LLIalun (big blind) collected (60)
Seat 2: Mahu2021 (button) (small blind) folded before Flop



PokerStars Hand #243069291147: Tournament #3576997735, $0.92+$0.08 USD Hold'em No Limit - Level II (15/30) - 2023/04/13 20:31:56 CET [2023/04/13 14:31:56 ET]
Table '3576997735 1' 3-max Seat #1 is the button
Seat 1: LLIalun (490 in chips) 
Seat 2: Mahu2021 (1010 in chips) 
LLIalun: posts small blind 15
Mahu2021: posts big blind 30
*** HOLE CARDS ***
Dealt to Mahu2021 [Tc Ks]
LLIalun: calls 15
Mahu2021: raises 980 to 1010 and is all-in
LLIalun: folds 
Uncalled bet (980) returned to Mahu2021
Mahu2021 collected 60 from pot
Mahu2021: doesn't show hand 
*** SUMMARY ***
Total pot 60 | Rake 0 
Seat 1: LLIalun (button) (small blind) folded before Flop
Seat 2: Mahu2021 (big blind) collected (60)



PokerStars Hand #243069294634: Tournament #3576997735, $0.92+$0.08 USD Hold'em No Limit - Level II (15/30) - 2023/04/13 20:32:06 CET [2023/04/13 14:32:06 ET]
Table '3576997735 1' 3-max Seat #2 is the button
Seat 1: LLIalun (460 in chips) 
Seat 2: Mahu2021 (1040 in chips) 
Mahu2021: posts small blind 15
LLIalun: posts big blind 30
*** HOLE CARDS ***
Dealt to Mahu2021 [3c 6d]
Mahu2021: calls 15
LLIalun: raises 430 to 460 and is all-in
Mahu2021: folds 
Uncalled bet (430) returned to LLIalun
LLIalun collected 60 from pot
LLIalun: doesn't show hand 
*** SUMMARY ***
Total pot 60 | Rake 0 
Seat 1: LLIalun (big blind) collected (60)
Seat 2: Mahu2021 (button) (small blind) folded before Flop



PokerStars Hand #243069297523: Tournament #3576997735, $0.92+$0.08 USD Hold'em No Limit - Level II (15/30) - 2023/04/13 20:32:14 CET [2023/04/13 14:32:14 ET]
Table '3576997735 1' 3-max Seat #1 is the button
Seat 1: LLIalun (490 in chips) 
Seat 2: Mahu2021 (1010 in chips) 
LLIalun: posts small blind 15
Mahu2021: posts big blind 30
*** HOLE CARDS ***
Dealt to Mahu2021 [7s Ad]
LLIalun: calls 15
Mahu2021: checks 
*** FLOP *** [8h 5c Td]
Mahu2021: checks 
LLIalun: checks 
*** TURN *** [8h 5c Td] [9h]
Mahu2021: checks 
LLIalun: bets 30
Mahu2021: calls 30
*** RIVER *** [8h 5c Td 9h] [3h]
Mahu2021: checks 
LLIalun: checks 
*** SHOW DOWN ***
Mahu2021: shows [7s Ad] (high card Ace)
LLIalun: shows [5h 7d] (a pair of Fives)
LLIalun collected 120 from pot
*** SUMMARY ***
Total pot 120 | Rake 0 
Board [8h 5c Td 9h 3h]
Seat 1: LLIalun (button) (small blind) showed [5h 7d] and won (120) with a pair of Fives
Seat 2: Mahu2021 (big blind) showed [7s Ad] and lost with high card Ace



PokerStars Hand #243069306170: Tournament #3576997735, $0.92+$0.08 USD Hold'em No Limit - Level II (15/30) - 2023/04/13 20:32:37 CET [2023/04/13 14:32:37 ET]
Table '3576997735 1' 3-max Seat #2 is the button
Seat 1: LLIalun (550 in chips) 
Seat 2: Mahu2021 (950 in chips) 
Mahu2021: posts small blind 15
LLIalun: posts big blind 30
*** HOLE CARDS ***
Dealt to Mahu2021 [Kc Jc]
Mahu2021: raises 30 to 60
LLIalun: raises 490 to 550 and is all-in
Mahu2021: calls 490
*** FLOP *** [3s 9h 9c]
*** TURN *** [3s 9h 9c] [4c]
*** RIVER *** [3s 9h 9c 4c] [4s]
*** SHOW DOWN ***
LLIalun: shows [8h 8d] (two pair, Nines and Eights)
Mahu2021: shows [Kc Jc] (two pair, Nines and Fours)
LLIalun collected 1100 from pot
*** SUMMARY ***
Total pot 1100 | Rake 0 
Board [3s 9h 9c 4c 4s]
Seat 1: LLIalun (big blind) showed [8h 8d] and won (1100) with two pair, Nines and Eights
Seat 2: Mahu2021 (button) (small blind) showed [Kc Jc] and lost with two pair, Nines and Fours



PokerStars Hand #243069311905: Tournament #3576997735, $0.92+$0.08 USD Hold'em No Limit - Level II (15/30) - 2023/04/13 20:32:53 CET [2023/04/13 14:32:53 ET]
Table '3576997735 1' 3-max Seat #1 is the button
Seat 1: LLIalun (1100 in chips) 
Seat 2: Mahu2021 (400 in chips) 
LLIalun: posts small blind 15
Mahu2021: posts big blind 30
*** HOLE CARDS ***
Dealt to Mahu2021 [Ts Jc]
LLIalun: folds 
Uncalled bet (15) returned to Mahu2021
Mahu2021 collected 30 from pot
Mahu2021: doesn't show hand 
*** SUMMARY ***
Total pot 30 | Rake 0 
Seat 1: LLIalun (button) (small blind) folded before Flop
Seat 2: Mahu2021 (big blind) collected (30)



PokerStars Hand #243069313612: Tournament #3576997735, $0.92+$0.08 USD Hold'em No Limit - Level II (15/30) - 2023/04/13 20:32:58 CET [2023/04/13 14:32:58 ET]
Table '3576997735 1' 3-max Seat #2 is the button
Seat 1: LLIalun (1085 in chips) 
Seat 2: Mahu2021 (415 in chips) 
Mahu2021: posts small blind 15
LLIalun: posts big blind 30
*** HOLE CARDS ***
Dealt to Mahu2021 [6s 5c]
Mahu2021: calls 15
LLIalun: checks 
*** FLOP *** [5h 8s 6d]
LLIalun: checks 
Mahu2021: bets 30
LLIalun: folds 
Uncalled bet (30) returned to Mahu2021
Mahu2021 collected 60 from pot
Mahu2021: doesn't show hand 
*** SUMMARY ***
Total pot 60 | Rake 0 
Board [5h 8s 6d]
Seat 1: LLIalun (big blind) folded on the Flop
Seat 2: Mahu2021 (button) (small blind) collected (60)



PokerStars Hand #243069318357: Tournament #3576997735, $0.92+$0.08 USD Hold'em No Limit - Level II (15/30) - 2023/04/13 20:33:11 CET [2023/04/13 14:33:11 ET]
Table '3576997735 1' 3-max Seat #1 is the button
Seat 1: LLIalun (1055 in chips) 
Seat 2: Mahu2021 (445 in chips) 
LLIalun: posts small blind 15
Mahu2021: posts big blind 30
*** HOLE CARDS ***
Dealt to Mahu2021 [Kc Ks]
LLIalun: raises 1025 to 1055 and is all-in
Mahu2021: calls 415 and is all-in
Uncalled bet (610) returned to LLIalun
*** FLOP *** [8h 4c 7c]
*** TURN *** [8h 4c 7c] [8s]
*** RIVER *** [8h 4c 7c 8s] [8c]
*** SHOW DOWN ***
Mahu2021: shows [Kc Ks] (a full house, Eights full of Kings)
LLIalun: shows [3c Ah] (three of a kind, Eights)
Mahu2021 collected 890 from pot
*** SUMMARY ***
Total pot 890 | Rake 0 
Board [8h 4c 7c 8s 8c]
Seat 1: LLIalun (button) (small blind) showed [3c Ah] and lost with three of a kind, Eights
Seat 2: Mahu2021 (big blind) showed [Kc Ks] and won (890) with a full house, Eights full of Kings



PokerStars Hand #243069323004: Tournament #3576997735, $0.92+$0.08 USD Hold'em No Limit - Level II (15/30) - 2023/04/13 20:33:24 CET [2023/04/13 14:33:24 ET]
Table '3576997735 1' 3-max Seat #2 is the button
Seat 1: LLIalun (610 in chips) 
Seat 2: Mahu2021 (890 in chips) 
Mahu2021: posts small blind 15
LLIalun: posts big blind 30
*** HOLE CARDS ***
Dealt to Mahu2021 [4d Th]
Mahu2021: folds 
Uncalled bet (15) returned to LLIalun
LLIalun collected 30 from pot
LLIalun: doesn't show hand 
*** SUMMARY ***
Total pot 30 | Rake 0 
Seat 1: LLIalun (big blind) collected (30)
Seat 2: Mahu2021 (button) (small blind) folded before Flop



PokerStars Hand #243069324714: Tournament #3576997735, $0.92+$0.08 USD Hold'em No Limit - Level II (15/30) - 2023/04/13 20:33:28 CET [2023/04/13 14:33:28 ET]
Table '3576997735 1' 3-max Seat #1 is the button
Seat 1: LLIalun (625 in chips) 
Seat 2: Mahu2021 (875 in chips) 
LLIalun: posts small blind 15
Mahu2021: posts big blind 30
*** HOLE CARDS ***
Dealt to Mahu2021 [Ac 6s]
LLIalun: folds 
Uncalled bet (15) returned to Mahu2021
Mahu2021 collected 30 from pot
Mahu2021: doesn't show hand 
*** SUMMARY ***
Total pot 30 | Rake 0 
Seat 1: LLIalun (button) (small blind) folded before Flop
Seat 2: Mahu2021 (big blind) collected (30)



PokerStars Hand #243069328994: Tournament #3576997735, $0.92+$0.08 USD Hold'em No Limit - Level II (15/30) - 2023/04/13 20:33:40 CET [2023/04/13 14:33:40 ET]
Table '3576997735 1' 3-max Seat #2 is the button
Seat 1: LLIalun (610 in chips) 
Seat 2: Mahu2021 (890 in chips) 
Mahu2021: posts small blind 15
LLIalun: posts big blind 30
*** HOLE CARDS ***
Dealt to Mahu2021 [Ad Ks]
Mahu2021: calls 15
LLIalun: checks 
*** FLOP *** [Js 8d Ac]
LLIalun: checks 
Mahu2021: checks 
*** TURN *** [Js 8d Ac] [Qh]
LLIalun: checks 
Mahu2021: checks 
*** RIVER *** [Js 8d Ac Qh] [Qd]
LLIalun: checks 
Mahu2021: bets 60
LLIalun: calls 60
*** SHOW DOWN ***
Mahu2021: shows [Ad Ks] (two pair, Aces and Queens)
LLIalun: mucks hand 
Mahu2021 collected 180 from pot
*** SUMMARY ***
Total pot 180 | Rake 0 
Board [Js 8d Ac Qh Qd]
Seat 1: LLIalun (big blind) mucked [2h 2d]
Seat 2: Mahu2021 (button) (small blind) showed [Ad Ks] and won (180) with two pair, Aces and Queens



PokerStars Hand #243069337949: Tournament #3576997735, $0.92+$0.08 USD Hold'em No Limit - Level II (15/30) - 2023/04/13 20:34:05 CET [2023/04/13 14:34:05 ET]
Table '3576997735 1' 3-max Seat #1 is the button
Seat 1: LLIalun (520 in chips) 
Seat 2: Mahu2021 (980 in chips) 
LLIalun: posts small blind 15
Mahu2021: posts big blind 30
*** HOLE CARDS ***
Dealt to Mahu2021 [8h Td]
LLIalun: folds 
Uncalled bet (15) returned to Mahu2021
Mahu2021 collected 30 from pot
Mahu2021: doesn't show hand 
*** SUMMARY ***
Total pot 30 | Rake 0 
Seat 1: LLIalun (button) (small blind) folded before Flop
Seat 2: Mahu2021 (big blind) collected (30)



PokerStars Hand #243069344304: Tournament #3576997735, $0.92+$0.08 USD Hold'em No Limit - Level II (15/30) - 2023/04/13 20:34:22 CET [2023/04/13 14:34:22 ET]
Table '3576997735 1' 3-max Seat #2 is the button
Seat 1: LLIalun (505 in chips) 
Seat 2: Mahu2021 (995 in chips) 
Mahu2021: posts small blind 15
LLIalun: posts big blind 30
*** HOLE CARDS ***
Dealt to Mahu2021 [6c Kc]
Mahu2021: raises 30 to 60
LLIalun: raises 445 to 505 and is all-in
Mahu2021: folds 
Uncalled bet (445) returned to LLIalun
LLIalun collected 120 from pot
LLIalun: doesn't show hand 
*** SUMMARY ***
Total pot 120 | Rake 0 
Seat 1: LLIalun (big blind) collected (120)
Seat 2: Mahu2021 (button) (small blind) folded before Flop



PokerStars Hand #243069349115: Tournament #3576997735, $0.92+$0.08 USD Hold'em No Limit - Level III (20/40) - 2023/04/13 20:34:35 CET [2023/04/13 14:34:35 ET]
Table '3576997735 1' 3-max Seat #1 is the button
Seat 1: LLIalun (565 in chips) 
Seat 2: Mahu2021 (935 in chips) 
LLIalun: posts small blind 20
Mahu2021: posts big blind 40
*** HOLE CARDS ***
Dealt to Mahu2021 [Ah 2s]
LLIalun: calls 20
Mahu2021: checks 
*** FLOP *** [3s 7c Kc]
Mahu2021: checks 
LLIalun: checks 
*** TURN *** [3s 7c Kc] [Jc]
Mahu2021: bets 40
LLIalun: folds 
Uncalled bet (40) returned to Mahu2021
Mahu2021 collected 80 from pot
Mahu2021: doesn't show hand 
*** SUMMARY ***
Total pot 80 | Rake 0 
Board [3s 7c Kc Jc]
Seat 1: LLIalun (button) (small blind) folded on the Turn
Seat 2: Mahu2021 (big blind) collected (80)



PokerStars Hand #243069354478: Tournament #3576997735, $0.92+$0.08 USD Hold'em No Limit - Level III (20/40) - 2023/04/13 20:34:50 CET [2023/04/13 14:34:50 ET]
Table '3576997735 1' 3-max Seat #2 is the button
Seat 1: LLIalun (525 in chips) 
Seat 2: Mahu2021 (975 in chips) 
Mahu2021: posts small blind 20
LLIalun: posts big blind 40
*** HOLE CARDS ***
Dealt to Mahu2021 [Kc Tc]
Mahu2021: raises 40 to 80
LLIalun: raises 445 to 525 and is all-in
Mahu2021: calls 445
*** FLOP *** [Js Qc 8h]
*** TURN *** [Js Qc 8h] [As]
*** RIVER *** [Js Qc 8h As] [7c]
*** SHOW DOWN ***
LLIalun: shows [Jd Jh] (three of a kind, Jacks)
Mahu2021: shows [Kc Tc] (a straight, Ten to Ace)
Mahu2021 collected 1050 from pot
LLIalun finished the tournament in 2nd place
Mahu2021 wins the tournament and receives $3.00 - congratulations!
*** SUMMARY ***
Total pot 1050 | Rake 0 
Board [Js Qc 8h As 7c]
Seat 1: LLIalun (big blind) showed [Jd Jh] and lost with three of a kind, Jacks
Seat 2: Mahu2021 (button) (small blind) showed [Kc Tc] and won (1050) with a straight, Ten to Ace



