PokerStars Hand #243126893210: Tournament #3578353155, $0.92+$0.08 USD Hold'em No Limit - Level I (10/20) - 2023/04/16 15:52:34 CET [2023/04/16 9:52:34 ET]
Table '3578353155 1' 3-max Seat #1 is the button
Seat 1: Mahu2021 (500 in chips) 
Seat 2: jurodo (500 in chips) 
Seat 3: jeffke007lauwe (500 in chips) 
jurodo: posts small blind 10
jeffke007lauwe: posts big blind 20
*** HOLE CARDS ***
Dealt to Mahu2021 [3d 9h]
Mahu2021: folds 
jurodo: folds 
Uncalled bet (10) returned to jeffke007lauwe
jeffke007lauwe collected 20 from pot
*** SUMMARY ***
Total pot 20 | Rake 0 
Seat 1: Mahu2021 (button) folded before Flop (didn't bet)
Seat 2: jurodo (small blind) folded before Flop
Seat 3: jeffke007lauwe (big blind) collected (20)



PokerStars Hand #243126894710: Tournament #3578353155, $0.92+$0.08 USD Hold'em No Limit - Level I (10/20) - 2023/04/16 15:52:40 CET [2023/04/16 9:52:40 ET]
Table '3578353155 1' 3-max Seat #2 is the button
Seat 1: Mahu2021 (500 in chips) 
Seat 2: jurodo (490 in chips) 
Seat 3: jeffke007lauwe (510 in chips) 
jeffke007lauwe: posts small blind 10
Mahu2021: posts big blind 20
*** HOLE CARDS ***
Dealt to Mahu2021 [Kh 3d]
jurodo: raises 40 to 60
jeffke007lauwe: calls 50
Mahu2021: folds 
*** FLOP *** [As 6s 9c]
jeffke007lauwe: checks 
jurodo: checks 
*** TURN *** [As 6s 9c] [3s]
jeffke007lauwe: checks 
jurodo: checks 
*** RIVER *** [As 6s 9c 3s] [8c]
jeffke007lauwe: bets 140
jurodo: folds 
Uncalled bet (140) returned to jeffke007lauwe
jeffke007lauwe collected 140 from pot
*** SUMMARY ***
Total pot 140 | Rake 0 
Board [As 6s 9c 3s 8c]
Seat 1: Mahu2021 (big blind) folded before Flop
Seat 2: jurodo (button) folded on the River
Seat 3: jeffke007lauwe (small blind) collected (140)



PokerStars Hand #243126901305: Tournament #3578353155, $0.92+$0.08 USD Hold'em No Limit - Level I (10/20) - 2023/04/16 15:53:06 CET [2023/04/16 9:53:06 ET]
Table '3578353155 1' 3-max Seat #3 is the button
Seat 1: Mahu2021 (480 in chips) 
Seat 2: jurodo (430 in chips) 
Seat 3: jeffke007lauwe (590 in chips) 
Mahu2021: posts small blind 10
jurodo: posts big blind 20
*** HOLE CARDS ***
Dealt to Mahu2021 [Jh 5d]
jeffke007lauwe: calls 20
Mahu2021: folds 
jurodo: checks 
*** FLOP *** [6d 2s Qs]
jurodo: checks 
jeffke007lauwe: checks 
*** TURN *** [6d 2s Qs] [3s]
jurodo: checks 
jeffke007lauwe: checks 
*** RIVER *** [6d 2s Qs 3s] [6s]
jurodo: checks 
jeffke007lauwe: checks 
*** SHOW DOWN ***
jurodo: shows [Ts 5c] (a flush, Queen high)
jeffke007lauwe: mucks hand 
jurodo collected 50 from pot
*** SUMMARY ***
Total pot 50 | Rake 0 
Board [6d 2s Qs 3s 6s]
Seat 1: Mahu2021 (small blind) folded before Flop
Seat 2: jurodo (big blind) showed [Ts 5c] and won (50) with a flush, Queen high
Seat 3: jeffke007lauwe (button) mucked [7d Kh]



PokerStars Hand #243126908751: Tournament #3578353155, $0.92+$0.08 USD Hold'em No Limit - Level I (10/20) - 2023/04/16 15:53:35 CET [2023/04/16 9:53:35 ET]
Table '3578353155 1' 3-max Seat #1 is the button
Seat 1: Mahu2021 (470 in chips) 
Seat 2: jurodo (460 in chips) 
Seat 3: jeffke007lauwe (570 in chips) 
jurodo: posts small blind 10
jeffke007lauwe: posts big blind 20
*** HOLE CARDS ***
Dealt to Mahu2021 [2d 8h]
Mahu2021: folds 
jurodo: calls 10
jeffke007lauwe: checks 
*** FLOP *** [3s 3c 7c]
jurodo: checks 
jeffke007lauwe: checks 
*** TURN *** [3s 3c 7c] [7s]
jurodo: checks 
jeffke007lauwe: bets 40
jurodo: calls 40
*** RIVER *** [3s 3c 7c 7s] [Jh]
jurodo: checks 
jeffke007lauwe: checks 
*** SHOW DOWN ***
jurodo: shows [4s Qs] (two pair, Sevens and Threes)
jeffke007lauwe: shows [Qc Td] (two pair, Sevens and Threes)
jurodo collected 60 from pot
jeffke007lauwe collected 60 from pot
*** SUMMARY ***
Total pot 120 | Rake 0 
Board [3s 3c 7c 7s Jh]
Seat 1: Mahu2021 (button) folded before Flop (didn't bet)
Seat 2: jurodo (small blind) showed [4s Qs] and won (60) with two pair, Sevens and Threes
Seat 3: jeffke007lauwe (big blind) showed [Qc Td] and won (60) with two pair, Sevens and Threes



PokerStars Hand #243126917378: Tournament #3578353155, $0.92+$0.08 USD Hold'em No Limit - Level I (10/20) - 2023/04/16 15:54:08 CET [2023/04/16 9:54:08 ET]
Table '3578353155 1' 3-max Seat #2 is the button
Seat 1: Mahu2021 (470 in chips) 
Seat 2: jurodo (460 in chips) 
Seat 3: jeffke007lauwe (570 in chips) 
jeffke007lauwe: posts small blind 10
Mahu2021: posts big blind 20
*** HOLE CARDS ***
Dealt to Mahu2021 [5d 6h]
jurodo: folds 
jeffke007lauwe: calls 10
Mahu2021: checks 
*** FLOP *** [4c Tc Jd]
jeffke007lauwe: bets 20
Mahu2021: folds 
Uncalled bet (20) returned to jeffke007lauwe
jeffke007lauwe collected 40 from pot
*** SUMMARY ***
Total pot 40 | Rake 0 
Board [4c Tc Jd]
Seat 1: Mahu2021 (big blind) folded on the Flop
Seat 2: jurodo (button) folded before Flop (didn't bet)
Seat 3: jeffke007lauwe (small blind) collected (40)



PokerStars Hand #243126924770: Tournament #3578353155, $0.92+$0.08 USD Hold'em No Limit - Level I (10/20) - 2023/04/16 15:54:38 CET [2023/04/16 9:54:38 ET]
Table '3578353155 1' 3-max Seat #3 is the button
Seat 1: Mahu2021 (450 in chips) 
Seat 2: jurodo (460 in chips) 
Seat 3: jeffke007lauwe (590 in chips) 
Mahu2021: posts small blind 10
jurodo: posts big blind 20
*** HOLE CARDS ***
Dealt to Mahu2021 [Td 8c]
jeffke007lauwe: calls 20
Mahu2021: calls 10
jurodo: checks 
*** FLOP *** [Qd Ks 9c]
Mahu2021: checks 
jurodo: checks 
jeffke007lauwe: checks 
*** TURN *** [Qd Ks 9c] [6d]
Mahu2021: checks 
jurodo: bets 20
jeffke007lauwe: calls 20
Mahu2021: calls 20
*** RIVER *** [Qd Ks 9c 6d] [Jh]
Mahu2021: bets 120
jurodo: folds 
jeffke007lauwe: folds 
Uncalled bet (120) returned to Mahu2021
Mahu2021 collected 120 from pot
Mahu2021: doesn't show hand 
*** SUMMARY ***
Total pot 120 | Rake 0 
Board [Qd Ks 9c 6d Jh]
Seat 1: Mahu2021 (small blind) collected (120)
Seat 2: jurodo (big blind) folded on the River
Seat 3: jeffke007lauwe (button) folded on the River



PokerStars Hand #243126931558: Tournament #3578353155, $0.92+$0.08 USD Hold'em No Limit - Level I (10/20) - 2023/04/16 15:55:04 CET [2023/04/16 9:55:04 ET]
Table '3578353155 1' 3-max Seat #1 is the button
Seat 1: Mahu2021 (530 in chips) 
Seat 2: jurodo (420 in chips) 
Seat 3: jeffke007lauwe (550 in chips) 
jurodo: posts small blind 10
jeffke007lauwe: posts big blind 20
*** HOLE CARDS ***
Dealt to Mahu2021 [6h Jh]
Mahu2021: folds 
jurodo: calls 10
jeffke007lauwe: checks 
*** FLOP *** [Kc 9h 4h]
jurodo: bets 40
jeffke007lauwe: calls 40
*** TURN *** [Kc 9h 4h] [7s]
jurodo: bets 40
jeffke007lauwe: calls 40
*** RIVER *** [Kc 9h 4h 7s] [Jc]
jurodo: bets 40
jeffke007lauwe: calls 40
*** SHOW DOWN ***
jurodo: shows [Td Kd] (a pair of Kings)
jeffke007lauwe: mucks hand 
jurodo collected 280 from pot
*** SUMMARY ***
Total pot 280 | Rake 0 
Board [Kc 9h 4h 7s Jc]
Seat 1: Mahu2021 (button) folded before Flop (didn't bet)
Seat 2: jurodo (small blind) showed [Td Kd] and won (280) with a pair of Kings
Seat 3: jeffke007lauwe (big blind) mucked [8c 9d]



PokerStars Hand #243126938934: Tournament #3578353155, $0.92+$0.08 USD Hold'em No Limit - Level II (15/30) - 2023/04/16 15:55:40 CET [2023/04/16 9:55:40 ET]
Table '3578353155 1' 3-max Seat #2 is the button
Seat 1: Mahu2021 (530 in chips) 
Seat 2: jurodo (560 in chips) 
Seat 3: jeffke007lauwe (410 in chips) 
jeffke007lauwe: posts small blind 15
Mahu2021: posts big blind 30
*** HOLE CARDS ***
Dealt to Mahu2021 [Th Ah]
jurodo: calls 30
jeffke007lauwe: calls 15
Mahu2021: checks 
*** FLOP *** [7h 4d 9h]
jeffke007lauwe: checks 
Mahu2021: bets 90
jurodo: folds 
jeffke007lauwe: folds 
Uncalled bet (90) returned to Mahu2021
Mahu2021 collected 90 from pot
Mahu2021: doesn't show hand 
*** SUMMARY ***
Total pot 90 | Rake 0 
Board [7h 4d 9h]
Seat 1: Mahu2021 (big blind) collected (90)
Seat 2: jurodo (button) folded on the Flop
Seat 3: jeffke007lauwe (small blind) folded on the Flop



PokerStars Hand #243126943185: Tournament #3578353155, $0.92+$0.08 USD Hold'em No Limit - Level II (15/30) - 2023/04/16 15:56:01 CET [2023/04/16 9:56:01 ET]
Table '3578353155 1' 3-max Seat #3 is the button
Seat 1: Mahu2021 (590 in chips) 
Seat 2: jurodo (530 in chips) 
Seat 3: jeffke007lauwe (380 in chips) 
Mahu2021: posts small blind 15
jurodo: posts big blind 30
*** HOLE CARDS ***
Dealt to Mahu2021 [Ks 5h]
jeffke007lauwe: calls 30
Mahu2021: calls 15
jurodo: checks 
*** FLOP *** [Jc 9d 7h]
Mahu2021: checks 
jurodo: checks 
jeffke007lauwe: bets 30
Mahu2021: folds 
jurodo: calls 30
*** TURN *** [Jc 9d 7h] [3d]
jurodo: checks 
jeffke007lauwe: bets 30
jurodo: folds 
Uncalled bet (30) returned to jeffke007lauwe
jeffke007lauwe collected 150 from pot
*** SUMMARY ***
Total pot 150 | Rake 0 
Board [Jc 9d 7h 3d]
Seat 1: Mahu2021 (small blind) folded on the Flop
Seat 2: jurodo (big blind) folded on the Turn
Seat 3: jeffke007lauwe (button) collected (150)



PokerStars Hand #243126949832: Tournament #3578353155, $0.92+$0.08 USD Hold'em No Limit - Level II (15/30) - 2023/04/16 15:56:35 CET [2023/04/16 9:56:35 ET]
Table '3578353155 1' 3-max Seat #1 is the button
Seat 1: Mahu2021 (560 in chips) 
Seat 2: jurodo (470 in chips) 
Seat 3: jeffke007lauwe (470 in chips) 
jurodo: posts small blind 15
jeffke007lauwe: posts big blind 30
*** HOLE CARDS ***
Dealt to Mahu2021 [6s Qd]
Mahu2021: folds 
jurodo: calls 15
jeffke007lauwe: checks 
*** FLOP *** [Ah Ts Jc]
jurodo: bets 30
jeffke007lauwe: calls 30
*** TURN *** [Ah Ts Jc] [8d]
jurodo: bets 30
jeffke007lauwe: calls 30
*** RIVER *** [Ah Ts Jc 8d] [9s]
jurodo: bets 30
jeffke007lauwe: raises 120 to 150
jurodo: folds 
Uncalled bet (120) returned to jeffke007lauwe
jeffke007lauwe collected 240 from pot
*** SUMMARY ***
Total pot 240 | Rake 0 
Board [Ah Ts Jc 8d 9s]
Seat 1: Mahu2021 (button) folded before Flop (didn't bet)
Seat 2: jurodo (small blind) folded on the River
Seat 3: jeffke007lauwe (big blind) collected (240)



PokerStars Hand #243126955600: Tournament #3578353155, $0.92+$0.08 USD Hold'em No Limit - Level II (15/30) - 2023/04/16 15:57:04 CET [2023/04/16 9:57:04 ET]
Table '3578353155 1' 3-max Seat #2 is the button
Seat 1: Mahu2021 (560 in chips) 
Seat 2: jurodo (350 in chips) 
Seat 3: jeffke007lauwe (590 in chips) 
jeffke007lauwe: posts small blind 15
Mahu2021: posts big blind 30
*** HOLE CARDS ***
Dealt to Mahu2021 [Qd 8d]
jurodo: calls 30
jeffke007lauwe: calls 15
Mahu2021: checks 
*** FLOP *** [Qs 5s 7s]
jeffke007lauwe: checks 
Mahu2021: bets 30
jurodo: folds 
jeffke007lauwe: calls 30
*** TURN *** [Qs 5s 7s] [Qc]
jeffke007lauwe: checks 
Mahu2021: bets 150
jeffke007lauwe: calls 150
*** RIVER *** [Qs 5s 7s Qc] [8s]
jeffke007lauwe: checks 
Mahu2021: bets 350 and is all-in
jeffke007lauwe: calls 350
*** SHOW DOWN ***
Mahu2021: shows [Qd 8d] (a full house, Queens full of Eights)
jeffke007lauwe: shows [3h 6s] (a flush, Queen high)
Mahu2021 collected 1150 from pot
*** SUMMARY ***
Total pot 1150 | Rake 0 
Board [Qs 5s 7s Qc 8s]
Seat 1: Mahu2021 (big blind) showed [Qd 8d] and won (1150) with a full house, Queens full of Eights
Seat 2: jurodo (button) folded on the Flop
Seat 3: jeffke007lauwe (small blind) showed [3h 6s] and lost with a flush, Queen high



PokerStars Hand #243126963046: Tournament #3578353155, $0.92+$0.08 USD Hold'em No Limit - Level II (15/30) - 2023/04/16 15:57:40 CET [2023/04/16 9:57:40 ET]
Table '3578353155 1' 3-max Seat #3 is the button
Seat 1: Mahu2021 (1150 in chips) 
Seat 2: jurodo (320 in chips) 
Seat 3: jeffke007lauwe (30 in chips) 
Mahu2021: posts small blind 15
jurodo: posts big blind 30
*** HOLE CARDS ***
Dealt to Mahu2021 [8s As]
jeffke007lauwe: calls 30 and is all-in
Mahu2021: calls 15
jurodo: checks 
*** FLOP *** [6d Ks Ac]
Mahu2021: bets 30
jurodo: folds 
Uncalled bet (30) returned to Mahu2021
*** TURN *** [6d Ks Ac] [6s]
*** RIVER *** [6d Ks Ac 6s] [Jd]
*** SHOW DOWN ***
Mahu2021: shows [8s As] (two pair, Aces and Sixes)
jeffke007lauwe: shows [9c 8h] (a pair of Sixes)
Mahu2021 collected 90 from pot
jeffke007lauwe finished the tournament in 3rd place
*** SUMMARY ***
Total pot 90 | Rake 0 
Board [6d Ks Ac 6s Jd]
Seat 1: Mahu2021 (small blind) showed [8s As] and won (90) with two pair, Aces and Sixes
Seat 2: jurodo (big blind) folded on the Flop
Seat 3: jeffke007lauwe (button) showed [9c 8h] and lost with a pair of Sixes



PokerStars Hand #243126967011: Tournament #3578353155, $0.92+$0.08 USD Hold'em No Limit - Level II (15/30) - 2023/04/16 15:58:00 CET [2023/04/16 9:58:00 ET]
Table '3578353155 1' 3-max Seat #2 is the button
Seat 1: Mahu2021 (1210 in chips) 
Seat 2: jurodo (290 in chips) 
jurodo: posts small blind 15
Mahu2021: posts big blind 30
*** HOLE CARDS ***
Dealt to Mahu2021 [5c 9c]
jurodo: calls 15
Mahu2021: checks 
*** FLOP *** [2c 3c 7d]
Mahu2021: bets 30
jurodo: calls 30
*** TURN *** [2c 3c 7d] [Ts]
Mahu2021: bets 30
jurodo: calls 30
*** RIVER *** [2c 3c 7d Ts] [Th]
Mahu2021: bets 30
jurodo: calls 30
*** SHOW DOWN ***
Mahu2021: shows [5c 9c] (a pair of Tens)
jurodo: shows [7c 4h] (two pair, Tens and Sevens)
jurodo collected 240 from pot
*** SUMMARY ***
Total pot 240 | Rake 0 
Board [2c 3c 7d Ts Th]
Seat 1: Mahu2021 (big blind) showed [5c 9c] and lost with a pair of Tens
Seat 2: jurodo (button) (small blind) showed [7c 4h] and won (240) with two pair, Tens and Sevens



PokerStars Hand #243126970333: Tournament #3578353155, $0.92+$0.08 USD Hold'em No Limit - Level II (15/30) - 2023/04/16 15:58:16 CET [2023/04/16 9:58:16 ET]
Table '3578353155 1' 3-max Seat #1 is the button
Seat 1: Mahu2021 (1090 in chips) 
Seat 2: jurodo (410 in chips) 
Mahu2021: posts small blind 15
jurodo: posts big blind 30
*** HOLE CARDS ***
Dealt to Mahu2021 [4c Ad]
Mahu2021: raises 30 to 60
jurodo: calls 30
*** FLOP *** [Td Js 9d]
jurodo: checks 
Mahu2021: bets 60
jurodo: folds 
Uncalled bet (60) returned to Mahu2021
Mahu2021 collected 120 from pot
Mahu2021: doesn't show hand 
*** SUMMARY ***
Total pot 120 | Rake 0 
Board [Td Js 9d]
Seat 1: Mahu2021 (button) (small blind) collected (120)
Seat 2: jurodo (big blind) folded on the Flop



PokerStars Hand #243126972748: Tournament #3578353155, $0.92+$0.08 USD Hold'em No Limit - Level II (15/30) - 2023/04/16 15:58:28 CET [2023/04/16 9:58:28 ET]
Table '3578353155 1' 3-max Seat #2 is the button
Seat 1: Mahu2021 (1150 in chips) 
Seat 2: jurodo (350 in chips) 
jurodo: posts small blind 15
Mahu2021: posts big blind 30
*** HOLE CARDS ***
Dealt to Mahu2021 [Tc Ts]
jurodo: calls 15
Mahu2021: raises 1120 to 1150 and is all-in
jurodo: folds 
Uncalled bet (1120) returned to Mahu2021
Mahu2021 collected 60 from pot
Mahu2021: doesn't show hand 
*** SUMMARY ***
Total pot 60 | Rake 0 
Seat 1: Mahu2021 (big blind) collected (60)
Seat 2: jurodo (button) (small blind) folded before Flop



PokerStars Hand #243126975010: Tournament #3578353155, $0.92+$0.08 USD Hold'em No Limit - Level III (20/40) - 2023/04/16 15:58:40 CET [2023/04/16 9:58:40 ET]
Table '3578353155 1' 3-max Seat #1 is the button
Seat 1: Mahu2021 (1180 in chips) 
Seat 2: jurodo (320 in chips) 
Mahu2021: posts small blind 20
jurodo: posts big blind 40
*** HOLE CARDS ***
Dealt to Mahu2021 [Ah 3d]
Mahu2021: raises 40 to 80
jurodo: calls 40
*** FLOP *** [4s 2c 4c]
jurodo: checks 
Mahu2021: bets 1100 and is all-in
jurodo: folds 
Uncalled bet (1100) returned to Mahu2021
Mahu2021 collected 160 from pot
Mahu2021: doesn't show hand 
*** SUMMARY ***
Total pot 160 | Rake 0 
Board [4s 2c 4c]
Seat 1: Mahu2021 (button) (small blind) collected (160)
Seat 2: jurodo (big blind) folded on the Flop



PokerStars Hand #243126977728: Tournament #3578353155, $0.92+$0.08 USD Hold'em No Limit - Level III (20/40) - 2023/04/16 15:58:53 CET [2023/04/16 9:58:53 ET]
Table '3578353155 1' 3-max Seat #2 is the button
Seat 1: Mahu2021 (1260 in chips) 
Seat 2: jurodo (240 in chips) 
jurodo: posts small blind 20
Mahu2021: posts big blind 40
*** HOLE CARDS ***
Dealt to Mahu2021 [Tc 7s]
jurodo: calls 20
Mahu2021: checks 
*** FLOP *** [5h 2s Ad]
Mahu2021: checks 
jurodo: checks 
*** TURN *** [5h 2s Ad] [5c]
Mahu2021: checks 
jurodo: checks 
*** RIVER *** [5h 2s Ad 5c] [3d]
Mahu2021: bets 40
jurodo: raises 40 to 80
Mahu2021: folds 
Uncalled bet (40) returned to jurodo
jurodo collected 160 from pot
jurodo: doesn't show hand 
*** SUMMARY ***
Total pot 160 | Rake 0 
Board [5h 2s Ad 5c 3d]
Seat 1: Mahu2021 (big blind) folded on the River
Seat 2: jurodo (button) (small blind) collected (160)



PokerStars Hand #243126980997: Tournament #3578353155, $0.92+$0.08 USD Hold'em No Limit - Level III (20/40) - 2023/04/16 15:59:09 CET [2023/04/16 9:59:09 ET]
Table '3578353155 1' 3-max Seat #1 is the button
Seat 1: Mahu2021 (1180 in chips) 
Seat 2: jurodo (320 in chips) 
Mahu2021: posts small blind 20
jurodo: posts big blind 40
*** HOLE CARDS ***
Dealt to Mahu2021 [Td 2c]
Mahu2021: folds 
Uncalled bet (20) returned to jurodo
jurodo collected 40 from pot
jurodo: doesn't show hand 
*** SUMMARY ***
Total pot 40 | Rake 0 
Seat 1: Mahu2021 (button) (small blind) folded before Flop
Seat 2: jurodo (big blind) collected (40)



PokerStars Hand #243126981877: Tournament #3578353155, $0.92+$0.08 USD Hold'em No Limit - Level III (20/40) - 2023/04/16 15:59:14 CET [2023/04/16 9:59:14 ET]
Table '3578353155 1' 3-max Seat #2 is the button
Seat 1: Mahu2021 (1160 in chips) 
Seat 2: jurodo (340 in chips) 
jurodo: posts small blind 20
Mahu2021: posts big blind 40
*** HOLE CARDS ***
Dealt to Mahu2021 [7h 8d]
jurodo: calls 20
Mahu2021: checks 
*** FLOP *** [Js 3c 5h]
Mahu2021: checks 
jurodo: bets 40
Mahu2021: folds 
Uncalled bet (40) returned to jurodo
jurodo collected 80 from pot
jurodo: doesn't show hand 
*** SUMMARY ***
Total pot 80 | Rake 0 
Board [Js 3c 5h]
Seat 1: Mahu2021 (big blind) folded on the Flop
Seat 2: jurodo (button) (small blind) collected (80)



PokerStars Hand #243126984106: Tournament #3578353155, $0.92+$0.08 USD Hold'em No Limit - Level III (20/40) - 2023/04/16 15:59:25 CET [2023/04/16 9:59:25 ET]
Table '3578353155 1' 3-max Seat #1 is the button
Seat 1: Mahu2021 (1120 in chips) 
Seat 2: jurodo (380 in chips) 
Mahu2021: posts small blind 20
jurodo: posts big blind 40
*** HOLE CARDS ***
Dealt to Mahu2021 [7d 4d]
Mahu2021: calls 20
jurodo: checks 
*** FLOP *** [Jc Jh Tc]
jurodo: checks 
Mahu2021: bets 40
jurodo: folds 
Uncalled bet (40) returned to Mahu2021
Mahu2021 collected 80 from pot
Mahu2021: doesn't show hand 
*** SUMMARY ***
Total pot 80 | Rake 0 
Board [Jc Jh Tc]
Seat 1: Mahu2021 (button) (small blind) collected (80)
Seat 2: jurodo (big blind) folded on the Flop



PokerStars Hand #243126986647: Tournament #3578353155, $0.92+$0.08 USD Hold'em No Limit - Level III (20/40) - 2023/04/16 15:59:37 CET [2023/04/16 9:59:37 ET]
Table '3578353155 1' 3-max Seat #2 is the button
Seat 1: Mahu2021 (1160 in chips) 
Seat 2: jurodo (340 in chips) 
jurodo: posts small blind 20
Mahu2021: posts big blind 40
*** HOLE CARDS ***
Dealt to Mahu2021 [Qh Qd]
jurodo: calls 20
Mahu2021: raises 1120 to 1160 and is all-in
jurodo: folds 
Uncalled bet (1120) returned to Mahu2021
Mahu2021 collected 80 from pot
Mahu2021: doesn't show hand 
*** SUMMARY ***
Total pot 80 | Rake 0 
Seat 1: Mahu2021 (big blind) collected (80)
Seat 2: jurodo (button) (small blind) folded before Flop



PokerStars Hand #243126988189: Tournament #3578353155, $0.92+$0.08 USD Hold'em No Limit - Level III (20/40) - 2023/04/16 15:59:45 CET [2023/04/16 9:59:45 ET]
Table '3578353155 1' 3-max Seat #1 is the button
Seat 1: Mahu2021 (1200 in chips) 
Seat 2: jurodo (300 in chips) 
Mahu2021: posts small blind 20
jurodo: posts big blind 40
*** HOLE CARDS ***
Dealt to Mahu2021 [2d 9d]
Mahu2021: calls 20
jurodo: checks 
*** FLOP *** [6s Td Qh]
jurodo: checks 
Mahu2021: bets 40
jurodo: calls 40
*** TURN *** [6s Td Qh] [Ad]
jurodo: checks 
Mahu2021: checks 
*** RIVER *** [6s Td Qh Ad] [Ts]
jurodo: checks 
Mahu2021: checks 
*** SHOW DOWN ***
jurodo: shows [2s Th] (three of a kind, Tens)
Mahu2021: mucks hand 
jurodo collected 160 from pot
*** SUMMARY ***
Total pot 160 | Rake 0 
Board [6s Td Qh Ad Ts]
Seat 1: Mahu2021 (button) (small blind) mucked [2d 9d]
Seat 2: jurodo (big blind) showed [2s Th] and won (160) with three of a kind, Tens



PokerStars Hand #243126991982: Tournament #3578353155, $0.92+$0.08 USD Hold'em No Limit - Level III (20/40) - 2023/04/16 16:00:03 CET [2023/04/16 10:00:03 ET]
Table '3578353155 1' 3-max Seat #2 is the button
Seat 1: Mahu2021 (1120 in chips) 
Seat 2: jurodo (380 in chips) 
jurodo: posts small blind 20
Mahu2021: posts big blind 40
*** HOLE CARDS ***
Dealt to Mahu2021 [Ah Kh]
jurodo: calls 20
Mahu2021: raises 1080 to 1120 and is all-in
jurodo: folds 
Uncalled bet (1080) returned to Mahu2021
Mahu2021 collected 80 from pot
Mahu2021: doesn't show hand 
*** SUMMARY ***
Total pot 80 | Rake 0 
Seat 1: Mahu2021 (big blind) collected (80)
Seat 2: jurodo (button) (small blind) folded before Flop



PokerStars Hand #243126993472: Tournament #3578353155, $0.92+$0.08 USD Hold'em No Limit - Level III (20/40) - 2023/04/16 16:00:11 CET [2023/04/16 10:00:11 ET]
Table '3578353155 1' 3-max Seat #1 is the button
Seat 1: Mahu2021 (1160 in chips) 
Seat 2: jurodo (340 in chips) 
Mahu2021: posts small blind 20
jurodo: posts big blind 40
*** HOLE CARDS ***
Dealt to Mahu2021 [As 2h]
Mahu2021: calls 20
jurodo: checks 
*** FLOP *** [Qs 8d 5h]
jurodo: checks 
Mahu2021: bets 40
jurodo: folds 
Uncalled bet (40) returned to Mahu2021
Mahu2021 collected 80 from pot
Mahu2021: doesn't show hand 
*** SUMMARY ***
Total pot 80 | Rake 0 
Board [Qs 8d 5h]
Seat 1: Mahu2021 (button) (small blind) collected (80)
Seat 2: jurodo (big blind) folded on the Flop



PokerStars Hand #243126996027: Tournament #3578353155, $0.92+$0.08 USD Hold'em No Limit - Level III (20/40) - 2023/04/16 16:00:22 CET [2023/04/16 10:00:22 ET]
Table '3578353155 1' 3-max Seat #2 is the button
Seat 1: Mahu2021 (1200 in chips) 
Seat 2: jurodo (300 in chips) 
jurodo: posts small blind 20
Mahu2021: posts big blind 40
*** HOLE CARDS ***
Dealt to Mahu2021 [6s Qh]
jurodo: folds 
Uncalled bet (20) returned to Mahu2021
Mahu2021 collected 40 from pot
Mahu2021: doesn't show hand 
*** SUMMARY ***
Total pot 40 | Rake 0 
Seat 1: Mahu2021 (big blind) collected (40)
Seat 2: jurodo (button) (small blind) folded before Flop



PokerStars Hand #243126997201: Tournament #3578353155, $0.92+$0.08 USD Hold'em No Limit - Level III (20/40) - 2023/04/16 16:00:28 CET [2023/04/16 10:00:28 ET]
Table '3578353155 1' 3-max Seat #1 is the button
Seat 1: Mahu2021 (1220 in chips) 
Seat 2: jurodo (280 in chips) 
Mahu2021: posts small blind 20
jurodo: posts big blind 40
*** HOLE CARDS ***
Dealt to Mahu2021 [8s 2c]
Mahu2021: folds 
Uncalled bet (20) returned to jurodo
jurodo collected 40 from pot
jurodo: doesn't show hand 
*** SUMMARY ***
Total pot 40 | Rake 0 
Seat 1: Mahu2021 (button) (small blind) folded before Flop
Seat 2: jurodo (big blind) collected (40)



PokerStars Hand #243126998327: Tournament #3578353155, $0.92+$0.08 USD Hold'em No Limit - Level III (20/40) - 2023/04/16 16:00:33 CET [2023/04/16 10:00:33 ET]
Table '3578353155 1' 3-max Seat #2 is the button
Seat 1: Mahu2021 (1200 in chips) 
Seat 2: jurodo (300 in chips) 
jurodo: posts small blind 20
Mahu2021: posts big blind 40
*** HOLE CARDS ***
Dealt to Mahu2021 [2d 7c]
jurodo: raises 260 to 300 and is all-in
Mahu2021: folds 
Uncalled bet (260) returned to jurodo
jurodo collected 80 from pot
jurodo: doesn't show hand 
*** SUMMARY ***
Total pot 80 | Rake 0 
Seat 1: Mahu2021 (big blind) folded before Flop
Seat 2: jurodo (button) (small blind) collected (80)



PokerStars Hand #243126999666: Tournament #3578353155, $0.92+$0.08 USD Hold'em No Limit - Level III (20/40) - 2023/04/16 16:00:39 CET [2023/04/16 10:00:39 ET]
Table '3578353155 1' 3-max Seat #1 is the button
Seat 1: Mahu2021 (1160 in chips) 
Seat 2: jurodo (340 in chips) 
Mahu2021: posts small blind 20
jurodo: posts big blind 40
*** HOLE CARDS ***
Dealt to Mahu2021 [9d Ks]
Mahu2021: calls 20
jurodo: checks 
*** FLOP *** [7s Qd 4d]
jurodo: checks 
Mahu2021: bets 40
jurodo: calls 40
*** TURN *** [7s Qd 4d] [2c]
jurodo: checks 
Mahu2021: checks 
*** RIVER *** [7s Qd 4d 2c] [8c]
jurodo: checks 
Mahu2021: checks 
*** SHOW DOWN ***
jurodo: shows [5d 2d] (a pair of Deuces)
Mahu2021: mucks hand 
jurodo collected 160 from pot
*** SUMMARY ***
Total pot 160 | Rake 0 
Board [7s Qd 4d 2c 8c]
Seat 1: Mahu2021 (button) (small blind) mucked [9d Ks]
Seat 2: jurodo (big blind) showed [5d 2d] and won (160) with a pair of Deuces



PokerStars Hand #243127003593: Tournament #3578353155, $0.92+$0.08 USD Hold'em No Limit - Level III (20/40) - 2023/04/16 16:00:57 CET [2023/04/16 10:00:57 ET]
Table '3578353155 1' 3-max Seat #2 is the button
Seat 1: Mahu2021 (1080 in chips) 
Seat 2: jurodo (420 in chips) 
jurodo: posts small blind 20
Mahu2021: posts big blind 40
*** HOLE CARDS ***
Dealt to Mahu2021 [4h Jc]
jurodo: calls 20
Mahu2021: checks 
*** FLOP *** [5d Kd Ts]
Mahu2021: checks 
jurodo: checks 
*** TURN *** [5d Kd Ts] [Jd]
Mahu2021: bets 40
jurodo: folds 
Uncalled bet (40) returned to Mahu2021
Mahu2021 collected 80 from pot
Mahu2021: doesn't show hand 
*** SUMMARY ***
Total pot 80 | Rake 0 
Board [5d Kd Ts Jd]
Seat 1: Mahu2021 (big blind) collected (80)
Seat 2: jurodo (button) (small blind) folded on the Turn



PokerStars Hand #243127006934: Tournament #3578353155, $0.92+$0.08 USD Hold'em No Limit - Level III (20/40) - 2023/04/16 16:01:11 CET [2023/04/16 10:01:11 ET]
Table '3578353155 1' 3-max Seat #1 is the button
Seat 1: Mahu2021 (1120 in chips) 
Seat 2: jurodo (380 in chips) 
Mahu2021: posts small blind 20
jurodo: posts big blind 40
*** HOLE CARDS ***
Dealt to Mahu2021 [Ad Jh]
Mahu2021: raises 1080 to 1120 and is all-in
jurodo: folds 
Uncalled bet (1080) returned to Mahu2021
Mahu2021 collected 80 from pot
Mahu2021: doesn't show hand 
*** SUMMARY ***
Total pot 80 | Rake 0 
Seat 1: Mahu2021 (button) (small blind) collected (80)
Seat 2: jurodo (big blind) folded before Flop



PokerStars Hand #243127008754: Tournament #3578353155, $0.92+$0.08 USD Hold'em No Limit - Level III (20/40) - 2023/04/16 16:01:18 CET [2023/04/16 10:01:18 ET]
Table '3578353155 1' 3-max Seat #2 is the button
Seat 1: Mahu2021 (1160 in chips) 
Seat 2: jurodo (340 in chips) 
jurodo: posts small blind 20
Mahu2021: posts big blind 40
*** HOLE CARDS ***
Dealt to Mahu2021 [3h Td]
jurodo: calls 20
Mahu2021: checks 
*** FLOP *** [Qh 9c 6s]
Mahu2021: checks 
jurodo: checks 
*** TURN *** [Qh 9c 6s] [5c]
Mahu2021: bets 40
jurodo: calls 40
*** RIVER *** [Qh 9c 6s 5c] [5s]
Mahu2021: checks 
jurodo: checks 
*** SHOW DOWN ***
Mahu2021: shows [3h Td] (a pair of Fives)
jurodo: shows [Jc Ks] (a pair of Fives - King kicker)
jurodo collected 160 from pot
*** SUMMARY ***
Total pot 160 | Rake 0 
Board [Qh 9c 6s 5c 5s]
Seat 1: Mahu2021 (big blind) showed [3h Td] and lost with a pair of Fives
Seat 2: jurodo (button) (small blind) showed [Jc Ks] and won (160) with a pair of Fives



PokerStars Hand #243127013040: Tournament #3578353155, $0.92+$0.08 USD Hold'em No Limit - Level III (20/40) - 2023/04/16 16:01:35 CET [2023/04/16 10:01:35 ET]
Table '3578353155 1' 3-max Seat #1 is the button
Seat 1: Mahu2021 (1080 in chips) 
Seat 2: jurodo (420 in chips) 
Mahu2021: posts small blind 20
jurodo: posts big blind 40
*** HOLE CARDS ***
Dealt to Mahu2021 [4h Ad]
Mahu2021: raises 40 to 80
jurodo: calls 40
*** FLOP *** [3c 7d 6d]
jurodo: checks 
Mahu2021: bets 80
jurodo: raises 260 to 340 and is all-in
Mahu2021: folds 
Uncalled bet (260) returned to jurodo
jurodo collected 320 from pot
jurodo: doesn't show hand 
*** SUMMARY ***
Total pot 320 | Rake 0 
Board [3c 7d 6d]
Seat 1: Mahu2021 (button) (small blind) folded on the Flop
Seat 2: jurodo (big blind) collected (320)



PokerStars Hand #243127017878: Tournament #3578353155, $0.92+$0.08 USD Hold'em No Limit - Level IV (30/60) - 2023/04/16 16:01:54 CET [2023/04/16 10:01:54 ET]
Table '3578353155 1' 3-max Seat #2 is the button
Seat 1: Mahu2021 (920 in chips) 
Seat 2: jurodo (580 in chips) 
jurodo: posts small blind 30
Mahu2021: posts big blind 60
*** HOLE CARDS ***
Dealt to Mahu2021 [Ah Ts]
jurodo: calls 30
Mahu2021: raises 60 to 120
jurodo: calls 60
*** FLOP *** [Jc 5d Kc]
Mahu2021: bets 800 and is all-in
jurodo: folds 
Uncalled bet (800) returned to Mahu2021
Mahu2021 collected 240 from pot
Mahu2021: doesn't show hand 
*** SUMMARY ***
Total pot 240 | Rake 0 
Board [Jc 5d Kc]
Seat 1: Mahu2021 (big blind) collected (240)
Seat 2: jurodo (button) (small blind) folded on the Flop



PokerStars Hand #243127021953: Tournament #3578353155, $0.92+$0.08 USD Hold'em No Limit - Level IV (30/60) - 2023/04/16 16:02:10 CET [2023/04/16 10:02:10 ET]
Table '3578353155 1' 3-max Seat #1 is the button
Seat 1: Mahu2021 (1040 in chips) 
Seat 2: jurodo (460 in chips) 
Mahu2021: posts small blind 30
jurodo: posts big blind 60
*** HOLE CARDS ***
Dealt to Mahu2021 [7c 3c]
Mahu2021: calls 30
jurodo: checks 
*** FLOP *** [Ah 8h Jc]
jurodo: checks 
Mahu2021: bets 60
jurodo: folds 
Uncalled bet (60) returned to Mahu2021
Mahu2021 collected 120 from pot
Mahu2021: doesn't show hand 
*** SUMMARY ***
Total pot 120 | Rake 0 
Board [Ah 8h Jc]
Seat 1: Mahu2021 (button) (small blind) collected (120)
Seat 2: jurodo (big blind) folded on the Flop



PokerStars Hand #243127026149: Tournament #3578353155, $0.92+$0.08 USD Hold'em No Limit - Level IV (30/60) - 2023/04/16 16:02:26 CET [2023/04/16 10:02:26 ET]
Table '3578353155 1' 3-max Seat #2 is the button
Seat 1: Mahu2021 (1100 in chips) 
Seat 2: jurodo (400 in chips) 
jurodo: posts small blind 30
Mahu2021: posts big blind 60
*** HOLE CARDS ***
Dealt to Mahu2021 [Jd 3h]
jurodo: calls 30
Mahu2021: checks 
*** FLOP *** [2s 8s Qh]
Mahu2021: checks 
jurodo: checks 
*** TURN *** [2s 8s Qh] [Kc]
Mahu2021: checks 
jurodo: checks 
*** RIVER *** [2s 8s Qh Kc] [4s]
Mahu2021: checks 
jurodo: bets 120
Mahu2021: folds 
Uncalled bet (120) returned to jurodo
jurodo collected 120 from pot
jurodo: doesn't show hand 
*** SUMMARY ***
Total pot 120 | Rake 0 
Board [2s 8s Qh Kc 4s]
Seat 1: Mahu2021 (big blind) folded on the River
Seat 2: jurodo (button) (small blind) collected (120)



PokerStars Hand #243127031673: Tournament #3578353155, $0.92+$0.08 USD Hold'em No Limit - Level IV (30/60) - 2023/04/16 16:02:46 CET [2023/04/16 10:02:46 ET]
Table '3578353155 1' 3-max Seat #1 is the button
Seat 1: Mahu2021 (1040 in chips) 
Seat 2: jurodo (460 in chips) 
Mahu2021: posts small blind 30
jurodo: posts big blind 60
*** HOLE CARDS ***
Dealt to Mahu2021 [8s Ac]
Mahu2021: raises 980 to 1040 and is all-in
jurodo: folds 
Uncalled bet (980) returned to Mahu2021
Mahu2021 collected 120 from pot
Mahu2021: doesn't show hand 
*** SUMMARY ***
Total pot 120 | Rake 0 
Seat 1: Mahu2021 (button) (small blind) collected (120)
Seat 2: jurodo (big blind) folded before Flop



PokerStars Hand #243127033775: Tournament #3578353155, $0.92+$0.08 USD Hold'em No Limit - Level IV (30/60) - 2023/04/16 16:02:54 CET [2023/04/16 10:02:54 ET]
Table '3578353155 1' 3-max Seat #2 is the button
Seat 1: Mahu2021 (1100 in chips) 
Seat 2: jurodo (400 in chips) 
jurodo: posts small blind 30
Mahu2021: posts big blind 60
*** HOLE CARDS ***
Dealt to Mahu2021 [Qh 2s]
jurodo: calls 30
Mahu2021: checks 
*** FLOP *** [Jd Th 7d]
Mahu2021: checks 
jurodo: checks 
*** TURN *** [Jd Th 7d] [3s]
Mahu2021: bets 60
jurodo: folds 
Uncalled bet (60) returned to Mahu2021
Mahu2021 collected 120 from pot
Mahu2021: doesn't show hand 
*** SUMMARY ***
Total pot 120 | Rake 0 
Board [Jd Th 7d 3s]
Seat 1: Mahu2021 (big blind) collected (120)
Seat 2: jurodo (button) (small blind) folded on the Turn



PokerStars Hand #243127037906: Tournament #3578353155, $0.92+$0.08 USD Hold'em No Limit - Level IV (30/60) - 2023/04/16 16:03:10 CET [2023/04/16 10:03:10 ET]
Table '3578353155 1' 3-max Seat #1 is the button
Seat 1: Mahu2021 (1160 in chips) 
Seat 2: jurodo (340 in chips) 
Mahu2021: posts small blind 30
jurodo: posts big blind 60
*** HOLE CARDS ***
Dealt to Mahu2021 [Jd 8d]
Mahu2021: calls 30
jurodo: checks 
*** FLOP *** [Ah 6s 4c]
jurodo: checks 
Mahu2021: bets 60
jurodo: calls 60
*** TURN *** [Ah 6s 4c] [Jh]
jurodo: checks 
Mahu2021: checks 
*** RIVER *** [Ah 6s 4c Jh] [5d]
jurodo: checks 
Mahu2021: bets 60
jurodo: folds 
Uncalled bet (60) returned to Mahu2021
Mahu2021 collected 240 from pot
Mahu2021: doesn't show hand 
*** SUMMARY ***
Total pot 240 | Rake 0 
Board [Ah 6s 4c Jh 5d]
Seat 1: Mahu2021 (button) (small blind) collected (240)
Seat 2: jurodo (big blind) folded on the River



PokerStars Hand #243127045075: Tournament #3578353155, $0.92+$0.08 USD Hold'em No Limit - Level IV (30/60) - 2023/04/16 16:03:36 CET [2023/04/16 10:03:36 ET]
Table '3578353155 1' 3-max Seat #2 is the button
Seat 1: Mahu2021 (1280 in chips) 
Seat 2: jurodo (220 in chips) 
jurodo: posts small blind 30
Mahu2021: posts big blind 60
*** HOLE CARDS ***
Dealt to Mahu2021 [8d 4c]
jurodo: calls 30
Mahu2021: checks 
*** FLOP *** [3c Td 7d]
Mahu2021: checks 
jurodo: checks 
*** TURN *** [3c Td 7d] [Qs]
Mahu2021: checks 
jurodo: checks 
*** RIVER *** [3c Td 7d Qs] [6s]
Mahu2021: bets 60
jurodo: folds 
Uncalled bet (60) returned to Mahu2021
Mahu2021 collected 120 from pot
Mahu2021: doesn't show hand 
*** SUMMARY ***
Total pot 120 | Rake 0 
Board [3c Td 7d Qs 6s]
Seat 1: Mahu2021 (big blind) collected (120)
Seat 2: jurodo (button) (small blind) folded on the River



PokerStars Hand #243127051165: Tournament #3578353155, $0.92+$0.08 USD Hold'em No Limit - Level IV (30/60) - 2023/04/16 16:03:59 CET [2023/04/16 10:03:59 ET]
Table '3578353155 1' 3-max Seat #1 is the button
Seat 1: Mahu2021 (1340 in chips) 
Seat 2: jurodo (160 in chips) 
Mahu2021: posts small blind 30
jurodo: posts big blind 60
*** HOLE CARDS ***
Dealt to Mahu2021 [9s 4d]
Mahu2021: folds 
Uncalled bet (30) returned to jurodo
jurodo collected 60 from pot
jurodo: doesn't show hand 
*** SUMMARY ***
Total pot 60 | Rake 0 
Seat 1: Mahu2021 (button) (small blind) folded before Flop
Seat 2: jurodo (big blind) collected (60)



PokerStars Hand #243127052638: Tournament #3578353155, $0.92+$0.08 USD Hold'em No Limit - Level IV (30/60) - 2023/04/16 16:04:04 CET [2023/04/16 10:04:04 ET]
Table '3578353155 1' 3-max Seat #2 is the button
Seat 1: Mahu2021 (1310 in chips) 
Seat 2: jurodo (190 in chips) 
jurodo: posts small blind 30
Mahu2021: posts big blind 60
*** HOLE CARDS ***
Dealt to Mahu2021 [7d Ad]
jurodo: calls 30
Mahu2021: raises 1250 to 1310 and is all-in
jurodo: calls 130 and is all-in
Uncalled bet (1120) returned to Mahu2021
*** FLOP *** [5d 2h 6d]
*** TURN *** [5d 2h 6d] [As]
*** RIVER *** [5d 2h 6d As] [7c]
*** SHOW DOWN ***
Mahu2021: shows [7d Ad] (two pair, Aces and Sevens)
jurodo: shows [4h 6h] (a pair of Sixes)
Mahu2021 collected 380 from pot
jurodo finished the tournament in 2nd place
Mahu2021 wins the tournament and receives $5.00 - congratulations!
*** SUMMARY ***
Total pot 380 | Rake 0 
Board [5d 2h 6d As 7c]
Seat 1: Mahu2021 (big blind) showed [7d Ad] and won (380) with two pair, Aces and Sevens
Seat 2: jurodo (button) (small blind) showed [4h 6h] and lost with a pair of Sixes



