PokerStars Hand #254119923030: Tournament #3840447316, $0.96+$0.04 USD Hold'em No Limit - Match Round I, Level I (25/50) - 2024/12/31 11:26:04 CET [2024/12/31 5:26:04 ET]
Table '3840447316 3' 4-max Seat #1 is the button
Seat 1: PhilipK19 (500 in chips) 
Seat 2: Mahu2021 (500 in chips) 
Seat 3: TheFishyone16 (500 in chips) 
Seat 4: rusanovskyi (500 in chips) 
PhilipK19: posts the ante 10
Mahu2021: posts the ante 10
TheFishyone16: posts the ante 10
rusanovskyi: posts the ante 10
Mahu2021: posts small blind 25
TheFishyone16: posts big blind 50
*** HOLE CARDS ***
Dealt to Mahu2021 [9h Kd]
rusanovskyi: raises 440 to 490 and is all-in
PhilipK19: calls 490 and is all-in
Mahu2021: calls 465 and is all-in
TheFishyone16: calls 440 and is all-in
*** FLOP *** [Kh As 6d]
*** TURN *** [Kh As 6d] [4s]
*** RIVER *** [Kh As 6d 4s] [5c]
*** SHOW DOWN ***
Mahu2021: shows [9h Kd] (a pair of Kings)
TheFishyone16: shows [Ad Ts] (a pair of Aces)
rusanovskyi: shows [Ac 6c] (two pair, Aces and Sixes)
PhilipK19: shows [9d Ks] (a pair of Kings)
rusanovskyi collected 2000 from pot
PhilipK19 finished the tournament in 14th place
Mahu2021 finished the tournament in 14th place
TheFishyone16 finished the tournament in 14th place
*** SUMMARY ***
Total pot 2000 | Rake 0 
Board [Kh As 6d 4s 5c]
Seat 1: PhilipK19 (button) showed [9d Ks] and lost with a pair of Kings
Seat 2: Mahu2021 (small blind) showed [9h Kd] and lost with a pair of Kings
Seat 3: TheFishyone16 (big blind) showed [Ad Ts] and lost with a pair of Aces
Seat 4: rusanovskyi showed [Ac 6c] and won (2000) with two pair, Aces and Sixes



