PokerStars Hand #246830536345: Tournament #3666002172, $1.84+$0.16 USD Hold'em No Limit - Level I (10/20) - 2023/10/30 18:49:10 CET [2023/10/30 13:49:10 ET]
Table '3666002172 1' 3-max Seat #1 is the button
Seat 1: licallum (500 in chips) 
Seat 2: Mahu2021 (500 in chips) 
Seat 3: Gochira (500 in chips) 
Mahu2021: posts small blind 10
Gochira: posts big blind 20
*** HOLE CARDS ***
Dealt to Mahu2021 [9c 7s]
licallum: raises 50 to 70
Mahu2021: folds 
Gochira: folds 
Uncalled bet (50) returned to licallum
licallum collected 50 from pot
licallum: doesn't show hand 
*** SUMMARY ***
Total pot 50 | Rake 0 
Seat 1: licallum (button) collected (50)
Seat 2: Mahu2021 (small blind) folded before Flop
Seat 3: Gochira (big blind) folded before Flop



PokerStars Hand #246830538241: Tournament #3666002172, $1.84+$0.16 USD Hold'em No Limit - Level I (10/20) - 2023/10/30 18:49:17 CET [2023/10/30 13:49:17 ET]
Table '3666002172 1' 3-max Seat #2 is the button
Seat 1: licallum (530 in chips) 
Seat 2: Mahu2021 (490 in chips) 
Seat 3: Gochira (480 in chips) 
Gochira: posts small blind 10
licallum: posts big blind 20
*** HOLE CARDS ***
Dealt to Mahu2021 [Qh 5c]
Mahu2021: folds 
Gochira: calls 10
licallum: raises 40 to 60
Gochira: calls 40
*** FLOP *** [9d 3d 2c]
Gochira: checks 
licallum: bets 60
Gochira: raises 360 to 420 and is all-in
licallum: folds 
Uncalled bet (360) returned to Gochira
Gochira collected 240 from pot
*** SUMMARY ***
Total pot 240 | Rake 0 
Board [9d 3d 2c]
Seat 1: licallum (big blind) folded on the Flop
Seat 2: Mahu2021 (button) folded before Flop (didn't bet)
Seat 3: Gochira (small blind) collected (240)



PokerStars Hand #246830544024: Tournament #3666002172, $1.84+$0.16 USD Hold'em No Limit - Level I (10/20) - 2023/10/30 18:49:35 CET [2023/10/30 13:49:35 ET]
Table '3666002172 1' 3-max Seat #3 is the button
Seat 1: licallum (410 in chips) 
Seat 2: Mahu2021 (490 in chips) 
Seat 3: Gochira (600 in chips) 
licallum: posts small blind 10
Mahu2021: posts big blind 20
*** HOLE CARDS ***
Dealt to Mahu2021 [Qc As]
Gochira: folds 
licallum: raises 20 to 40
Mahu2021: raises 450 to 490 and is all-in
licallum: calls 370 and is all-in
Uncalled bet (80) returned to Mahu2021
*** FLOP *** [3s 6c 6h]
*** TURN *** [3s 6c 6h] [4h]
*** RIVER *** [3s 6c 6h 4h] [8h]
*** SHOW DOWN ***
licallum: shows [Kd 9h] (a pair of Sixes)
Mahu2021: shows [Qc As] (a pair of Sixes - Ace kicker)
Mahu2021 collected 820 from pot
licallum finished the tournament in 3rd place
*** SUMMARY ***
Total pot 820 | Rake 0 
Board [3s 6c 6h 4h 8h]
Seat 1: licallum (small blind) showed [Kd 9h] and lost with a pair of Sixes
Seat 2: Mahu2021 (big blind) showed [Qc As] and won (820) with a pair of Sixes
Seat 3: Gochira (button) folded before Flop (didn't bet)



PokerStars Hand #246830549868: Tournament #3666002172, $1.84+$0.16 USD Hold'em No Limit - Level I (10/20) - 2023/10/30 18:49:54 CET [2023/10/30 13:49:54 ET]
Table '3666002172 1' 3-max Seat #2 is the button
Seat 2: Mahu2021 (900 in chips) 
Seat 3: Gochira (600 in chips) 
Mahu2021: posts small blind 10
Gochira: posts big blind 20
*** HOLE CARDS ***
Dealt to Mahu2021 [As 9s]
Mahu2021: raises 20 to 40
Gochira: calls 20
*** FLOP *** [4c 3d 4h]
Gochira: checks 
Mahu2021: checks 
*** TURN *** [4c 3d 4h] [Kc]
Gochira: checks 
Mahu2021: checks 
*** RIVER *** [4c 3d 4h Kc] [Qs]
Gochira: bets 60
Mahu2021: folds 
Uncalled bet (60) returned to Gochira
Gochira collected 80 from pot
*** SUMMARY ***
Total pot 80 | Rake 0 
Board [4c 3d 4h Kc Qs]
Seat 2: Mahu2021 (button) (small blind) folded on the River
Seat 3: Gochira (big blind) collected (80)



PokerStars Hand #246830555959: Tournament #3666002172, $1.84+$0.16 USD Hold'em No Limit - Level I (10/20) - 2023/10/30 18:50:14 CET [2023/10/30 13:50:14 ET]
Table '3666002172 1' 3-max Seat #3 is the button
Seat 2: Mahu2021 (860 in chips) 
Seat 3: Gochira (640 in chips) 
Gochira: posts small blind 10
Mahu2021: posts big blind 20
*** HOLE CARDS ***
Dealt to Mahu2021 [Qd Th]
Gochira: raises 40 to 60
Mahu2021: calls 40
*** FLOP *** [Td 7d 2c]
Mahu2021: bets 800 and is all-in
Gochira: folds 
Uncalled bet (800) returned to Mahu2021
Mahu2021 collected 120 from pot
Mahu2021: doesn't show hand 
*** SUMMARY ***
Total pot 120 | Rake 0 
Board [Td 7d 2c]
Seat 2: Mahu2021 (big blind) collected (120)
Seat 3: Gochira (button) (small blind) folded on the Flop



PokerStars Hand #246830560746: Tournament #3666002172, $1.84+$0.16 USD Hold'em No Limit - Level I (10/20) - 2023/10/30 18:50:29 CET [2023/10/30 13:50:29 ET]
Table '3666002172 1' 3-max Seat #2 is the button
Seat 2: Mahu2021 (920 in chips) 
Seat 3: Gochira (580 in chips) 
Mahu2021: posts small blind 10
Gochira: posts big blind 20
*** HOLE CARDS ***
Dealt to Mahu2021 [Td 6s]
Mahu2021: folds 
Uncalled bet (10) returned to Gochira
Gochira collected 20 from pot
*** SUMMARY ***
Total pot 20 | Rake 0 
Seat 2: Mahu2021 (button) (small blind) folded before Flop
Seat 3: Gochira (big blind) collected (20)



PokerStars Hand #246830562519: Tournament #3666002172, $1.84+$0.16 USD Hold'em No Limit - Level I (10/20) - 2023/10/30 18:50:35 CET [2023/10/30 13:50:35 ET]
Table '3666002172 1' 3-max Seat #3 is the button
Seat 2: Mahu2021 (910 in chips) 
Seat 3: Gochira (590 in chips) 
Gochira: posts small blind 10
Mahu2021: posts big blind 20
*** HOLE CARDS ***
Dealt to Mahu2021 [5d 8h]
Gochira: calls 10
Mahu2021: checks 
*** FLOP *** [9h Kc 5s]
Mahu2021: checks 
Gochira: checks 
*** TURN *** [9h Kc 5s] [6s]
Mahu2021: checks 
Gochira: checks 
*** RIVER *** [9h Kc 5s 6s] [Jc]
Mahu2021: bets 40
Gochira: folds 
Uncalled bet (40) returned to Mahu2021
Mahu2021 collected 40 from pot
Mahu2021: doesn't show hand 
*** SUMMARY ***
Total pot 40 | Rake 0 
Board [9h Kc 5s 6s Jc]
Seat 2: Mahu2021 (big blind) collected (40)
Seat 3: Gochira (button) (small blind) folded on the River



PokerStars Hand #246830567427: Tournament #3666002172, $1.84+$0.16 USD Hold'em No Limit - Level I (10/20) - 2023/10/30 18:50:51 CET [2023/10/30 13:50:51 ET]
Table '3666002172 1' 3-max Seat #2 is the button
Seat 2: Mahu2021 (930 in chips) 
Seat 3: Gochira (570 in chips) 
Mahu2021: posts small blind 10
Gochira: posts big blind 20
*** HOLE CARDS ***
Dealt to Mahu2021 [8h 4d]
Mahu2021: folds 
Uncalled bet (10) returned to Gochira
Gochira collected 20 from pot
*** SUMMARY ***
Total pot 20 | Rake 0 
Seat 2: Mahu2021 (button) (small blind) folded before Flop
Seat 3: Gochira (big blind) collected (20)



PokerStars Hand #246830569043: Tournament #3666002172, $1.84+$0.16 USD Hold'em No Limit - Level I (10/20) - 2023/10/30 18:50:56 CET [2023/10/30 13:50:56 ET]
Table '3666002172 1' 3-max Seat #3 is the button
Seat 2: Mahu2021 (920 in chips) 
Seat 3: Gochira (580 in chips) 
Gochira: posts small blind 10
Mahu2021: posts big blind 20
*** HOLE CARDS ***
Dealt to Mahu2021 [Js 2h]
Gochira: calls 10
Mahu2021: checks 
*** FLOP *** [9c 3d 2c]
Mahu2021: checks 
Gochira: bets 60
Mahu2021: folds 
Uncalled bet (60) returned to Gochira
Gochira collected 40 from pot
*** SUMMARY ***
Total pot 40 | Rake 0 
Board [9c 3d 2c]
Seat 2: Mahu2021 (big blind) folded on the Flop
Seat 3: Gochira (button) (small blind) collected (40)



PokerStars Hand #246830573765: Tournament #3666002172, $1.84+$0.16 USD Hold'em No Limit - Level I (10/20) - 2023/10/30 18:51:11 CET [2023/10/30 13:51:11 ET]
Table '3666002172 1' 3-max Seat #2 is the button
Seat 2: Mahu2021 (900 in chips) 
Seat 3: Gochira (600 in chips) 
Mahu2021: posts small blind 10
Gochira: posts big blind 20
*** HOLE CARDS ***
Dealt to Mahu2021 [Qd 8d]
Mahu2021: raises 20 to 40
Gochira: calls 20
*** FLOP *** [Ad 5h Qs]
Gochira: checks 
Mahu2021: checks 
*** TURN *** [Ad 5h Qs] [Td]
Gochira: checks 
Mahu2021: bets 80
Gochira: folds 
Uncalled bet (80) returned to Mahu2021
Mahu2021 collected 80 from pot
Mahu2021: doesn't show hand 
*** SUMMARY ***
Total pot 80 | Rake 0 
Board [Ad 5h Qs Td]
Seat 2: Mahu2021 (button) (small blind) collected (80)
Seat 3: Gochira (big blind) folded on the Turn



PokerStars Hand #246830579190: Tournament #3666002172, $1.84+$0.16 USD Hold'em No Limit - Level I (10/20) - 2023/10/30 18:51:28 CET [2023/10/30 13:51:28 ET]
Table '3666002172 1' 3-max Seat #3 is the button
Seat 2: Mahu2021 (940 in chips) 
Seat 3: Gochira (560 in chips) 
Gochira: posts small blind 10
Mahu2021: posts big blind 20
*** HOLE CARDS ***
Dealt to Mahu2021 [Jd 7h]
Gochira: calls 10
Mahu2021: checks 
*** FLOP *** [8s Qh 4c]
Mahu2021: checks 
Gochira: checks 
*** TURN *** [8s Qh 4c] [9d]
Mahu2021: checks 
Gochira: bets 40
Mahu2021: calls 40
*** RIVER *** [8s Qh 4c 9d] [3d]
Mahu2021: checks 
Gochira: bets 80
Mahu2021: folds 
Uncalled bet (80) returned to Gochira
Gochira collected 120 from pot
*** SUMMARY ***
Total pot 120 | Rake 0 
Board [8s Qh 4c 9d 3d]
Seat 2: Mahu2021 (big blind) folded on the River
Seat 3: Gochira (button) (small blind) collected (120)



PokerStars Hand #246830586575: Tournament #3666002172, $1.84+$0.16 USD Hold'em No Limit - Level I (10/20) - 2023/10/30 18:51:52 CET [2023/10/30 13:51:52 ET]
Table '3666002172 1' 3-max Seat #2 is the button
Seat 2: Mahu2021 (880 in chips) 
Seat 3: Gochira (620 in chips) 
Mahu2021: posts small blind 10
Gochira: posts big blind 20
*** HOLE CARDS ***
Dealt to Mahu2021 [4h Jh]
Mahu2021: raises 20 to 40
Gochira: folds 
Uncalled bet (20) returned to Mahu2021
Mahu2021 collected 40 from pot
Mahu2021: doesn't show hand 
*** SUMMARY ***
Total pot 40 | Rake 0 
Seat 2: Mahu2021 (button) (small blind) collected (40)
Seat 3: Gochira (big blind) folded before Flop



PokerStars Hand #246830588672: Tournament #3666002172, $1.84+$0.16 USD Hold'em No Limit - Level I (10/20) - 2023/10/30 18:51:59 CET [2023/10/30 13:51:59 ET]
Table '3666002172 1' 3-max Seat #3 is the button
Seat 2: Mahu2021 (900 in chips) 
Seat 3: Gochira (600 in chips) 
Gochira: posts small blind 10
Mahu2021: posts big blind 20
*** HOLE CARDS ***
Dealt to Mahu2021 [5s 8h]
Gochira: calls 10
Mahu2021: checks 
*** FLOP *** [2c Ts Js]
Mahu2021: checks 
Gochira: checks 
*** TURN *** [2c Ts Js] [3s]
Mahu2021: checks 
Gochira: bets 40
Mahu2021: folds 
Uncalled bet (40) returned to Gochira
Gochira collected 40 from pot
*** SUMMARY ***
Total pot 40 | Rake 0 
Board [2c Ts Js 3s]
Seat 2: Mahu2021 (big blind) folded on the Turn
Seat 3: Gochira (button) (small blind) collected (40)



PokerStars Hand #246830594451: Tournament #3666002172, $1.84+$0.16 USD Hold'em No Limit - Level II (15/30) - 2023/10/30 18:52:17 CET [2023/10/30 13:52:17 ET]
Table '3666002172 1' 3-max Seat #2 is the button
Seat 2: Mahu2021 (880 in chips) 
Seat 3: Gochira (620 in chips) 
Mahu2021: posts small blind 15
Gochira: posts big blind 30
*** HOLE CARDS ***
Dealt to Mahu2021 [5s 7s]
Mahu2021: raises 30 to 60
Gochira: folds 
Uncalled bet (30) returned to Mahu2021
Mahu2021 collected 60 from pot
Mahu2021: doesn't show hand 
*** SUMMARY ***
Total pot 60 | Rake 0 
Seat 2: Mahu2021 (button) (small blind) collected (60)
Seat 3: Gochira (big blind) folded before Flop



PokerStars Hand #246830597277: Tournament #3666002172, $1.84+$0.16 USD Hold'em No Limit - Level II (15/30) - 2023/10/30 18:52:26 CET [2023/10/30 13:52:26 ET]
Table '3666002172 1' 3-max Seat #3 is the button
Seat 2: Mahu2021 (910 in chips) 
Seat 3: Gochira (590 in chips) 
Gochira: posts small blind 15
Mahu2021: posts big blind 30
*** HOLE CARDS ***
Dealt to Mahu2021 [5h 4c]
Gochira: folds 
Uncalled bet (15) returned to Mahu2021
Mahu2021 collected 30 from pot
Mahu2021: doesn't show hand 
*** SUMMARY ***
Total pot 30 | Rake 0 
Seat 2: Mahu2021 (big blind) collected (30)
Seat 3: Gochira (button) (small blind) folded before Flop



PokerStars Hand #246830598655: Tournament #3666002172, $1.84+$0.16 USD Hold'em No Limit - Level II (15/30) - 2023/10/30 18:52:31 CET [2023/10/30 13:52:31 ET]
Table '3666002172 1' 3-max Seat #2 is the button
Seat 2: Mahu2021 (925 in chips) 
Seat 3: Gochira (575 in chips) 
Mahu2021: posts small blind 15
Gochira: posts big blind 30
*** HOLE CARDS ***
Dealt to Mahu2021 [9s 7d]
Mahu2021: calls 15
Gochira: checks 
*** FLOP *** [As 8s 3d]
Gochira: checks 
Mahu2021: bets 30
Gochira: folds 
Uncalled bet (30) returned to Mahu2021
Mahu2021 collected 60 from pot
Mahu2021: doesn't show hand 
*** SUMMARY ***
Total pot 60 | Rake 0 
Board [As 8s 3d]
Seat 2: Mahu2021 (button) (small blind) collected (60)
Seat 3: Gochira (big blind) folded on the Flop



PokerStars Hand #246830602770: Tournament #3666002172, $1.84+$0.16 USD Hold'em No Limit - Level II (15/30) - 2023/10/30 18:52:44 CET [2023/10/30 13:52:44 ET]
Table '3666002172 1' 3-max Seat #3 is the button
Seat 2: Mahu2021 (955 in chips) 
Seat 3: Gochira (545 in chips) 
Gochira: posts small blind 15
Mahu2021: posts big blind 30
*** HOLE CARDS ***
Dealt to Mahu2021 [Kd 3d]
Gochira: raises 30 to 60
Mahu2021: calls 30
*** FLOP *** [6c 3c Ts]
Mahu2021: checks 
Gochira: bets 90
Mahu2021: folds 
Uncalled bet (90) returned to Gochira
Gochira collected 120 from pot
*** SUMMARY ***
Total pot 120 | Rake 0 
Board [6c 3c Ts]
Seat 2: Mahu2021 (big blind) folded on the Flop
Seat 3: Gochira (button) (small blind) collected (120)



PokerStars Hand #246830609336: Tournament #3666002172, $1.84+$0.16 USD Hold'em No Limit - Level II (15/30) - 2023/10/30 18:53:05 CET [2023/10/30 13:53:05 ET]
Table '3666002172 1' 3-max Seat #2 is the button
Seat 2: Mahu2021 (895 in chips) 
Seat 3: Gochira (605 in chips) 
Mahu2021: posts small blind 15
Gochira: posts big blind 30
*** HOLE CARDS ***
Dealt to Mahu2021 [Jc 4s]
Mahu2021: folds 
Uncalled bet (15) returned to Gochira
Gochira collected 30 from pot
*** SUMMARY ***
Total pot 30 | Rake 0 
Seat 2: Mahu2021 (button) (small blind) folded before Flop
Seat 3: Gochira (big blind) collected (30)



PokerStars Hand #246830610898: Tournament #3666002172, $1.84+$0.16 USD Hold'em No Limit - Level II (15/30) - 2023/10/30 18:53:10 CET [2023/10/30 13:53:10 ET]
Table '3666002172 1' 3-max Seat #3 is the button
Seat 2: Mahu2021 (880 in chips) 
Seat 3: Gochira (620 in chips) 
Gochira: posts small blind 15
Mahu2021: posts big blind 30
*** HOLE CARDS ***
Dealt to Mahu2021 [Qs Jc]
Gochira: raises 30 to 60
Mahu2021: calls 30
*** FLOP *** [6c 8c As]
Mahu2021: checks 
Gochira: checks 
*** TURN *** [6c 8c As] [6d]
Mahu2021: checks 
Gochira: checks 
*** RIVER *** [6c 8c As 6d] [Qc]
Mahu2021: bets 120
Gochira: calls 120
*** SHOW DOWN ***
Mahu2021: shows [Qs Jc] (two pair, Queens and Sixes)
Gochira: shows [7s Ad] (two pair, Aces and Sixes)
Gochira collected 360 from pot
*** SUMMARY ***
Total pot 360 | Rake 0 
Board [6c 8c As 6d Qc]
Seat 2: Mahu2021 (big blind) showed [Qs Jc] and lost with two pair, Queens and Sixes
Seat 3: Gochira (button) (small blind) showed [7s Ad] and won (360) with two pair, Aces and Sixes



PokerStars Hand #246830616155: Tournament #3666002172, $1.84+$0.16 USD Hold'em No Limit - Level II (15/30) - 2023/10/30 18:53:27 CET [2023/10/30 13:53:27 ET]
Table '3666002172 1' 3-max Seat #2 is the button
Seat 2: Mahu2021 (700 in chips) 
Seat 3: Gochira (800 in chips) 
Mahu2021: posts small blind 15
Gochira: posts big blind 30
*** HOLE CARDS ***
Dealt to Mahu2021 [As Ah]
Mahu2021: raises 670 to 700 and is all-in
Gochira: folds 
Uncalled bet (670) returned to Mahu2021
Mahu2021 collected 60 from pot
Mahu2021: doesn't show hand 
*** SUMMARY ***
Total pot 60 | Rake 0 
Seat 2: Mahu2021 (button) (small blind) collected (60)
Seat 3: Gochira (big blind) folded before Flop



PokerStars Hand #246830618399: Tournament #3666002172, $1.84+$0.16 USD Hold'em No Limit - Level II (15/30) - 2023/10/30 18:53:34 CET [2023/10/30 13:53:34 ET]
Table '3666002172 1' 3-max Seat #3 is the button
Seat 2: Mahu2021 (730 in chips) 
Seat 3: Gochira (770 in chips) 
Gochira: posts small blind 15
Mahu2021: posts big blind 30
*** HOLE CARDS ***
Dealt to Mahu2021 [4h Jh]
Gochira: calls 15
Mahu2021: checks 
*** FLOP *** [2h 6h Qd]
Mahu2021: checks 
Gochira: checks 
*** TURN *** [2h 6h Qd] [3s]
Mahu2021: bets 30
Gochira: folds 
Uncalled bet (30) returned to Mahu2021
Mahu2021 collected 60 from pot
Mahu2021: doesn't show hand 
*** SUMMARY ***
Total pot 60 | Rake 0 
Board [2h 6h Qd 3s]
Seat 2: Mahu2021 (big blind) collected (60)
Seat 3: Gochira (button) (small blind) folded on the Turn



PokerStars Hand #246830622351: Tournament #3666002172, $1.84+$0.16 USD Hold'em No Limit - Level II (15/30) - 2023/10/30 18:53:47 CET [2023/10/30 13:53:47 ET]
Table '3666002172 1' 3-max Seat #2 is the button
Seat 2: Mahu2021 (760 in chips) 
Seat 3: Gochira (740 in chips) 
Mahu2021: posts small blind 15
Gochira: posts big blind 30
*** HOLE CARDS ***
Dealt to Mahu2021 [7d 8h]
Mahu2021: calls 15
Gochira: raises 60 to 90
Mahu2021: calls 60
*** FLOP *** [Ac 9h Ks]
Gochira: bets 30
Mahu2021: folds 
Uncalled bet (30) returned to Gochira
Gochira collected 180 from pot
*** SUMMARY ***
Total pot 180 | Rake 0 
Board [Ac 9h Ks]
Seat 2: Mahu2021 (button) (small blind) folded on the Flop
Seat 3: Gochira (big blind) collected (180)



PokerStars Hand #246830626606: Tournament #3666002172, $1.84+$0.16 USD Hold'em No Limit - Level II (15/30) - 2023/10/30 18:54:00 CET [2023/10/30 13:54:00 ET]
Table '3666002172 1' 3-max Seat #3 is the button
Seat 2: Mahu2021 (670 in chips) 
Seat 3: Gochira (830 in chips) 
Gochira: posts small blind 15
Mahu2021: posts big blind 30
*** HOLE CARDS ***
Dealt to Mahu2021 [4d Kc]
Gochira: folds 
Uncalled bet (15) returned to Mahu2021
Mahu2021 collected 30 from pot
Mahu2021: doesn't show hand 
*** SUMMARY ***
Total pot 30 | Rake 0 
Seat 2: Mahu2021 (big blind) collected (30)
Seat 3: Gochira (button) (small blind) folded before Flop



PokerStars Hand #246830628688: Tournament #3666002172, $1.84+$0.16 USD Hold'em No Limit - Level II (15/30) - 2023/10/30 18:54:07 CET [2023/10/30 13:54:07 ET]
Table '3666002172 1' 3-max Seat #2 is the button
Seat 2: Mahu2021 (685 in chips) 
Seat 3: Gochira (815 in chips) 
Mahu2021: posts small blind 15
Gochira: posts big blind 30
*** HOLE CARDS ***
Dealt to Mahu2021 [6s 9h]
Mahu2021: calls 15
Gochira: checks 
*** FLOP *** [3c 7c Ah]
Gochira: checks 
Mahu2021: bets 30
Gochira: folds 
Uncalled bet (30) returned to Mahu2021
Mahu2021 collected 60 from pot
Mahu2021: doesn't show hand 
*** SUMMARY ***
Total pot 60 | Rake 0 
Board [3c 7c Ah]
Seat 2: Mahu2021 (button) (small blind) collected (60)
Seat 3: Gochira (big blind) folded on the Flop



PokerStars Hand #246830632622: Tournament #3666002172, $1.84+$0.16 USD Hold'em No Limit - Level II (15/30) - 2023/10/30 18:54:20 CET [2023/10/30 13:54:20 ET]
Table '3666002172 1' 3-max Seat #3 is the button
Seat 2: Mahu2021 (715 in chips) 
Seat 3: Gochira (785 in chips) 
Gochira: posts small blind 15
Mahu2021: posts big blind 30
*** HOLE CARDS ***
Dealt to Mahu2021 [9c 2s]
Gochira: calls 15
Mahu2021: checks 
*** FLOP *** [Tc Ac 4d]
Mahu2021: checks 
Gochira: bets 60
Mahu2021: folds 
Uncalled bet (60) returned to Gochira
Gochira collected 60 from pot
*** SUMMARY ***
Total pot 60 | Rake 0 
Board [Tc Ac 4d]
Seat 2: Mahu2021 (big blind) folded on the Flop
Seat 3: Gochira (button) (small blind) collected (60)



PokerStars Hand #246830635811: Tournament #3666002172, $1.84+$0.16 USD Hold'em No Limit - Level II (15/30) - 2023/10/30 18:54:30 CET [2023/10/30 13:54:30 ET]
Table '3666002172 1' 3-max Seat #2 is the button
Seat 2: Mahu2021 (685 in chips) 
Seat 3: Gochira (815 in chips) 
Mahu2021: posts small blind 15
Gochira: posts big blind 30
*** HOLE CARDS ***
Dealt to Mahu2021 [5c 9d]
Mahu2021: folds 
Uncalled bet (15) returned to Gochira
Gochira collected 30 from pot
*** SUMMARY ***
Total pot 30 | Rake 0 
Seat 2: Mahu2021 (button) (small blind) folded before Flop
Seat 3: Gochira (big blind) collected (30)



PokerStars Hand #246830637464: Tournament #3666002172, $1.84+$0.16 USD Hold'em No Limit - Level II (15/30) - 2023/10/30 18:54:35 CET [2023/10/30 13:54:35 ET]
Table '3666002172 1' 3-max Seat #3 is the button
Seat 2: Mahu2021 (670 in chips) 
Seat 3: Gochira (830 in chips) 
Gochira: posts small blind 15
Mahu2021: posts big blind 30
*** HOLE CARDS ***
Dealt to Mahu2021 [Qs Kc]
Gochira: calls 15
Mahu2021: raises 60 to 90
Gochira: folds 
Uncalled bet (60) returned to Mahu2021
Mahu2021 collected 60 from pot
Mahu2021: doesn't show hand 
*** SUMMARY ***
Total pot 60 | Rake 0 
Seat 2: Mahu2021 (big blind) collected (60)
Seat 3: Gochira (button) (small blind) folded before Flop



PokerStars Hand #246830639915: Tournament #3666002172, $1.84+$0.16 USD Hold'em No Limit - Level II (15/30) - 2023/10/30 18:54:43 CET [2023/10/30 13:54:43 ET]
Table '3666002172 1' 3-max Seat #2 is the button
Seat 2: Mahu2021 (700 in chips) 
Seat 3: Gochira (800 in chips) 
Mahu2021: posts small blind 15
Gochira: posts big blind 30
*** HOLE CARDS ***
Dealt to Mahu2021 [Qc Ks]
Mahu2021: raises 60 to 90
Gochira: calls 60
*** FLOP *** [9h Kh Td]
Gochira: checks 
Mahu2021: bets 180
Gochira: calls 180
*** TURN *** [9h Kh Td] [6c]
Gochira: checks 
Mahu2021: bets 430 and is all-in
Gochira: folds 
Uncalled bet (430) returned to Mahu2021
Mahu2021 collected 540 from pot
Mahu2021: doesn't show hand 
*** SUMMARY ***
Total pot 540 | Rake 0 
Board [9h Kh Td 6c]
Seat 2: Mahu2021 (button) (small blind) collected (540)
Seat 3: Gochira (big blind) folded on the Turn



PokerStars Hand #246830646928: Tournament #3666002172, $1.84+$0.16 USD Hold'em No Limit - Level II (15/30) - 2023/10/30 18:55:06 CET [2023/10/30 13:55:06 ET]
Table '3666002172 1' 3-max Seat #3 is the button
Seat 2: Mahu2021 (970 in chips) 
Seat 3: Gochira (530 in chips) 
Gochira: posts small blind 15
Mahu2021: posts big blind 30
*** HOLE CARDS ***
Dealt to Mahu2021 [Ad 9h]
Gochira: calls 15
Mahu2021: raises 60 to 90
Gochira: folds 
Uncalled bet (60) returned to Mahu2021
Mahu2021 collected 60 from pot
Mahu2021: doesn't show hand 
*** SUMMARY ***
Total pot 60 | Rake 0 
Seat 2: Mahu2021 (big blind) collected (60)
Seat 3: Gochira (button) (small blind) folded before Flop



PokerStars Hand #246830649844: Tournament #3666002172, $1.84+$0.16 USD Hold'em No Limit - Level III (20/40) - 2023/10/30 18:55:16 CET [2023/10/30 13:55:16 ET]
Table '3666002172 1' 3-max Seat #2 is the button
Seat 2: Mahu2021 (1000 in chips) 
Seat 3: Gochira (500 in chips) 
Mahu2021: posts small blind 20
Gochira: posts big blind 40
*** HOLE CARDS ***
Dealt to Mahu2021 [Ks Qh]
Mahu2021: raises 80 to 120
Gochira: calls 80
*** FLOP *** [2d 3s 5c]
Gochira: checks 
Mahu2021: checks 
*** TURN *** [2d 3s 5c] [Qs]
Gochira: checks 
Mahu2021: bets 240
Gochira: folds 
Uncalled bet (240) returned to Mahu2021
Mahu2021 collected 240 from pot
Mahu2021: doesn't show hand 
*** SUMMARY ***
Total pot 240 | Rake 0 
Board [2d 3s 5c Qs]
Seat 2: Mahu2021 (button) (small blind) collected (240)
Seat 3: Gochira (big blind) folded on the Turn



PokerStars Hand #246830653939: Tournament #3666002172, $1.84+$0.16 USD Hold'em No Limit - Level III (20/40) - 2023/10/30 18:55:34 CET [2023/10/30 13:55:34 ET]
Table '3666002172 1' 3-max Seat #3 is the button
Seat 2: Mahu2021 (1120 in chips) 
Seat 3: Gochira (380 in chips) 
Gochira: posts small blind 20
Mahu2021: posts big blind 40
*** HOLE CARDS ***
Dealt to Mahu2021 [Tc 4c]
Gochira: calls 20
Mahu2021: checks 
*** FLOP *** [Qh 8h 5c]
Mahu2021: checks 
Gochira: bets 40
Mahu2021: folds 
Uncalled bet (40) returned to Gochira
Gochira collected 80 from pot
*** SUMMARY ***
Total pot 80 | Rake 0 
Board [Qh 8h 5c]
Seat 2: Mahu2021 (big blind) folded on the Flop
Seat 3: Gochira (button) (small blind) collected (80)



PokerStars Hand #246830656566: Tournament #3666002172, $1.84+$0.16 USD Hold'em No Limit - Level III (20/40) - 2023/10/30 18:55:45 CET [2023/10/30 13:55:45 ET]
Table '3666002172 1' 3-max Seat #2 is the button
Seat 2: Mahu2021 (1080 in chips) 
Seat 3: Gochira (420 in chips) 
Mahu2021: posts small blind 20
Gochira: posts big blind 40
*** HOLE CARDS ***
Dealt to Mahu2021 [Qs 5h]
Mahu2021: calls 20
Gochira: checks 
*** FLOP *** [Th 3s Qd]
Gochira: bets 40
Mahu2021: raises 80 to 120
Gochira: folds 
Uncalled bet (80) returned to Mahu2021
Mahu2021 collected 160 from pot
Mahu2021: doesn't show hand 
*** SUMMARY ***
Total pot 160 | Rake 0 
Board [Th 3s Qd]
Seat 2: Mahu2021 (button) (small blind) collected (160)
Seat 3: Gochira (big blind) folded on the Flop



PokerStars Hand #246830659717: Tournament #3666002172, $1.84+$0.16 USD Hold'em No Limit - Level III (20/40) - 2023/10/30 18:55:59 CET [2023/10/30 13:55:59 ET]
Table '3666002172 1' 3-max Seat #3 is the button
Seat 2: Mahu2021 (1160 in chips) 
Seat 3: Gochira (340 in chips) 
Gochira: posts small blind 20
Mahu2021: posts big blind 40
*** HOLE CARDS ***
Dealt to Mahu2021 [4c As]
Gochira: raises 80 to 120
Mahu2021: raises 1040 to 1160 and is all-in
Gochira: calls 220 and is all-in
Uncalled bet (820) returned to Mahu2021
*** FLOP *** [Ts 6c Jd]
*** TURN *** [Ts 6c Jd] [8c]
*** RIVER *** [Ts 6c Jd 8c] [7d]
*** SHOW DOWN ***
Mahu2021: shows [4c As] (high card Ace)
Gochira: shows [Ah Qh] (high card Ace - Queen kicker)
Gochira collected 680 from pot
*** SUMMARY ***
Total pot 680 | Rake 0 
Board [Ts 6c Jd 8c 7d]
Seat 2: Mahu2021 (big blind) showed [4c As] and lost with high card Ace
Seat 3: Gochira (button) (small blind) showed [Ah Qh] and won (680) with high card Ace



PokerStars Hand #246830663572: Tournament #3666002172, $1.84+$0.16 USD Hold'em No Limit - Level III (20/40) - 2023/10/30 18:56:15 CET [2023/10/30 13:56:15 ET]
Table '3666002172 1' 3-max Seat #2 is the button
Seat 2: Mahu2021 (820 in chips) 
Seat 3: Gochira (680 in chips) 
Mahu2021: posts small blind 20
Gochira: posts big blind 40
*** HOLE CARDS ***
Dealt to Mahu2021 [Kc 8c]
Mahu2021: raises 80 to 120
Gochira: folds 
Uncalled bet (80) returned to Mahu2021
Mahu2021 collected 80 from pot
Mahu2021: doesn't show hand 
*** SUMMARY ***
Total pot 80 | Rake 0 
Seat 2: Mahu2021 (button) (small blind) collected (80)
Seat 3: Gochira (big blind) folded before Flop



PokerStars Hand #246830665583: Tournament #3666002172, $1.84+$0.16 USD Hold'em No Limit - Level III (20/40) - 2023/10/30 18:56:23 CET [2023/10/30 13:56:23 ET]
Table '3666002172 1' 3-max Seat #3 is the button
Seat 2: Mahu2021 (860 in chips) 
Seat 3: Gochira (640 in chips) 
Gochira: posts small blind 20
Mahu2021: posts big blind 40
*** HOLE CARDS ***
Dealt to Mahu2021 [4s 3h]
Gochira: calls 20
Mahu2021: checks 
*** FLOP *** [8d Ad 7h]
Mahu2021: checks 
Gochira: bets 80
Mahu2021: folds 
Uncalled bet (80) returned to Gochira
Gochira collected 80 from pot
*** SUMMARY ***
Total pot 80 | Rake 0 
Board [8d Ad 7h]
Seat 2: Mahu2021 (big blind) folded on the Flop
Seat 3: Gochira (button) (small blind) collected (80)



PokerStars Hand #246830668329: Tournament #3666002172, $1.84+$0.16 USD Hold'em No Limit - Level III (20/40) - 2023/10/30 18:56:35 CET [2023/10/30 13:56:35 ET]
Table '3666002172 1' 3-max Seat #2 is the button
Seat 2: Mahu2021 (820 in chips) 
Seat 3: Gochira (680 in chips) 
Mahu2021: posts small blind 20
Gochira: posts big blind 40
*** HOLE CARDS ***
Dealt to Mahu2021 [5h Kc]
Mahu2021: calls 20
Gochira: checks 
*** FLOP *** [Jc 4c 3s]
Gochira: checks 
Mahu2021: bets 40
Gochira: folds 
Uncalled bet (40) returned to Mahu2021
Mahu2021 collected 80 from pot
Mahu2021: doesn't show hand 
*** SUMMARY ***
Total pot 80 | Rake 0 
Board [Jc 4c 3s]
Seat 2: Mahu2021 (button) (small blind) collected (80)
Seat 3: Gochira (big blind) folded on the Flop



PokerStars Hand #246830671423: Tournament #3666002172, $1.84+$0.16 USD Hold'em No Limit - Level III (20/40) - 2023/10/30 18:56:48 CET [2023/10/30 13:56:48 ET]
Table '3666002172 1' 3-max Seat #3 is the button
Seat 2: Mahu2021 (860 in chips) 
Seat 3: Gochira (640 in chips) 
Gochira: posts small blind 20
Mahu2021: posts big blind 40
*** HOLE CARDS ***
Dealt to Mahu2021 [4d 9h]
Gochira: calls 20
Mahu2021: checks 
*** FLOP *** [Kc 7h 2s]
Mahu2021: checks 
Gochira: bets 80
Mahu2021: folds 
Uncalled bet (80) returned to Gochira
Gochira collected 80 from pot
*** SUMMARY ***
Total pot 80 | Rake 0 
Board [Kc 7h 2s]
Seat 2: Mahu2021 (big blind) folded on the Flop
Seat 3: Gochira (button) (small blind) collected (80)



PokerStars Hand #246830673895: Tournament #3666002172, $1.84+$0.16 USD Hold'em No Limit - Level III (20/40) - 2023/10/30 18:56:59 CET [2023/10/30 13:56:59 ET]
Table '3666002172 1' 3-max Seat #2 is the button
Seat 2: Mahu2021 (820 in chips) 
Seat 3: Gochira (680 in chips) 
Mahu2021: posts small blind 20
Gochira: posts big blind 40
*** HOLE CARDS ***
Dealt to Mahu2021 [5s Js]
Mahu2021: raises 40 to 80
Gochira: raises 600 to 680 and is all-in
Mahu2021: folds 
Uncalled bet (600) returned to Gochira
Gochira collected 160 from pot
*** SUMMARY ***
Total pot 160 | Rake 0 
Seat 2: Mahu2021 (button) (small blind) folded before Flop
Seat 3: Gochira (big blind) collected (160)



PokerStars Hand #246830675936: Tournament #3666002172, $1.84+$0.16 USD Hold'em No Limit - Level III (20/40) - 2023/10/30 18:57:07 CET [2023/10/30 13:57:07 ET]
Table '3666002172 1' 3-max Seat #3 is the button
Seat 2: Mahu2021 (740 in chips) 
Seat 3: Gochira (760 in chips) 
Gochira: posts small blind 20
Mahu2021: posts big blind 40
*** HOLE CARDS ***
Dealt to Mahu2021 [2d 4s]
Gochira: calls 20
Mahu2021: checks 
*** FLOP *** [9c 8h Ah]
Mahu2021: checks 
Gochira: bets 40
Mahu2021: folds 
Uncalled bet (40) returned to Gochira
Gochira collected 80 from pot
*** SUMMARY ***
Total pot 80 | Rake 0 
Board [9c 8h Ah]
Seat 2: Mahu2021 (big blind) folded on the Flop
Seat 3: Gochira (button) (small blind) collected (80)



PokerStars Hand #246830678382: Tournament #3666002172, $1.84+$0.16 USD Hold'em No Limit - Level III (20/40) - 2023/10/30 18:57:18 CET [2023/10/30 13:57:18 ET]
Table '3666002172 1' 3-max Seat #2 is the button
Seat 2: Mahu2021 (700 in chips) 
Seat 3: Gochira (800 in chips) 
Mahu2021: posts small blind 20
Gochira: posts big blind 40
*** HOLE CARDS ***
Dealt to Mahu2021 [Tc 2s]
Mahu2021: folds 
Uncalled bet (20) returned to Gochira
Gochira collected 40 from pot
*** SUMMARY ***
Total pot 40 | Rake 0 
Seat 2: Mahu2021 (button) (small blind) folded before Flop
Seat 3: Gochira (big blind) collected (40)



PokerStars Hand #246830679497: Tournament #3666002172, $1.84+$0.16 USD Hold'em No Limit - Level III (20/40) - 2023/10/30 18:57:23 CET [2023/10/30 13:57:23 ET]
Table '3666002172 1' 3-max Seat #3 is the button
Seat 2: Mahu2021 (680 in chips) 
Seat 3: Gochira (820 in chips) 
Gochira: posts small blind 20
Mahu2021: posts big blind 40
*** HOLE CARDS ***
Dealt to Mahu2021 [6d 3s]
Gochira: calls 20
Mahu2021: checks 
*** FLOP *** [4c Tc Kc]
Mahu2021: checks 
Gochira: checks 
*** TURN *** [4c Tc Kc] [8h]
Mahu2021: bets 40
Gochira: calls 40
*** RIVER *** [4c Tc Kc 8h] [Jd]
Mahu2021: checks 
Gochira: checks 
*** SHOW DOWN ***
Mahu2021: shows [6d 3s] (high card King)
Gochira: shows [9h Td] (a pair of Tens)
Gochira collected 160 from pot
*** SUMMARY ***
Total pot 160 | Rake 0 
Board [4c Tc Kc 8h Jd]
Seat 2: Mahu2021 (big blind) showed [6d 3s] and lost with high card King
Seat 3: Gochira (button) (small blind) showed [9h Td] and won (160) with a pair of Tens



PokerStars Hand #246830682663: Tournament #3666002172, $1.84+$0.16 USD Hold'em No Limit - Level III (20/40) - 2023/10/30 18:57:36 CET [2023/10/30 13:57:36 ET]
Table '3666002172 1' 3-max Seat #2 is the button
Seat 2: Mahu2021 (600 in chips) 
Seat 3: Gochira (900 in chips) 
Mahu2021: posts small blind 20
Gochira: posts big blind 40
*** HOLE CARDS ***
Dealt to Mahu2021 [3s Qh]
Mahu2021: folds 
Uncalled bet (20) returned to Gochira
Gochira collected 40 from pot
*** SUMMARY ***
Total pot 40 | Rake 0 
Seat 2: Mahu2021 (button) (small blind) folded before Flop
Seat 3: Gochira (big blind) collected (40)



PokerStars Hand #246830683724: Tournament #3666002172, $1.84+$0.16 USD Hold'em No Limit - Level III (20/40) - 2023/10/30 18:57:41 CET [2023/10/30 13:57:41 ET]
Table '3666002172 1' 3-max Seat #3 is the button
Seat 2: Mahu2021 (580 in chips) 
Seat 3: Gochira (920 in chips) 
Gochira: posts small blind 20
Mahu2021: posts big blind 40
*** HOLE CARDS ***
Dealt to Mahu2021 [6s 6c]
Gochira: calls 20
Mahu2021: raises 540 to 580 and is all-in
Gochira: folds 
Uncalled bet (540) returned to Mahu2021
Mahu2021 collected 80 from pot
Mahu2021: doesn't show hand 
*** SUMMARY ***
Total pot 80 | Rake 0 
Seat 2: Mahu2021 (big blind) collected (80)
Seat 3: Gochira (button) (small blind) folded before Flop



PokerStars Hand #246830685742: Tournament #3666002172, $1.84+$0.16 USD Hold'em No Limit - Level III (20/40) - 2023/10/30 18:57:49 CET [2023/10/30 13:57:49 ET]
Table '3666002172 1' 3-max Seat #2 is the button
Seat 2: Mahu2021 (620 in chips) 
Seat 3: Gochira (880 in chips) 
Mahu2021: posts small blind 20
Gochira: posts big blind 40
*** HOLE CARDS ***
Dealt to Mahu2021 [5d 8c]
Mahu2021: folds 
Uncalled bet (20) returned to Gochira
Gochira collected 40 from pot
*** SUMMARY ***
Total pot 40 | Rake 0 
Seat 2: Mahu2021 (button) (small blind) folded before Flop
Seat 3: Gochira (big blind) collected (40)



PokerStars Hand #246830686879: Tournament #3666002172, $1.84+$0.16 USD Hold'em No Limit - Level III (20/40) - 2023/10/30 18:57:54 CET [2023/10/30 13:57:54 ET]
Table '3666002172 1' 3-max Seat #3 is the button
Seat 2: Mahu2021 (600 in chips) 
Seat 3: Gochira (900 in chips) 
Gochira: posts small blind 20
Mahu2021: posts big blind 40
*** HOLE CARDS ***
Dealt to Mahu2021 [Jd Qd]
Gochira: calls 20
Mahu2021: raises 80 to 120
Gochira: calls 80
*** FLOP *** [4d 8h 4s]
Mahu2021: bets 480 and is all-in
Gochira: folds 
Uncalled bet (480) returned to Mahu2021
Mahu2021 collected 240 from pot
Mahu2021: doesn't show hand 
*** SUMMARY ***
Total pot 240 | Rake 0 
Board [4d 8h 4s]
Seat 2: Mahu2021 (big blind) collected (240)
Seat 3: Gochira (button) (small blind) folded on the Flop



PokerStars Hand #246830690593: Tournament #3666002172, $1.84+$0.16 USD Hold'em No Limit - Level III (20/40) - 2023/10/30 18:58:10 CET [2023/10/30 13:58:10 ET]
Table '3666002172 1' 3-max Seat #2 is the button
Seat 2: Mahu2021 (720 in chips) 
Seat 3: Gochira (780 in chips) 
Mahu2021: posts small blind 20
Gochira: posts big blind 40
*** HOLE CARDS ***
Dealt to Mahu2021 [8s 4h]
Mahu2021: folds 
Uncalled bet (20) returned to Gochira
Gochira collected 40 from pot
*** SUMMARY ***
Total pot 40 | Rake 0 
Seat 2: Mahu2021 (button) (small blind) folded before Flop
Seat 3: Gochira (big blind) collected (40)



PokerStars Hand #246830692356: Tournament #3666002172, $1.84+$0.16 USD Hold'em No Limit - Level IV (30/60) - 2023/10/30 18:58:17 CET [2023/10/30 13:58:17 ET]
Table '3666002172 1' 3-max Seat #3 is the button
Seat 2: Mahu2021 (700 in chips) 
Seat 3: Gochira (800 in chips) 
Gochira: posts small blind 30
Mahu2021: posts big blind 60
*** HOLE CARDS ***
Dealt to Mahu2021 [Qh 2c]
Gochira: calls 30
Mahu2021: checks 
*** FLOP *** [3d 3h 7c]
Mahu2021: checks 
Gochira: checks 
*** TURN *** [3d 3h 7c] [6c]
Mahu2021: checks 
Gochira: bets 60
Mahu2021: folds 
Uncalled bet (60) returned to Gochira
Gochira collected 120 from pot
*** SUMMARY ***
Total pot 120 | Rake 0 
Board [3d 3h 7c 6c]
Seat 2: Mahu2021 (big blind) folded on the Turn
Seat 3: Gochira (button) (small blind) collected (120)



PokerStars Hand #246830695465: Tournament #3666002172, $1.84+$0.16 USD Hold'em No Limit - Level IV (30/60) - 2023/10/30 18:58:30 CET [2023/10/30 13:58:30 ET]
Table '3666002172 1' 3-max Seat #2 is the button
Seat 2: Mahu2021 (640 in chips) 
Seat 3: Gochira (860 in chips) 
Mahu2021: posts small blind 30
Gochira: posts big blind 60
*** HOLE CARDS ***
Dealt to Mahu2021 [Kh Qc]
Mahu2021: raises 120 to 180
Gochira: folds 
Uncalled bet (120) returned to Mahu2021
Mahu2021 collected 120 from pot
Mahu2021: doesn't show hand 
*** SUMMARY ***
Total pot 120 | Rake 0 
Seat 2: Mahu2021 (button) (small blind) collected (120)
Seat 3: Gochira (big blind) folded before Flop



PokerStars Hand #246830697064: Tournament #3666002172, $1.84+$0.16 USD Hold'em No Limit - Level IV (30/60) - 2023/10/30 18:58:37 CET [2023/10/30 13:58:37 ET]
Table '3666002172 1' 3-max Seat #3 is the button
Seat 2: Mahu2021 (700 in chips) 
Seat 3: Gochira (800 in chips) 
Gochira: posts small blind 30
Mahu2021: posts big blind 60
*** HOLE CARDS ***
Dealt to Mahu2021 [9c 5d]
Gochira: raises 740 to 800 and is all-in
Mahu2021: folds 
Uncalled bet (740) returned to Gochira
Gochira collected 120 from pot
*** SUMMARY ***
Total pot 120 | Rake 0 
Seat 2: Mahu2021 (big blind) folded before Flop
Seat 3: Gochira (button) (small blind) collected (120)



PokerStars Hand #246830698409: Tournament #3666002172, $1.84+$0.16 USD Hold'em No Limit - Level IV (30/60) - 2023/10/30 18:58:43 CET [2023/10/30 13:58:43 ET]
Table '3666002172 1' 3-max Seat #2 is the button
Seat 2: Mahu2021 (640 in chips) 
Seat 3: Gochira (860 in chips) 
Mahu2021: posts small blind 30
Gochira: posts big blind 60
*** HOLE CARDS ***
Dealt to Mahu2021 [7c Kh]
Mahu2021: raises 60 to 120
Gochira: calls 60
*** FLOP *** [6c 4d 6s]
Gochira: checks 
Mahu2021: bets 520 and is all-in
Gochira: folds 
Uncalled bet (520) returned to Mahu2021
Mahu2021 collected 240 from pot
Mahu2021: doesn't show hand 
*** SUMMARY ***
Total pot 240 | Rake 0 
Board [6c 4d 6s]
Seat 2: Mahu2021 (button) (small blind) collected (240)
Seat 3: Gochira (big blind) folded on the Flop



PokerStars Hand #246830701406: Tournament #3666002172, $1.84+$0.16 USD Hold'em No Limit - Level IV (30/60) - 2023/10/30 18:58:56 CET [2023/10/30 13:58:56 ET]
Table '3666002172 1' 3-max Seat #3 is the button
Seat 2: Mahu2021 (760 in chips) 
Seat 3: Gochira (740 in chips) 
Gochira: posts small blind 30
Mahu2021: posts big blind 60
*** HOLE CARDS ***
Dealt to Mahu2021 [5d Ad]
Gochira: calls 30
Mahu2021: raises 120 to 180
Gochira: folds 
Uncalled bet (120) returned to Mahu2021
Mahu2021 collected 120 from pot
Mahu2021: doesn't show hand 
*** SUMMARY ***
Total pot 120 | Rake 0 
Seat 2: Mahu2021 (big blind) collected (120)
Seat 3: Gochira (button) (small blind) folded before Flop



PokerStars Hand #246830703341: Tournament #3666002172, $1.84+$0.16 USD Hold'em No Limit - Level IV (30/60) - 2023/10/30 18:59:04 CET [2023/10/30 13:59:04 ET]
Table '3666002172 1' 3-max Seat #2 is the button
Seat 2: Mahu2021 (820 in chips) 
Seat 3: Gochira (680 in chips) 
Mahu2021: posts small blind 30
Gochira: posts big blind 60
*** HOLE CARDS ***
Dealt to Mahu2021 [6s 6h]
Mahu2021: raises 760 to 820 and is all-in
Gochira: folds 
Uncalled bet (760) returned to Mahu2021
Mahu2021 collected 120 from pot
Mahu2021: doesn't show hand 
*** SUMMARY ***
Total pot 120 | Rake 0 
Seat 2: Mahu2021 (button) (small blind) collected (120)
Seat 3: Gochira (big blind) folded before Flop



PokerStars Hand #246830704776: Tournament #3666002172, $1.84+$0.16 USD Hold'em No Limit - Level IV (30/60) - 2023/10/30 18:59:10 CET [2023/10/30 13:59:10 ET]
Table '3666002172 1' 3-max Seat #3 is the button
Seat 2: Mahu2021 (880 in chips) 
Seat 3: Gochira (620 in chips) 
Gochira: posts small blind 30
Mahu2021: posts big blind 60
*** HOLE CARDS ***
Dealt to Mahu2021 [4h 4d]
Gochira: calls 30
Mahu2021: raises 820 to 880 and is all-in
Gochira: folds 
Uncalled bet (820) returned to Mahu2021
Mahu2021 collected 120 from pot
Mahu2021: doesn't show hand 
*** SUMMARY ***
Total pot 120 | Rake 0 
Seat 2: Mahu2021 (big blind) collected (120)
Seat 3: Gochira (button) (small blind) folded before Flop



PokerStars Hand #246830707695: Tournament #3666002172, $1.84+$0.16 USD Hold'em No Limit - Level IV (30/60) - 2023/10/30 18:59:23 CET [2023/10/30 13:59:23 ET]
Table '3666002172 1' 3-max Seat #2 is the button
Seat 2: Mahu2021 (940 in chips) 
Seat 3: Gochira (560 in chips) 
Mahu2021: posts small blind 30
Gochira: posts big blind 60
*** HOLE CARDS ***
Dealt to Mahu2021 [4s Qs]
Mahu2021: calls 30
Gochira: raises 500 to 560 and is all-in
Mahu2021: calls 500
*** FLOP *** [8h 9c 4c]
*** TURN *** [8h 9c 4c] [Th]
*** RIVER *** [8h 9c 4c Th] [7c]
*** SHOW DOWN ***
Gochira: shows [Qd Ac] (high card Ace)
Mahu2021: shows [4s Qs] (a pair of Fours)
Mahu2021 collected 1120 from pot
Gochira finished the tournament in 2nd place
Mahu2021 wins the tournament and receives $8.00 - congratulations!
*** SUMMARY ***
Total pot 1120 | Rake 0 
Board [8h 9c 4c Th 7c]
Seat 2: Mahu2021 (button) (small blind) showed [4s Qs] and won (1120) with a pair of Fours
Seat 3: Gochira (big blind) showed [Qd Ac] and lost with high card Ace



