PokerStars Hand #249593326155: Tournament #3732917069, $1.84+$0.16 USD Hold'em No Limit - Level I (10/20) - 2024/03/24 12:19:46 CET [2024/03/24 7:19:46 ET]
Table '3732917069 1' 3-max Seat #1 is the button
Seat 1: o3bito (500 in chips) 
Seat 2: suricato1998 (500 in chips) 
Seat 3: Mahu2021 (500 in chips) 
suricato1998: posts small blind 10
Mahu2021: posts big blind 20
*** HOLE CARDS ***
Dealt to Mahu2021 [6d 7c]
o3bito: calls 20
suricato1998: raises 60 to 80
Mahu2021: folds 
o3bito: calls 60
*** FLOP *** [Kh 3d Ah]
suricato1998: checks 
o3bito: checks 
*** TURN *** [Kh 3d Ah] [8s]
suricato1998: bets 60
o3bito: folds 
Uncalled bet (60) returned to suricato1998
suricato1998 collected 180 from pot
suricato1998: doesn't show hand 
*** SUMMARY ***
Total pot 180 | Rake 0 
Board [Kh 3d Ah 8s]
Seat 1: o3bito (button) folded on the Turn
Seat 2: suricato1998 (small blind) collected (180)
Seat 3: Mahu2021 (big blind) folded before Flop



PokerStars Hand #249593332190: Tournament #3732917069, $1.84+$0.16 USD Hold'em No Limit - Level I (10/20) - 2024/03/24 12:20:23 CET [2024/03/24 7:20:23 ET]
Table '3732917069 1' 3-max Seat #2 is the button
Seat 1: o3bito (420 in chips) 
Seat 2: suricato1998 (600 in chips) 
Seat 3: Mahu2021 (480 in chips) 
Mahu2021: posts small blind 10
o3bito: posts big blind 20
*** HOLE CARDS ***
Dealt to Mahu2021 [5d 3h]
suricato1998: folds 
Mahu2021: folds 
Uncalled bet (10) returned to o3bito
o3bito collected 20 from pot
o3bito: doesn't show hand 
*** SUMMARY ***
Total pot 20 | Rake 0 
Seat 1: o3bito (big blind) collected (20)
Seat 2: suricato1998 (button) folded before Flop (didn't bet)
Seat 3: Mahu2021 (small blind) folded before Flop



PokerStars Hand #249593333016: Tournament #3732917069, $1.84+$0.16 USD Hold'em No Limit - Level I (10/20) - 2024/03/24 12:20:28 CET [2024/03/24 7:20:28 ET]
Table '3732917069 1' 3-max Seat #3 is the button
Seat 1: o3bito (430 in chips) 
Seat 2: suricato1998 (600 in chips) 
Seat 3: Mahu2021 (470 in chips) 
o3bito: posts small blind 10
suricato1998: posts big blind 20
*** HOLE CARDS ***
Dealt to Mahu2021 [5d Js]
Mahu2021: folds 
o3bito: calls 10
suricato1998: checks 
*** FLOP *** [8s 7s 4d]
o3bito: checks 
suricato1998: bets 20
o3bito: folds 
Uncalled bet (20) returned to suricato1998
suricato1998 collected 40 from pot
suricato1998: doesn't show hand 
*** SUMMARY ***
Total pot 40 | Rake 0 
Board [8s 7s 4d]
Seat 1: o3bito (small blind) folded on the Flop
Seat 2: suricato1998 (big blind) collected (40)
Seat 3: Mahu2021 (button) folded before Flop (didn't bet)



PokerStars Hand #249593335915: Tournament #3732917069, $1.84+$0.16 USD Hold'em No Limit - Level I (10/20) - 2024/03/24 12:20:46 CET [2024/03/24 7:20:46 ET]
Table '3732917069 1' 3-max Seat #1 is the button
Seat 1: o3bito (410 in chips) 
Seat 2: suricato1998 (620 in chips) 
Seat 3: Mahu2021 (470 in chips) 
suricato1998: posts small blind 10
Mahu2021: posts big blind 20
*** HOLE CARDS ***
Dealt to Mahu2021 [Jh Kd]
o3bito: folds 
suricato1998: raises 20 to 40
Mahu2021: calls 20
*** FLOP *** [5c Jd 4d]
suricato1998: checks 
Mahu2021: bets 40
suricato1998: calls 40
*** TURN *** [5c Jd 4d] [Td]
suricato1998: checks 
Mahu2021: bets 40
suricato1998: calls 40
*** RIVER *** [5c Jd 4d Td] [Ah]
suricato1998: bets 120
Mahu2021: folds 
Uncalled bet (120) returned to suricato1998
suricato1998 collected 240 from pot
suricato1998: doesn't show hand 
*** SUMMARY ***
Total pot 240 | Rake 0 
Board [5c Jd 4d Td Ah]
Seat 1: o3bito (button) folded before Flop (didn't bet)
Seat 2: suricato1998 (small blind) collected (240)
Seat 3: Mahu2021 (big blind) folded on the River



PokerStars Hand #249593345107: Tournament #3732917069, $1.84+$0.16 USD Hold'em No Limit - Level I (10/20) - 2024/03/24 12:21:40 CET [2024/03/24 7:21:40 ET]
Table '3732917069 1' 3-max Seat #2 is the button
Seat 1: o3bito (410 in chips) 
Seat 2: suricato1998 (740 in chips) 
Seat 3: Mahu2021 (350 in chips) 
Mahu2021: posts small blind 10
o3bito: posts big blind 20
*** HOLE CARDS ***
Dealt to Mahu2021 [Ks Td]
suricato1998: folds 
Mahu2021: raises 20 to 40
o3bito: calls 20
*** FLOP *** [4h 2c Ah]
Mahu2021: checks 
o3bito: checks 
*** TURN *** [4h 2c Ah] [9c]
Mahu2021: checks 
o3bito: checks 
*** RIVER *** [4h 2c Ah 9c] [Th]
Mahu2021: bets 40
o3bito: calls 40
*** SHOW DOWN ***
Mahu2021: shows [Ks Td] (a pair of Tens)
o3bito: shows [Tc Kd] (a pair of Tens)
Mahu2021 collected 80 from pot
o3bito collected 80 from pot
*** SUMMARY ***
Total pot 160 | Rake 0 
Board [4h 2c Ah 9c Th]
Seat 1: o3bito (big blind) showed [Tc Kd] and won (80) with a pair of Tens
Seat 2: suricato1998 (button) folded before Flop (didn't bet)
Seat 3: Mahu2021 (small blind) showed [Ks Td] and won (80) with a pair of Tens



PokerStars Hand #249593349335: Tournament #3732917069, $1.84+$0.16 USD Hold'em No Limit - Level I (10/20) - 2024/03/24 12:22:05 CET [2024/03/24 7:22:05 ET]
Table '3732917069 1' 3-max Seat #3 is the button
Seat 1: o3bito (410 in chips) 
Seat 2: suricato1998 (740 in chips) 
Seat 3: Mahu2021 (350 in chips) 
o3bito: posts small blind 10
suricato1998: posts big blind 20
*** HOLE CARDS ***
Dealt to Mahu2021 [6d Th]
Mahu2021: folds 
o3bito: calls 10
suricato1998: checks 
*** FLOP *** [6s Qc 6h]
o3bito: checks 
suricato1998: checks 
*** TURN *** [6s Qc 6h] [5c]
o3bito: checks 
suricato1998: bets 20
o3bito: calls 20
*** RIVER *** [6s Qc 6h 5c] [Ac]
o3bito: checks 
suricato1998: checks 
*** SHOW DOWN ***
o3bito: shows [3d 4s] (a pair of Sixes)
suricato1998: shows [Kh 7s] (a pair of Sixes - Ace+King kicker)
suricato1998 collected 80 from pot
*** SUMMARY ***
Total pot 80 | Rake 0 
Board [6s Qc 6h 5c Ac]
Seat 1: o3bito (small blind) showed [3d 4s] and lost with a pair of Sixes
Seat 2: suricato1998 (big blind) showed [Kh 7s] and won (80) with a pair of Sixes
Seat 3: Mahu2021 (button) folded before Flop (didn't bet)



PokerStars Hand #249593354435: Tournament #3732917069, $1.84+$0.16 USD Hold'em No Limit - Level I (10/20) - 2024/03/24 12:22:36 CET [2024/03/24 7:22:36 ET]
Table '3732917069 1' 3-max Seat #1 is the button
Seat 1: o3bito (370 in chips) 
Seat 2: suricato1998 (780 in chips) 
Seat 3: Mahu2021 (350 in chips) 
suricato1998: posts small blind 10
Mahu2021: posts big blind 20
*** HOLE CARDS ***
Dealt to Mahu2021 [Td Kc]
o3bito: calls 20
suricato1998: raises 40 to 60
Mahu2021: calls 40
o3bito: folds 
*** FLOP *** [Js Ks 7c]
suricato1998: bets 40
Mahu2021: raises 250 to 290 and is all-in
suricato1998: folds 
Uncalled bet (250) returned to Mahu2021
Mahu2021 collected 220 from pot
Mahu2021: doesn't show hand 
*** SUMMARY ***
Total pot 220 | Rake 0 
Board [Js Ks 7c]
Seat 1: o3bito (button) folded before Flop
Seat 2: suricato1998 (small blind) folded on the Flop
Seat 3: Mahu2021 (big blind) collected (220)



PokerStars Hand #249593360004: Tournament #3732917069, $1.84+$0.16 USD Hold'em No Limit - Level II (15/30) - 2024/03/24 12:23:10 CET [2024/03/24 7:23:10 ET]
Table '3732917069 1' 3-max Seat #2 is the button
Seat 1: o3bito (350 in chips) 
Seat 2: suricato1998 (680 in chips) 
Seat 3: Mahu2021 (470 in chips) 
Mahu2021: posts small blind 15
o3bito: posts big blind 30
*** HOLE CARDS ***
Dealt to Mahu2021 [Ks 5h]
suricato1998: raises 30 to 60
Mahu2021: folds 
o3bito: calls 30
*** FLOP *** [4d Ts 5s]
o3bito: checks 
suricato1998: bets 60
o3bito: raises 230 to 290 and is all-in
suricato1998: calls 230
*** TURN *** [4d Ts 5s] [4s]
*** RIVER *** [4d Ts 5s 4s] [3d]
*** SHOW DOWN ***
o3bito: shows [Kd 7d] (a pair of Fours)
suricato1998: shows [6d 6c] (two pair, Sixes and Fours)
suricato1998 collected 715 from pot
o3bito finished the tournament in 3rd place
*** SUMMARY ***
Total pot 715 | Rake 0 
Board [4d Ts 5s 4s 3d]
Seat 1: o3bito (big blind) showed [Kd 7d] and lost with a pair of Fours
Seat 2: suricato1998 (button) showed [6d 6c] and won (715) with two pair, Sixes and Fours
Seat 3: Mahu2021 (small blind) folded before Flop



PokerStars Hand #249593365106: Tournament #3732917069, $1.84+$0.16 USD Hold'em No Limit - Level II (15/30) - 2024/03/24 12:23:41 CET [2024/03/24 7:23:41 ET]
Table '3732917069 1' 3-max Seat #3 is the button
Seat 2: suricato1998 (1045 in chips) 
Seat 3: Mahu2021 (455 in chips) 
Mahu2021: posts small blind 15
suricato1998: posts big blind 30
*** HOLE CARDS ***
Dealt to Mahu2021 [Ah Qd]
Mahu2021: calls 15
suricato1998: checks 
*** FLOP *** [Td Ts Tc]
suricato1998: checks 
Mahu2021: bets 60
suricato1998: folds 
Uncalled bet (60) returned to Mahu2021
Mahu2021 collected 60 from pot
Mahu2021: doesn't show hand 
*** SUMMARY ***
Total pot 60 | Rake 0 
Board [Td Ts Tc]
Seat 2: suricato1998 (big blind) folded on the Flop
Seat 3: Mahu2021 (button) (small blind) collected (60)



PokerStars Hand #249593367605: Tournament #3732917069, $1.84+$0.16 USD Hold'em No Limit - Level II (15/30) - 2024/03/24 12:23:56 CET [2024/03/24 7:23:56 ET]
Table '3732917069 1' 3-max Seat #2 is the button
Seat 2: suricato1998 (1015 in chips) 
Seat 3: Mahu2021 (485 in chips) 
suricato1998: posts small blind 15
Mahu2021: posts big blind 30
*** HOLE CARDS ***
Dealt to Mahu2021 [6h 3s]
suricato1998: calls 15
Mahu2021: checks 
*** FLOP *** [Qh Td Ad]
Mahu2021: checks 
suricato1998: checks 
*** TURN *** [Qh Td Ad] [4h]
Mahu2021: checks 
suricato1998: checks 
*** RIVER *** [Qh Td Ad 4h] [Kh]
Mahu2021: checks 
suricato1998: bets 30
Mahu2021: folds 
Uncalled bet (30) returned to suricato1998
suricato1998 collected 60 from pot
suricato1998: doesn't show hand 
*** SUMMARY ***
Total pot 60 | Rake 0 
Board [Qh Td Ad 4h Kh]
Seat 2: suricato1998 (button) (small blind) collected (60)
Seat 3: Mahu2021 (big blind) folded on the River



PokerStars Hand #249593371048: Tournament #3732917069, $1.84+$0.16 USD Hold'em No Limit - Level II (15/30) - 2024/03/24 12:24:18 CET [2024/03/24 7:24:18 ET]
Table '3732917069 1' 3-max Seat #3 is the button
Seat 2: suricato1998 (1045 in chips) 
Seat 3: Mahu2021 (455 in chips) 
Mahu2021: posts small blind 15
suricato1998: posts big blind 30
*** HOLE CARDS ***
Dealt to Mahu2021 [8s Ah]
Mahu2021: raises 30 to 60
suricato1998: calls 30
*** FLOP *** [3d 2d Td]
suricato1998: checks 
Mahu2021: checks 
*** TURN *** [3d 2d Td] [Js]
suricato1998: bets 60
Mahu2021: folds 
Uncalled bet (60) returned to suricato1998
suricato1998 collected 120 from pot
suricato1998: doesn't show hand 
*** SUMMARY ***
Total pot 120 | Rake 0 
Board [3d 2d Td Js]
Seat 2: suricato1998 (big blind) collected (120)
Seat 3: Mahu2021 (button) (small blind) folded on the Turn



PokerStars Hand #249593374567: Tournament #3732917069, $1.84+$0.16 USD Hold'em No Limit - Level II (15/30) - 2024/03/24 12:24:39 CET [2024/03/24 7:24:39 ET]
Table '3732917069 1' 3-max Seat #2 is the button
Seat 2: suricato1998 (1105 in chips) 
Seat 3: Mahu2021 (395 in chips) 
suricato1998: posts small blind 15
Mahu2021: posts big blind 30
*** HOLE CARDS ***
Dealt to Mahu2021 [Ac 2c]
suricato1998: raises 30 to 60
Mahu2021: calls 30
*** FLOP *** [9h Tc 8s]
Mahu2021: checks 
suricato1998: bets 30
Mahu2021: calls 30
*** TURN *** [9h Tc 8s] [5c]
Mahu2021: checks 
suricato1998: bets 60
Mahu2021: calls 60
*** RIVER *** [9h Tc 8s 5c] [Th]
Mahu2021: checks 
suricato1998: checks 
*** SHOW DOWN ***
Mahu2021: shows [Ac 2c] (a pair of Tens)
suricato1998: shows [8h Js] (two pair, Tens and Eights)
suricato1998 collected 300 from pot
*** SUMMARY ***
Total pot 300 | Rake 0 
Board [9h Tc 8s 5c Th]
Seat 2: suricato1998 (button) (small blind) showed [8h Js] and won (300) with two pair, Tens and Eights
Seat 3: Mahu2021 (big blind) showed [Ac 2c] and lost with a pair of Tens



PokerStars Hand #249593379846: Tournament #3732917069, $1.84+$0.16 USD Hold'em No Limit - Level II (15/30) - 2024/03/24 12:25:11 CET [2024/03/24 7:25:11 ET]
Table '3732917069 1' 3-max Seat #3 is the button
Seat 2: suricato1998 (1255 in chips) 
Seat 3: Mahu2021 (245 in chips) 
Mahu2021: posts small blind 15
suricato1998: posts big blind 30
*** HOLE CARDS ***
Dealt to Mahu2021 [3c 5h]
Mahu2021: folds 
Uncalled bet (15) returned to suricato1998
suricato1998 collected 30 from pot
suricato1998: doesn't show hand 
*** SUMMARY ***
Total pot 30 | Rake 0 
Seat 2: suricato1998 (big blind) collected (30)
Seat 3: Mahu2021 (button) (small blind) folded before Flop



