PokerStars Zoom Hand #253519347696:  Hold'em No Limit ($0.05/$0.10) - 2024/11/22 15:30:56 CET [2024/11/22 9:30:56 ET]
Table 'Aludra' 6-max Seat #1 is the button
Seat 1: julesAAAA ($20.56 in chips) 
Seat 2: stand123 ($6.90 in chips) 
Seat 3: Mahu2021 ($10 in chips) 
Seat 4: Ripshaw10 ($15.26 in chips) 
Seat 5: eodnrdld123 ($10 in chips) 
Seat 6: Lenusia392 ($3.01 in chips) 
stand123: posts small blind $0.05
Mahu2021: posts big blind $0.10
*** HOLE CARDS ***
Dealt to Mahu2021 [8h 9s]
Ripshaw10: folds 
eodnrdld123: folds 
Lenusia392: folds 
julesAAAA: folds 
stand123: folds 
Uncalled bet ($0.05) returned to Mahu2021
Mahu2021 collected $0.10 from pot
Mahu2021: doesn't show hand 
*** SUMMARY ***
Total pot $0.10 | Rake $0 
Seat 1: julesAAAA (button) folded before Flop (didn't bet)
Seat 2: stand123 (small blind) folded before Flop
Seat 3: Mahu2021 (big blind) collected ($0.10)
Seat 4: Ripshaw10 folded before Flop (didn't bet)
Seat 5: eodnrdld123 folded before Flop (didn't bet)
Seat 6: Lenusia392 folded before Flop (didn't bet)



PokerStars Zoom Hand #253519352249:  Hold'em No Limit ($0.05/$0.10) - 2024/11/22 15:31:22 CET [2024/11/22 9:31:22 ET]
Table 'Aludra' 6-max Seat #1 is the button
Seat 1: gini777gini ($10.97 in chips) 
Seat 2: Mahu2021 ($10.05 in chips) 
Seat 3: DonkeyKong1960 ($10 in chips) 
Seat 4: daily228 ($21.21 in chips) 
Seat 5: lordx777 ($13.44 in chips) 
Seat 6: Ripshaw10 ($8.64 in chips) 
Mahu2021: posts small blind $0.05
DonkeyKong1960: posts big blind $0.10
*** HOLE CARDS ***
Dealt to Mahu2021 [Kd 6h]
daily228: folds 
lordx777: folds 
Ripshaw10: raises $0.10 to $0.20
gini777gini: folds 
Mahu2021: folds 
DonkeyKong1960: folds 
Uncalled bet ($0.10) returned to Ripshaw10
Ripshaw10 collected $0.25 from pot
Ripshaw10: doesn't show hand 
*** SUMMARY ***
Total pot $0.25 | Rake $0 
Seat 1: gini777gini (button) folded before Flop (didn't bet)
Seat 2: Mahu2021 (small blind) folded before Flop
Seat 3: DonkeyKong1960 (big blind) folded before Flop
Seat 4: daily228 folded before Flop (didn't bet)
Seat 5: lordx777 folded before Flop (didn't bet)
Seat 6: Ripshaw10 collected ($0.25)



PokerStars Zoom Hand #253519353266:  Hold'em No Limit ($0.05/$0.10) - 2024/11/22 15:31:28 CET [2024/11/22 9:31:28 ET]
Table 'Aludra' 6-max Seat #1 is the button
Seat 1: misterxAA007 ($10.43 in chips) 
Seat 2: iqualizer ($8.63 in chips) 
Seat 3: dodeer ($10 in chips) 
Seat 4: gini777gini ($10.97 in chips) 
Seat 5: fabs stars ($9.01 in chips) 
Seat 6: Mahu2021 ($10 in chips) 
iqualizer: posts small blind $0.05
dodeer: posts big blind $0.10
*** HOLE CARDS ***
Dealt to Mahu2021 [6h 7h]
gini777gini: folds 
fabs stars: folds 
Mahu2021: raises $0.10 to $0.20
misterxAA007: folds 
iqualizer: folds 
dodeer: folds 
Uncalled bet ($0.10) returned to Mahu2021
Mahu2021 collected $0.25 from pot
Mahu2021: doesn't show hand 
*** SUMMARY ***
Total pot $0.25 | Rake $0 
Seat 1: misterxAA007 (button) folded before Flop (didn't bet)
Seat 2: iqualizer (small blind) folded before Flop
Seat 3: dodeer (big blind) folded before Flop
Seat 4: gini777gini folded before Flop (didn't bet)
Seat 5: fabs stars folded before Flop (didn't bet)
Seat 6: Mahu2021 collected ($0.25)



PokerStars Zoom Hand #253519356020:  Hold'em No Limit ($0.05/$0.10) - 2024/11/22 15:31:44 CET [2024/11/22 9:31:44 ET]
Table 'Aludra' 6-max Seat #1 is the button
Seat 1: Atc9iv ($10.05 in chips) 
Seat 2: dodeer ($10 in chips) 
Seat 3: PEE0202 ($8.31 in chips) 
Seat 4: sabori-man ($10 in chips) 
Seat 5: Mahu2021 ($10.15 in chips) 
Seat 6: Rob 1973 ($15.15 in chips) 
dodeer: posts small blind $0.05
PEE0202: posts big blind $0.10
*** HOLE CARDS ***
Dealt to Mahu2021 [5d 8c]
sabori-man: folds 
Mahu2021: folds 
Rob 1973: folds 
Atc9iv: folds 
dodeer: folds 
Uncalled bet ($0.05) returned to PEE0202
PEE0202 collected $0.10 from pot
PEE0202: doesn't show hand 
*** SUMMARY ***
Total pot $0.10 | Rake $0 
Seat 1: Atc9iv (button) folded before Flop (didn't bet)
Seat 2: dodeer (small blind) folded before Flop
Seat 3: PEE0202 (big blind) collected ($0.10)
Seat 4: sabori-man folded before Flop (didn't bet)
Seat 5: Mahu2021 folded before Flop (didn't bet)
Seat 6: Rob 1973 folded before Flop (didn't bet)



PokerStars Zoom Hand #253519350954:  Hold'em No Limit ($0.05/$0.10) - 2024/11/22 15:31:15 CET [2024/11/22 9:31:15 ET]
Table 'Aludra' 6-max Seat #1 is the button
Seat 1: Mahu2021 ($10.05 in chips) 
Seat 2: eodnrdld123 ($10 in chips) 
Seat 3: iron.arkad ($5 in chips) 
Seat 4: eLegido99 ($15.25 in chips) 
Seat 5: pokeripuikko ($27.69 in chips) 
Seat 6: PEE0202 ($9.06 in chips) 
eodnrdld123: posts small blind $0.05
iron.arkad: posts big blind $0.10
*** HOLE CARDS ***
Dealt to Mahu2021 [Kd Td]
eLegido99: raises $0.15 to $0.25
pokeripuikko: raises $0.50 to $0.75
PEE0202: calls $0.75
Mahu2021: folds 
eodnrdld123: folds 
iron.arkad: calls $0.65
eLegido99: calls $0.50
*** FLOP *** [6d 8d 4d]
iron.arkad: checks 
eLegido99: checks 
pokeripuikko: checks 
PEE0202: checks 
*** TURN *** [6d 8d 4d] [6c]
iron.arkad: checks 
eLegido99: checks 
pokeripuikko: bets $1.20
PEE0202: folds 
iron.arkad: folds 
eLegido99: folds 
Uncalled bet ($1.20) returned to pokeripuikko
pokeripuikko collected $2.91 from pot
pokeripuikko: doesn't show hand 
*** SUMMARY ***
Total pot $3.05 | Rake $0.14 
Board [6d 8d 4d 6c]
Seat 1: Mahu2021 (button) folded before Flop (didn't bet)
Seat 2: eodnrdld123 (small blind) folded before Flop
Seat 3: iron.arkad (big blind) folded on the Turn
Seat 4: eLegido99 folded on the Turn
Seat 5: pokeripuikko collected ($2.91)
Seat 6: PEE0202 folded on the Turn



PokerStars Zoom Hand #253519356717:  Hold'em No Limit ($0.05/$0.10) - 2024/11/22 15:31:48 CET [2024/11/22 9:31:48 ET]
Table 'Aludra' 6-max Seat #1 is the button
Seat 1: Mahu2021 ($10.15 in chips) 
Seat 2: misterxAA007 ($10.43 in chips) 
Seat 3: Thoker ($11.45 in chips) 
Seat 4: Rob 1973 ($15.15 in chips) 
Seat 5: VitorArj ($10.64 in chips) 
Seat 6: gini777gini ($10.82 in chips) 
misterxAA007: posts small blind $0.05
Thoker: posts big blind $0.10
*** HOLE CARDS ***
Dealt to Mahu2021 [Js Jc]
Rob 1973: folds 
VitorArj: folds 
gini777gini: raises $0.10 to $0.20
Mahu2021: raises $0.50 to $0.70
misterxAA007: folds 
Thoker: folds 
gini777gini: calls $0.50
*** FLOP *** [2s Kc 5c]
gini777gini: checks 
Mahu2021: bets $1.48
gini777gini: folds 
Uncalled bet ($1.48) returned to Mahu2021
Mahu2021 collected $1.48 from pot
Mahu2021: doesn't show hand 
*** SUMMARY ***
Total pot $1.55 | Rake $0.07 
Board [2s Kc 5c]
Seat 1: Mahu2021 (button) collected ($1.48)
Seat 2: misterxAA007 (small blind) folded before Flop
Seat 3: Thoker (big blind) folded before Flop
Seat 4: Rob 1973 folded before Flop (didn't bet)
Seat 5: VitorArj folded before Flop (didn't bet)
Seat 6: gini777gini folded on the Flop



PokerStars Zoom Hand #253519361783:  Hold'em No Limit ($0.05/$0.10) - 2024/11/22 15:32:17 CET [2024/11/22 9:32:17 ET]
Table 'Aludra' 6-max Seat #1 is the button
Seat 1: zoras5 ($11.46 in chips) 
Seat 2: pokeripuikko ($20 in chips) 
Seat 3: CptLevi111 ($5.49 in chips) 
Seat 4: goon97 ($29.10 in chips) 
Seat 5: bailaotong ($8.53 in chips) 
Seat 6: Mahu2021 ($10.93 in chips) 
pokeripuikko: posts small blind $0.05
CptLevi111: posts big blind $0.10
*** HOLE CARDS ***
Dealt to Mahu2021 [6d 3c]
goon97: folds 
bailaotong: raises $0.10 to $0.20
Mahu2021: folds 
zoras5: folds 
pokeripuikko: folds 
CptLevi111: calls $0.10
*** FLOP *** [7h 4s 5c]
CptLevi111: checks 
bailaotong: bets $0.13
CptLevi111: folds 
Uncalled bet ($0.13) returned to bailaotong
bailaotong collected $0.43 from pot
bailaotong: doesn't show hand 
*** SUMMARY ***
Total pot $0.45 | Rake $0.02 
Board [7h 4s 5c]
Seat 1: zoras5 (button) folded before Flop (didn't bet)
Seat 2: pokeripuikko (small blind) folded before Flop
Seat 3: CptLevi111 (big blind) folded on the Flop
Seat 4: goon97 folded before Flop (didn't bet)
Seat 5: bailaotong collected ($0.43)
Seat 6: Mahu2021 folded before Flop (didn't bet)



PokerStars Zoom Hand #253519362665:  Hold'em No Limit ($0.05/$0.10) - 2024/11/22 15:32:22 CET [2024/11/22 9:32:22 ET]
Table 'Aludra' 6-max Seat #1 is the button
Seat 1: DropIceoleito ($12.17 in chips) 
Seat 2: KRSofM ($9.90 in chips) 
Seat 3: Mahu2021 ($10.93 in chips) 
Seat 4: gini777gini ($10.12 in chips) 
Seat 5: eodnrdld123 ($10 in chips) 
Seat 6: letmewinplz8 ($23.16 in chips) 
KRSofM: posts small blind $0.05
Mahu2021: posts big blind $0.10
*** HOLE CARDS ***
Dealt to Mahu2021 [5s Js]
gini777gini: folds 
eodnrdld123: raises $0.10 to $0.20
letmewinplz8: folds 
DropIceoleito has timed out
DropIceoleito: folds 
KRSofM: folds 
Mahu2021: calls $0.10
*** FLOP *** [7c 4c 5c]
Mahu2021: checks 
eodnrdld123: checks 
*** TURN *** [7c 4c 5c] [2d]
Mahu2021: bets $0.20
eodnrdld123: folds 
Uncalled bet ($0.20) returned to Mahu2021
Mahu2021 collected $0.43 from pot
Mahu2021: doesn't show hand 
*** SUMMARY ***
Total pot $0.45 | Rake $0.02 
Board [7c 4c 5c 2d]
Seat 1: DropIceoleito (button) folded before Flop (didn't bet)
Seat 2: KRSofM (small blind) folded before Flop
Seat 3: Mahu2021 (big blind) collected ($0.43)
Seat 4: gini777gini folded before Flop (didn't bet)
Seat 5: eodnrdld123 folded on the Turn
Seat 6: letmewinplz8 folded before Flop (didn't bet)



PokerStars Zoom Hand #253519371697:  Hold'em No Limit ($0.05/$0.10) - 2024/11/22 15:33:14 CET [2024/11/22 9:33:14 ET]
Table 'Aludra' 6-max Seat #1 is the button
Seat 1: BoomBoringer ($19.06 in chips) 
Seat 2: never chase a b ($25 in chips) 
Seat 3: TheRidgeback ($6.06 in chips) 
Seat 4: Mahu2021 ($11.11 in chips) 
Seat 5: peddax ($12.91 in chips) 
Seat 6: dodeer ($10 in chips) 
never chase a b: posts small blind $0.05
TheRidgeback: posts big blind $0.10
*** HOLE CARDS ***
Dealt to Mahu2021 [4c 7h]
Mahu2021: folds 
peddax: folds 
dodeer: folds 
BoomBoringer: folds 
never chase a b: folds 
Uncalled bet ($0.05) returned to TheRidgeback
TheRidgeback collected $0.10 from pot
TheRidgeback: doesn't show hand 
*** SUMMARY ***
Total pot $0.10 | Rake $0 
Seat 1: BoomBoringer (button) folded before Flop (didn't bet)
Seat 2: never chase a b (small blind) folded before Flop
Seat 3: TheRidgeback (big blind) collected ($0.10)
Seat 4: Mahu2021 folded before Flop (didn't bet)
Seat 5: peddax folded before Flop (didn't bet)
Seat 6: dodeer folded before Flop (didn't bet)



PokerStars Zoom Hand #253519370797:  Hold'em No Limit ($0.05/$0.10) - 2024/11/22 15:33:09 CET [2024/11/22 9:33:09 ET]
Table 'Aludra' 6-max Seat #1 is the button
Seat 1: tigerfarm ($10 in chips) 
Seat 2: Mahu2021 ($11.16 in chips) 
Seat 3: sharakov ($10.33 in chips) 
Seat 4: eodnrdld123 ($10 in chips) 
Seat 5: joaoczr04 ($19.21 in chips) 
Seat 6: VitorArj ($12.43 in chips) 
Mahu2021: posts small blind $0.05
sharakov: posts big blind $0.10
*** HOLE CARDS ***
Dealt to Mahu2021 [5s 8h]
eodnrdld123: folds 
joaoczr04: folds 
VitorArj: folds 
tigerfarm: raises $0.13 to $0.23
Mahu2021: folds 
sharakov: folds 
Uncalled bet ($0.13) returned to tigerfarm
tigerfarm collected $0.25 from pot
tigerfarm: doesn't show hand 
*** SUMMARY ***
Total pot $0.25 | Rake $0 
Seat 1: tigerfarm (button) collected ($0.25)
Seat 2: Mahu2021 (small blind) folded before Flop
Seat 3: sharakov (big blind) folded before Flop
Seat 4: eodnrdld123 folded before Flop (didn't bet)
Seat 5: joaoczr04 folded before Flop (didn't bet)
Seat 6: VitorArj folded before Flop (didn't bet)



PokerStars Zoom Hand #253519374703:  Hold'em No Limit ($0.05/$0.10) - 2024/11/22 15:33:31 CET [2024/11/22 9:33:31 ET]
Table 'Aludra' 6-max Seat #1 is the button
Seat 1: tarno1989 ($10.32 in chips) 
Seat 2: sabori-man ($10.35 in chips) 
Seat 3: Rob 1973 ($14.40 in chips) 
Seat 4: neon11111 ($14.51 in chips) 
Seat 5: Mahu2021 ($11.06 in chips) 
Seat 6: DonkeyKong1960 ($10.27 in chips) 
sabori-man: posts small blind $0.05
Rob 1973: posts big blind $0.10
*** HOLE CARDS ***
Dealt to Mahu2021 [9c Jd]
neon11111: folds 
Mahu2021: folds 
DonkeyKong1960: folds 
tarno1989: folds 
sabori-man: folds 
Uncalled bet ($0.05) returned to Rob 1973
Rob 1973 collected $0.10 from pot
Rob 1973: doesn't show hand 
*** SUMMARY ***
Total pot $0.10 | Rake $0 
Seat 1: tarno1989 (button) folded before Flop (didn't bet)
Seat 2: sabori-man (small blind) folded before Flop
Seat 3: Rob 1973 (big blind) collected ($0.10)
Seat 4: neon11111 folded before Flop (didn't bet)
Seat 5: Mahu2021 folded before Flop (didn't bet)
Seat 6: DonkeyKong1960 folded before Flop (didn't bet)



PokerStars Zoom Hand #253519372264:  Hold'em No Limit ($0.05/$0.10) - 2024/11/22 15:33:17 CET [2024/11/22 9:33:17 ET]
Table 'Aludra' 6-max Seat #1 is the button
Seat 1: Mahu2021 ($11.11 in chips) 
Seat 2: BoomBoringer ($19.06 in chips) 
Seat 3: gini777gini ($10.35 in chips) 
Seat 4: kimmand ($5.72 in chips) 
Seat 5: never chase a b ($10.27 in chips) 
Seat 6: fabs stars ($10.99 in chips) 
BoomBoringer: posts small blind $0.05
gini777gini: posts big blind $0.10
*** HOLE CARDS ***
Dealt to Mahu2021 [7c Qd]
kimmand: calls $0.10
never chase a b: folds 
fabs stars: folds 
Mahu2021: folds 
BoomBoringer: calls $0.05
gini777gini: checks 
*** FLOP *** [6d 6c Kh]
BoomBoringer: checks 
gini777gini: checks 
kimmand: checks 
*** TURN *** [6d 6c Kh] [2h]
BoomBoringer: checks 
gini777gini: bets $0.15
kimmand: folds 
BoomBoringer: calls $0.15
*** RIVER *** [6d 6c Kh 2h] [Tc]
BoomBoringer: checks 
gini777gini: checks 
*** SHOW DOWN ***
BoomBoringer: shows [Th Ad] (two pair, Tens and Sixes)
gini777gini: mucks hand 
BoomBoringer collected $0.57 from pot
*** SUMMARY ***
Total pot $0.60 | Rake $0.03 
Board [6d 6c Kh 2h Tc]
Seat 1: Mahu2021 (button) folded before Flop (didn't bet)
Seat 2: BoomBoringer (small blind) showed [Th Ad] and won ($0.57) with two pair, Tens and Sixes
Seat 3: gini777gini (big blind) mucked [5s 2s]
Seat 4: kimmand folded on the Turn
Seat 5: never chase a b folded before Flop (didn't bet)
Seat 6: fabs stars folded before Flop (didn't bet)



PokerStars Zoom Hand #253519373040:  Hold'em No Limit ($0.05/$0.10) - 2024/11/22 15:33:21 CET [2024/11/22 9:33:21 ET]
Table 'Aludra' 6-max Seat #1 is the button
Seat 1: never chase a b ($24.95 in chips) 
Seat 2: Mahu2021 ($11.11 in chips) 
Seat 3: stand123 ($7.23 in chips) 
Seat 4: VitorArj ($10.30 in chips) 
Seat 5: TheRidgeback ($6.11 in chips) 
Seat 6: pougia777 ($3.79 in chips) 
Mahu2021: posts small blind $0.05
stand123: posts big blind $0.10
*** HOLE CARDS ***
Dealt to Mahu2021 [Jh 7h]
VitorArj: raises $0.15 to $0.25
TheRidgeback: calls $0.25
pougia777: folds 
never chase a b: folds 
Mahu2021: folds 
stand123: folds 
*** FLOP *** [Qs 5c 5d]
VitorArj: checks 
TheRidgeback: checks 
*** TURN *** [Qs 5c 5d] [3d]
VitorArj: bets $0.16
TheRidgeback: calls $0.16
*** RIVER *** [Qs 5c 5d 3d] [9d]
VitorArj: bets $0.50
TheRidgeback: calls $0.50
*** SHOW DOWN ***
VitorArj: shows [Qh Ah] (two pair, Queens and Fives)
TheRidgeback: mucks hand 
VitorArj collected $1.88 from pot
*** SUMMARY ***
Total pot $1.97 | Rake $0.09 
Board [Qs 5c 5d 3d 9d]
Seat 1: never chase a b (button) folded before Flop (didn't bet)
Seat 2: Mahu2021 (small blind) folded before Flop
Seat 3: stand123 (big blind) folded before Flop
Seat 4: VitorArj showed [Qh Ah] and won ($1.88) with two pair, Queens and Fives
Seat 5: TheRidgeback mucked [3s Ks]
Seat 6: pougia777 folded before Flop (didn't bet)



PokerStars Zoom Hand #253519377353:  Hold'em No Limit ($0.05/$0.10) - 2024/11/22 15:33:46 CET [2024/11/22 9:33:46 ET]
Table 'Aludra' 6-max Seat #1 is the button
Seat 1: sharakov ($10.15 in chips) 
Seat 2: InfernoCrew ($21.26 in chips) 
Seat 3: DropIceoleito ($12.17 in chips) 
Seat 4: Mahu2021 ($10.96 in chips) 
Seat 5: gini777gini ($10.10 in chips) 
Seat 6: SagAA1990 ($12.04 in chips) 
InfernoCrew: posts small blind $0.05
DropIceoleito: posts big blind $0.10
*** HOLE CARDS ***
Dealt to Mahu2021 [9c As]
Mahu2021: folds 
gini777gini: folds 
SagAA1990: folds 
sharakov: folds 
InfernoCrew: folds 
Uncalled bet ($0.05) returned to DropIceoleito
DropIceoleito collected $0.10 from pot
DropIceoleito: doesn't show hand 
*** SUMMARY ***
Total pot $0.10 | Rake $0 
Seat 1: sharakov (button) folded before Flop (didn't bet)
Seat 2: InfernoCrew (small blind) folded before Flop
Seat 3: DropIceoleito (big blind) collected ($0.10)
Seat 4: Mahu2021 folded before Flop (didn't bet)
Seat 5: gini777gini folded before Flop (didn't bet)
Seat 6: SagAA1990 folded before Flop (didn't bet)



PokerStars Zoom Hand #253519381159:  Hold'em No Limit ($0.05/$0.10) - 2024/11/22 15:34:08 CET [2024/11/22 9:34:08 ET]
Table 'Aludra' 6-max Seat #1 is the button
Seat 1: Atc9iv ($10.84 in chips) 
Seat 2: Mahu2021 ($10.71 in chips) 
Seat 3: wtr66i ($9.62 in chips) 
Seat 4: goon97 ($6.76 in chips) 
Seat 5: franz Z750 ($20.57 in chips) 
Seat 6: sabori-man ($21.41 in chips) 
Mahu2021: posts small blind $0.05
wtr66i: posts big blind $0.10
*** HOLE CARDS ***
Dealt to Mahu2021 [Td Js]
goon97: folds 
franz Z750: folds 
sabori-man: folds 
Atc9iv: folds 
Mahu2021: folds 
Uncalled bet ($0.05) returned to wtr66i
wtr66i collected $0.10 from pot
wtr66i: doesn't show hand 
*** SUMMARY ***
Total pot $0.10 | Rake $0 
Seat 1: Atc9iv (button) folded before Flop (didn't bet)
Seat 2: Mahu2021 (small blind) folded before Flop
Seat 3: wtr66i (big blind) collected ($0.10)
Seat 4: goon97 folded before Flop (didn't bet)
Seat 5: franz Z750 folded before Flop (didn't bet)
Seat 6: sabori-man folded before Flop (didn't bet)



PokerStars Zoom Hand #253519381827:  Hold'em No Limit ($0.05/$0.10) - 2024/11/22 15:34:12 CET [2024/11/22 9:34:12 ET]
Table 'Aludra' 6-max Seat #1 is the button
Seat 1: blufferking2046 ($9.25 in chips) 
Seat 2: MeDaFish72 ($10.46 in chips) 
Seat 3: fullclock ($7.15 in chips) 
Seat 4: Thoker ($11.51 in chips) 
Seat 5: Mahu2021 ($10.66 in chips) 
Seat 6: micdik ($6.26 in chips) 
MeDaFish72: posts small blind $0.05
fullclock: posts big blind $0.10
*** HOLE CARDS ***
Dealt to Mahu2021 [9s Qs]
Thoker: folds 
Mahu2021: folds 
micdik: folds 
blufferking2046: folds 
MeDaFish72: raises $0.20 to $0.30
fullclock: folds 
Uncalled bet ($0.20) returned to MeDaFish72
MeDaFish72 collected $0.20 from pot
MeDaFish72: doesn't show hand 
*** SUMMARY ***
Total pot $0.20 | Rake $0 
Seat 1: blufferking2046 (button) folded before Flop (didn't bet)
Seat 2: MeDaFish72 (small blind) collected ($0.20)
Seat 3: fullclock (big blind) folded before Flop
Seat 4: Thoker folded before Flop (didn't bet)
Seat 5: Mahu2021 folded before Flop (didn't bet)
Seat 6: micdik folded before Flop (didn't bet)



PokerStars Zoom Hand #253519378033:  Hold'em No Limit ($0.05/$0.10) - 2024/11/22 15:33:50 CET [2024/11/22 9:33:50 ET]
Table 'Aludra' 6-max Seat #1 is the button
Seat 1: InfernoCrew ($19.39 in chips) 
Seat 2: dudrj2wl ($31.67 in chips) 
Seat 3: gini777gini ($8.66 in chips) 
Seat 4: misterdenister ($12.40 in chips) 
Seat 5: MEGAJUNHI ($7.25 in chips) 
Seat 6: Mahu2021 ($10.96 in chips) 
dudrj2wl: posts small blind $0.05
gini777gini: posts big blind $0.10
*** HOLE CARDS ***
Dealt to Mahu2021 [9h Th]
misterdenister: folds 
MEGAJUNHI: raises $0.15 to $0.25
Mahu2021: calls $0.25
InfernoCrew: raises $0.55 to $0.80
dudrj2wl: folds 
gini777gini: folds 
MEGAJUNHI: raises $0.85 to $1.65
Mahu2021: folds 
InfernoCrew: calls $0.85
*** FLOP *** [3s Qd Ac]
MEGAJUNHI: bets $0.88
InfernoCrew: folds 
Uncalled bet ($0.88) returned to MEGAJUNHI
MEGAJUNHI collected $3.53 from pot
MEGAJUNHI: doesn't show hand 
*** SUMMARY ***
Total pot $3.70 | Rake $0.17 
Board [3s Qd Ac]
Seat 1: InfernoCrew (button) folded on the Flop
Seat 2: dudrj2wl (small blind) folded before Flop
Seat 3: gini777gini (big blind) folded before Flop
Seat 4: misterdenister folded before Flop (didn't bet)
Seat 5: MEGAJUNHI collected ($3.53)
Seat 6: Mahu2021 folded before Flop



PokerStars Zoom Hand #253519383008:  Hold'em No Limit ($0.05/$0.10) - 2024/11/22 15:34:19 CET [2024/11/22 9:34:19 ET]
Table 'Aludra' 6-max Seat #1 is the button
Seat 1: SagAA1990 ($11.89 in chips) 
Seat 2: never chase a b ($24.85 in chips) 
Seat 3: Mahu2021 ($10.66 in chips) 
Seat 4: misterdenister ($12.25 in chips) 
Seat 5: Atc9iv ($10.84 in chips) 
Seat 6: 25759marafon ($6.24 in chips) 
never chase a b: posts small blind $0.05
Mahu2021: posts big blind $0.10
*** HOLE CARDS ***
Dealt to Mahu2021 [5d 7d]
misterdenister: folds 
Atc9iv: folds 
25759marafon: folds 
SagAA1990: folds 
never chase a b: folds 
Uncalled bet ($0.05) returned to Mahu2021
Mahu2021 collected $0.10 from pot
Mahu2021: doesn't show hand 
*** SUMMARY ***
Total pot $0.10 | Rake $0 
Seat 1: SagAA1990 (button) folded before Flop (didn't bet)
Seat 2: never chase a b (small blind) folded before Flop
Seat 3: Mahu2021 (big blind) collected ($0.10)
Seat 4: misterdenister folded before Flop (didn't bet)
Seat 5: Atc9iv folded before Flop (didn't bet)
Seat 6: 25759marafon folded before Flop (didn't bet)



PokerStars Zoom Hand #253519382466:  Hold'em No Limit ($0.05/$0.10) - 2024/11/22 15:34:16 CET [2024/11/22 9:34:16 ET]
Table 'Aludra' 6-max Seat #1 is the button
Seat 1: Mahu2021 ($10.66 in chips) 
Seat 2: pokeripuikko ($10.87 in chips) 
Seat 3: goon97 ($6.76 in chips) 
Seat 4: joaoczr04 ($10.92 in chips) 
Seat 5: Ros1453 ($7.98 in chips) 
Seat 6: misterdenister ($12.25 in chips) 
pokeripuikko: posts small blind $0.05
goon97: posts big blind $0.10
*** HOLE CARDS ***
Dealt to Mahu2021 [4c 5c]
joaoczr04: folds 
Ros1453: raises $0.20 to $0.30
misterdenister: folds 
Mahu2021: folds 
pokeripuikko: folds 
goon97: folds 
Uncalled bet ($0.20) returned to Ros1453
Ros1453 collected $0.25 from pot
Ros1453: doesn't show hand 
*** SUMMARY ***
Total pot $0.25 | Rake $0 
Seat 1: Mahu2021 (button) folded before Flop (didn't bet)
Seat 2: pokeripuikko (small blind) folded before Flop
Seat 3: goon97 (big blind) folded before Flop
Seat 4: joaoczr04 folded before Flop (didn't bet)
Seat 5: Ros1453 collected ($0.25)
Seat 6: misterdenister folded before Flop (didn't bet)



PokerStars Zoom Hand #253519385132:  Hold'em No Limit ($0.05/$0.10) - 2024/11/22 15:34:31 CET [2024/11/22 9:34:31 ET]
Table 'Aludra' 6-max Seat #1 is the button
Seat 1: neon11111 ($15.22 in chips) 
Seat 2: tarno1989 ($10.15 in chips) 
Seat 3: dodeer ($10 in chips) 
Seat 4: euterpis21 ($13.19 in chips) 
Seat 5: never chase a b ($10.50 in chips) 
Seat 6: Mahu2021 ($10.71 in chips) 
tarno1989: posts small blind $0.05
dodeer: posts big blind $0.10
*** HOLE CARDS ***
Dealt to Mahu2021 [Ac Ts]
euterpis21: folds 
never chase a b: folds 
Mahu2021: raises $0.30 to $0.40
neon11111: folds 
tarno1989: folds 
dodeer: folds 
Uncalled bet ($0.30) returned to Mahu2021
Mahu2021 collected $0.25 from pot
Mahu2021: doesn't show hand 
*** SUMMARY ***
Total pot $0.25 | Rake $0 
Seat 1: neon11111 (button) folded before Flop (didn't bet)
Seat 2: tarno1989 (small blind) folded before Flop
Seat 3: dodeer (big blind) folded before Flop
Seat 4: euterpis21 folded before Flop (didn't bet)
Seat 5: never chase a b folded before Flop (didn't bet)
Seat 6: Mahu2021 collected ($0.25)



PokerStars Zoom Hand #253519375390:  Hold'em No Limit ($0.05/$0.10) - 2024/11/22 15:33:35 CET [2024/11/22 9:33:35 ET]
Table 'Aludra' 6-max Seat #1 is the button
Seat 1: DropIceoleito ($18.15 in chips) 
Seat 2: kikurinpk ($11.74 in chips) 
Seat 3: Mahu2021 ($11.06 in chips) 
Seat 4: tarno1989 ($10.32 in chips) 
Seat 5: m0nster1989_ ($10.35 in chips) 
Seat 6: sabori-man ($10.30 in chips) 
kikurinpk: posts small blind $0.05
Mahu2021: posts big blind $0.10
*** HOLE CARDS ***
Dealt to Mahu2021 [4d Kc]
tarno1989: folds 
m0nster1989_: raises $0.10 to $0.20
sabori-man: calls $0.20
DropIceoleito: folds 
kikurinpk: calls $0.15
Mahu2021: folds 
*** FLOP *** [Qc Kd 7s]
kikurinpk: checks 
m0nster1989_: bets $0.34
sabori-man: folds 
kikurinpk: folds 
Uncalled bet ($0.34) returned to m0nster1989_
m0nster1989_ collected $0.67 from pot
m0nster1989_: doesn't show hand 
*** SUMMARY ***
Total pot $0.70 | Rake $0.03 
Board [Qc Kd 7s]
Seat 1: DropIceoleito (button) folded before Flop (didn't bet)
Seat 2: kikurinpk (small blind) folded on the Flop
Seat 3: Mahu2021 (big blind) folded before Flop
Seat 4: tarno1989 folded before Flop (didn't bet)
Seat 5: m0nster1989_ collected ($0.67)
Seat 6: sabori-man folded on the Flop



PokerStars Zoom Hand #253519386881:  Hold'em No Limit ($0.05/$0.10) - 2024/11/22 15:34:41 CET [2024/11/22 9:34:41 ET]
Table 'Aludra' 6-max Seat #1 is the button
Seat 1: goon97 ($6.66 in chips) 
Seat 2: dodeer ($10 in chips) 
Seat 3: knnvoo ($14.93 in chips) 
Seat 4: Mahu2021 ($10.86 in chips) 
Seat 5: eodnrdld123 ($12.52 in chips) 
Seat 6: Ros1453 ($10 in chips) 
dodeer: posts small blind $0.05
knnvoo: posts big blind $0.10
*** HOLE CARDS ***
Dealt to Mahu2021 [Qd Ks]
Mahu2021: raises $0.10 to $0.20
eodnrdld123: calls $0.20
Ros1453: folds 
goon97: folds 
dodeer: folds 
knnvoo: calls $0.10
*** FLOP *** [Qs Jd Ts]
knnvoo: checks 
Mahu2021: checks 
eodnrdld123: checks 
*** TURN *** [Qs Jd Ts] [2c]
knnvoo: bets $0.20
Mahu2021: calls $0.20
eodnrdld123: folds 
*** RIVER *** [Qs Jd Ts 2c] [5s]
knnvoo: checks 
Mahu2021: bets $0.20
knnvoo: calls $0.20
*** SHOW DOWN ***
Mahu2021: shows [Qd Ks] (a pair of Queens)
knnvoo: mucks hand 
Mahu2021 collected $1.38 from pot
*** SUMMARY ***
Total pot $1.45 | Rake $0.07 
Board [Qs Jd Ts 2c 5s]
Seat 1: goon97 (button) folded before Flop (didn't bet)
Seat 2: dodeer (small blind) folded before Flop
Seat 3: knnvoo (big blind) mucked [Qh 9s]
Seat 4: Mahu2021 showed [Qd Ks] and won ($1.38) with a pair of Queens
Seat 5: eodnrdld123 folded on the Turn
Seat 6: Ros1453 folded before Flop (didn't bet)



PokerStars Zoom Hand #253519396631:  Hold'em No Limit ($0.05/$0.10) - 2024/11/22 15:35:37 CET [2024/11/22 9:35:37 ET]
Table 'Aludra' 6-max Seat #1 is the button
Seat 1: karabatak61 ($9.37 in chips) 
Seat 2: sabori-man ($10 in chips) 
Seat 3: Mahu2021 ($11.64 in chips) 
Seat 4: PEE0202 ($13.49 in chips) 
Seat 5: Mallardz ($22.73 in chips) 
Seat 6: pokeripuikko ($33.75 in chips) 
sabori-man: posts small blind $0.05
Mahu2021: posts big blind $0.10
*** HOLE CARDS ***
Dealt to Mahu2021 [Ks 5d]
PEE0202: calls $0.10
Mallardz: folds 
pokeripuikko: folds 
karabatak61: folds 
sabori-man: folds 
Mahu2021: checks 
*** FLOP *** [5h 3c Ac]
Mahu2021: checks 
PEE0202: checks 
*** TURN *** [5h 3c Ac] [Th]
Mahu2021: checks 
PEE0202: checks 
*** RIVER *** [5h 3c Ac Th] [Jc]
Mahu2021: checks 
PEE0202: bets $0.10
Mahu2021: calls $0.10
*** SHOW DOWN ***
PEE0202: shows [8c Qd] (high card Ace)
Mahu2021: shows [Ks 5d] (a pair of Fives)
Mahu2021 collected $0.43 from pot
*** SUMMARY ***
Total pot $0.45 | Rake $0.02 
Board [5h 3c Ac Th Jc]
Seat 1: karabatak61 (button) folded before Flop (didn't bet)
Seat 2: sabori-man (small blind) folded before Flop
Seat 3: Mahu2021 (big blind) showed [Ks 5d] and won ($0.43) with a pair of Fives
Seat 4: PEE0202 showed [8c Qd] and lost with high card Ace
Seat 5: Mallardz folded before Flop (didn't bet)
Seat 6: pokeripuikko folded before Flop (didn't bet)



PokerStars Zoom Hand #253519395732:  Hold'em No Limit ($0.05/$0.10) - 2024/11/22 15:35:32 CET [2024/11/22 9:35:32 ET]
Table 'Aludra' 6-max Seat #1 is the button
Seat 1: Mahu2021 ($11.64 in chips) 
Seat 2: DropIceoleito ($14.03 in chips) 
Seat 3: frankajax98 ($10 in chips) 
Seat 4: eLegido99 ($10.96 in chips) 
Seat 5: DonkeyKong1960 ($21.48 in chips) 
Seat 6: Al3xrz ($10.50 in chips) 
DropIceoleito: posts small blind $0.05
frankajax98: posts big blind $0.10
*** HOLE CARDS ***
Dealt to Mahu2021 [8h 5c]
eLegido99: folds 
DonkeyKong1960: folds 
Al3xrz: raises $0.20 to $0.30
Mahu2021: folds 
DropIceoleito: folds 
frankajax98: raises $1 to $1.30
Al3xrz: raises $1 to $2.30
frankajax98: raises $7.70 to $10 and is all-in
Al3xrz: folds 
Uncalled bet ($7.70) returned to frankajax98
frankajax98 collected $4.65 from pot
frankajax98: doesn't show hand 
*** SUMMARY ***
Total pot $4.65 | Rake $0 
Seat 1: Mahu2021 (button) folded before Flop (didn't bet)
Seat 2: DropIceoleito (small blind) folded before Flop
Seat 3: frankajax98 (big blind) collected ($4.65)
Seat 4: eLegido99 folded before Flop (didn't bet)
Seat 5: DonkeyKong1960 folded before Flop (didn't bet)
Seat 6: Al3xrz folded before Flop



PokerStars Zoom Hand #253519401136:  Hold'em No Limit ($0.05/$0.10) - 2024/11/22 15:36:03 CET [2024/11/22 9:36:03 ET]
Table 'Aludra' 6-max Seat #1 is the button
Seat 1: Ros1453 ($9.05 in chips) 
Seat 2: lordx777 ($13.27 in chips) 
Seat 3: DropIceoleito ($13.98 in chips) 
Seat 4: BudaCheese23 ($16.84 in chips) 
Seat 5: Mahu2021 ($11.87 in chips) 
Seat 6: Sidgeotto ($27.03 in chips) 
lordx777: posts small blind $0.05
DropIceoleito: posts big blind $0.10
*** HOLE CARDS ***
Dealt to Mahu2021 [Kd 9d]
BudaCheese23: folds 
Mahu2021: folds 
Sidgeotto: folds 
Ros1453: folds 
lordx777: raises $0.20 to $0.30
DropIceoleito: folds 
Uncalled bet ($0.20) returned to lordx777
lordx777 collected $0.20 from pot
lordx777: doesn't show hand 
*** SUMMARY ***
Total pot $0.20 | Rake $0 
Seat 1: Ros1453 (button) folded before Flop (didn't bet)
Seat 2: lordx777 (small blind) collected ($0.20)
Seat 3: DropIceoleito (big blind) folded before Flop
Seat 4: BudaCheese23 folded before Flop (didn't bet)
Seat 5: Mahu2021 folded before Flop (didn't bet)
Seat 6: Sidgeotto folded before Flop (didn't bet)



PokerStars Zoom Hand #253519402163:  Hold'em No Limit ($0.05/$0.10) - 2024/11/22 15:36:09 CET [2024/11/22 9:36:09 ET]
Table 'Aludra' 6-max Seat #1 is the button
Seat 1: m0nster1989_ ($10.05 in chips) 
Seat 2: Mahu2021 ($11.87 in chips) 
Seat 3: kimmand ($7.78 in chips) 
Seat 4: VitorArj ($10.28 in chips) 
Seat 5: goon97 ($29.15 in chips) 
Seat 6: dodeer ($10.76 in chips) 
Mahu2021: posts small blind $0.05
kimmand: posts big blind $0.10
*** HOLE CARDS ***
Dealt to Mahu2021 [6c 9c]
VitorArj: folds 
goon97: folds 
dodeer: folds 
m0nster1989_: raises $0.15 to $0.25
Mahu2021: folds 
kimmand: folds 
Uncalled bet ($0.15) returned to m0nster1989_
m0nster1989_ collected $0.25 from pot
m0nster1989_: doesn't show hand 
*** SUMMARY ***
Total pot $0.25 | Rake $0 
Seat 1: m0nster1989_ (button) collected ($0.25)
Seat 2: Mahu2021 (small blind) folded before Flop
Seat 3: kimmand (big blind) folded before Flop
Seat 4: VitorArj folded before Flop (didn't bet)
Seat 5: goon97 folded before Flop (didn't bet)
Seat 6: dodeer folded before Flop (didn't bet)



PokerStars Zoom Hand #253519402867:  Hold'em No Limit ($0.05/$0.10) - 2024/11/22 15:36:13 CET [2024/11/22 9:36:13 ET]
Table 'Aludra' 6-max Seat #1 is the button
Seat 1: eLegido99 ($17.54 in chips) 
Seat 2: eodnrdld123 ($11.31 in chips) 
Seat 3: gini777gini ($9.84 in chips) 
Seat 4: Mahu2021 ($11.82 in chips) 
Seat 5: Gobi000 ($10.15 in chips) 
Seat 6: neon11111 ($12.28 in chips) 
eodnrdld123: posts small blind $0.05
gini777gini: posts big blind $0.10
*** HOLE CARDS ***
Dealt to Mahu2021 [3d 2d]
Mahu2021: folds 
Gobi000: folds 
neon11111: raises $0.10 to $0.20
eLegido99: folds 
eodnrdld123: folds 
gini777gini: calls $0.10
*** FLOP *** [Jh 2s 9c]
gini777gini: checks 
neon11111: bets $0.22
gini777gini: calls $0.22
*** TURN *** [Jh 2s 9c] [Kh]
gini777gini: checks 
neon11111: bets $0.85
gini777gini: folds 
Uncalled bet ($0.85) returned to neon11111
neon11111 collected $0.85 from pot
neon11111: doesn't show hand 
*** SUMMARY ***
Total pot $0.89 | Rake $0.04 
Board [Jh 2s 9c Kh]
Seat 1: eLegido99 (button) folded before Flop (didn't bet)
Seat 2: eodnrdld123 (small blind) folded before Flop
Seat 3: gini777gini (big blind) folded on the Turn
Seat 4: Mahu2021 folded before Flop (didn't bet)
Seat 5: Gobi000 folded before Flop (didn't bet)
Seat 6: neon11111 collected ($0.85)



PokerStars Zoom Hand #253519404971:  Hold'em No Limit ($0.05/$0.10) - 2024/11/22 15:36:25 CET [2024/11/22 9:36:25 ET]
Table 'Aludra' 6-max Seat #1 is the button
Seat 1: sharakov ($10 in chips) 
Seat 2: Mahu2021 ($11.82 in chips) 
Seat 3: never chase a b ($10.30 in chips) 
Seat 4: pokeripuikko ($21.36 in chips) 
Seat 5: goon97 ($29 in chips) 
Seat 6: kimmand ($7.68 in chips) 
Mahu2021: posts small blind $0.05
never chase a b: posts big blind $0.10
*** HOLE CARDS ***
Dealt to Mahu2021 [7d 6d]
pokeripuikko: folds 
goon97: folds 
kimmand: folds 
sharakov: folds 
Mahu2021: raises $0.20 to $0.30
never chase a b: raises $0.90 to $1.20
Mahu2021: folds 
Uncalled bet ($0.90) returned to never chase a b
never chase a b collected $0.60 from pot
never chase a b: doesn't show hand 
*** SUMMARY ***
Total pot $0.60 | Rake $0 
Seat 1: sharakov (button) folded before Flop (didn't bet)
Seat 2: Mahu2021 (small blind) folded before Flop
Seat 3: never chase a b (big blind) collected ($0.60)
Seat 4: pokeripuikko folded before Flop (didn't bet)
Seat 5: goon97 folded before Flop (didn't bet)
Seat 6: kimmand folded before Flop (didn't bet)



PokerStars Zoom Hand #253519403715:  Hold'em No Limit ($0.05/$0.10) - 2024/11/22 15:36:18 CET [2024/11/22 9:36:18 ET]
Table 'Aludra' 6-max Seat #1 is the button
Seat 1: DropIceoleito ($11.92 in chips) 
Seat 2: Bob Sieger ($9.08 in chips) 
Seat 3: BudaCheese23 ($16.79 in chips) 
Seat 4: YNGD ($10.10 in chips) 
Seat 5: Mahu2021 ($11.82 in chips) 
Seat 6: eodnrdld123 ($11.26 in chips) 
Bob Sieger: posts small blind $0.05
BudaCheese23: posts big blind $0.10
*** HOLE CARDS ***
Dealt to Mahu2021 [Kh 4h]
YNGD: folds 
Mahu2021: folds 
eodnrdld123: folds 
DropIceoleito: folds 
Bob Sieger: raises $0.20 to $0.30
BudaCheese23: calls $0.20
*** FLOP *** [Tc 2d Qs]
Bob Sieger: checks 
BudaCheese23: checks 
*** TURN *** [Tc 2d Qs] [Jh]
Bob Sieger: checks 
BudaCheese23: checks 
*** RIVER *** [Tc 2d Qs Jh] [4s]
Bob Sieger: bets $0.57
BudaCheese23: folds 
Uncalled bet ($0.57) returned to Bob Sieger
Bob Sieger collected $0.57 from pot
Bob Sieger: doesn't show hand 
*** SUMMARY ***
Total pot $0.60 | Rake $0.03 
Board [Tc 2d Qs Jh 4s]
Seat 1: DropIceoleito (button) folded before Flop (didn't bet)
Seat 2: Bob Sieger (small blind) collected ($0.57)
Seat 3: BudaCheese23 (big blind) folded on the River
Seat 4: YNGD folded before Flop (didn't bet)
Seat 5: Mahu2021 folded before Flop (didn't bet)
Seat 6: eodnrdld123 folded before Flop (didn't bet)



PokerStars Zoom Hand #253519404388:  Hold'em No Limit ($0.05/$0.10) - 2024/11/22 15:36:22 CET [2024/11/22 9:36:22 ET]
Table 'Aludra' 6-max Seat #1 is the button
Seat 1: lordx777 ($13.37 in chips) 
Seat 2: m0nster1989_ ($10.20 in chips) 
Seat 3: Ros1453 ($9 in chips) 
Seat 4: letmewinplz8 ($20.15 in chips) 
Seat 5: DropIceoleito ($11.92 in chips) 
Seat 6: Mahu2021 ($11.82 in chips) 
m0nster1989_: posts small blind $0.05
Ros1453: posts big blind $0.10
*** HOLE CARDS ***
Dealt to Mahu2021 [9s Qc]
letmewinplz8: folds 
DropIceoleito: folds 
Mahu2021: folds 
lordx777: raises $0.15 to $0.25
m0nster1989_: raises $0.95 to $1.20
Ros1453: folds 
lordx777: folds 
Uncalled bet ($0.95) returned to m0nster1989_
m0nster1989_ collected $0.60 from pot
m0nster1989_: doesn't show hand 
*** SUMMARY ***
Total pot $0.60 | Rake $0 
Seat 1: lordx777 (button) folded before Flop
Seat 2: m0nster1989_ (small blind) collected ($0.60)
Seat 3: Ros1453 (big blind) folded before Flop
Seat 4: letmewinplz8 folded before Flop (didn't bet)
Seat 5: DropIceoleito folded before Flop (didn't bet)
Seat 6: Mahu2021 folded before Flop (didn't bet)



PokerStars Zoom Hand #253519408378:  Hold'em No Limit ($0.05/$0.10) - 2024/11/22 15:36:44 CET [2024/11/22 9:36:44 ET]
Table 'Aludra' 6-max Seat #1 is the button
Seat 1: Mahu2021 ($11.52 in chips) 
Seat 2: KRSofM ($11.35 in chips) 
Seat 3: eodnrdld123 ($13.38 in chips) 
Seat 4: LamprosA ($12.05 in chips) 
Seat 5: MeDaFish72 ($10.16 in chips) 
Seat 6: DonkeyKong1960 ($10 in chips) 
KRSofM: posts small blind $0.05
eodnrdld123: posts big blind $0.10
*** HOLE CARDS ***
Dealt to Mahu2021 [8h 9s]
LamprosA: folds 
MeDaFish72: folds 
DonkeyKong1960: folds 
Mahu2021: folds 
KRSofM: raises $0.20 to $0.30
eodnrdld123: folds 
Uncalled bet ($0.20) returned to KRSofM
KRSofM collected $0.20 from pot
KRSofM: doesn't show hand 
*** SUMMARY ***
Total pot $0.20 | Rake $0 
Seat 1: Mahu2021 (button) folded before Flop (didn't bet)
Seat 2: KRSofM (small blind) collected ($0.20)
Seat 3: eodnrdld123 (big blind) folded before Flop
Seat 4: LamprosA folded before Flop (didn't bet)
Seat 5: MeDaFish72 folded before Flop (didn't bet)
Seat 6: DonkeyKong1960 folded before Flop (didn't bet)



PokerStars Zoom Hand #253519410260:  Hold'em No Limit ($0.05/$0.10) - 2024/11/22 15:36:55 CET [2024/11/22 9:36:55 ET]
Table 'Aludra' 6-max Seat #1 is the button
Seat 1: eodnrdld123 ($13.28 in chips) 
Seat 2: DropIceoleito ($14.25 in chips) 
Seat 3: Thoker ($12.78 in chips) 
Seat 4: zoras5 ($11.79 in chips) 
Seat 5: AdventureHunter ($10.57 in chips) 
Seat 6: Mahu2021 ($11.42 in chips) 
DropIceoleito: posts small blind $0.05
Thoker: posts big blind $0.10
*** HOLE CARDS ***
Dealt to Mahu2021 [Ts Tc]
zoras5: folds 
AdventureHunter: folds 
Mahu2021: raises $0.20 to $0.30
eodnrdld123: folds 
DropIceoleito: folds 
Thoker: folds 
Uncalled bet ($0.20) returned to Mahu2021
Mahu2021 collected $0.25 from pot
Mahu2021: doesn't show hand 
*** SUMMARY ***
Total pot $0.25 | Rake $0 
Seat 1: eodnrdld123 (button) folded before Flop (didn't bet)
Seat 2: DropIceoleito (small blind) folded before Flop
Seat 3: Thoker (big blind) folded before Flop
Seat 4: zoras5 folded before Flop (didn't bet)
Seat 5: AdventureHunter folded before Flop (didn't bet)
Seat 6: Mahu2021 collected ($0.25)



PokerStars Zoom Hand #253519409075:  Hold'em No Limit ($0.05/$0.10) - 2024/11/22 15:36:48 CET [2024/11/22 9:36:48 ET]
Table 'Aludra' 6-max Seat #1 is the button
Seat 1: melzmaria ($4.37 in chips) 
Seat 2: YNGD ($9.85 in chips) 
Seat 3: Mahu2021 ($11.52 in chips) 
Seat 4: lordx777 ($13.12 in chips) 
Seat 5: sharakov ($10.30 in chips) 
Seat 6: eLegido99 ($18.09 in chips) 
YNGD: posts small blind $0.05
Mahu2021: posts big blind $0.10
*** HOLE CARDS ***
Dealt to Mahu2021 [6c 8c]
lordx777: raises $0.15 to $0.25
sharakov: raises $0.55 to $0.80
eLegido99: folds 
melzmaria: folds 
YNGD: folds 
Mahu2021: folds 
lordx777: calls $0.55
*** FLOP *** [4s Qc Ts]
lordx777: checks 
sharakov: bets $0.50
lordx777: folds 
Uncalled bet ($0.50) returned to sharakov
sharakov collected $1.67 from pot
sharakov: doesn't show hand 
*** SUMMARY ***
Total pot $1.75 | Rake $0.08 
Board [4s Qc Ts]
Seat 1: melzmaria (button) folded before Flop (didn't bet)
Seat 2: YNGD (small blind) folded before Flop
Seat 3: Mahu2021 (big blind) folded before Flop
Seat 4: lordx777 folded on the Flop
Seat 5: sharakov collected ($1.67)
Seat 6: eLegido99 folded before Flop (didn't bet)



PokerStars Zoom Hand #253519412515:  Hold'em No Limit ($0.05/$0.10) - 2024/11/22 15:37:08 CET [2024/11/22 9:37:08 ET]
Table 'Aludra' 6-max Seat #1 is the button
Seat 1: pokeripuikko ($21.36 in chips) 
Seat 2: dudrj2wl ($22.05 in chips) 
Seat 3: Kagitin11 ($8.88 in chips) 
Seat 4: KRSofM ($11.45 in chips) 
Seat 5: Mahu2021 ($11.57 in chips) 
Seat 6: sabori-man ($10 in chips) 
dudrj2wl: posts small blind $0.05
Kagitin11: posts big blind $0.10
*** HOLE CARDS ***
Dealt to Mahu2021 [2s Ac]
KRSofM: folds 
Mahu2021: folds 
sabori-man: folds 
pokeripuikko: folds 
dudrj2wl: folds 
Uncalled bet ($0.05) returned to Kagitin11
Kagitin11 collected $0.10 from pot
Kagitin11: doesn't show hand 
*** SUMMARY ***
Total pot $0.10 | Rake $0 
Seat 1: pokeripuikko (button) folded before Flop (didn't bet)
Seat 2: dudrj2wl (small blind) folded before Flop
Seat 3: Kagitin11 (big blind) collected ($0.10)
Seat 4: KRSofM folded before Flop (didn't bet)
Seat 5: Mahu2021 folded before Flop (didn't bet)
Seat 6: sabori-man folded before Flop (didn't bet)



PokerStars Zoom Hand #253519414167:  Hold'em No Limit ($0.05/$0.10) - 2024/11/22 15:37:17 CET [2024/11/22 9:37:17 ET]
Table 'Aludra' 6-max Seat #1 is the button
Seat 1: franz Z750 ($25.87 in chips) 
Seat 2: Mahu2021 ($11.57 in chips) 
Seat 3: goon97 ($5.86 in chips) 
Seat 4: lordx777 ($12.32 in chips) 
Seat 5: eLegido99 ($11.06 in chips) 
Seat 6: MasterVBM ($4.91 in chips) 
Mahu2021: posts small blind $0.05
goon97: posts big blind $0.10
*** HOLE CARDS ***
Dealt to Mahu2021 [2d Js]
lordx777: folds 
eLegido99: folds 
MasterVBM: raises $0.15 to $0.25
franz Z750: folds 
Mahu2021: folds 
goon97: folds 
Uncalled bet ($0.15) returned to MasterVBM
MasterVBM collected $0.25 from pot
MasterVBM: doesn't show hand 
*** SUMMARY ***
Total pot $0.25 | Rake $0 
Seat 1: franz Z750 (button) folded before Flop (didn't bet)
Seat 2: Mahu2021 (small blind) folded before Flop
Seat 3: goon97 (big blind) folded before Flop
Seat 4: lordx777 folded before Flop (didn't bet)
Seat 5: eLegido99 folded before Flop (didn't bet)
Seat 6: MasterVBM collected ($0.25)



PokerStars Zoom Hand #253519414875:  Hold'em No Limit ($0.05/$0.10) - 2024/11/22 15:37:21 CET [2024/11/22 9:37:21 ET]
Table 'Aludra' 6-max Seat #1 is the button
Seat 1: VitorArj ($14.50 in chips) 
Seat 2: WarsawF@ns ($24.47 in chips) 
Seat 3: Mahu2021 ($11.52 in chips) 
Seat 4: Rob 1973 ($23.34 in chips) 
Seat 5: Maulwurf304 ($7.81 in chips) 
Seat 6: iqualizer ($7.46 in chips) 
WarsawF@ns: posts small blind $0.05
Mahu2021: posts big blind $0.10
*** HOLE CARDS ***
Dealt to Mahu2021 [3d 6d]
Rob 1973: raises $0.20 to $0.30
Maulwurf304: folds 
iqualizer: calls $0.30
VitorArj: folds 
WarsawF@ns: folds 
Mahu2021: folds 
*** FLOP *** [As 5c Kc]
Rob 1973: bets $0.36
iqualizer: calls $0.36
*** TURN *** [As 5c Kc] [7s]
Rob 1973: bets $0.70
iqualizer: folds 
Uncalled bet ($0.70) returned to Rob 1973
Rob 1973 collected $1.40 from pot
Rob 1973: doesn't show hand 
*** SUMMARY ***
Total pot $1.47 | Rake $0.07 
Board [As 5c Kc 7s]
Seat 1: VitorArj (button) folded before Flop (didn't bet)
Seat 2: WarsawF@ns (small blind) folded before Flop
Seat 3: Mahu2021 (big blind) folded before Flop
Seat 4: Rob 1973 collected ($1.40)
Seat 5: Maulwurf304 folded before Flop (didn't bet)
Seat 6: iqualizer folded on the Turn



PokerStars Zoom Hand #253519413407:  Hold'em No Limit ($0.05/$0.10) - 2024/11/22 15:37:13 CET [2024/11/22 9:37:13 ET]
Table 'Aludra' 6-max Seat #1 is the button
Seat 1: MasterVBM ($6.02 in chips) 
Seat 2: letmewinplz8 ($20.20 in chips) 
Seat 3: Atc9iv ($10 in chips) 
Seat 4: Mahu2021 ($11.57 in chips) 
Seat 5: franz Z750 ($11.23 in chips) 
Seat 6: KRSofM ($11.45 in chips) 
letmewinplz8: posts small blind $0.05
Atc9iv: posts big blind $0.10
*** HOLE CARDS ***
Dealt to Mahu2021 [Tc 8h]
Mahu2021: folds 
franz Z750: raises $0.15 to $0.25
KRSofM: raises $0.75 to $1
MasterVBM: folds 
letmewinplz8: folds 
Atc9iv: folds 
franz Z750: raises $1.55 to $2.55
KRSofM: raises $8.90 to $11.45 and is all-in
franz Z750: calls $8.68 and is all-in
Uncalled bet ($0.22) returned to KRSofM
*** FLOP *** [Qd 9c Jd]
*** TURN *** [Qd 9c Jd] [Ts]
*** RIVER *** [Qd 9c Jd Ts] [Js]
*** SHOW DOWN ***
franz Z750: shows [Kc Ah] (a straight, Ten to Ace)
KRSofM: shows [Kh Kd] (a straight, Nine to King)
franz Z750 collected $21.33 from pot
*** SUMMARY ***
Total pot $22.61 | Rake $1.28 
Board [Qd 9c Jd Ts Js]
Seat 1: MasterVBM (button) folded before Flop (didn't bet)
Seat 2: letmewinplz8 (small blind) folded before Flop
Seat 3: Atc9iv (big blind) folded before Flop
Seat 4: Mahu2021 folded before Flop (didn't bet)
Seat 5: franz Z750 showed [Kc Ah] and won ($21.33) with a straight, Ten to Ace
Seat 6: KRSofM showed [Kh Kd] and lost with a straight, Nine to King



PokerStars Zoom Hand #253519416791:  Hold'em No Limit ($0.05/$0.10) - 2024/11/22 15:37:32 CET [2024/11/22 9:37:32 ET]
Table 'Aludra' 6-max Seat #1 is the button
Seat 1: VitorArj ($10 in chips) 
Seat 2: DonkeyKong1960 ($10.52 in chips) 
Seat 3: lordx777 ($11.04 in chips) 
Seat 4: jjjacks197 ($11.50 in chips) 
Seat 5: goon97 ($5.71 in chips) 
Seat 6: Mahu2021 ($11.42 in chips) 
DonkeyKong1960: posts small blind $0.05
lordx777: posts big blind $0.10
*** HOLE CARDS ***
Dealt to Mahu2021 [9c 9h]
jjjacks197: folds 
goon97: folds 
Mahu2021: raises $0.20 to $0.30
VitorArj: folds 
DonkeyKong1960: folds 
lordx777: calls $0.20
*** FLOP *** [3c Jh 6s]
lordx777: checks 
Mahu2021: bets $0.30
lordx777: raises $0.90 to $1.20
Mahu2021: calls $0.90
*** TURN *** [3c Jh 6s] [7s]
lordx777: bets $2.40
Mahu2021: calls $2.40
*** RIVER *** [3c Jh 6s 7s] [6c]
lordx777: bets $7.14 and is all-in
Mahu2021: calls $7.14
*** SHOW DOWN ***
lordx777: shows [Ad Js] (two pair, Jacks and Sixes)
Mahu2021: shows [9c 9h] (two pair, Nines and Sixes)
lordx777 collected $21.13 from pot
*** SUMMARY ***
Total pot $22.13 | Rake $1 
Board [3c Jh 6s 7s 6c]
Seat 1: VitorArj (button) folded before Flop (didn't bet)
Seat 2: DonkeyKong1960 (small blind) folded before Flop
Seat 3: lordx777 (big blind) showed [Ad Js] and won ($21.13) with two pair, Jacks and Sixes
Seat 4: jjjacks197 folded before Flop (didn't bet)
Seat 5: goon97 folded before Flop (didn't bet)
Seat 6: Mahu2021 showed [9c 9h] and lost with two pair, Nines and Sixes



PokerStars Zoom Hand #253519416129:  Hold'em No Limit ($0.05/$0.10) - 2024/11/22 15:37:28 CET [2024/11/22 9:37:28 ET]
Table 'Aludra' 6-max Seat #1 is the button
Seat 1: Mahu2021 ($11.42 in chips) 
Seat 2: goon97 ($5.76 in chips) 
Seat 3: stand123 ($6.05 in chips) 
Seat 4: julesAAAA ($31.18 in chips) 
Seat 5: PEE0202 ($11.79 in chips) 
Seat 6: honEybOOx ($10.70 in chips) 
goon97: posts small blind $0.05
stand123: posts big blind $0.10
*** HOLE CARDS ***
Dealt to Mahu2021 [Ts 6h]
julesAAAA: folds 
PEE0202: calls $0.10
honEybOOx: folds 
Mahu2021: folds 
goon97: folds 
stand123: checks 
*** FLOP *** [Kd Ad 6s]
stand123: checks 
PEE0202: bets $0.10
stand123: calls $0.10
*** TURN *** [Kd Ad 6s] [3h]
stand123: checks 
PEE0202: checks 
*** RIVER *** [Kd Ad 6s 3h] [2s]
stand123: bets $0.17
PEE0202: calls $0.17
*** SHOW DOWN ***
stand123: shows [Ac 7h] (a pair of Aces)
PEE0202: mucks hand 
stand123 collected $0.75 from pot
*** SUMMARY ***
Total pot $0.79 | Rake $0.04 
Board [Kd Ad 6s 3h 2s]
Seat 1: Mahu2021 (button) folded before Flop (didn't bet)
Seat 2: goon97 (small blind) folded before Flop
Seat 3: stand123 (big blind) showed [Ac 7h] and won ($0.75) with a pair of Aces
Seat 4: julesAAAA folded before Flop (didn't bet)
Seat 5: PEE0202 mucked [6c 7d]
Seat 6: honEybOOx folded before Flop (didn't bet)



PokerStars Zoom Hand #253519423745:  Hold'em No Limit ($0.05/$0.10) - 2024/11/22 15:38:12 CET [2024/11/22 9:38:12 ET]
Table 'Aludra' 6-max Seat #1 is the button
Seat 1: MeDaFish72 ($14.06 in chips) 
Seat 2: pokeripuikko ($11.57 in chips) 
Seat 3: eLegido99 ($18.64 in chips) 
Seat 4: Mahu2021 ($0.38 in chips) 
Seat 5: jjjacks197 ($11.45 in chips) 
Seat 6: zoras5 ($12.09 in chips) 
pokeripuikko: posts small blind $0.05
eLegido99: posts big blind $0.10
*** HOLE CARDS ***
Dealt to Mahu2021 [Ad Qd]
Mahu2021: raises $0.28 to $0.38 and is all-in
jjjacks197: folds 
zoras5: folds 
MeDaFish72: folds 
pokeripuikko: folds 
eLegido99: folds 
Uncalled bet ($0.28) returned to Mahu2021
Mahu2021 collected $0.25 from pot
Mahu2021: doesn't show hand 
*** SUMMARY ***
Total pot $0.25 | Rake $0 
Seat 1: MeDaFish72 (button) folded before Flop (didn't bet)
Seat 2: pokeripuikko (small blind) folded before Flop
Seat 3: eLegido99 (big blind) folded before Flop
Seat 4: Mahu2021 collected ($0.25)
Seat 5: jjjacks197 folded before Flop (didn't bet)
Seat 6: zoras5 folded before Flop (didn't bet)



