PokerStars Hand #251549400711: Tournament #3779245903, $1.84+$0.16 USD Hold'em No Limit - Level I (10/20) - 2024/07/18 18:48:46 CET [2024/07/18 12:48:46 ET]
Table '3779245903 1' 3-max Seat #1 is the button
Seat 1: Uzibek (500 in chips) 
Seat 2: alexlfc85 (500 in chips) 
Seat 3: Mahu2021 (500 in chips) 
alexlfc85: posts small blind 10
Mahu2021: posts big blind 20
*** HOLE CARDS ***
Dealt to Mahu2021 [Qd As]
Uzibek: raises 20 to 40
alexlfc85: calls 30
Mahu2021: calls 20
*** FLOP *** [6d 4s 3d]
alexlfc85: checks 
Mahu2021: checks 
Uzibek: checks 
*** TURN *** [6d 4s 3d] [Ah]
alexlfc85: checks 
Mahu2021: bets 40
Uzibek: folds 
alexlfc85: folds 
Uncalled bet (40) returned to Mahu2021
Mahu2021 collected 120 from pot
Mahu2021: doesn't show hand 
*** SUMMARY ***
Total pot 120 | Rake 0 
Board [6d 4s 3d Ah]
Seat 1: Uzibek (button) folded on the Turn
Seat 2: alexlfc85 (small blind) folded on the Turn
Seat 3: Mahu2021 (big blind) collected (120)



PokerStars Hand #251549407875: Tournament #3779245903, $1.84+$0.16 USD Hold'em No Limit - Level I (10/20) - 2024/07/18 18:49:17 CET [2024/07/18 12:49:17 ET]
Table '3779245903 1' 3-max Seat #2 is the button
Seat 1: Uzibek (460 in chips) 
Seat 2: alexlfc85 (460 in chips) 
Seat 3: Mahu2021 (580 in chips) 
Mahu2021: posts small blind 10
Uzibek: posts big blind 20
*** HOLE CARDS ***
Dealt to Mahu2021 [5h 8h]
alexlfc85: calls 20
Mahu2021: calls 10
Uzibek: raises 20 to 40
alexlfc85: calls 20
Mahu2021: calls 20
*** FLOP *** [4s As Ks]
Mahu2021: checks 
Uzibek: checks 
alexlfc85: checks 
*** TURN *** [4s As Ks] [Ac]
Mahu2021: checks 
Uzibek: bets 20
alexlfc85: calls 20
Mahu2021: folds 
*** RIVER *** [4s As Ks Ac] [4h]
Uzibek: bets 20
alexlfc85: folds 
Uncalled bet (20) returned to Uzibek
Uzibek collected 160 from pot
*** SUMMARY ***
Total pot 160 | Rake 0 
Board [4s As Ks Ac 4h]
Seat 1: Uzibek (big blind) collected (160)
Seat 2: alexlfc85 (button) folded on the River
Seat 3: Mahu2021 (small blind) folded on the Turn



PokerStars Hand #251549418282: Tournament #3779245903, $1.84+$0.16 USD Hold'em No Limit - Level I (10/20) - 2024/07/18 18:50:02 CET [2024/07/18 12:50:02 ET]
Table '3779245903 1' 3-max Seat #3 is the button
Seat 1: Uzibek (560 in chips) 
Seat 2: alexlfc85 (400 in chips) 
Seat 3: Mahu2021 (540 in chips) 
Uzibek: posts small blind 10
alexlfc85: posts big blind 20
*** HOLE CARDS ***
Dealt to Mahu2021 [4d Ah]
Mahu2021: calls 20
Uzibek: calls 10
alexlfc85: checks 
*** FLOP *** [Qs 6h Ac]
Uzibek: checks 
alexlfc85: checks 
Mahu2021: bets 20
Uzibek: calls 20
alexlfc85: folds 
*** TURN *** [Qs 6h Ac] [3d]
Uzibek: checks 
Mahu2021: checks 
*** RIVER *** [Qs 6h Ac 3d] [8c]
Uzibek: checks 
Mahu2021: bets 40
Uzibek: calls 40
*** SHOW DOWN ***
Mahu2021: shows [4d Ah] (a pair of Aces)
Uzibek: mucks hand 
Mahu2021 collected 180 from pot
*** SUMMARY ***
Total pot 180 | Rake 0 
Board [Qs 6h Ac 3d 8c]
Seat 1: Uzibek (small blind) mucked [7h 6s]
Seat 2: alexlfc85 (big blind) folded on the Flop
Seat 3: Mahu2021 (button) showed [4d Ah] and won (180) with a pair of Aces



PokerStars Hand #251549426001: Tournament #3779245903, $1.84+$0.16 USD Hold'em No Limit - Level I (10/20) - 2024/07/18 18:50:35 CET [2024/07/18 12:50:35 ET]
Table '3779245903 1' 3-max Seat #1 is the button
Seat 1: Uzibek (480 in chips) 
Seat 2: alexlfc85 (380 in chips) 
Seat 3: Mahu2021 (640 in chips) 
alexlfc85: posts small blind 10
Mahu2021: posts big blind 20
*** HOLE CARDS ***
Dealt to Mahu2021 [7d 5s]
Uzibek: folds 
alexlfc85: raises 20 to 40
Mahu2021: calls 20
*** FLOP *** [Kh Qs 5h]
alexlfc85: bets 20
Mahu2021: calls 20
*** TURN *** [Kh Qs 5h] [9s]
alexlfc85: bets 60
Mahu2021: calls 60
*** RIVER *** [Kh Qs 5h 9s] [Tc]
alexlfc85: bets 60
Mahu2021: raises 460 to 520 and is all-in
alexlfc85: calls 200 and is all-in
Uncalled bet (260) returned to Mahu2021
*** SHOW DOWN ***
Mahu2021: shows [7d 5s] (a pair of Fives)
alexlfc85: shows [Ad Ks] (a pair of Kings)
alexlfc85 collected 760 from pot
*** SUMMARY ***
Total pot 760 | Rake 0 
Board [Kh Qs 5h 9s Tc]
Seat 1: Uzibek (button) folded before Flop (didn't bet)
Seat 2: alexlfc85 (small blind) showed [Ad Ks] and won (760) with a pair of Kings
Seat 3: Mahu2021 (big blind) showed [7d 5s] and lost with a pair of Fives



PokerStars Hand #251549434478: Tournament #3779245903, $1.84+$0.16 USD Hold'em No Limit - Level II (15/30) - 2024/07/18 18:51:11 CET [2024/07/18 12:51:11 ET]
Table '3779245903 1' 3-max Seat #2 is the button
Seat 1: Uzibek (480 in chips) 
Seat 2: alexlfc85 (760 in chips) 
Seat 3: Mahu2021 (260 in chips) 
Mahu2021: posts small blind 15
Uzibek: posts big blind 30
*** HOLE CARDS ***
Dealt to Mahu2021 [2d Jh]
alexlfc85: calls 30
Mahu2021: folds 
Uzibek: checks 
*** FLOP *** [Qc 2s 6s]
Uzibek: bets 30
alexlfc85: calls 30
*** TURN *** [Qc 2s 6s] [Qd]
Uzibek: bets 30
alexlfc85: folds 
Uncalled bet (30) returned to Uzibek
Uzibek collected 135 from pot
*** SUMMARY ***
Total pot 135 | Rake 0 
Board [Qc 2s 6s Qd]
Seat 1: Uzibek (big blind) collected (135)
Seat 2: alexlfc85 (button) folded on the Turn
Seat 3: Mahu2021 (small blind) folded before Flop



PokerStars Hand #251549438803: Tournament #3779245903, $1.84+$0.16 USD Hold'em No Limit - Level II (15/30) - 2024/07/18 18:51:30 CET [2024/07/18 12:51:30 ET]
Table '3779245903 1' 3-max Seat #3 is the button
Seat 1: Uzibek (555 in chips) 
Seat 2: alexlfc85 (700 in chips) 
Seat 3: Mahu2021 (245 in chips) 
Uzibek: posts small blind 15
alexlfc85: posts big blind 30
*** HOLE CARDS ***
Dealt to Mahu2021 [2c 6c]
Mahu2021: calls 30
Uzibek: calls 15
alexlfc85: raises 30 to 60
Mahu2021: calls 30
Uzibek: calls 30
*** FLOP *** [8s 3h 2s]
Uzibek: checks 
alexlfc85: bets 30
Mahu2021: raises 155 to 185 and is all-in
Uzibek: folds 
alexlfc85: calls 155
*** TURN *** [8s 3h 2s] [9c]
*** RIVER *** [8s 3h 2s 9c] [5d]
*** SHOW DOWN ***
alexlfc85: shows [9d Ad] (a pair of Nines)
Mahu2021: shows [2c 6c] (a pair of Deuces)
alexlfc85 collected 550 from pot
Mahu2021 finished the tournament in 3rd place
*** SUMMARY ***
Total pot 550 | Rake 0 
Board [8s 3h 2s 9c 5d]
Seat 1: Uzibek (small blind) folded on the Flop
Seat 2: alexlfc85 (big blind) showed [9d Ad] and won (550) with a pair of Nines
Seat 3: Mahu2021 (button) showed [2c 6c] and lost with a pair of Deuces



