PokerStars Hand #252668766334: Tournament #3805978810, $1.84+$0.16 USD Hold'em No Limit - Level I (10/20) - 2024/09/28 13:39:33 CET [2024/09/28 7:39:33 ET]
Table '3805978810 1' 3-max Seat #1 is the button
Seat 1: zanada308 (500 in chips) 
Seat 2: Mahu2021 (500 in chips) 
Seat 3: moneyball88 (500 in chips) 
Mahu2021: posts small blind 10
moneyball88: posts big blind 20
*** HOLE CARDS ***
Dealt to Mahu2021 [Ah 6h]
zanada308: raises 20 to 40
Mahu2021: calls 30
moneyball88: raises 20 to 60
zanada308: raises 440 to 500 and is all-in
Mahu2021: folds 
moneyball88: calls 440 and is all-in
*** FLOP *** [3s Ts Qd]
*** TURN *** [3s Ts Qd] [4h]
*** RIVER *** [3s Ts Qd 4h] [8c]
*** SHOW DOWN ***
moneyball88: shows [Kd Jh] (high card King)
zanada308: shows [Ac Td] (a pair of Tens)
zanada308 collected 1040 from pot
moneyball88 finished the tournament in 3rd place
*** SUMMARY ***
Total pot 1040 | Rake 0 
Board [3s Ts Qd 4h 8c]
Seat 1: zanada308 (button) showed [Ac Td] and won (1040) with a pair of Tens
Seat 2: Mahu2021 (small blind) folded before Flop
Seat 3: moneyball88 (big blind) showed [Kd Jh] and lost with high card King



PokerStars Hand #252668770765: Tournament #3805978810, $1.84+$0.16 USD Hold'em No Limit - Level I (10/20) - 2024/09/28 13:40:04 CET [2024/09/28 7:40:04 ET]
Table '3805978810 1' 3-max Seat #2 is the button
Seat 1: zanada308 (1040 in chips) 
Seat 2: Mahu2021 (460 in chips) 
Mahu2021: posts small blind 10
zanada308: posts big blind 20
*** HOLE CARDS ***
Dealt to Mahu2021 [4h 7d]
Mahu2021: folds 
Uncalled bet (10) returned to zanada308
zanada308 collected 20 from pot
*** SUMMARY ***
Total pot 20 | Rake 0 
Seat 1: zanada308 (big blind) collected (20)
Seat 2: Mahu2021 (button) (small blind) folded before Flop



PokerStars Hand #252668771939: Tournament #3805978810, $1.84+$0.16 USD Hold'em No Limit - Level I (10/20) - 2024/09/28 13:40:12 CET [2024/09/28 7:40:12 ET]
Table '3805978810 1' 3-max Seat #1 is the button
Seat 1: zanada308 (1050 in chips) 
Seat 2: Mahu2021 (450 in chips) 
zanada308: posts small blind 10
Mahu2021: posts big blind 20
*** HOLE CARDS ***
Dealt to Mahu2021 [3h 2s]
zanada308: calls 10
Mahu2021: checks 
*** FLOP *** [9c 2c 9d]
Mahu2021: bets 20
zanada308: calls 20
*** TURN *** [9c 2c 9d] [Kd]
Mahu2021: bets 20
zanada308: calls 20
*** RIVER *** [9c 2c 9d Kd] [4h]
Mahu2021: bets 20
zanada308: calls 20
*** SHOW DOWN ***
Mahu2021: shows [3h 2s] (two pair, Nines and Deuces)
zanada308: mucks hand 
Mahu2021 collected 160 from pot
*** SUMMARY ***
Total pot 160 | Rake 0 
Board [9c 2c 9d Kd 4h]
Seat 1: zanada308 (button) (small blind) mucked [Ts Qs]
Seat 2: Mahu2021 (big blind) showed [3h 2s] and won (160) with two pair, Nines and Deuces



PokerStars Hand #252668775680: Tournament #3805978810, $1.84+$0.16 USD Hold'em No Limit - Level I (10/20) - 2024/09/28 13:40:37 CET [2024/09/28 7:40:37 ET]
Table '3805978810 1' 3-max Seat #2 is the button
Seat 1: zanada308 (970 in chips) 
Seat 2: Mahu2021 (530 in chips) 
Mahu2021: posts small blind 10
zanada308: posts big blind 20
*** HOLE CARDS ***
Dealt to Mahu2021 [Jc 6s]
Mahu2021: calls 10
zanada308: checks 
*** FLOP *** [7h 2d 7s]
zanada308: checks 
Mahu2021: checks 
*** TURN *** [7h 2d 7s] [Ts]
zanada308: checks 
Mahu2021: checks 
*** RIVER *** [7h 2d 7s Ts] [4s]
zanada308: checks 
Mahu2021: checks 
*** SHOW DOWN ***
zanada308: shows [6h Jd] (a pair of Sevens)
Mahu2021: shows [Jc 6s] (a pair of Sevens)
zanada308 collected 20 from pot
Mahu2021 collected 20 from pot
*** SUMMARY ***
Total pot 40 | Rake 0 
Board [7h 2d 7s Ts 4s]
Seat 1: zanada308 (big blind) showed [6h Jd] and won (20) with a pair of Sevens
Seat 2: Mahu2021 (button) (small blind) showed [Jc 6s] and won (20) with a pair of Sevens



PokerStars Hand #252668777904: Tournament #3805978810, $1.84+$0.16 USD Hold'em No Limit - Level I (10/20) - 2024/09/28 13:40:52 CET [2024/09/28 7:40:52 ET]
Table '3805978810 1' 3-max Seat #1 is the button
Seat 1: zanada308 (970 in chips) 
Seat 2: Mahu2021 (530 in chips) 
zanada308: posts small blind 10
Mahu2021: posts big blind 20
*** HOLE CARDS ***
Dealt to Mahu2021 [8d 3d]
zanada308: calls 10
Mahu2021: checks 
*** FLOP *** [Qs Kd 2d]
Mahu2021: checks 
zanada308: checks 
*** TURN *** [Qs Kd 2d] [Ks]
Mahu2021: checks 
zanada308: checks 
*** RIVER *** [Qs Kd 2d Ks] [9h]
Mahu2021: checks 
zanada308: bets 20
Mahu2021: folds 
Uncalled bet (20) returned to zanada308
zanada308 collected 40 from pot
*** SUMMARY ***
Total pot 40 | Rake 0 
Board [Qs Kd 2d Ks 9h]
Seat 1: zanada308 (button) (small blind) collected (40)
Seat 2: Mahu2021 (big blind) folded on the River



PokerStars Hand #252668779964: Tournament #3805978810, $1.84+$0.16 USD Hold'em No Limit - Level I (10/20) - 2024/09/28 13:41:06 CET [2024/09/28 7:41:06 ET]
Table '3805978810 1' 3-max Seat #2 is the button
Seat 1: zanada308 (990 in chips) 
Seat 2: Mahu2021 (510 in chips) 
Mahu2021: posts small blind 10
zanada308: posts big blind 20
*** HOLE CARDS ***
Dealt to Mahu2021 [2h 7c]
Mahu2021: folds 
Uncalled bet (10) returned to zanada308
zanada308 collected 20 from pot
*** SUMMARY ***
Total pot 20 | Rake 0 
Seat 1: zanada308 (big blind) collected (20)
Seat 2: Mahu2021 (button) (small blind) folded before Flop



PokerStars Hand #252668780659: Tournament #3805978810, $1.84+$0.16 USD Hold'em No Limit - Level I (10/20) - 2024/09/28 13:41:11 CET [2024/09/28 7:41:11 ET]
Table '3805978810 1' 3-max Seat #1 is the button
Seat 1: zanada308 (1000 in chips) 
Seat 2: Mahu2021 (500 in chips) 
zanada308: posts small blind 10
Mahu2021: posts big blind 20
*** HOLE CARDS ***
Dealt to Mahu2021 [2d Js]
zanada308: calls 10
Mahu2021: checks 
*** FLOP *** [Ac 6h 7c]
Mahu2021: checks 
zanada308: checks 
*** TURN *** [Ac 6h 7c] [4h]
Mahu2021: checks 
zanada308: checks 
*** RIVER *** [Ac 6h 7c 4h] [5c]
Mahu2021: checks 
zanada308: bets 40
Mahu2021: folds 
Uncalled bet (40) returned to zanada308
zanada308 collected 40 from pot
*** SUMMARY ***
Total pot 40 | Rake 0 
Board [Ac 6h 7c 4h 5c]
Seat 1: zanada308 (button) (small blind) collected (40)
Seat 2: Mahu2021 (big blind) folded on the River



PokerStars Hand #252668782913: Tournament #3805978810, $1.84+$0.16 USD Hold'em No Limit - Level I (10/20) - 2024/09/28 13:41:26 CET [2024/09/28 7:41:26 ET]
Table '3805978810 1' 3-max Seat #2 is the button
Seat 1: zanada308 (1020 in chips) 
Seat 2: Mahu2021 (480 in chips) 
Mahu2021: posts small blind 10
zanada308: posts big blind 20
*** HOLE CARDS ***
Dealt to Mahu2021 [Jh 5d]
Mahu2021: calls 10
zanada308: checks 
*** FLOP *** [3s 2d 6c]
zanada308: bets 20
Mahu2021: calls 20
*** TURN *** [3s 2d 6c] [5c]
zanada308: checks 
Mahu2021: checks 
*** RIVER *** [3s 2d 6c 5c] [4d]
zanada308: checks 
Mahu2021: checks 
*** SHOW DOWN ***
zanada308: shows [Qd 3h] (a straight, Deuce to Six)
Mahu2021: shows [Jh 5d] (a straight, Deuce to Six)
zanada308 collected 40 from pot
Mahu2021 collected 40 from pot
*** SUMMARY ***
Total pot 80 | Rake 0 
Board [3s 2d 6c 5c 4d]
Seat 1: zanada308 (big blind) showed [Qd 3h] and won (40) with a straight, Deuce to Six
Seat 2: Mahu2021 (button) (small blind) showed [Jh 5d] and won (40) with a straight, Deuce to Six



PokerStars Hand #252668785446: Tournament #3805978810, $1.84+$0.16 USD Hold'em No Limit - Level II (15/30) - 2024/09/28 13:41:43 CET [2024/09/28 7:41:43 ET]
Table '3805978810 1' 3-max Seat #1 is the button
Seat 1: zanada308 (1020 in chips) 
Seat 2: Mahu2021 (480 in chips) 
zanada308: posts small blind 15
Mahu2021: posts big blind 30
*** HOLE CARDS ***
Dealt to Mahu2021 [3s 4c]
zanada308: raises 30 to 60
Mahu2021: calls 30
*** FLOP *** [Ac Kd 9s]
Mahu2021: checks 
zanada308: checks 
*** TURN *** [Ac Kd 9s] [9d]
Mahu2021: checks 
zanada308: checks 
*** RIVER *** [Ac Kd 9s 9d] [Js]
Mahu2021: checks 
zanada308: bets 120
Mahu2021: folds 
Uncalled bet (120) returned to zanada308
zanada308 collected 120 from pot
*** SUMMARY ***
Total pot 120 | Rake 0 
Board [Ac Kd 9s 9d Js]
Seat 1: zanada308 (button) (small blind) collected (120)
Seat 2: Mahu2021 (big blind) folded on the River



PokerStars Hand #252668788030: Tournament #3805978810, $1.84+$0.16 USD Hold'em No Limit - Level II (15/30) - 2024/09/28 13:42:00 CET [2024/09/28 7:42:00 ET]
Table '3805978810 1' 3-max Seat #2 is the button
Seat 1: zanada308 (1080 in chips) 
Seat 2: Mahu2021 (420 in chips) 
Mahu2021: posts small blind 15
zanada308: posts big blind 30
*** HOLE CARDS ***
Dealt to Mahu2021 [2c As]
Mahu2021: raises 30 to 60
zanada308: calls 30
*** FLOP *** [9c 5s Kc]
zanada308: checks 
Mahu2021: checks 
*** TURN *** [9c 5s Kc] [Jc]
zanada308: checks 
Mahu2021: bets 60
zanada308: calls 60
*** RIVER *** [9c 5s Kc Jc] [3c]
zanada308: checks 
Mahu2021: bets 300 and is all-in
zanada308: calls 300
*** SHOW DOWN ***
Mahu2021: shows [2c As] (a flush, King high)
zanada308: shows [Qs Ts] (a straight, Nine to King)
Mahu2021 collected 840 from pot
*** SUMMARY ***
Total pot 840 | Rake 0 
Board [9c 5s Kc Jc 3c]
Seat 1: zanada308 (big blind) showed [Qs Ts] and lost with a straight, Nine to King
Seat 2: Mahu2021 (button) (small blind) showed [2c As] and won (840) with a flush, King high



PokerStars Hand #252668790847: Tournament #3805978810, $1.84+$0.16 USD Hold'em No Limit - Level II (15/30) - 2024/09/28 13:42:20 CET [2024/09/28 7:42:20 ET]
Table '3805978810 1' 3-max Seat #1 is the button
Seat 1: zanada308 (660 in chips) 
Seat 2: Mahu2021 (840 in chips) 
zanada308: posts small blind 15
Mahu2021: posts big blind 30
*** HOLE CARDS ***
Dealt to Mahu2021 [As Th]
zanada308: raises 30 to 60
Mahu2021: calls 30
*** FLOP *** [5h 6d Qs]
Mahu2021: checks 
zanada308: bets 30
Mahu2021: calls 30
*** TURN *** [5h 6d Qs] [2d]
Mahu2021: checks 
zanada308: checks 
*** RIVER *** [5h 6d Qs 2d] [Qd]
Mahu2021: bets 30
zanada308: folds 
Uncalled bet (30) returned to Mahu2021
Mahu2021 collected 180 from pot
Mahu2021: doesn't show hand 
*** SUMMARY ***
Total pot 180 | Rake 0 
Board [5h 6d Qs 2d Qd]
Seat 1: zanada308 (button) (small blind) folded on the River
Seat 2: Mahu2021 (big blind) collected (180)



PokerStars Hand #252668793753: Tournament #3805978810, $1.84+$0.16 USD Hold'em No Limit - Level II (15/30) - 2024/09/28 13:42:39 CET [2024/09/28 7:42:39 ET]
Table '3805978810 1' 3-max Seat #2 is the button
Seat 1: zanada308 (570 in chips) 
Seat 2: Mahu2021 (930 in chips) 
Mahu2021: posts small blind 15
zanada308: posts big blind 30
*** HOLE CARDS ***
Dealt to Mahu2021 [2c 2s]
Mahu2021: raises 30 to 60
zanada308: raises 510 to 570 and is all-in
Mahu2021: folds 
Uncalled bet (510) returned to zanada308
zanada308 collected 120 from pot
*** SUMMARY ***
Total pot 120 | Rake 0 
Seat 1: zanada308 (big blind) collected (120)
Seat 2: Mahu2021 (button) (small blind) folded before Flop



PokerStars Hand #252668795649: Tournament #3805978810, $1.84+$0.16 USD Hold'em No Limit - Level II (15/30) - 2024/09/28 13:42:52 CET [2024/09/28 7:42:52 ET]
Table '3805978810 1' 3-max Seat #1 is the button
Seat 1: zanada308 (630 in chips) 
Seat 2: Mahu2021 (870 in chips) 
zanada308: posts small blind 15
Mahu2021: posts big blind 30
*** HOLE CARDS ***
Dealt to Mahu2021 [7c 3s]
zanada308: raises 600 to 630 and is all-in
Mahu2021: folds 
Uncalled bet (600) returned to zanada308
zanada308 collected 60 from pot
*** SUMMARY ***
Total pot 60 | Rake 0 
Seat 1: zanada308 (button) (small blind) collected (60)
Seat 2: Mahu2021 (big blind) folded before Flop



PokerStars Hand #252668796691: Tournament #3805978810, $1.84+$0.16 USD Hold'em No Limit - Level II (15/30) - 2024/09/28 13:42:59 CET [2024/09/28 7:42:59 ET]
Table '3805978810 1' 3-max Seat #2 is the button
Seat 1: zanada308 (660 in chips) 
Seat 2: Mahu2021 (840 in chips) 
Mahu2021: posts small blind 15
zanada308: posts big blind 30
*** HOLE CARDS ***
Dealt to Mahu2021 [Ks Th]
Mahu2021: raises 30 to 60
zanada308: folds 
Uncalled bet (30) returned to Mahu2021
Mahu2021 collected 60 from pot
Mahu2021: doesn't show hand 
*** SUMMARY ***
Total pot 60 | Rake 0 
Seat 1: zanada308 (big blind) folded before Flop
Seat 2: Mahu2021 (button) (small blind) collected (60)



PokerStars Hand #252668797438: Tournament #3805978810, $1.84+$0.16 USD Hold'em No Limit - Level II (15/30) - 2024/09/28 13:43:04 CET [2024/09/28 7:43:04 ET]
Table '3805978810 1' 3-max Seat #1 is the button
Seat 1: zanada308 (630 in chips) 
Seat 2: Mahu2021 (870 in chips) 
zanada308: posts small blind 15
Mahu2021: posts big blind 30
*** HOLE CARDS ***
Dealt to Mahu2021 [Qd 9h]
zanada308: calls 15
Mahu2021: checks 
*** FLOP *** [Ts 7s As]
Mahu2021: checks 
zanada308: bets 30
Mahu2021: folds 
Uncalled bet (30) returned to zanada308
zanada308 collected 60 from pot
*** SUMMARY ***
Total pot 60 | Rake 0 
Board [Ts 7s As]
Seat 1: zanada308 (button) (small blind) collected (60)
Seat 2: Mahu2021 (big blind) folded on the Flop



PokerStars Hand #252668798888: Tournament #3805978810, $1.84+$0.16 USD Hold'em No Limit - Level II (15/30) - 2024/09/28 13:43:14 CET [2024/09/28 7:43:14 ET]
Table '3805978810 1' 3-max Seat #2 is the button
Seat 1: zanada308 (660 in chips) 
Seat 2: Mahu2021 (840 in chips) 
Mahu2021: posts small blind 15
zanada308: posts big blind 30
*** HOLE CARDS ***
Dealt to Mahu2021 [2h 4c]
Mahu2021: folds 
Uncalled bet (15) returned to zanada308
zanada308 collected 30 from pot
*** SUMMARY ***
Total pot 30 | Rake 0 
Seat 1: zanada308 (big blind) collected (30)
Seat 2: Mahu2021 (button) (small blind) folded before Flop



PokerStars Hand #252668799583: Tournament #3805978810, $1.84+$0.16 USD Hold'em No Limit - Level II (15/30) - 2024/09/28 13:43:19 CET [2024/09/28 7:43:19 ET]
Table '3805978810 1' 3-max Seat #1 is the button
Seat 1: zanada308 (675 in chips) 
Seat 2: Mahu2021 (825 in chips) 
zanada308: posts small blind 15
Mahu2021: posts big blind 30
*** HOLE CARDS ***
Dealt to Mahu2021 [Kh 6d]
zanada308: calls 15
Mahu2021: checks 
*** FLOP *** [As 6h 9d]
Mahu2021: checks 
zanada308: checks 
*** TURN *** [As 6h 9d] [6c]
Mahu2021: bets 30
zanada308: folds 
Uncalled bet (30) returned to Mahu2021
Mahu2021 collected 60 from pot
Mahu2021: doesn't show hand 
*** SUMMARY ***
Total pot 60 | Rake 0 
Board [As 6h 9d 6c]
Seat 1: zanada308 (button) (small blind) folded on the Turn
Seat 2: Mahu2021 (big blind) collected (60)



PokerStars Hand #252668801334: Tournament #3805978810, $1.84+$0.16 USD Hold'em No Limit - Level II (15/30) - 2024/09/28 13:43:31 CET [2024/09/28 7:43:31 ET]
Table '3805978810 1' 3-max Seat #2 is the button
Seat 1: zanada308 (645 in chips) 
Seat 2: Mahu2021 (855 in chips) 
Mahu2021: posts small blind 15
zanada308: posts big blind 30
*** HOLE CARDS ***
Dealt to Mahu2021 [4d 5h]
Mahu2021: calls 15
zanada308: checks 
*** FLOP *** [4s 8h 3d]
zanada308: bets 615 and is all-in
Mahu2021: folds 
Uncalled bet (615) returned to zanada308
zanada308 collected 60 from pot
*** SUMMARY ***
Total pot 60 | Rake 0 
Board [4s 8h 3d]
Seat 1: zanada308 (big blind) collected (60)
Seat 2: Mahu2021 (button) (small blind) folded on the Flop



PokerStars Hand #252668803445: Tournament #3805978810, $1.84+$0.16 USD Hold'em No Limit - Level III (20/40) - 2024/09/28 13:43:46 CET [2024/09/28 7:43:46 ET]
Table '3805978810 1' 3-max Seat #1 is the button
Seat 1: zanada308 (675 in chips) 
Seat 2: Mahu2021 (825 in chips) 
zanada308: posts small blind 20
Mahu2021: posts big blind 40
*** HOLE CARDS ***
Dealt to Mahu2021 [As Ad]
zanada308: calls 20
Mahu2021: raises 785 to 825 and is all-in
zanada308: folds 
Uncalled bet (785) returned to Mahu2021
Mahu2021 collected 80 from pot
Mahu2021: doesn't show hand 
*** SUMMARY ***
Total pot 80 | Rake 0 
Seat 1: zanada308 (button) (small blind) folded before Flop
Seat 2: Mahu2021 (big blind) collected (80)



PokerStars Hand #252668804619: Tournament #3805978810, $1.84+$0.16 USD Hold'em No Limit - Level III (20/40) - 2024/09/28 13:43:53 CET [2024/09/28 7:43:53 ET]
Table '3805978810 1' 3-max Seat #2 is the button
Seat 1: zanada308 (635 in chips) 
Seat 2: Mahu2021 (865 in chips) 
Mahu2021: posts small blind 20
zanada308: posts big blind 40
*** HOLE CARDS ***
Dealt to Mahu2021 [As 9s]
Mahu2021: raises 40 to 80
zanada308: calls 40
*** FLOP *** [Jh Ad Td]
zanada308: checks 
Mahu2021: bets 80
zanada308: folds 
Uncalled bet (80) returned to Mahu2021
Mahu2021 collected 160 from pot
Mahu2021: doesn't show hand 
*** SUMMARY ***
Total pot 160 | Rake 0 
Board [Jh Ad Td]
Seat 1: zanada308 (big blind) folded on the Flop
Seat 2: Mahu2021 (button) (small blind) collected (160)



PokerStars Hand #252668806346: Tournament #3805978810, $1.84+$0.16 USD Hold'em No Limit - Level III (20/40) - 2024/09/28 13:44:04 CET [2024/09/28 7:44:04 ET]
Table '3805978810 1' 3-max Seat #1 is the button
Seat 1: zanada308 (555 in chips) 
Seat 2: Mahu2021 (945 in chips) 
zanada308: posts small blind 20
Mahu2021: posts big blind 40
*** HOLE CARDS ***
Dealt to Mahu2021 [3d Js]
zanada308: raises 515 to 555 and is all-in
Mahu2021: folds 
Uncalled bet (515) returned to zanada308
zanada308 collected 80 from pot
*** SUMMARY ***
Total pot 80 | Rake 0 
Seat 1: zanada308 (button) (small blind) collected (80)
Seat 2: Mahu2021 (big blind) folded before Flop



PokerStars Hand #252668807356: Tournament #3805978810, $1.84+$0.16 USD Hold'em No Limit - Level III (20/40) - 2024/09/28 13:44:11 CET [2024/09/28 7:44:11 ET]
Table '3805978810 1' 3-max Seat #2 is the button
Seat 1: zanada308 (595 in chips) 
Seat 2: Mahu2021 (905 in chips) 
Mahu2021: posts small blind 20
zanada308: posts big blind 40
*** HOLE CARDS ***
Dealt to Mahu2021 [Jd 8h]
Mahu2021: calls 20
zanada308: raises 555 to 595 and is all-in
Mahu2021: folds 
Uncalled bet (555) returned to zanada308
zanada308 collected 80 from pot
*** SUMMARY ***
Total pot 80 | Rake 0 
Seat 1: zanada308 (big blind) collected (80)
Seat 2: Mahu2021 (button) (small blind) folded before Flop



PokerStars Hand #252668808426: Tournament #3805978810, $1.84+$0.16 USD Hold'em No Limit - Level III (20/40) - 2024/09/28 13:44:18 CET [2024/09/28 7:44:18 ET]
Table '3805978810 1' 3-max Seat #1 is the button
Seat 1: zanada308 (635 in chips) 
Seat 2: Mahu2021 (865 in chips) 
zanada308: posts small blind 20
Mahu2021: posts big blind 40
*** HOLE CARDS ***
Dealt to Mahu2021 [Td Tc]
zanada308: calls 20
Mahu2021: raises 825 to 865 and is all-in
zanada308: folds 
Uncalled bet (825) returned to Mahu2021
Mahu2021 collected 80 from pot
Mahu2021: doesn't show hand 
*** SUMMARY ***
Total pot 80 | Rake 0 
Seat 1: zanada308 (button) (small blind) folded before Flop
Seat 2: Mahu2021 (big blind) collected (80)



PokerStars Hand #252668809627: Tournament #3805978810, $1.84+$0.16 USD Hold'em No Limit - Level III (20/40) - 2024/09/28 13:44:26 CET [2024/09/28 7:44:26 ET]
Table '3805978810 1' 3-max Seat #2 is the button
Seat 1: zanada308 (595 in chips) 
Seat 2: Mahu2021 (905 in chips) 
Mahu2021: posts small blind 20
zanada308: posts big blind 40
*** HOLE CARDS ***
Dealt to Mahu2021 [7h Qh]
Mahu2021: calls 20
zanada308: checks 
*** FLOP *** [Th 7c 3d]
zanada308: checks 
Mahu2021: bets 40
zanada308: folds 
Uncalled bet (40) returned to Mahu2021
Mahu2021 collected 80 from pot
Mahu2021: doesn't show hand 
*** SUMMARY ***
Total pot 80 | Rake 0 
Board [Th 7c 3d]
Seat 1: zanada308 (big blind) folded on the Flop
Seat 2: Mahu2021 (button) (small blind) collected (80)



PokerStars Hand #252668811135: Tournament #3805978810, $1.84+$0.16 USD Hold'em No Limit - Level III (20/40) - 2024/09/28 13:44:37 CET [2024/09/28 7:44:37 ET]
Table '3805978810 1' 3-max Seat #1 is the button
Seat 1: zanada308 (555 in chips) 
Seat 2: Mahu2021 (945 in chips) 
zanada308: posts small blind 20
Mahu2021: posts big blind 40
*** HOLE CARDS ***
Dealt to Mahu2021 [Qd Qc]
zanada308: raises 515 to 555 and is all-in
Mahu2021: calls 515
*** FLOP *** [Ac 5d Jh]
*** TURN *** [Ac 5d Jh] [4h]
*** RIVER *** [Ac 5d Jh 4h] [3c]
*** SHOW DOWN ***
Mahu2021: shows [Qd Qc] (a pair of Queens)
zanada308: shows [9s 5s] (a pair of Fives)
Mahu2021 collected 1110 from pot
zanada308 finished the tournament in 2nd place
Mahu2021 wins the tournament and receives $4.00 - congratulations!
*** SUMMARY ***
Total pot 1110 | Rake 0 
Board [Ac 5d Jh 4h 3c]
Seat 1: zanada308 (button) (small blind) showed [9s 5s] and lost with a pair of Fives
Seat 2: Mahu2021 (big blind) showed [Qd Qc] and won (1110) with a pair of Queens



