PokerStars Hand #244533870650: Tournament #3610508852, $0.92+$0.08 USD Hold'em No Limit - Level I (10/20) - 2023/06/29 22:18:06 CET [2023/06/29 16:18:06 ET]
Table '3610508852 1' 3-max Seat #1 is the button
Seat 1: MacDolin (500 in chips) 
Seat 2: Mahu2021 (500 in chips) 
Seat 3: Vladozg9999 (500 in chips) 
Mahu2021: posts small blind 10
Vladozg9999: posts big blind 20
*** HOLE CARDS ***
Dealt to Mahu2021 [3h 8h]
MacDolin: raises 20 to 40
Mahu2021: folds 
Vladozg9999: calls 20
*** FLOP *** [4c Th 3s]
Vladozg9999: checks 
MacDolin: checks 
*** TURN *** [4c Th 3s] [Kh]
Vladozg9999: checks 
MacDolin: bets 40
Vladozg9999: folds 
Uncalled bet (40) returned to MacDolin
MacDolin collected 90 from pot
MacDolin: doesn't show hand 
*** SUMMARY ***
Total pot 90 | Rake 0 
Board [4c Th 3s Kh]
Seat 1: MacDolin (button) collected (90)
Seat 2: Mahu2021 (small blind) folded before Flop
Seat 3: Vladozg9999 (big blind) folded on the Turn



PokerStars Hand #244533876363: Tournament #3610508852, $0.92+$0.08 USD Hold'em No Limit - Level I (10/20) - 2023/06/29 22:18:23 CET [2023/06/29 16:18:23 ET]
Table '3610508852 1' 3-max Seat #2 is the button
Seat 1: MacDolin (550 in chips) 
Seat 2: Mahu2021 (490 in chips) 
Seat 3: Vladozg9999 (460 in chips) 
Vladozg9999: posts small blind 10
MacDolin: posts big blind 20
*** HOLE CARDS ***
Dealt to Mahu2021 [Ad Jc]
Mahu2021: raises 20 to 40
Vladozg9999: calls 30
MacDolin: calls 20
*** FLOP *** [6d 7c 4c]
Vladozg9999: bets 60
MacDolin: folds 
Mahu2021: folds 
Uncalled bet (60) returned to Vladozg9999
Vladozg9999 collected 120 from pot
Vladozg9999: doesn't show hand 
*** SUMMARY ***
Total pot 120 | Rake 0 
Board [6d 7c 4c]
Seat 1: MacDolin (big blind) folded on the Flop
Seat 2: Mahu2021 (button) folded on the Flop
Seat 3: Vladozg9999 (small blind) collected (120)



PokerStars Hand #244533882414: Tournament #3610508852, $0.92+$0.08 USD Hold'em No Limit - Level I (10/20) - 2023/06/29 22:18:40 CET [2023/06/29 16:18:40 ET]
Table '3610508852 1' 3-max Seat #3 is the button
Seat 1: MacDolin (510 in chips) 
Seat 2: Mahu2021 (450 in chips) 
Seat 3: Vladozg9999 (540 in chips) 
MacDolin: posts small blind 10
Mahu2021: posts big blind 20
*** HOLE CARDS ***
Dealt to Mahu2021 [8s Ad]
Vladozg9999: calls 20
MacDolin: calls 10
Mahu2021: checks 
*** FLOP *** [3c 5h 6c]
MacDolin: bets 20
Mahu2021: folds 
Vladozg9999: calls 20
*** TURN *** [3c 5h 6c] [3h]
MacDolin: bets 20
Vladozg9999: calls 20
*** RIVER *** [3c 5h 6c 3h] [Qs]
MacDolin: bets 60
Vladozg9999: calls 60
*** SHOW DOWN ***
MacDolin: shows [2h 4s] (a straight, Deuce to Six)
Vladozg9999: mucks hand 
MacDolin collected 260 from pot
*** SUMMARY ***
Total pot 260 | Rake 0 
Board [3c 5h 6c 3h Qs]
Seat 1: MacDolin (small blind) showed [2h 4s] and won (260) with a straight, Deuce to Six
Seat 2: Mahu2021 (big blind) folded on the Flop
Seat 3: Vladozg9999 (button) mucked [6s Js]



PokerStars Hand #244533892285: Tournament #3610508852, $0.92+$0.08 USD Hold'em No Limit - Level I (10/20) - 2023/06/29 22:19:08 CET [2023/06/29 16:19:08 ET]
Table '3610508852 1' 3-max Seat #1 is the button
Seat 1: MacDolin (650 in chips) 
Seat 2: Mahu2021 (430 in chips) 
Seat 3: Vladozg9999 (420 in chips) 
Mahu2021: posts small blind 10
Vladozg9999: posts big blind 20
*** HOLE CARDS ***
Dealt to Mahu2021 [Js 9c]
MacDolin: raises 20 to 40
Mahu2021: calls 30
Vladozg9999: calls 20
*** FLOP *** [4c 3c 7h]
Mahu2021: checks 
Vladozg9999: checks 
MacDolin: bets 40
Mahu2021: folds 
Vladozg9999: folds 
Uncalled bet (40) returned to MacDolin
MacDolin collected 120 from pot
MacDolin: doesn't show hand 
*** SUMMARY ***
Total pot 120 | Rake 0 
Board [4c 3c 7h]
Seat 1: MacDolin (button) collected (120)
Seat 2: Mahu2021 (small blind) folded on the Flop
Seat 3: Vladozg9999 (big blind) folded on the Flop



PokerStars Hand #244533898355: Tournament #3610508852, $0.92+$0.08 USD Hold'em No Limit - Level I (10/20) - 2023/06/29 22:19:25 CET [2023/06/29 16:19:25 ET]
Table '3610508852 1' 3-max Seat #2 is the button
Seat 1: MacDolin (730 in chips) 
Seat 2: Mahu2021 (390 in chips) 
Seat 3: Vladozg9999 (380 in chips) 
Vladozg9999: posts small blind 10
MacDolin: posts big blind 20
*** HOLE CARDS ***
Dealt to Mahu2021 [Ac Jd]
Mahu2021: raises 20 to 40
Vladozg9999: raises 100 to 140
MacDolin: folds 
Mahu2021: raises 250 to 390 and is all-in
Vladozg9999: calls 240 and is all-in
Uncalled bet (10) returned to Mahu2021
*** FLOP *** [Jc Ks 6c]
*** TURN *** [Jc Ks 6c] [3d]
*** RIVER *** [Jc Ks 6c 3d] [4d]
*** SHOW DOWN ***
Vladozg9999: shows [Ah 5h] (high card Ace)
Mahu2021: shows [Ac Jd] (a pair of Jacks)
Mahu2021 collected 780 from pot
Vladozg9999 finished the tournament in 3rd place
*** SUMMARY ***
Total pot 780 | Rake 0 
Board [Jc Ks 6c 3d 4d]
Seat 1: MacDolin (big blind) folded before Flop
Seat 2: Mahu2021 (button) showed [Ac Jd] and won (780) with a pair of Jacks
Seat 3: Vladozg9999 (small blind) showed [Ah 5h] and lost with high card Ace



PokerStars Hand #244533906404: Tournament #3610508852, $0.92+$0.08 USD Hold'em No Limit - Level I (10/20) - 2023/06/29 22:19:48 CET [2023/06/29 16:19:48 ET]
Table '3610508852 1' 3-max Seat #1 is the button
Seat 1: MacDolin (710 in chips) 
Seat 2: Mahu2021 (790 in chips) 
MacDolin: posts small blind 10
Mahu2021: posts big blind 20
*** HOLE CARDS ***
Dealt to Mahu2021 [5s Ac]
MacDolin: calls 10
Mahu2021: checks 
*** FLOP *** [4s 3h Jh]
Mahu2021: checks 
MacDolin: checks 
*** TURN *** [4s 3h Jh] [Ad]
Mahu2021: checks 
MacDolin: checks 
*** RIVER *** [4s 3h Jh Ad] [Kc]
Mahu2021: bets 40
MacDolin: folds 
Uncalled bet (40) returned to Mahu2021
Mahu2021 collected 40 from pot
Mahu2021: doesn't show hand 
*** SUMMARY ***
Total pot 40 | Rake 0 
Board [4s 3h Jh Ad Kc]
Seat 1: MacDolin (button) (small blind) folded on the River
Seat 2: Mahu2021 (big blind) collected (40)



PokerStars Hand #244533911704: Tournament #3610508852, $0.92+$0.08 USD Hold'em No Limit - Level I (10/20) - 2023/06/29 22:20:03 CET [2023/06/29 16:20:03 ET]
Table '3610508852 1' 3-max Seat #2 is the button
Seat 1: MacDolin (690 in chips) 
Seat 2: Mahu2021 (810 in chips) 
Mahu2021: posts small blind 10
MacDolin: posts big blind 20
*** HOLE CARDS ***
Dealt to Mahu2021 [2c Ac]
Mahu2021: raises 20 to 40
MacDolin: folds 
Uncalled bet (20) returned to Mahu2021
Mahu2021 collected 40 from pot
Mahu2021: doesn't show hand 
*** SUMMARY ***
Total pot 40 | Rake 0 
Seat 1: MacDolin (big blind) folded before Flop
Seat 2: Mahu2021 (button) (small blind) collected (40)



PokerStars Hand #244533913644: Tournament #3610508852, $0.92+$0.08 USD Hold'em No Limit - Level I (10/20) - 2023/06/29 22:20:09 CET [2023/06/29 16:20:09 ET]
Table '3610508852 1' 3-max Seat #1 is the button
Seat 1: MacDolin (670 in chips) 
Seat 2: Mahu2021 (830 in chips) 
MacDolin: posts small blind 10
Mahu2021: posts big blind 20
*** HOLE CARDS ***
Dealt to Mahu2021 [7s Kd]
MacDolin: raises 20 to 40
Mahu2021: calls 20
*** FLOP *** [7c Kc Ad]
Mahu2021: checks 
MacDolin: bets 40
Mahu2021: calls 40
*** TURN *** [7c Kc Ad] [Td]
Mahu2021: checks 
MacDolin: bets 80
Mahu2021: calls 80
*** RIVER *** [7c Kc Ad Td] [6h]
Mahu2021: checks 
MacDolin: checks 
*** SHOW DOWN ***
Mahu2021: shows [7s Kd] (two pair, Kings and Sevens)
MacDolin: mucks hand 
Mahu2021 collected 320 from pot
*** SUMMARY ***
Total pot 320 | Rake 0 
Board [7c Kc Ad Td 6h]
Seat 1: MacDolin (button) (small blind) mucked [4c Ah]
Seat 2: Mahu2021 (big blind) showed [7s Kd] and won (320) with two pair, Kings and Sevens



PokerStars Hand #244533919320: Tournament #3610508852, $0.92+$0.08 USD Hold'em No Limit - Level I (10/20) - 2023/06/29 22:20:25 CET [2023/06/29 16:20:25 ET]
Table '3610508852 1' 3-max Seat #2 is the button
Seat 1: MacDolin (510 in chips) 
Seat 2: Mahu2021 (990 in chips) 
Mahu2021: posts small blind 10
MacDolin: posts big blind 20
*** HOLE CARDS ***
Dealt to Mahu2021 [8h Qc]
Mahu2021: calls 10
MacDolin: checks 
*** FLOP *** [4s Ac Js]
MacDolin: checks 
Mahu2021: bets 20
MacDolin: folds 
Uncalled bet (20) returned to Mahu2021
Mahu2021 collected 40 from pot
Mahu2021: doesn't show hand 
*** SUMMARY ***
Total pot 40 | Rake 0 
Board [4s Ac Js]
Seat 1: MacDolin (big blind) folded on the Flop
Seat 2: Mahu2021 (button) (small blind) collected (40)



PokerStars Hand #244533922695: Tournament #3610508852, $0.92+$0.08 USD Hold'em No Limit - Level I (10/20) - 2023/06/29 22:20:35 CET [2023/06/29 16:20:35 ET]
Table '3610508852 1' 3-max Seat #1 is the button
Seat 1: MacDolin (490 in chips) 
Seat 2: Mahu2021 (1010 in chips) 
MacDolin: posts small blind 10
Mahu2021: posts big blind 20
*** HOLE CARDS ***
Dealt to Mahu2021 [4c 7d]
MacDolin: raises 20 to 40
Mahu2021: folds 
Uncalled bet (20) returned to MacDolin
MacDolin collected 40 from pot
MacDolin: doesn't show hand 
*** SUMMARY ***
Total pot 40 | Rake 0 
Seat 1: MacDolin (button) (small blind) collected (40)
Seat 2: Mahu2021 (big blind) folded before Flop



PokerStars Hand #244533924966: Tournament #3610508852, $0.92+$0.08 USD Hold'em No Limit - Level I (10/20) - 2023/06/29 22:20:41 CET [2023/06/29 16:20:41 ET]
Table '3610508852 1' 3-max Seat #2 is the button
Seat 1: MacDolin (510 in chips) 
Seat 2: Mahu2021 (990 in chips) 
Mahu2021: posts small blind 10
MacDolin: posts big blind 20
*** HOLE CARDS ***
Dealt to Mahu2021 [5c Jd]
Mahu2021: folds 
Uncalled bet (10) returned to MacDolin
MacDolin collected 20 from pot
MacDolin: doesn't show hand 
*** SUMMARY ***
Total pot 20 | Rake 0 
Seat 1: MacDolin (big blind) collected (20)
Seat 2: Mahu2021 (button) (small blind) folded before Flop



PokerStars Hand #244533926548: Tournament #3610508852, $0.92+$0.08 USD Hold'em No Limit - Level I (10/20) - 2023/06/29 22:20:46 CET [2023/06/29 16:20:46 ET]
Table '3610508852 1' 3-max Seat #1 is the button
Seat 1: MacDolin (520 in chips) 
Seat 2: Mahu2021 (980 in chips) 
MacDolin: posts small blind 10
Mahu2021: posts big blind 20
*** HOLE CARDS ***
Dealt to Mahu2021 [6d 5s]
MacDolin: raises 20 to 40
Mahu2021: calls 20
*** FLOP *** [3s Jd 6h]
Mahu2021: checks 
MacDolin: bets 40
Mahu2021: calls 40
*** TURN *** [3s Jd 6h] [Ac]
Mahu2021: checks 
MacDolin: bets 80
Mahu2021: folds 
Uncalled bet (80) returned to MacDolin
MacDolin collected 160 from pot
MacDolin: doesn't show hand 
*** SUMMARY ***
Total pot 160 | Rake 0 
Board [3s Jd 6h Ac]
Seat 1: MacDolin (button) (small blind) collected (160)
Seat 2: Mahu2021 (big blind) folded on the Turn



PokerStars Hand #244533931273: Tournament #3610508852, $0.92+$0.08 USD Hold'em No Limit - Level I (10/20) - 2023/06/29 22:20:59 CET [2023/06/29 16:20:59 ET]
Table '3610508852 1' 3-max Seat #2 is the button
Seat 1: MacDolin (600 in chips) 
Seat 2: Mahu2021 (900 in chips) 
Mahu2021: posts small blind 10
MacDolin: posts big blind 20
*** HOLE CARDS ***
Dealt to Mahu2021 [Ad 6h]
Mahu2021: raises 20 to 40
MacDolin: calls 20
*** FLOP *** [Qd Ts 3c]
MacDolin: checks 
Mahu2021: checks 
*** TURN *** [Qd Ts 3c] [As]
MacDolin: checks 
Mahu2021: bets 40
MacDolin: folds 
Uncalled bet (40) returned to Mahu2021
Mahu2021 collected 80 from pot
Mahu2021: doesn't show hand 
*** SUMMARY ***
Total pot 80 | Rake 0 
Board [Qd Ts 3c As]
Seat 1: MacDolin (big blind) folded on the Turn
Seat 2: Mahu2021 (button) (small blind) collected (80)



PokerStars Hand #244533936527: Tournament #3610508852, $0.92+$0.08 USD Hold'em No Limit - Level II (15/30) - 2023/06/29 22:21:14 CET [2023/06/29 16:21:14 ET]
Table '3610508852 1' 3-max Seat #1 is the button
Seat 1: MacDolin (560 in chips) 
Seat 2: Mahu2021 (940 in chips) 
MacDolin: posts small blind 15
Mahu2021: posts big blind 30
*** HOLE CARDS ***
Dealt to Mahu2021 [Ac Kc]
MacDolin: folds 
Uncalled bet (15) returned to Mahu2021
Mahu2021 collected 30 from pot
Mahu2021: doesn't show hand 
*** SUMMARY ***
Total pot 30 | Rake 0 
Seat 1: MacDolin (button) (small blind) folded before Flop
Seat 2: Mahu2021 (big blind) collected (30)



PokerStars Hand #244533938171: Tournament #3610508852, $0.92+$0.08 USD Hold'em No Limit - Level II (15/30) - 2023/06/29 22:21:19 CET [2023/06/29 16:21:19 ET]
Table '3610508852 1' 3-max Seat #2 is the button
Seat 1: MacDolin (545 in chips) 
Seat 2: Mahu2021 (955 in chips) 
Mahu2021: posts small blind 15
MacDolin: posts big blind 30
*** HOLE CARDS ***
Dealt to Mahu2021 [7c 7h]
Mahu2021: raises 30 to 60
MacDolin: folds 
Uncalled bet (30) returned to Mahu2021
Mahu2021 collected 60 from pot
Mahu2021: doesn't show hand 
*** SUMMARY ***
Total pot 60 | Rake 0 
Seat 1: MacDolin (big blind) folded before Flop
Seat 2: Mahu2021 (button) (small blind) collected (60)



PokerStars Hand #244533940170: Tournament #3610508852, $0.92+$0.08 USD Hold'em No Limit - Level II (15/30) - 2023/06/29 22:21:25 CET [2023/06/29 16:21:25 ET]
Table '3610508852 1' 3-max Seat #1 is the button
Seat 1: MacDolin (515 in chips) 
Seat 2: Mahu2021 (985 in chips) 
MacDolin: posts small blind 15
Mahu2021: posts big blind 30
*** HOLE CARDS ***
Dealt to Mahu2021 [Qd 2d]
MacDolin: calls 15
Mahu2021: checks 
*** FLOP *** [Qs 5d 4c]
Mahu2021: checks 
MacDolin: checks 
*** TURN *** [Qs 5d 4c] [8h]
Mahu2021: checks 
MacDolin: checks 
*** RIVER *** [Qs 5d 4c 8h] [5c]
Mahu2021: bets 30
MacDolin: folds 
Uncalled bet (30) returned to Mahu2021
Mahu2021 collected 60 from pot
Mahu2021: doesn't show hand 
*** SUMMARY ***
Total pot 60 | Rake 0 
Board [Qs 5d 4c 8h 5c]
Seat 1: MacDolin (button) (small blind) folded on the River
Seat 2: Mahu2021 (big blind) collected (60)



PokerStars Hand #244533944670: Tournament #3610508852, $0.92+$0.08 USD Hold'em No Limit - Level II (15/30) - 2023/06/29 22:21:38 CET [2023/06/29 16:21:38 ET]
Table '3610508852 1' 3-max Seat #2 is the button
Seat 1: MacDolin (485 in chips) 
Seat 2: Mahu2021 (1015 in chips) 
Mahu2021: posts small blind 15
MacDolin: posts big blind 30
*** HOLE CARDS ***
Dealt to Mahu2021 [2h 8c]
Mahu2021: folds 
Uncalled bet (15) returned to MacDolin
MacDolin collected 30 from pot
MacDolin: doesn't show hand 
*** SUMMARY ***
Total pot 30 | Rake 0 
Seat 1: MacDolin (big blind) collected (30)
Seat 2: Mahu2021 (button) (small blind) folded before Flop



PokerStars Hand #244533946199: Tournament #3610508852, $0.92+$0.08 USD Hold'em No Limit - Level II (15/30) - 2023/06/29 22:21:42 CET [2023/06/29 16:21:42 ET]
Table '3610508852 1' 3-max Seat #1 is the button
Seat 1: MacDolin (500 in chips) 
Seat 2: Mahu2021 (1000 in chips) 
MacDolin: posts small blind 15
Mahu2021: posts big blind 30
*** HOLE CARDS ***
Dealt to Mahu2021 [Ks Kc]
MacDolin: raises 30 to 60
Mahu2021: raises 940 to 1000 and is all-in
MacDolin: folds 
Uncalled bet (940) returned to Mahu2021
Mahu2021 collected 120 from pot
Mahu2021: doesn't show hand 
*** SUMMARY ***
Total pot 120 | Rake 0 
Seat 1: MacDolin (button) (small blind) folded before Flop
Seat 2: Mahu2021 (big blind) collected (120)



PokerStars Hand #244533948633: Tournament #3610508852, $0.92+$0.08 USD Hold'em No Limit - Level II (15/30) - 2023/06/29 22:21:49 CET [2023/06/29 16:21:49 ET]
Table '3610508852 1' 3-max Seat #2 is the button
Seat 1: MacDolin (440 in chips) 
Seat 2: Mahu2021 (1060 in chips) 
Mahu2021: posts small blind 15
MacDolin: posts big blind 30
*** HOLE CARDS ***
Dealt to Mahu2021 [Tc 8s]
Mahu2021: folds 
Uncalled bet (15) returned to MacDolin
MacDolin collected 30 from pot
MacDolin: doesn't show hand 
*** SUMMARY ***
Total pot 30 | Rake 0 
Seat 1: MacDolin (big blind) collected (30)
Seat 2: Mahu2021 (button) (small blind) folded before Flop



PokerStars Hand #244533950185: Tournament #3610508852, $0.92+$0.08 USD Hold'em No Limit - Level II (15/30) - 2023/06/29 22:21:54 CET [2023/06/29 16:21:54 ET]
Table '3610508852 1' 3-max Seat #1 is the button
Seat 1: MacDolin (455 in chips) 
Seat 2: Mahu2021 (1045 in chips) 
MacDolin: posts small blind 15
Mahu2021: posts big blind 30
*** HOLE CARDS ***
Dealt to Mahu2021 [Qc 2h]
MacDolin: raises 30 to 60
Mahu2021: folds 
Uncalled bet (30) returned to MacDolin
MacDolin collected 60 from pot
MacDolin: doesn't show hand 
*** SUMMARY ***
Total pot 60 | Rake 0 
Seat 1: MacDolin (button) (small blind) collected (60)
Seat 2: Mahu2021 (big blind) folded before Flop



PokerStars Hand #244533952164: Tournament #3610508852, $0.92+$0.08 USD Hold'em No Limit - Level II (15/30) - 2023/06/29 22:22:00 CET [2023/06/29 16:22:00 ET]
Table '3610508852 1' 3-max Seat #2 is the button
Seat 1: MacDolin (485 in chips) 
Seat 2: Mahu2021 (1015 in chips) 
Mahu2021: posts small blind 15
MacDolin: posts big blind 30
*** HOLE CARDS ***
Dealt to Mahu2021 [7h Th]
Mahu2021: raises 30 to 60
MacDolin: calls 30
*** FLOP *** [Kh 2c 8h]
MacDolin: checks 
Mahu2021: checks 
*** TURN *** [Kh 2c 8h] [6h]
MacDolin: bets 60
Mahu2021: calls 60
*** RIVER *** [Kh 2c 8h 6h] [Td]
MacDolin: checks 
Mahu2021: bets 60
MacDolin: folds 
Uncalled bet (60) returned to Mahu2021
Mahu2021 collected 240 from pot
Mahu2021: doesn't show hand 
*** SUMMARY ***
Total pot 240 | Rake 0 
Board [Kh 2c 8h 6h Td]
Seat 1: MacDolin (big blind) folded on the River
Seat 2: Mahu2021 (button) (small blind) collected (240)



PokerStars Hand #244533959100: Tournament #3610508852, $0.92+$0.08 USD Hold'em No Limit - Level II (15/30) - 2023/06/29 22:22:19 CET [2023/06/29 16:22:19 ET]
Table '3610508852 1' 3-max Seat #1 is the button
Seat 1: MacDolin (365 in chips) 
Seat 2: Mahu2021 (1135 in chips) 
MacDolin: posts small blind 15
Mahu2021: posts big blind 30
*** HOLE CARDS ***
Dealt to Mahu2021 [8s Jh]
MacDolin: calls 15
Mahu2021: checks 
*** FLOP *** [Jd Kd 3d]
Mahu2021: checks 
MacDolin: bets 30
Mahu2021: calls 30
*** TURN *** [Jd Kd 3d] [Kc]
Mahu2021: checks 
MacDolin: checks 
*** RIVER *** [Jd Kd 3d Kc] [As]
Mahu2021: checks 
MacDolin: checks 
*** SHOW DOWN ***
Mahu2021: shows [8s Jh] (two pair, Kings and Jacks)
MacDolin: mucks hand 
Mahu2021 collected 120 from pot
*** SUMMARY ***
Total pot 120 | Rake 0 
Board [Jd Kd 3d Kc As]
Seat 1: MacDolin (button) (small blind) mucked [7d Qc]
Seat 2: Mahu2021 (big blind) showed [8s Jh] and won (120) with two pair, Kings and Jacks



PokerStars Hand #244533963956: Tournament #3610508852, $0.92+$0.08 USD Hold'em No Limit - Level II (15/30) - 2023/06/29 22:22:33 CET [2023/06/29 16:22:33 ET]
Table '3610508852 1' 3-max Seat #2 is the button
Seat 1: MacDolin (305 in chips) 
Seat 2: Mahu2021 (1195 in chips) 
Mahu2021: posts small blind 15
MacDolin: posts big blind 30
*** HOLE CARDS ***
Dealt to Mahu2021 [As 6s]
Mahu2021: raises 30 to 60
MacDolin: calls 30
*** FLOP *** [Td 4s 6c]
MacDolin: checks 
Mahu2021: bets 60
MacDolin: folds 
Uncalled bet (60) returned to Mahu2021
Mahu2021 collected 120 from pot
Mahu2021: doesn't show hand 
*** SUMMARY ***
Total pot 120 | Rake 0 
Board [Td 4s 6c]
Seat 1: MacDolin (big blind) folded on the Flop
Seat 2: Mahu2021 (button) (small blind) collected (120)



PokerStars Hand #244533967079: Tournament #3610508852, $0.92+$0.08 USD Hold'em No Limit - Level II (15/30) - 2023/06/29 22:22:42 CET [2023/06/29 16:22:42 ET]
Table '3610508852 1' 3-max Seat #1 is the button
Seat 1: MacDolin (245 in chips) 
Seat 2: Mahu2021 (1255 in chips) 
MacDolin: posts small blind 15
Mahu2021: posts big blind 30
*** HOLE CARDS ***
Dealt to Mahu2021 [Ad 3h]
MacDolin: calls 15
Mahu2021: checks 
*** FLOP *** [2d Ks 3s]
Mahu2021: checks 
MacDolin: checks 
*** TURN *** [2d Ks 3s] [9h]
Mahu2021: checks 
MacDolin: bets 30
Mahu2021: calls 30
*** RIVER *** [2d Ks 3s 9h] [2s]
Mahu2021: checks 
MacDolin: checks 
*** SHOW DOWN ***
Mahu2021: shows [Ad 3h] (two pair, Threes and Deuces)
MacDolin: shows [9c Js] (two pair, Nines and Deuces)
MacDolin collected 120 from pot
*** SUMMARY ***
Total pot 120 | Rake 0 
Board [2d Ks 3s 9h 2s]
Seat 1: MacDolin (button) (small blind) showed [9c Js] and won (120) with two pair, Nines and Deuces
Seat 2: Mahu2021 (big blind) showed [Ad 3h] and lost with two pair, Threes and Deuces



PokerStars Hand #244533972106: Tournament #3610508852, $0.92+$0.08 USD Hold'em No Limit - Level II (15/30) - 2023/06/29 22:22:57 CET [2023/06/29 16:22:57 ET]
Table '3610508852 1' 3-max Seat #2 is the button
Seat 1: MacDolin (305 in chips) 
Seat 2: Mahu2021 (1195 in chips) 
Mahu2021: posts small blind 15
MacDolin: posts big blind 30
*** HOLE CARDS ***
Dealt to Mahu2021 [Ks 3c]
Mahu2021: raises 30 to 60
MacDolin: raises 245 to 305 and is all-in
Mahu2021: folds 
Uncalled bet (245) returned to MacDolin
MacDolin collected 120 from pot
MacDolin: doesn't show hand 
*** SUMMARY ***
Total pot 120 | Rake 0 
Seat 1: MacDolin (big blind) collected (120)
Seat 2: Mahu2021 (button) (small blind) folded before Flop



PokerStars Hand #244533974580: Tournament #3610508852, $0.92+$0.08 USD Hold'em No Limit - Level II (15/30) - 2023/06/29 22:23:04 CET [2023/06/29 16:23:04 ET]
Table '3610508852 1' 3-max Seat #1 is the button
Seat 1: MacDolin (365 in chips) 
Seat 2: Mahu2021 (1135 in chips) 
MacDolin: posts small blind 15
Mahu2021: posts big blind 30
*** HOLE CARDS ***
Dealt to Mahu2021 [7d 8d]
MacDolin: calls 15
Mahu2021: checks 
*** FLOP *** [4h 2d 4s]
Mahu2021: checks 
MacDolin: bets 30
Mahu2021: folds 
Uncalled bet (30) returned to MacDolin
MacDolin collected 60 from pot
MacDolin: doesn't show hand 
*** SUMMARY ***
Total pot 60 | Rake 0 
Board [4h 2d 4s]
Seat 1: MacDolin (button) (small blind) collected (60)
Seat 2: Mahu2021 (big blind) folded on the Flop



PokerStars Hand #244533977812: Tournament #3610508852, $0.92+$0.08 USD Hold'em No Limit - Level II (15/30) - 2023/06/29 22:23:13 CET [2023/06/29 16:23:13 ET]
Table '3610508852 1' 3-max Seat #2 is the button
Seat 1: MacDolin (395 in chips) 
Seat 2: Mahu2021 (1105 in chips) 
Mahu2021: posts small blind 15
MacDolin: posts big blind 30
*** HOLE CARDS ***
Dealt to Mahu2021 [4s Th]
Mahu2021: folds 
Uncalled bet (15) returned to MacDolin
MacDolin collected 30 from pot
MacDolin: doesn't show hand 
*** SUMMARY ***
Total pot 30 | Rake 0 
Seat 1: MacDolin (big blind) collected (30)
Seat 2: Mahu2021 (button) (small blind) folded before Flop



PokerStars Hand #244533979533: Tournament #3610508852, $0.92+$0.08 USD Hold'em No Limit - Level II (15/30) - 2023/06/29 22:23:18 CET [2023/06/29 16:23:18 ET]
Table '3610508852 1' 3-max Seat #1 is the button
Seat 1: MacDolin (410 in chips) 
Seat 2: Mahu2021 (1090 in chips) 
MacDolin: posts small blind 15
Mahu2021: posts big blind 30
*** HOLE CARDS ***
Dealt to Mahu2021 [4s Js]
MacDolin: calls 15
Mahu2021: checks 
*** FLOP *** [5d Kh 2s]
Mahu2021: checks 
MacDolin: bets 30
Mahu2021: folds 
Uncalled bet (30) returned to MacDolin
MacDolin collected 60 from pot
MacDolin: doesn't show hand 
*** SUMMARY ***
Total pot 60 | Rake 0 
Board [5d Kh 2s]
Seat 1: MacDolin (button) (small blind) collected (60)
Seat 2: Mahu2021 (big blind) folded on the Flop



PokerStars Hand #244533982875: Tournament #3610508852, $0.92+$0.08 USD Hold'em No Limit - Level II (15/30) - 2023/06/29 22:23:28 CET [2023/06/29 16:23:28 ET]
Table '3610508852 1' 3-max Seat #2 is the button
Seat 1: MacDolin (440 in chips) 
Seat 2: Mahu2021 (1060 in chips) 
Mahu2021: posts small blind 15
MacDolin: posts big blind 30
*** HOLE CARDS ***
Dealt to Mahu2021 [Ac Jc]
Mahu2021: raises 30 to 60
MacDolin: raises 380 to 440 and is all-in
Mahu2021: calls 380
*** FLOP *** [2s Qc 8d]
*** TURN *** [2s Qc 8d] [Qd]
*** RIVER *** [2s Qc 8d Qd] [2c]
*** SHOW DOWN ***
MacDolin: shows [Ks Ah] (two pair, Queens and Deuces)
Mahu2021: shows [Ac Jc] (two pair, Queens and Deuces)
MacDolin collected 440 from pot
Mahu2021 collected 440 from pot
*** SUMMARY ***
Total pot 880 | Rake 0 
Board [2s Qc 8d Qd 2c]
Seat 1: MacDolin (big blind) showed [Ks Ah] and won (440) with two pair, Queens and Deuces
Seat 2: Mahu2021 (button) (small blind) showed [Ac Jc] and won (440) with two pair, Queens and Deuces



PokerStars Hand #244533987389: Tournament #3610508852, $0.92+$0.08 USD Hold'em No Limit - Level II (15/30) - 2023/06/29 22:23:41 CET [2023/06/29 16:23:41 ET]
Table '3610508852 1' 3-max Seat #1 is the button
Seat 1: MacDolin (440 in chips) 
Seat 2: Mahu2021 (1060 in chips) 
MacDolin: posts small blind 15
Mahu2021: posts big blind 30
*** HOLE CARDS ***
Dealt to Mahu2021 [Qc Kc]
MacDolin: calls 15
Mahu2021: raises 60 to 90
MacDolin: folds 
Uncalled bet (60) returned to Mahu2021
Mahu2021 collected 60 from pot
Mahu2021: doesn't show hand 
*** SUMMARY ***
Total pot 60 | Rake 0 
Seat 1: MacDolin (button) (small blind) folded before Flop
Seat 2: Mahu2021 (big blind) collected (60)



PokerStars Hand #244533990112: Tournament #3610508852, $0.92+$0.08 USD Hold'em No Limit - Level II (15/30) - 2023/06/29 22:23:48 CET [2023/06/29 16:23:48 ET]
Table '3610508852 1' 3-max Seat #2 is the button
Seat 1: MacDolin (410 in chips) 
Seat 2: Mahu2021 (1090 in chips) 
Mahu2021: posts small blind 15
MacDolin: posts big blind 30
*** HOLE CARDS ***
Dealt to Mahu2021 [Qc 9s]
Mahu2021: calls 15
MacDolin: checks 
*** FLOP *** [6d Jc 5s]
MacDolin: checks 
Mahu2021: bets 30
MacDolin: folds 
Uncalled bet (30) returned to Mahu2021
Mahu2021 collected 60 from pot
Mahu2021: doesn't show hand 
*** SUMMARY ***
Total pot 60 | Rake 0 
Board [6d Jc 5s]
Seat 1: MacDolin (big blind) folded on the Flop
Seat 2: Mahu2021 (button) (small blind) collected (60)



PokerStars Hand #244533993542: Tournament #3610508852, $0.92+$0.08 USD Hold'em No Limit - Level II (15/30) - 2023/06/29 22:23:58 CET [2023/06/29 16:23:58 ET]
Table '3610508852 1' 3-max Seat #1 is the button
Seat 1: MacDolin (380 in chips) 
Seat 2: Mahu2021 (1120 in chips) 
MacDolin: posts small blind 15
Mahu2021: posts big blind 30
*** HOLE CARDS ***
Dealt to Mahu2021 [3c Ah]
MacDolin: raises 30 to 60
Mahu2021: calls 30
*** FLOP *** [9c 5d 2h]
Mahu2021: checks 
MacDolin: checks 
*** TURN *** [9c 5d 2h] [6s]
Mahu2021: checks 
MacDolin: checks 
*** RIVER *** [9c 5d 2h 6s] [3h]
Mahu2021: bets 60
MacDolin: folds 
Uncalled bet (60) returned to Mahu2021
Mahu2021 collected 120 from pot
Mahu2021: doesn't show hand 
*** SUMMARY ***
Total pot 120 | Rake 0 
Board [9c 5d 2h 6s 3h]
Seat 1: MacDolin (button) (small blind) folded on the River
Seat 2: Mahu2021 (big blind) collected (120)



PokerStars Hand #244533999240: Tournament #3610508852, $0.92+$0.08 USD Hold'em No Limit - Level III (20/40) - 2023/06/29 22:24:15 CET [2023/06/29 16:24:15 ET]
Table '3610508852 1' 3-max Seat #2 is the button
Seat 1: MacDolin (320 in chips) 
Seat 2: Mahu2021 (1180 in chips) 
Mahu2021: posts small blind 20
MacDolin: posts big blind 40
*** HOLE CARDS ***
Dealt to Mahu2021 [Qc Kh]
Mahu2021: raises 40 to 80
MacDolin: folds 
Uncalled bet (40) returned to Mahu2021
Mahu2021 collected 80 from pot
Mahu2021: doesn't show hand 
*** SUMMARY ***
Total pot 80 | Rake 0 
Seat 1: MacDolin (big blind) folded before Flop
Seat 2: Mahu2021 (button) (small blind) collected (80)



PokerStars Hand #244534001368: Tournament #3610508852, $0.92+$0.08 USD Hold'em No Limit - Level III (20/40) - 2023/06/29 22:24:20 CET [2023/06/29 16:24:20 ET]
Table '3610508852 1' 3-max Seat #1 is the button
Seat 1: MacDolin (280 in chips) 
Seat 2: Mahu2021 (1220 in chips) 
MacDolin: posts small blind 20
Mahu2021: posts big blind 40
*** HOLE CARDS ***
Dealt to Mahu2021 [6d 8c]
MacDolin: calls 20
Mahu2021: checks 
*** FLOP *** [Qd Jh 7c]
Mahu2021: checks 
MacDolin: bets 40
Mahu2021: folds 
Uncalled bet (40) returned to MacDolin
MacDolin collected 80 from pot
MacDolin: doesn't show hand 
*** SUMMARY ***
Total pot 80 | Rake 0 
Board [Qd Jh 7c]
Seat 1: MacDolin (button) (small blind) collected (80)
Seat 2: Mahu2021 (big blind) folded on the Flop



PokerStars Hand #244534004749: Tournament #3610508852, $0.92+$0.08 USD Hold'em No Limit - Level III (20/40) - 2023/06/29 22:24:30 CET [2023/06/29 16:24:30 ET]
Table '3610508852 1' 3-max Seat #2 is the button
Seat 1: MacDolin (320 in chips) 
Seat 2: Mahu2021 (1180 in chips) 
Mahu2021: posts small blind 20
MacDolin: posts big blind 40
*** HOLE CARDS ***
Dealt to Mahu2021 [5c 6d]
Mahu2021: calls 20
MacDolin: checks 
*** FLOP *** [2h Kh 7s]
MacDolin: bets 40
Mahu2021: folds 
Uncalled bet (40) returned to MacDolin
MacDolin collected 80 from pot
MacDolin: doesn't show hand 
*** SUMMARY ***
Total pot 80 | Rake 0 
Board [2h Kh 7s]
Seat 1: MacDolin (big blind) collected (80)
Seat 2: Mahu2021 (button) (small blind) folded on the Flop



PokerStars Hand #244534007657: Tournament #3610508852, $0.92+$0.08 USD Hold'em No Limit - Level III (20/40) - 2023/06/29 22:24:39 CET [2023/06/29 16:24:39 ET]
Table '3610508852 1' 3-max Seat #1 is the button
Seat 1: MacDolin (360 in chips) 
Seat 2: Mahu2021 (1140 in chips) 
MacDolin: posts small blind 20
Mahu2021: posts big blind 40
*** HOLE CARDS ***
Dealt to Mahu2021 [5s Qh]
MacDolin: calls 20
Mahu2021: checks 
*** FLOP *** [4h 2h Ts]
Mahu2021: checks 
MacDolin: bets 40
Mahu2021: folds 
Uncalled bet (40) returned to MacDolin
MacDolin collected 80 from pot
MacDolin: doesn't show hand 
*** SUMMARY ***
Total pot 80 | Rake 0 
Board [4h 2h Ts]
Seat 1: MacDolin (button) (small blind) collected (80)
Seat 2: Mahu2021 (big blind) folded on the Flop



PokerStars Hand #244534011177: Tournament #3610508852, $0.92+$0.08 USD Hold'em No Limit - Level III (20/40) - 2023/06/29 22:24:49 CET [2023/06/29 16:24:49 ET]
Table '3610508852 1' 3-max Seat #2 is the button
Seat 1: MacDolin (400 in chips) 
Seat 2: Mahu2021 (1100 in chips) 
Mahu2021: posts small blind 20
MacDolin: posts big blind 40
*** HOLE CARDS ***
Dealt to Mahu2021 [Qs Th]
Mahu2021: raises 40 to 80
MacDolin: calls 40
*** FLOP *** [5c Ac Jd]
MacDolin: checks 
Mahu2021: checks 
*** TURN *** [5c Ac Jd] [8c]
MacDolin: checks 
Mahu2021: checks 
*** RIVER *** [5c Ac Jd 8c] [6c]
MacDolin: checks 
Mahu2021: bets 80
MacDolin: folds 
Uncalled bet (80) returned to Mahu2021
Mahu2021 collected 160 from pot
Mahu2021: doesn't show hand 
*** SUMMARY ***
Total pot 160 | Rake 0 
Board [5c Ac Jd 8c 6c]
Seat 1: MacDolin (big blind) folded on the River
Seat 2: Mahu2021 (button) (small blind) collected (160)



PokerStars Hand #244534016299: Tournament #3610508852, $0.92+$0.08 USD Hold'em No Limit - Level III (20/40) - 2023/06/29 22:25:03 CET [2023/06/29 16:25:03 ET]
Table '3610508852 1' 3-max Seat #1 is the button
Seat 1: MacDolin (320 in chips) 
Seat 2: Mahu2021 (1180 in chips) 
MacDolin: posts small blind 20
Mahu2021: posts big blind 40
*** HOLE CARDS ***
Dealt to Mahu2021 [Ac Th]
MacDolin: calls 20
Mahu2021: raises 80 to 120
MacDolin: folds 
Uncalled bet (80) returned to Mahu2021
Mahu2021 collected 80 from pot
Mahu2021: doesn't show hand 
*** SUMMARY ***
Total pot 80 | Rake 0 
Seat 1: MacDolin (button) (small blind) folded before Flop
Seat 2: Mahu2021 (big blind) collected (80)



PokerStars Hand #244534019032: Tournament #3610508852, $0.92+$0.08 USD Hold'em No Limit - Level III (20/40) - 2023/06/29 22:25:11 CET [2023/06/29 16:25:11 ET]
Table '3610508852 1' 3-max Seat #2 is the button
Seat 1: MacDolin (280 in chips) 
Seat 2: Mahu2021 (1220 in chips) 
Mahu2021: posts small blind 20
MacDolin: posts big blind 40
*** HOLE CARDS ***
Dealt to Mahu2021 [9h Qh]
Mahu2021: raises 40 to 80
MacDolin: calls 40
*** FLOP *** [Kc Jh 6h]
MacDolin: checks 
Mahu2021: bets 1140 and is all-in
MacDolin: folds 
Uncalled bet (1140) returned to Mahu2021
Mahu2021 collected 160 from pot
Mahu2021: doesn't show hand 
*** SUMMARY ***
Total pot 160 | Rake 0 
Board [Kc Jh 6h]
Seat 1: MacDolin (big blind) folded on the Flop
Seat 2: Mahu2021 (button) (small blind) collected (160)



PokerStars Hand #244534022539: Tournament #3610508852, $0.92+$0.08 USD Hold'em No Limit - Level III (20/40) - 2023/06/29 22:25:21 CET [2023/06/29 16:25:21 ET]
Table '3610508852 1' 3-max Seat #1 is the button
Seat 1: MacDolin (200 in chips) 
Seat 2: Mahu2021 (1300 in chips) 
MacDolin: posts small blind 20
Mahu2021: posts big blind 40
*** HOLE CARDS ***
Dealt to Mahu2021 [8s 4c]
MacDolin: folds 
Uncalled bet (20) returned to Mahu2021
Mahu2021 collected 40 from pot
Mahu2021: doesn't show hand 
*** SUMMARY ***
Total pot 40 | Rake 0 
Seat 1: MacDolin (button) (small blind) folded before Flop
Seat 2: Mahu2021 (big blind) collected (40)



PokerStars Hand #244534024065: Tournament #3610508852, $0.92+$0.08 USD Hold'em No Limit - Level III (20/40) - 2023/06/29 22:25:25 CET [2023/06/29 16:25:25 ET]
Table '3610508852 1' 3-max Seat #2 is the button
Seat 1: MacDolin (180 in chips) 
Seat 2: Mahu2021 (1320 in chips) 
Mahu2021: posts small blind 20
MacDolin: posts big blind 40
*** HOLE CARDS ***
Dealt to Mahu2021 [Jh 6h]
Mahu2021: calls 20
MacDolin: checks 
*** FLOP *** [6d 2d 5s]
MacDolin: checks 
Mahu2021: bets 160
MacDolin: calls 140 and is all-in
Uncalled bet (20) returned to Mahu2021
*** TURN *** [6d 2d 5s] [9h]
*** RIVER *** [6d 2d 5s 9h] [4d]
*** SHOW DOWN ***
MacDolin: shows [6s 5c] (two pair, Sixes and Fives)
Mahu2021: shows [Jh 6h] (a pair of Sixes)
MacDolin collected 360 from pot
*** SUMMARY ***
Total pot 360 | Rake 0 
Board [6d 2d 5s 9h 4d]
Seat 1: MacDolin (big blind) showed [6s 5c] and won (360) with two pair, Sixes and Fives
Seat 2: Mahu2021 (button) (small blind) showed [Jh 6h] and lost with a pair of Sixes



PokerStars Hand #244534029825: Tournament #3610508852, $0.92+$0.08 USD Hold'em No Limit - Level III (20/40) - 2023/06/29 22:25:42 CET [2023/06/29 16:25:42 ET]
Table '3610508852 1' 3-max Seat #1 is the button
Seat 1: MacDolin (360 in chips) 
Seat 2: Mahu2021 (1140 in chips) 
MacDolin: posts small blind 20
Mahu2021: posts big blind 40
*** HOLE CARDS ***
Dealt to Mahu2021 [2d 4s]
MacDolin: calls 20
Mahu2021: checks 
*** FLOP *** [7h Jc 5s]
Mahu2021: checks 
MacDolin: bets 40
Mahu2021: folds 
Uncalled bet (40) returned to MacDolin
MacDolin collected 80 from pot
MacDolin: doesn't show hand 
*** SUMMARY ***
Total pot 80 | Rake 0 
Board [7h Jc 5s]
Seat 1: MacDolin (button) (small blind) collected (80)
Seat 2: Mahu2021 (big blind) folded on the Flop



PokerStars Hand #244534032923: Tournament #3610508852, $0.92+$0.08 USD Hold'em No Limit - Level III (20/40) - 2023/06/29 22:25:51 CET [2023/06/29 16:25:51 ET]
Table '3610508852 1' 3-max Seat #2 is the button
Seat 1: MacDolin (400 in chips) 
Seat 2: Mahu2021 (1100 in chips) 
Mahu2021: posts small blind 20
MacDolin: posts big blind 40
*** HOLE CARDS ***
Dealt to Mahu2021 [Ks 6c]
Mahu2021: raises 40 to 80
MacDolin: calls 40
*** FLOP *** [Kd 2s 7c]
MacDolin: checks 
Mahu2021: bets 40
MacDolin: folds 
Uncalled bet (40) returned to Mahu2021
Mahu2021 collected 160 from pot
Mahu2021: doesn't show hand 
*** SUMMARY ***
Total pot 160 | Rake 0 
Board [Kd 2s 7c]
Seat 1: MacDolin (big blind) folded on the Flop
Seat 2: Mahu2021 (button) (small blind) collected (160)



PokerStars Hand #244534036223: Tournament #3610508852, $0.92+$0.08 USD Hold'em No Limit - Level III (20/40) - 2023/06/29 22:26:00 CET [2023/06/29 16:26:00 ET]
Table '3610508852 1' 3-max Seat #1 is the button
Seat 1: MacDolin (320 in chips) 
Seat 2: Mahu2021 (1180 in chips) 
MacDolin: posts small blind 20
Mahu2021: posts big blind 40
*** HOLE CARDS ***
Dealt to Mahu2021 [Qs 7c]
MacDolin: calls 20
Mahu2021: checks 
*** FLOP *** [6d 7h Jd]
Mahu2021: checks 
MacDolin: bets 40
Mahu2021: calls 40
*** TURN *** [6d 7h Jd] [Ah]
Mahu2021: checks 
MacDolin: checks 
*** RIVER *** [6d 7h Jd Ah] [5h]
Mahu2021: checks 
MacDolin: checks 
*** SHOW DOWN ***
Mahu2021: shows [Qs 7c] (a pair of Sevens)
MacDolin: shows [Ks 7s] (a pair of Sevens - Ace+King kicker)
MacDolin collected 160 from pot
*** SUMMARY ***
Total pot 160 | Rake 0 
Board [6d 7h Jd Ah 5h]
Seat 1: MacDolin (button) (small blind) showed [Ks 7s] and won (160) with a pair of Sevens
Seat 2: Mahu2021 (big blind) showed [Qs 7c] and lost with a pair of Sevens



PokerStars Hand #244534041033: Tournament #3610508852, $0.92+$0.08 USD Hold'em No Limit - Level III (20/40) - 2023/06/29 22:26:14 CET [2023/06/29 16:26:14 ET]
Table '3610508852 1' 3-max Seat #2 is the button
Seat 1: MacDolin (400 in chips) 
Seat 2: Mahu2021 (1100 in chips) 
Mahu2021: posts small blind 20
MacDolin: posts big blind 40
*** HOLE CARDS ***
Dealt to Mahu2021 [3s 9c]
Mahu2021: folds 
Uncalled bet (20) returned to MacDolin
MacDolin collected 40 from pot
MacDolin: doesn't show hand 
*** SUMMARY ***
Total pot 40 | Rake 0 
Seat 1: MacDolin (big blind) collected (40)
Seat 2: Mahu2021 (button) (small blind) folded before Flop



PokerStars Hand #244534042513: Tournament #3610508852, $0.92+$0.08 USD Hold'em No Limit - Level III (20/40) - 2023/06/29 22:26:18 CET [2023/06/29 16:26:18 ET]
Table '3610508852 1' 3-max Seat #1 is the button
Seat 1: MacDolin (420 in chips) 
Seat 2: Mahu2021 (1080 in chips) 
MacDolin: posts small blind 20
Mahu2021: posts big blind 40
*** HOLE CARDS ***
Dealt to Mahu2021 [5d Th]
MacDolin: calls 20
Mahu2021: checks 
*** FLOP *** [As 3h Jh]
Mahu2021: checks 
MacDolin: bets 40
Mahu2021: folds 
Uncalled bet (40) returned to MacDolin
MacDolin collected 80 from pot
MacDolin: doesn't show hand 
*** SUMMARY ***
Total pot 80 | Rake 0 
Board [As 3h Jh]
Seat 1: MacDolin (button) (small blind) collected (80)
Seat 2: Mahu2021 (big blind) folded on the Flop



PokerStars Hand #244534045838: Tournament #3610508852, $0.92+$0.08 USD Hold'em No Limit - Level III (20/40) - 2023/06/29 22:26:28 CET [2023/06/29 16:26:28 ET]
Table '3610508852 1' 3-max Seat #2 is the button
Seat 1: MacDolin (460 in chips) 
Seat 2: Mahu2021 (1040 in chips) 
Mahu2021: posts small blind 20
MacDolin: posts big blind 40
*** HOLE CARDS ***
Dealt to Mahu2021 [Td 7s]
Mahu2021: calls 20
MacDolin: raises 420 to 460 and is all-in
Mahu2021: folds 
Uncalled bet (420) returned to MacDolin
MacDolin collected 80 from pot
MacDolin: doesn't show hand 
*** SUMMARY ***
Total pot 80 | Rake 0 
Seat 1: MacDolin (big blind) collected (80)
Seat 2: Mahu2021 (button) (small blind) folded before Flop



PokerStars Hand #244534048231: Tournament #3610508852, $0.92+$0.08 USD Hold'em No Limit - Level III (20/40) - 2023/06/29 22:26:35 CET [2023/06/29 16:26:35 ET]
Table '3610508852 1' 3-max Seat #1 is the button
Seat 1: MacDolin (500 in chips) 
Seat 2: Mahu2021 (1000 in chips) 
MacDolin: posts small blind 20
Mahu2021: posts big blind 40
*** HOLE CARDS ***
Dealt to Mahu2021 [Ad 6h]
MacDolin: calls 20
Mahu2021: checks 
*** FLOP *** [Jd Tc 7s]
Mahu2021: checks 
MacDolin: bets 40
Mahu2021: folds 
Uncalled bet (40) returned to MacDolin
MacDolin collected 80 from pot
MacDolin: doesn't show hand 
*** SUMMARY ***
Total pot 80 | Rake 0 
Board [Jd Tc 7s]
Seat 1: MacDolin (button) (small blind) collected (80)
Seat 2: Mahu2021 (big blind) folded on the Flop



PokerStars Hand #244534051524: Tournament #3610508852, $0.92+$0.08 USD Hold'em No Limit - Level III (20/40) - 2023/06/29 22:26:44 CET [2023/06/29 16:26:44 ET]
Table '3610508852 1' 3-max Seat #2 is the button
Seat 1: MacDolin (540 in chips) 
Seat 2: Mahu2021 (960 in chips) 
Mahu2021: posts small blind 20
MacDolin: posts big blind 40
*** HOLE CARDS ***
Dealt to Mahu2021 [5h 7d]
Mahu2021: raises 40 to 80
MacDolin: calls 40
*** FLOP *** [3c Jd 8s]
MacDolin: checks 
Mahu2021: bets 80
MacDolin: folds 
Uncalled bet (80) returned to Mahu2021
Mahu2021 collected 160 from pot
Mahu2021: doesn't show hand 
*** SUMMARY ***
Total pot 160 | Rake 0 
Board [3c Jd 8s]
Seat 1: MacDolin (big blind) folded on the Flop
Seat 2: Mahu2021 (button) (small blind) collected (160)



PokerStars Hand #244534055103: Tournament #3610508852, $0.92+$0.08 USD Hold'em No Limit - Level III (20/40) - 2023/06/29 22:26:54 CET [2023/06/29 16:26:54 ET]
Table '3610508852 1' 3-max Seat #1 is the button
Seat 1: MacDolin (460 in chips) 
Seat 2: Mahu2021 (1040 in chips) 
MacDolin: posts small blind 20
Mahu2021: posts big blind 40
*** HOLE CARDS ***
Dealt to Mahu2021 [7s Kc]
MacDolin: folds 
Uncalled bet (20) returned to Mahu2021
Mahu2021 collected 40 from pot
Mahu2021: doesn't show hand 
*** SUMMARY ***
Total pot 40 | Rake 0 
Seat 1: MacDolin (button) (small blind) folded before Flop
Seat 2: Mahu2021 (big blind) collected (40)



PokerStars Hand #244534056579: Tournament #3610508852, $0.92+$0.08 USD Hold'em No Limit - Level III (20/40) - 2023/06/29 22:26:59 CET [2023/06/29 16:26:59 ET]
Table '3610508852 1' 3-max Seat #2 is the button
Seat 1: MacDolin (440 in chips) 
Seat 2: Mahu2021 (1060 in chips) 
Mahu2021: posts small blind 20
MacDolin: posts big blind 40
*** HOLE CARDS ***
Dealt to Mahu2021 [Ks 4d]
Mahu2021: raises 40 to 80
MacDolin: calls 40
*** FLOP *** [7c 8d 7s]
MacDolin: checks 
Mahu2021: checks 
*** TURN *** [7c 8d 7s] [8s]
MacDolin: checks 
Mahu2021: checks 
*** RIVER *** [7c 8d 7s 8s] [Td]
MacDolin: checks 
Mahu2021: checks 
*** SHOW DOWN ***
MacDolin: shows [3c Kd] (two pair, Eights and Sevens)
Mahu2021: shows [Ks 4d] (two pair, Eights and Sevens)
MacDolin collected 80 from pot
Mahu2021 collected 80 from pot
*** SUMMARY ***
Total pot 160 | Rake 0 
Board [7c 8d 7s 8s Td]
Seat 1: MacDolin (big blind) showed [3c Kd] and won (80) with two pair, Eights and Sevens
Seat 2: Mahu2021 (button) (small blind) showed [Ks 4d] and won (80) with two pair, Eights and Sevens



PokerStars Hand #244534061854: Tournament #3610508852, $0.92+$0.08 USD Hold'em No Limit - Level IV (30/60) - 2023/06/29 22:27:14 CET [2023/06/29 16:27:14 ET]
Table '3610508852 1' 3-max Seat #1 is the button
Seat 1: MacDolin (440 in chips) 
Seat 2: Mahu2021 (1060 in chips) 
MacDolin: posts small blind 30
Mahu2021: posts big blind 60
*** HOLE CARDS ***
Dealt to Mahu2021 [Ks 5h]
MacDolin: calls 30
Mahu2021: checks 
*** FLOP *** [9c As 7c]
Mahu2021: checks 
MacDolin: bets 60
Mahu2021: folds 
Uncalled bet (60) returned to MacDolin
MacDolin collected 120 from pot
MacDolin: doesn't show hand 
*** SUMMARY ***
Total pot 120 | Rake 0 
Board [9c As 7c]
Seat 1: MacDolin (button) (small blind) collected (120)
Seat 2: Mahu2021 (big blind) folded on the Flop



PokerStars Hand #244534065005: Tournament #3610508852, $0.92+$0.08 USD Hold'em No Limit - Level IV (30/60) - 2023/06/29 22:27:24 CET [2023/06/29 16:27:24 ET]
Table '3610508852 1' 3-max Seat #2 is the button
Seat 1: MacDolin (500 in chips) 
Seat 2: Mahu2021 (1000 in chips) 
Mahu2021: posts small blind 30
MacDolin: posts big blind 60
*** HOLE CARDS ***
Dealt to Mahu2021 [4s 4d]
Mahu2021: raises 940 to 1000 and is all-in
MacDolin: calls 440 and is all-in
Uncalled bet (500) returned to Mahu2021
*** FLOP *** [6h Ah 7c]
*** TURN *** [6h Ah 7c] [2d]
*** RIVER *** [6h Ah 7c 2d] [4h]
*** SHOW DOWN ***
MacDolin: shows [6c 6d] (three of a kind, Sixes)
Mahu2021: shows [4s 4d] (three of a kind, Fours)
MacDolin collected 1000 from pot
*** SUMMARY ***
Total pot 1000 | Rake 0 
Board [6h Ah 7c 2d 4h]
Seat 1: MacDolin (big blind) showed [6c 6d] and won (1000) with three of a kind, Sixes
Seat 2: Mahu2021 (button) (small blind) showed [4s 4d] and lost with three of a kind, Fours



PokerStars Hand #244534069470: Tournament #3610508852, $0.92+$0.08 USD Hold'em No Limit - Level IV (30/60) - 2023/06/29 22:27:36 CET [2023/06/29 16:27:36 ET]
Table '3610508852 1' 3-max Seat #1 is the button
Seat 1: MacDolin (1000 in chips) 
Seat 2: Mahu2021 (500 in chips) 
MacDolin: posts small blind 30
Mahu2021: posts big blind 60
*** HOLE CARDS ***
Dealt to Mahu2021 [6h 7c]
MacDolin: raises 940 to 1000 and is all-in
Mahu2021: folds 
Uncalled bet (940) returned to MacDolin
MacDolin collected 120 from pot
MacDolin: doesn't show hand 
*** SUMMARY ***
Total pot 120 | Rake 0 
Seat 1: MacDolin (button) (small blind) collected (120)
Seat 2: Mahu2021 (big blind) folded before Flop



PokerStars Hand #244534071489: Tournament #3610508852, $0.92+$0.08 USD Hold'em No Limit - Level IV (30/60) - 2023/06/29 22:27:43 CET [2023/06/29 16:27:43 ET]
Table '3610508852 1' 3-max Seat #2 is the button
Seat 1: MacDolin (1060 in chips) 
Seat 2: Mahu2021 (440 in chips) 
Mahu2021: posts small blind 30
MacDolin: posts big blind 60
*** HOLE CARDS ***
Dealt to Mahu2021 [7h 9d]
Mahu2021: folds 
Uncalled bet (30) returned to MacDolin
MacDolin collected 60 from pot
MacDolin: doesn't show hand 
*** SUMMARY ***
Total pot 60 | Rake 0 
Seat 1: MacDolin (big blind) collected (60)
Seat 2: Mahu2021 (button) (small blind) folded before Flop



PokerStars Hand #244534072953: Tournament #3610508852, $0.92+$0.08 USD Hold'em No Limit - Level IV (30/60) - 2023/06/29 22:27:47 CET [2023/06/29 16:27:47 ET]
Table '3610508852 1' 3-max Seat #1 is the button
Seat 1: MacDolin (1090 in chips) 
Seat 2: Mahu2021 (410 in chips) 
MacDolin: posts small blind 30
Mahu2021: posts big blind 60
*** HOLE CARDS ***
Dealt to Mahu2021 [Ah 8c]
MacDolin: calls 30
Mahu2021: raises 350 to 410 and is all-in
MacDolin: folds 
Uncalled bet (350) returned to Mahu2021
Mahu2021 collected 120 from pot
Mahu2021: doesn't show hand 
*** SUMMARY ***
Total pot 120 | Rake 0 
Seat 1: MacDolin (button) (small blind) folded before Flop
Seat 2: Mahu2021 (big blind) collected (120)



PokerStars Hand #244534075571: Tournament #3610508852, $0.92+$0.08 USD Hold'em No Limit - Level IV (30/60) - 2023/06/29 22:27:54 CET [2023/06/29 16:27:54 ET]
Table '3610508852 1' 3-max Seat #2 is the button
Seat 1: MacDolin (1030 in chips) 
Seat 2: Mahu2021 (470 in chips) 
Mahu2021: posts small blind 30
MacDolin: posts big blind 60
*** HOLE CARDS ***
Dealt to Mahu2021 [6h 2c]
Mahu2021: folds 
Uncalled bet (30) returned to MacDolin
MacDolin collected 60 from pot
MacDolin: doesn't show hand 
*** SUMMARY ***
Total pot 60 | Rake 0 
Seat 1: MacDolin (big blind) collected (60)
Seat 2: Mahu2021 (button) (small blind) folded before Flop



PokerStars Hand #244534077025: Tournament #3610508852, $0.92+$0.08 USD Hold'em No Limit - Level IV (30/60) - 2023/06/29 22:27:59 CET [2023/06/29 16:27:59 ET]
Table '3610508852 1' 3-max Seat #1 is the button
Seat 1: MacDolin (1060 in chips) 
Seat 2: Mahu2021 (440 in chips) 
MacDolin: posts small blind 30
Mahu2021: posts big blind 60
*** HOLE CARDS ***
Dealt to Mahu2021 [4d 6h]
MacDolin: raises 1000 to 1060 and is all-in
Mahu2021: folds 
Uncalled bet (1000) returned to MacDolin
MacDolin collected 120 from pot
MacDolin: doesn't show hand 
*** SUMMARY ***
Total pot 120 | Rake 0 
Seat 1: MacDolin (button) (small blind) collected (120)
Seat 2: Mahu2021 (big blind) folded before Flop



PokerStars Hand #244534079241: Tournament #3610508852, $0.92+$0.08 USD Hold'em No Limit - Level IV (30/60) - 2023/06/29 22:28:05 CET [2023/06/29 16:28:05 ET]
Table '3610508852 1' 3-max Seat #2 is the button
Seat 1: MacDolin (1120 in chips) 
Seat 2: Mahu2021 (380 in chips) 
Mahu2021: posts small blind 30
MacDolin: posts big blind 60
*** HOLE CARDS ***
Dealt to Mahu2021 [6h Ts]
Mahu2021: folds 
Uncalled bet (30) returned to MacDolin
MacDolin collected 60 from pot
MacDolin: doesn't show hand 
*** SUMMARY ***
Total pot 60 | Rake 0 
Seat 1: MacDolin (big blind) collected (60)
Seat 2: Mahu2021 (button) (small blind) folded before Flop



PokerStars Hand #244534080653: Tournament #3610508852, $0.92+$0.08 USD Hold'em No Limit - Level IV (30/60) - 2023/06/29 22:28:09 CET [2023/06/29 16:28:09 ET]
Table '3610508852 1' 3-max Seat #1 is the button
Seat 1: MacDolin (1150 in chips) 
Seat 2: Mahu2021 (350 in chips) 
MacDolin: posts small blind 30
Mahu2021: posts big blind 60
*** HOLE CARDS ***
Dealt to Mahu2021 [Jc 5s]
MacDolin: calls 30
Mahu2021: checks 
*** FLOP *** [Qc Ac Kc]
Mahu2021: bets 290 and is all-in
MacDolin: folds 
Uncalled bet (290) returned to Mahu2021
Mahu2021 collected 120 from pot
Mahu2021: doesn't show hand 
*** SUMMARY ***
Total pot 120 | Rake 0 
Board [Qc Ac Kc]
Seat 1: MacDolin (button) (small blind) folded on the Flop
Seat 2: Mahu2021 (big blind) collected (120)



PokerStars Hand #244534084083: Tournament #3610508852, $0.92+$0.08 USD Hold'em No Limit - Level IV (30/60) - 2023/06/29 22:28:19 CET [2023/06/29 16:28:19 ET]
Table '3610508852 1' 3-max Seat #2 is the button
Seat 1: MacDolin (1090 in chips) 
Seat 2: Mahu2021 (410 in chips) 
Mahu2021: posts small blind 30
MacDolin: posts big blind 60
*** HOLE CARDS ***
Dealt to Mahu2021 [Ts Ac]
Mahu2021: raises 350 to 410 and is all-in
MacDolin: folds 
Uncalled bet (350) returned to Mahu2021
Mahu2021 collected 120 from pot
Mahu2021: doesn't show hand 
*** SUMMARY ***
Total pot 120 | Rake 0 
Seat 1: MacDolin (big blind) folded before Flop
Seat 2: Mahu2021 (button) (small blind) collected (120)



PokerStars Hand #244534086063: Tournament #3610508852, $0.92+$0.08 USD Hold'em No Limit - Level IV (30/60) - 2023/06/29 22:28:25 CET [2023/06/29 16:28:25 ET]
Table '3610508852 1' 3-max Seat #1 is the button
Seat 1: MacDolin (1030 in chips) 
Seat 2: Mahu2021 (470 in chips) 
MacDolin: posts small blind 30
Mahu2021: posts big blind 60
*** HOLE CARDS ***
Dealt to Mahu2021 [2h Qs]
MacDolin: raises 60 to 120
Mahu2021: folds 
Uncalled bet (60) returned to MacDolin
MacDolin collected 120 from pot
MacDolin: doesn't show hand 
*** SUMMARY ***
Total pot 120 | Rake 0 
Seat 1: MacDolin (button) (small blind) collected (120)
Seat 2: Mahu2021 (big blind) folded before Flop



PokerStars Hand #244534088575: Tournament #3610508852, $0.92+$0.08 USD Hold'em No Limit - Level IV (30/60) - 2023/06/29 22:28:32 CET [2023/06/29 16:28:32 ET]
Table '3610508852 1' 3-max Seat #2 is the button
Seat 1: MacDolin (1090 in chips) 
Seat 2: Mahu2021 (410 in chips) 
Mahu2021: posts small blind 30
MacDolin: posts big blind 60
*** HOLE CARDS ***
Dealt to Mahu2021 [7d 9c]
Mahu2021: folds 
Uncalled bet (30) returned to MacDolin
MacDolin collected 60 from pot
MacDolin: doesn't show hand 
*** SUMMARY ***
Total pot 60 | Rake 0 
Seat 1: MacDolin (big blind) collected (60)
Seat 2: Mahu2021 (button) (small blind) folded before Flop



PokerStars Hand #244534090030: Tournament #3610508852, $0.92+$0.08 USD Hold'em No Limit - Level IV (30/60) - 2023/06/29 22:28:36 CET [2023/06/29 16:28:36 ET]
Table '3610508852 1' 3-max Seat #1 is the button
Seat 1: MacDolin (1120 in chips) 
Seat 2: Mahu2021 (380 in chips) 
MacDolin: posts small blind 30
Mahu2021: posts big blind 60
*** HOLE CARDS ***
Dealt to Mahu2021 [8c Jc]
MacDolin: calls 30
Mahu2021: checks 
*** FLOP *** [Ac 4s 2h]
Mahu2021: checks 
MacDolin: bets 60
Mahu2021: folds 
Uncalled bet (60) returned to MacDolin
MacDolin collected 120 from pot
MacDolin: doesn't show hand 
*** SUMMARY ***
Total pot 120 | Rake 0 
Board [Ac 4s 2h]
Seat 1: MacDolin (button) (small blind) collected (120)
Seat 2: Mahu2021 (big blind) folded on the Flop



PokerStars Hand #244534093524: Tournament #3610508852, $0.92+$0.08 USD Hold'em No Limit - Level IV (30/60) - 2023/06/29 22:28:46 CET [2023/06/29 16:28:46 ET]
Table '3610508852 1' 3-max Seat #2 is the button
Seat 1: MacDolin (1180 in chips) 
Seat 2: Mahu2021 (320 in chips) 
Mahu2021: posts small blind 30
MacDolin: posts big blind 60
*** HOLE CARDS ***
Dealt to Mahu2021 [6s Qd]
Mahu2021: raises 260 to 320 and is all-in
MacDolin: folds 
Uncalled bet (260) returned to Mahu2021
Mahu2021 collected 120 from pot
Mahu2021: doesn't show hand 
*** SUMMARY ***
Total pot 120 | Rake 0 
Seat 1: MacDolin (big blind) folded before Flop
Seat 2: Mahu2021 (button) (small blind) collected (120)



PokerStars Hand #244534095521: Tournament #3610508852, $0.92+$0.08 USD Hold'em No Limit - Level IV (30/60) - 2023/06/29 22:28:52 CET [2023/06/29 16:28:52 ET]
Table '3610508852 1' 3-max Seat #1 is the button
Seat 1: MacDolin (1120 in chips) 
Seat 2: Mahu2021 (380 in chips) 
MacDolin: posts small blind 30
Mahu2021: posts big blind 60
*** HOLE CARDS ***
Dealt to Mahu2021 [Tc 9c]
MacDolin: calls 30
Mahu2021: checks 
*** FLOP *** [7d Jd 6d]
Mahu2021: checks 
MacDolin: checks 
*** TURN *** [7d Jd 6d] [6c]
Mahu2021: checks 
MacDolin: checks 
*** RIVER *** [7d Jd 6d 6c] [Js]
Mahu2021: checks 
MacDolin: checks 
*** SHOW DOWN ***
Mahu2021: shows [Tc 9c] (two pair, Jacks and Sixes)
MacDolin: shows [Kd 2c] (two pair, Jacks and Sixes - King kicker)
MacDolin collected 120 from pot
*** SUMMARY ***
Total pot 120 | Rake 0 
Board [7d Jd 6d 6c Js]
Seat 1: MacDolin (button) (small blind) showed [Kd 2c] and won (120) with two pair, Jacks and Sixes
Seat 2: Mahu2021 (big blind) showed [Tc 9c] and lost with two pair, Jacks and Sixes



PokerStars Hand #244534100603: Tournament #3610508852, $0.92+$0.08 USD Hold'em No Limit - Level IV (30/60) - 2023/06/29 22:29:07 CET [2023/06/29 16:29:07 ET]
Table '3610508852 1' 3-max Seat #2 is the button
Seat 1: MacDolin (1180 in chips) 
Seat 2: Mahu2021 (320 in chips) 
Mahu2021: posts small blind 30
MacDolin: posts big blind 60
*** HOLE CARDS ***
Dealt to Mahu2021 [8c 9s]
Mahu2021: calls 30
MacDolin: checks 
*** FLOP *** [5h 5s 2h]
MacDolin: checks 
Mahu2021: bets 260 and is all-in
MacDolin: folds 
Uncalled bet (260) returned to Mahu2021
Mahu2021 collected 120 from pot
Mahu2021: doesn't show hand 
*** SUMMARY ***
Total pot 120 | Rake 0 
Board [5h 5s 2h]
Seat 1: MacDolin (big blind) folded on the Flop
Seat 2: Mahu2021 (button) (small blind) collected (120)



PokerStars Hand #244534104503: Tournament #3610508852, $0.92+$0.08 USD Hold'em No Limit - Level IV (30/60) - 2023/06/29 22:29:19 CET [2023/06/29 16:29:19 ET]
Table '3610508852 1' 3-max Seat #1 is the button
Seat 1: MacDolin (1120 in chips) 
Seat 2: Mahu2021 (380 in chips) 
MacDolin: posts small blind 30
Mahu2021: posts big blind 60
*** HOLE CARDS ***
Dealt to Mahu2021 [Kd 2h]
MacDolin: calls 30
Mahu2021: raises 320 to 380 and is all-in
MacDolin: folds 
Uncalled bet (320) returned to Mahu2021
Mahu2021 collected 120 from pot
Mahu2021: doesn't show hand 
*** SUMMARY ***
Total pot 120 | Rake 0 
Seat 1: MacDolin (button) (small blind) folded before Flop
Seat 2: Mahu2021 (big blind) collected (120)



PokerStars Hand #244534107000: Tournament #3610508852, $0.92+$0.08 USD Hold'em No Limit - Level IV (30/60) - 2023/06/29 22:29:26 CET [2023/06/29 16:29:26 ET]
Table '3610508852 1' 3-max Seat #2 is the button
Seat 1: MacDolin (1060 in chips) 
Seat 2: Mahu2021 (440 in chips) 
Mahu2021: posts small blind 30
MacDolin: posts big blind 60
*** HOLE CARDS ***
Dealt to Mahu2021 [9d 5c]
Mahu2021: folds 
Uncalled bet (30) returned to MacDolin
MacDolin collected 60 from pot
MacDolin: doesn't show hand 
*** SUMMARY ***
Total pot 60 | Rake 0 
Seat 1: MacDolin (big blind) collected (60)
Seat 2: Mahu2021 (button) (small blind) folded before Flop



PokerStars Hand #244534108565: Tournament #3610508852, $0.92+$0.08 USD Hold'em No Limit - Level IV (30/60) - 2023/06/29 22:29:30 CET [2023/06/29 16:29:30 ET]
Table '3610508852 1' 3-max Seat #1 is the button
Seat 1: MacDolin (1090 in chips) 
Seat 2: Mahu2021 (410 in chips) 
MacDolin: posts small blind 30
Mahu2021: posts big blind 60
*** HOLE CARDS ***
Dealt to Mahu2021 [Kc 3c]
MacDolin: folds 
Uncalled bet (30) returned to Mahu2021
Mahu2021 collected 60 from pot
Mahu2021: doesn't show hand 
*** SUMMARY ***
Total pot 60 | Rake 0 
Seat 1: MacDolin (button) (small blind) folded before Flop
Seat 2: Mahu2021 (big blind) collected (60)



PokerStars Hand #244534110110: Tournament #3610508852, $0.92+$0.08 USD Hold'em No Limit - Level IV (30/60) - 2023/06/29 22:29:35 CET [2023/06/29 16:29:35 ET]
Table '3610508852 1' 3-max Seat #2 is the button
Seat 1: MacDolin (1060 in chips) 
Seat 2: Mahu2021 (440 in chips) 
Mahu2021: posts small blind 30
MacDolin: posts big blind 60
*** HOLE CARDS ***
Dealt to Mahu2021 [8c Ad]
Mahu2021: raises 380 to 440 and is all-in
MacDolin: folds 
Uncalled bet (380) returned to Mahu2021
Mahu2021 collected 120 from pot
Mahu2021: doesn't show hand 
*** SUMMARY ***
Total pot 120 | Rake 0 
Seat 1: MacDolin (big blind) folded before Flop
Seat 2: Mahu2021 (button) (small blind) collected (120)



PokerStars Hand #244534112218: Tournament #3610508852, $0.92+$0.08 USD Hold'em No Limit - Level IV (30/60) - 2023/06/29 22:29:41 CET [2023/06/29 16:29:41 ET]
Table '3610508852 1' 3-max Seat #1 is the button
Seat 1: MacDolin (1000 in chips) 
Seat 2: Mahu2021 (500 in chips) 
MacDolin: posts small blind 30
Mahu2021: posts big blind 60
*** HOLE CARDS ***
Dealt to Mahu2021 [Th 5s]
MacDolin: calls 30
Mahu2021: checks 
*** FLOP *** [4c Ah 7h]
Mahu2021: checks 
MacDolin: bets 60
Mahu2021: folds 
Uncalled bet (60) returned to MacDolin
MacDolin collected 120 from pot
MacDolin: doesn't show hand 
*** SUMMARY ***
Total pot 120 | Rake 0 
Board [4c Ah 7h]
Seat 1: MacDolin (button) (small blind) collected (120)
Seat 2: Mahu2021 (big blind) folded on the Flop



PokerStars Hand #244534115510: Tournament #3610508852, $0.92+$0.08 USD Hold'em No Limit - Level IV (30/60) - 2023/06/29 22:29:51 CET [2023/06/29 16:29:51 ET]
Table '3610508852 1' 3-max Seat #2 is the button
Seat 1: MacDolin (1060 in chips) 
Seat 2: Mahu2021 (440 in chips) 
Mahu2021: posts small blind 30
MacDolin: posts big blind 60
*** HOLE CARDS ***
Dealt to Mahu2021 [Jh 9s]
Mahu2021: raises 380 to 440 and is all-in
MacDolin: folds 
Uncalled bet (380) returned to Mahu2021
Mahu2021 collected 120 from pot
Mahu2021: doesn't show hand 
*** SUMMARY ***
Total pot 120 | Rake 0 
Seat 1: MacDolin (big blind) folded before Flop
Seat 2: Mahu2021 (button) (small blind) collected (120)



PokerStars Hand #244534117995: Tournament #3610508852, $0.92+$0.08 USD Hold'em No Limit - Level IV (30/60) - 2023/06/29 22:29:58 CET [2023/06/29 16:29:58 ET]
Table '3610508852 1' 3-max Seat #1 is the button
Seat 1: MacDolin (1000 in chips) 
Seat 2: Mahu2021 (500 in chips) 
MacDolin: posts small blind 30
Mahu2021: posts big blind 60
*** HOLE CARDS ***
Dealt to Mahu2021 [3c Qd]
MacDolin: calls 30
Mahu2021: raises 440 to 500 and is all-in
MacDolin: folds 
Uncalled bet (440) returned to Mahu2021
Mahu2021 collected 120 from pot
Mahu2021: doesn't show hand 
*** SUMMARY ***
Total pot 120 | Rake 0 
Seat 1: MacDolin (button) (small blind) folded before Flop
Seat 2: Mahu2021 (big blind) collected (120)



PokerStars Hand #244534120752: Tournament #3610508852, $0.92+$0.08 USD Hold'em No Limit - Level IV (30/60) - 2023/06/29 22:30:05 CET [2023/06/29 16:30:05 ET]
Table '3610508852 1' 3-max Seat #2 is the button
Seat 1: MacDolin (940 in chips) 
Seat 2: Mahu2021 (560 in chips) 
Mahu2021: posts small blind 30
MacDolin: posts big blind 60
*** HOLE CARDS ***
Dealt to Mahu2021 [4h 9d]
Mahu2021: folds 
Uncalled bet (30) returned to MacDolin
MacDolin collected 60 from pot
MacDolin: doesn't show hand 
*** SUMMARY ***
Total pot 60 | Rake 0 
Seat 1: MacDolin (big blind) collected (60)
Seat 2: Mahu2021 (button) (small blind) folded before Flop



PokerStars Hand #244534123746: Tournament #3610508852, $0.92+$0.08 USD Hold'em No Limit - Level V (40/80) - 2023/06/29 22:30:14 CET [2023/06/29 16:30:14 ET]
Table '3610508852 1' 3-max Seat #1 is the button
Seat 1: MacDolin (970 in chips) 
Seat 2: Mahu2021 (530 in chips) 
MacDolin: posts small blind 40
Mahu2021: posts big blind 80
*** HOLE CARDS ***
Dealt to Mahu2021 [Td Kc]
MacDolin: raises 80 to 160
Mahu2021: raises 370 to 530 and is all-in
MacDolin: calls 370
*** FLOP *** [Qc Jd 5c]
*** TURN *** [Qc Jd 5c] [Ad]
*** RIVER *** [Qc Jd 5c Ad] [3d]
*** SHOW DOWN ***
Mahu2021: shows [Td Kc] (a straight, Ten to Ace)
MacDolin: shows [8s Ah] (a pair of Aces)
Mahu2021 collected 1060 from pot
*** SUMMARY ***
Total pot 1060 | Rake 0 
Board [Qc Jd 5c Ad 3d]
Seat 1: MacDolin (button) (small blind) showed [8s Ah] and lost with a pair of Aces
Seat 2: Mahu2021 (big blind) showed [Td Kc] and won (1060) with a straight, Ten to Ace



PokerStars Hand #244534128781: Tournament #3610508852, $0.92+$0.08 USD Hold'em No Limit - Level V (40/80) - 2023/06/29 22:30:29 CET [2023/06/29 16:30:29 ET]
Table '3610508852 1' 3-max Seat #2 is the button
Seat 1: MacDolin (440 in chips) 
Seat 2: Mahu2021 (1060 in chips) 
Mahu2021: posts small blind 40
MacDolin: posts big blind 80
*** HOLE CARDS ***
Dealt to Mahu2021 [9c 4h]
Mahu2021: folds 
Uncalled bet (40) returned to MacDolin
MacDolin collected 80 from pot
MacDolin: doesn't show hand 
*** SUMMARY ***
Total pot 80 | Rake 0 
Seat 1: MacDolin (big blind) collected (80)
Seat 2: Mahu2021 (button) (small blind) folded before Flop



PokerStars Hand #244534130403: Tournament #3610508852, $0.92+$0.08 USD Hold'em No Limit - Level V (40/80) - 2023/06/29 22:30:33 CET [2023/06/29 16:30:33 ET]
Table '3610508852 1' 3-max Seat #1 is the button
Seat 1: MacDolin (480 in chips) 
Seat 2: Mahu2021 (1020 in chips) 
MacDolin: posts small blind 40
Mahu2021: posts big blind 80
*** HOLE CARDS ***
Dealt to Mahu2021 [3c 7s]
MacDolin: calls 40
Mahu2021: checks 
*** FLOP *** [Qd Th Kc]
Mahu2021: checks 
MacDolin: bets 80
Mahu2021: folds 
Uncalled bet (80) returned to MacDolin
MacDolin collected 160 from pot
MacDolin: doesn't show hand 
*** SUMMARY ***
Total pot 160 | Rake 0 
Board [Qd Th Kc]
Seat 1: MacDolin (button) (small blind) collected (160)
Seat 2: Mahu2021 (big blind) folded on the Flop



PokerStars Hand #244534133496: Tournament #3610508852, $0.92+$0.08 USD Hold'em No Limit - Level V (40/80) - 2023/06/29 22:30:42 CET [2023/06/29 16:30:42 ET]
Table '3610508852 1' 3-max Seat #2 is the button
Seat 1: MacDolin (560 in chips) 
Seat 2: Mahu2021 (940 in chips) 
Mahu2021: posts small blind 40
MacDolin: posts big blind 80
*** HOLE CARDS ***
Dealt to Mahu2021 [7d As]
Mahu2021: raises 80 to 160
MacDolin: calls 80
*** FLOP *** [4c Kh 9s]
MacDolin: checks 
Mahu2021: checks 
*** TURN *** [4c Kh 9s] [8h]
MacDolin: checks 
Mahu2021: checks 
*** RIVER *** [4c Kh 9s 8h] [Ts]
MacDolin: bets 80
Mahu2021: folds 
Uncalled bet (80) returned to MacDolin
MacDolin collected 320 from pot
MacDolin: doesn't show hand 
*** SUMMARY ***
Total pot 320 | Rake 0 
Board [4c Kh 9s 8h Ts]
Seat 1: MacDolin (big blind) collected (320)
Seat 2: Mahu2021 (button) (small blind) folded on the River



PokerStars Hand #244534140319: Tournament #3610508852, $0.92+$0.08 USD Hold'em No Limit - Level V (40/80) - 2023/06/29 22:31:02 CET [2023/06/29 16:31:02 ET]
Table '3610508852 1' 3-max Seat #1 is the button
Seat 1: MacDolin (720 in chips) 
Seat 2: Mahu2021 (780 in chips) 
MacDolin: posts small blind 40
Mahu2021: posts big blind 80
*** HOLE CARDS ***
Dealt to Mahu2021 [5s 7c]
MacDolin: folds 
Uncalled bet (40) returned to Mahu2021
Mahu2021 collected 80 from pot
Mahu2021: doesn't show hand 
*** SUMMARY ***
Total pot 80 | Rake 0 
Seat 1: MacDolin (button) (small blind) folded before Flop
Seat 2: Mahu2021 (big blind) collected (80)



PokerStars Hand #244534141917: Tournament #3610508852, $0.92+$0.08 USD Hold'em No Limit - Level V (40/80) - 2023/06/29 22:31:07 CET [2023/06/29 16:31:07 ET]
Table '3610508852 1' 3-max Seat #2 is the button
Seat 1: MacDolin (680 in chips) 
Seat 2: Mahu2021 (820 in chips) 
Mahu2021: posts small blind 40
MacDolin: posts big blind 80
*** HOLE CARDS ***
Dealt to Mahu2021 [8d 3d]
Mahu2021: folds 
Uncalled bet (40) returned to MacDolin
MacDolin collected 80 from pot
MacDolin: doesn't show hand 
*** SUMMARY ***
Total pot 80 | Rake 0 
Seat 1: MacDolin (big blind) collected (80)
Seat 2: Mahu2021 (button) (small blind) folded before Flop



PokerStars Hand #244534143390: Tournament #3610508852, $0.92+$0.08 USD Hold'em No Limit - Level V (40/80) - 2023/06/29 22:31:11 CET [2023/06/29 16:31:11 ET]
Table '3610508852 1' 3-max Seat #1 is the button
Seat 1: MacDolin (720 in chips) 
Seat 2: Mahu2021 (780 in chips) 
MacDolin: posts small blind 40
Mahu2021: posts big blind 80
*** HOLE CARDS ***
Dealt to Mahu2021 [5d 2s]
MacDolin: raises 80 to 160
Mahu2021: folds 
Uncalled bet (80) returned to MacDolin
MacDolin collected 160 from pot
MacDolin: doesn't show hand 
*** SUMMARY ***
Total pot 160 | Rake 0 
Seat 1: MacDolin (button) (small blind) collected (160)
Seat 2: Mahu2021 (big blind) folded before Flop



PokerStars Hand #244534145362: Tournament #3610508852, $0.92+$0.08 USD Hold'em No Limit - Level V (40/80) - 2023/06/29 22:31:17 CET [2023/06/29 16:31:17 ET]
Table '3610508852 1' 3-max Seat #2 is the button
Seat 1: MacDolin (800 in chips) 
Seat 2: Mahu2021 (700 in chips) 
Mahu2021: posts small blind 40
MacDolin: posts big blind 80
*** HOLE CARDS ***
Dealt to Mahu2021 [5s Qh]
Mahu2021: calls 40
MacDolin: raises 720 to 800 and is all-in
Mahu2021: folds 
Uncalled bet (720) returned to MacDolin
MacDolin collected 160 from pot
MacDolin: doesn't show hand 
*** SUMMARY ***
Total pot 160 | Rake 0 
Seat 1: MacDolin (big blind) collected (160)
Seat 2: Mahu2021 (button) (small blind) folded before Flop



PokerStars Hand #244534147776: Tournament #3610508852, $0.92+$0.08 USD Hold'em No Limit - Level V (40/80) - 2023/06/29 22:31:23 CET [2023/06/29 16:31:23 ET]
Table '3610508852 1' 3-max Seat #1 is the button
Seat 1: MacDolin (880 in chips) 
Seat 2: Mahu2021 (620 in chips) 
MacDolin: posts small blind 40
Mahu2021: posts big blind 80
*** HOLE CARDS ***
Dealt to Mahu2021 [3d 3s]
MacDolin: calls 40
Mahu2021: raises 540 to 620 and is all-in
MacDolin: folds 
Uncalled bet (540) returned to Mahu2021
Mahu2021 collected 160 from pot
Mahu2021: doesn't show hand 
*** SUMMARY ***
Total pot 160 | Rake 0 
Seat 1: MacDolin (button) (small blind) folded before Flop
Seat 2: Mahu2021 (big blind) collected (160)



PokerStars Hand #244534150295: Tournament #3610508852, $0.92+$0.08 USD Hold'em No Limit - Level V (40/80) - 2023/06/29 22:31:31 CET [2023/06/29 16:31:31 ET]
Table '3610508852 1' 3-max Seat #2 is the button
Seat 1: MacDolin (800 in chips) 
Seat 2: Mahu2021 (700 in chips) 
Mahu2021: posts small blind 40
MacDolin: posts big blind 80
*** HOLE CARDS ***
Dealt to Mahu2021 [6s 6c]
Mahu2021: raises 620 to 700 and is all-in
MacDolin: folds 
Uncalled bet (620) returned to Mahu2021
Mahu2021 collected 160 from pot
Mahu2021: doesn't show hand 
*** SUMMARY ***
Total pot 160 | Rake 0 
Seat 1: MacDolin (big blind) folded before Flop
Seat 2: Mahu2021 (button) (small blind) collected (160)



PokerStars Hand #244534152468: Tournament #3610508852, $0.92+$0.08 USD Hold'em No Limit - Level V (40/80) - 2023/06/29 22:31:37 CET [2023/06/29 16:31:37 ET]
Table '3610508852 1' 3-max Seat #1 is the button
Seat 1: MacDolin (720 in chips) 
Seat 2: Mahu2021 (780 in chips) 
MacDolin: posts small blind 40
Mahu2021: posts big blind 80
*** HOLE CARDS ***
Dealt to Mahu2021 [6s 2h]
MacDolin: raises 80 to 160
Mahu2021: folds 
Uncalled bet (80) returned to MacDolin
MacDolin collected 160 from pot
MacDolin: doesn't show hand 
*** SUMMARY ***
Total pot 160 | Rake 0 
Seat 1: MacDolin (button) (small blind) collected (160)
Seat 2: Mahu2021 (big blind) folded before Flop



PokerStars Hand #244534154459: Tournament #3610508852, $0.92+$0.08 USD Hold'em No Limit - Level V (40/80) - 2023/06/29 22:31:43 CET [2023/06/29 16:31:43 ET]
Table '3610508852 1' 3-max Seat #2 is the button
Seat 1: MacDolin (800 in chips) 
Seat 2: Mahu2021 (700 in chips) 
Mahu2021: posts small blind 40
MacDolin: posts big blind 80
*** HOLE CARDS ***
Dealt to Mahu2021 [Qs 3d]
Mahu2021: calls 40
MacDolin: raises 80 to 160
Mahu2021: folds 
Uncalled bet (80) returned to MacDolin
MacDolin collected 160 from pot
MacDolin: doesn't show hand 
*** SUMMARY ***
Total pot 160 | Rake 0 
Seat 1: MacDolin (big blind) collected (160)
Seat 2: Mahu2021 (button) (small blind) folded before Flop



PokerStars Hand #244534156991: Tournament #3610508852, $0.92+$0.08 USD Hold'em No Limit - Level V (40/80) - 2023/06/29 22:31:50 CET [2023/06/29 16:31:50 ET]
Table '3610508852 1' 3-max Seat #1 is the button
Seat 1: MacDolin (880 in chips) 
Seat 2: Mahu2021 (620 in chips) 
MacDolin: posts small blind 40
Mahu2021: posts big blind 80
*** HOLE CARDS ***
Dealt to Mahu2021 [Kc Js]
MacDolin: raises 80 to 160
Mahu2021: calls 80
*** FLOP *** [7d 9c 5h]
Mahu2021: checks 
MacDolin: bets 80
Mahu2021: raises 380 to 460 and is all-in
MacDolin: folds 
Uncalled bet (380) returned to Mahu2021
Mahu2021 collected 480 from pot
Mahu2021: doesn't show hand 
*** SUMMARY ***
Total pot 480 | Rake 0 
Board [7d 9c 5h]
Seat 1: MacDolin (button) (small blind) folded on the Flop
Seat 2: Mahu2021 (big blind) collected (480)



PokerStars Hand #244534161301: Tournament #3610508852, $0.92+$0.08 USD Hold'em No Limit - Level V (40/80) - 2023/06/29 22:32:03 CET [2023/06/29 16:32:03 ET]
Table '3610508852 1' 3-max Seat #2 is the button
Seat 1: MacDolin (640 in chips) 
Seat 2: Mahu2021 (860 in chips) 
Mahu2021: posts small blind 40
MacDolin: posts big blind 80
*** HOLE CARDS ***
Dealt to Mahu2021 [6h Js]
Mahu2021: folds 
Uncalled bet (40) returned to MacDolin
MacDolin collected 80 from pot
MacDolin: doesn't show hand 
*** SUMMARY ***
Total pot 80 | Rake 0 
Seat 1: MacDolin (big blind) collected (80)
Seat 2: Mahu2021 (button) (small blind) folded before Flop



PokerStars Hand #244534162844: Tournament #3610508852, $0.92+$0.08 USD Hold'em No Limit - Level V (40/80) - 2023/06/29 22:32:07 CET [2023/06/29 16:32:07 ET]
Table '3610508852 1' 3-max Seat #1 is the button
Seat 1: MacDolin (680 in chips) 
Seat 2: Mahu2021 (820 in chips) 
MacDolin: posts small blind 40
Mahu2021: posts big blind 80
*** HOLE CARDS ***
Dealt to Mahu2021 [6c Tc]
MacDolin: folds 
Uncalled bet (40) returned to Mahu2021
Mahu2021 collected 80 from pot
Mahu2021: doesn't show hand 
*** SUMMARY ***
Total pot 80 | Rake 0 
Seat 1: MacDolin (button) (small blind) folded before Flop
Seat 2: Mahu2021 (big blind) collected (80)



PokerStars Hand #244534164440: Tournament #3610508852, $0.92+$0.08 USD Hold'em No Limit - Level V (40/80) - 2023/06/29 22:32:12 CET [2023/06/29 16:32:12 ET]
Table '3610508852 1' 3-max Seat #2 is the button
Seat 1: MacDolin (640 in chips) 
Seat 2: Mahu2021 (860 in chips) 
Mahu2021: posts small blind 40
MacDolin: posts big blind 80
*** HOLE CARDS ***
Dealt to Mahu2021 [Qs Tc]
Mahu2021: raises 80 to 160
MacDolin: folds 
Uncalled bet (80) returned to Mahu2021
Mahu2021 collected 160 from pot
Mahu2021: doesn't show hand 
*** SUMMARY ***
Total pot 160 | Rake 0 
Seat 1: MacDolin (big blind) folded before Flop
Seat 2: Mahu2021 (button) (small blind) collected (160)



PokerStars Hand #244534166254: Tournament #3610508852, $0.92+$0.08 USD Hold'em No Limit - Level V (40/80) - 2023/06/29 22:32:17 CET [2023/06/29 16:32:17 ET]
Table '3610508852 1' 3-max Seat #1 is the button
Seat 1: MacDolin (560 in chips) 
Seat 2: Mahu2021 (940 in chips) 
MacDolin: posts small blind 40
Mahu2021: posts big blind 80
*** HOLE CARDS ***
Dealt to Mahu2021 [Ac 9d]
MacDolin: raises 80 to 160
Mahu2021: raises 780 to 940 and is all-in
MacDolin: folds 
Uncalled bet (780) returned to Mahu2021
Mahu2021 collected 320 from pot
Mahu2021: doesn't show hand 
*** SUMMARY ***
Total pot 320 | Rake 0 
Seat 1: MacDolin (button) (small blind) folded before Flop
Seat 2: Mahu2021 (big blind) collected (320)



PokerStars Hand #244534168969: Tournament #3610508852, $0.92+$0.08 USD Hold'em No Limit - Level V (40/80) - 2023/06/29 22:32:25 CET [2023/06/29 16:32:25 ET]
Table '3610508852 1' 3-max Seat #2 is the button
Seat 1: MacDolin (400 in chips) 
Seat 2: Mahu2021 (1100 in chips) 
Mahu2021: posts small blind 40
MacDolin: posts big blind 80
*** HOLE CARDS ***
Dealt to Mahu2021 [5d Th]
Mahu2021: folds 
Uncalled bet (40) returned to MacDolin
MacDolin collected 80 from pot
MacDolin: doesn't show hand 
*** SUMMARY ***
Total pot 80 | Rake 0 
Seat 1: MacDolin (big blind) collected (80)
Seat 2: Mahu2021 (button) (small blind) folded before Flop



PokerStars Hand #244534170405: Tournament #3610508852, $0.92+$0.08 USD Hold'em No Limit - Level V (40/80) - 2023/06/29 22:32:29 CET [2023/06/29 16:32:29 ET]
Table '3610508852 1' 3-max Seat #1 is the button
Seat 1: MacDolin (440 in chips) 
Seat 2: Mahu2021 (1060 in chips) 
MacDolin: posts small blind 40
Mahu2021: posts big blind 80
*** HOLE CARDS ***
Dealt to Mahu2021 [Ah Td]
MacDolin: calls 40
Mahu2021: raises 980 to 1060 and is all-in
MacDolin: folds 
Uncalled bet (980) returned to Mahu2021
Mahu2021 collected 160 from pot
Mahu2021: doesn't show hand 
*** SUMMARY ***
Total pot 160 | Rake 0 
Seat 1: MacDolin (button) (small blind) folded before Flop
Seat 2: Mahu2021 (big blind) collected (160)



PokerStars Hand #244534173420: Tournament #3610508852, $0.92+$0.08 USD Hold'em No Limit - Level V (40/80) - 2023/06/29 22:32:38 CET [2023/06/29 16:32:38 ET]
Table '3610508852 1' 3-max Seat #2 is the button
Seat 1: MacDolin (360 in chips) 
Seat 2: Mahu2021 (1140 in chips) 
Mahu2021: posts small blind 40
MacDolin: posts big blind 80
*** HOLE CARDS ***
Dealt to Mahu2021 [3c 2s]
Mahu2021: calls 40
MacDolin: checks 
*** FLOP *** [6c Ad Kd]
MacDolin: bets 280 and is all-in
Mahu2021: folds 
Uncalled bet (280) returned to MacDolin
MacDolin collected 160 from pot
MacDolin: doesn't show hand 
*** SUMMARY ***
Total pot 160 | Rake 0 
Board [6c Ad Kd]
Seat 1: MacDolin (big blind) collected (160)
Seat 2: Mahu2021 (button) (small blind) folded on the Flop



PokerStars Hand #244534177226: Tournament #3610508852, $0.92+$0.08 USD Hold'em No Limit - Level V (40/80) - 2023/06/29 22:32:49 CET [2023/06/29 16:32:49 ET]
Table '3610508852 1' 3-max Seat #1 is the button
Seat 1: MacDolin (440 in chips) 
Seat 2: Mahu2021 (1060 in chips) 
MacDolin: posts small blind 40
Mahu2021: posts big blind 80
*** HOLE CARDS ***
Dealt to Mahu2021 [Kd 3h]
MacDolin: calls 40
Mahu2021: checks 
*** FLOP *** [Kc 8h 6s]
Mahu2021: bets 80
MacDolin: calls 80
*** TURN *** [Kc 8h 6s] [Ac]
Mahu2021: bets 80
MacDolin: calls 80
*** RIVER *** [Kc 8h 6s Ac] [Js]
Mahu2021: bets 80
MacDolin: folds 
Uncalled bet (80) returned to Mahu2021
Mahu2021 collected 480 from pot
Mahu2021: doesn't show hand 
*** SUMMARY ***
Total pot 480 | Rake 0 
Board [Kc 8h 6s Ac Js]
Seat 1: MacDolin (button) (small blind) folded on the River
Seat 2: Mahu2021 (big blind) collected (480)



PokerStars Hand #244534182940: Tournament #3610508852, $0.92+$0.08 USD Hold'em No Limit - Level V (40/80) - 2023/06/29 22:33:05 CET [2023/06/29 16:33:05 ET]
Table '3610508852 1' 3-max Seat #2 is the button
Seat 1: MacDolin (200 in chips) 
Seat 2: Mahu2021 (1300 in chips) 
Mahu2021: posts small blind 40
MacDolin: posts big blind 80
*** HOLE CARDS ***
Dealt to Mahu2021 [Qc 9h]
Mahu2021: raises 80 to 160
MacDolin: folds 
Uncalled bet (80) returned to Mahu2021
Mahu2021 collected 160 from pot
Mahu2021: doesn't show hand 
*** SUMMARY ***
Total pot 160 | Rake 0 
Seat 1: MacDolin (big blind) folded before Flop
Seat 2: Mahu2021 (button) (small blind) collected (160)



PokerStars Hand #244534186294: Tournament #3610508852, $0.92+$0.08 USD Hold'em No Limit - Level VI (50/100) - 2023/06/29 22:33:15 CET [2023/06/29 16:33:15 ET]
Table '3610508852 1' 3-max Seat #1 is the button
Seat 1: MacDolin (120 in chips) 
Seat 2: Mahu2021 (1380 in chips) 
MacDolin: posts small blind 50
Mahu2021: posts big blind 100
*** HOLE CARDS ***
Dealt to Mahu2021 [Kd 9h]
MacDolin: raises 20 to 120 and is all-in
Mahu2021: calls 20
*** FLOP *** [3c 4s 2d]
*** TURN *** [3c 4s 2d] [8d]
*** RIVER *** [3c 4s 2d 8d] [Tc]
*** SHOW DOWN ***
Mahu2021: shows [Kd 9h] (high card King)
MacDolin: shows [Qh Ad] (high card Ace)
MacDolin collected 240 from pot
*** SUMMARY ***
Total pot 240 | Rake 0 
Board [3c 4s 2d 8d Tc]
Seat 1: MacDolin (button) (small blind) showed [Qh Ad] and won (240) with high card Ace
Seat 2: Mahu2021 (big blind) showed [Kd 9h] and lost with high card King



PokerStars Hand #244534190317: Tournament #3610508852, $0.92+$0.08 USD Hold'em No Limit - Level VI (50/100) - 2023/06/29 22:33:27 CET [2023/06/29 16:33:27 ET]
Table '3610508852 1' 3-max Seat #2 is the button
Seat 1: MacDolin (240 in chips) 
Seat 2: Mahu2021 (1260 in chips) 
Mahu2021: posts small blind 50
MacDolin: posts big blind 100
*** HOLE CARDS ***
Dealt to Mahu2021 [8c 7c]
Mahu2021: calls 50
MacDolin: raises 140 to 240 and is all-in
Mahu2021: calls 140
*** FLOP *** [9c Qh Tc]
*** TURN *** [9c Qh Tc] [Qd]
*** RIVER *** [9c Qh Tc Qd] [4h]
*** SHOW DOWN ***
MacDolin: shows [Kh 6d] (a pair of Queens)
Mahu2021: shows [8c 7c] (a pair of Queens - lower kicker)
MacDolin collected 480 from pot
*** SUMMARY ***
Total pot 480 | Rake 0 
Board [9c Qh Tc Qd 4h]
Seat 1: MacDolin (big blind) showed [Kh 6d] and won (480) with a pair of Queens
Seat 2: Mahu2021 (button) (small blind) showed [8c 7c] and lost with a pair of Queens



PokerStars Hand #244534194882: Tournament #3610508852, $0.92+$0.08 USD Hold'em No Limit - Level VI (50/100) - 2023/06/29 22:33:41 CET [2023/06/29 16:33:41 ET]
Table '3610508852 1' 3-max Seat #1 is the button
Seat 1: MacDolin (480 in chips) 
Seat 2: Mahu2021 (1020 in chips) 
MacDolin: posts small blind 50
Mahu2021: posts big blind 100
*** HOLE CARDS ***
Dealt to Mahu2021 [Ks Ac]
MacDolin: raises 380 to 480 and is all-in
Mahu2021: calls 380
*** FLOP *** [6d Kd Qs]
*** TURN *** [6d Kd Qs] [9d]
*** RIVER *** [6d Kd Qs 9d] [3d]
*** SHOW DOWN ***
Mahu2021: shows [Ks Ac] (a pair of Kings)
MacDolin: shows [Ts As] (high card Ace)
Mahu2021 collected 960 from pot
MacDolin finished the tournament in 2nd place
Mahu2021 wins the tournament and receives $3.00 - congratulations!
*** SUMMARY ***
Total pot 960 | Rake 0 
Board [6d Kd Qs 9d 3d]
Seat 1: MacDolin (button) (small blind) showed [Ts As] and lost with high card Ace
Seat 2: Mahu2021 (big blind) showed [Ks Ac] and won (960) with a pair of Kings



