PokerStars Hand #247599347718: Tournament #3684986356, $1.84+$0.16 USD Hold'em No Limit - Level I (10/20) - 2023/12/11 12:35:39 CET [2023/12/11 6:35:39 ET]
Table '3684986356 1' 3-max Seat #1 is the button
Seat 1: Mahu2021 (500 in chips) 
Seat 2: sbgm1 (500 in chips) 
Seat 3: Ugo008 (500 in chips) 
sbgm1: posts small blind 10
Ugo008: posts big blind 20
*** HOLE CARDS ***
Dealt to Mahu2021 [Kc 6s]
Mahu2021: folds 
sbgm1: calls 10
Ugo008: checks 
*** FLOP *** [3c 5c Kd]
sbgm1: checks 
Ugo008: bets 40
sbgm1: calls 40
*** TURN *** [3c 5c Kd] [7h]
sbgm1: checks 
Ugo008: bets 120
sbgm1: folds 
Uncalled bet (120) returned to Ugo008
Ugo008 collected 120 from pot
Ugo008: doesn't show hand 
*** SUMMARY ***
Total pot 120 | Rake 0 
Board [3c 5c Kd 7h]
Seat 1: Mahu2021 (button) folded before Flop (didn't bet)
Seat 2: sbgm1 (small blind) folded on the Turn
Seat 3: Ugo008 (big blind) collected (120)



PokerStars Hand #247599350355: Tournament #3684986356, $1.84+$0.16 USD Hold'em No Limit - Level I (10/20) - 2023/12/11 12:35:57 CET [2023/12/11 6:35:57 ET]
Table '3684986356 1' 3-max Seat #2 is the button
Seat 1: Mahu2021 (500 in chips) 
Seat 2: sbgm1 (440 in chips) 
Seat 3: Ugo008 (560 in chips) 
Ugo008: posts small blind 10
Mahu2021: posts big blind 20
*** HOLE CARDS ***
Dealt to Mahu2021 [4d Ts]
sbgm1: folds 
Ugo008: raises 40 to 60
Mahu2021: folds 
Uncalled bet (40) returned to Ugo008
Ugo008 collected 40 from pot
Ugo008: doesn't show hand 
*** SUMMARY ***
Total pot 40 | Rake 0 
Seat 1: Mahu2021 (big blind) folded before Flop
Seat 2: sbgm1 (button) folded before Flop (didn't bet)
Seat 3: Ugo008 (small blind) collected (40)



PokerStars Hand #247599351402: Tournament #3684986356, $1.84+$0.16 USD Hold'em No Limit - Level I (10/20) - 2023/12/11 12:36:05 CET [2023/12/11 6:36:05 ET]
Table '3684986356 1' 3-max Seat #3 is the button
Seat 1: Mahu2021 (480 in chips) 
Seat 2: sbgm1 (440 in chips) 
Seat 3: Ugo008 (580 in chips) 
Mahu2021: posts small blind 10
sbgm1: posts big blind 20
*** HOLE CARDS ***
Dealt to Mahu2021 [Kc 2h]
Ugo008: raises 20 to 40
Mahu2021: folds 
sbgm1: calls 20
*** FLOP *** [3c Jh Ad]
sbgm1: bets 90
Ugo008: calls 90
*** TURN *** [3c Jh Ad] [Tc]
sbgm1: bets 310 and is all-in
Ugo008: calls 310
*** RIVER *** [3c Jh Ad Tc] [9d]
*** SHOW DOWN ***
sbgm1: shows [Ah 4d] (a pair of Aces)
Ugo008: shows [Ac 6s] (a pair of Aces)
sbgm1 collected 445 from pot
Ugo008 collected 445 from pot
*** SUMMARY ***
Total pot 890 | Rake 0 
Board [3c Jh Ad Tc 9d]
Seat 1: Mahu2021 (small blind) folded before Flop
Seat 2: sbgm1 (big blind) showed [Ah 4d] and won (445) with a pair of Aces
Seat 3: Ugo008 (button) showed [Ac 6s] and won (445) with a pair of Aces



PokerStars Hand #247599353555: Tournament #3684986356, $1.84+$0.16 USD Hold'em No Limit - Level I (10/20) - 2023/12/11 12:36:20 CET [2023/12/11 6:36:20 ET]
Table '3684986356 1' 3-max Seat #1 is the button
Seat 1: Mahu2021 (470 in chips) 
Seat 2: sbgm1 (445 in chips) 
Seat 3: Ugo008 (585 in chips) 
sbgm1: posts small blind 10
Ugo008: posts big blind 20
*** HOLE CARDS ***
Dealt to Mahu2021 [Qc 7s]
Mahu2021: folds 
sbgm1: calls 10
Ugo008: checks 
*** FLOP *** [6h 2c 2d]
sbgm1: checks 
Ugo008: checks 
*** TURN *** [6h 2c 2d] [9h]
sbgm1: checks 
Ugo008: checks 
*** RIVER *** [6h 2c 2d 9h] [2s]
sbgm1: checks 
Ugo008: checks 
*** SHOW DOWN ***
sbgm1: shows [4d 8s] (three of a kind, Deuces)
Ugo008: shows [Kh 4s] (three of a kind, Deuces - King kicker)
Ugo008 collected 40 from pot
*** SUMMARY ***
Total pot 40 | Rake 0 
Board [6h 2c 2d 9h 2s]
Seat 1: Mahu2021 (button) folded before Flop (didn't bet)
Seat 2: sbgm1 (small blind) showed [4d 8s] and lost with three of a kind, Deuces
Seat 3: Ugo008 (big blind) showed [Kh 4s] and won (40) with three of a kind, Deuces



PokerStars Hand #247599356206: Tournament #3684986356, $1.84+$0.16 USD Hold'em No Limit - Level I (10/20) - 2023/12/11 12:36:39 CET [2023/12/11 6:36:39 ET]
Table '3684986356 1' 3-max Seat #2 is the button
Seat 1: Mahu2021 (470 in chips) 
Seat 2: sbgm1 (425 in chips) 
Seat 3: Ugo008 (605 in chips) 
Ugo008: posts small blind 10
Mahu2021: posts big blind 20
*** HOLE CARDS ***
Dealt to Mahu2021 [4c 7s]
sbgm1: raises 20 to 40
Ugo008: raises 565 to 605 and is all-in
Mahu2021: folds 
sbgm1: calls 385 and is all-in
Uncalled bet (180) returned to Ugo008
*** FLOP *** [Ks 6c 3d]
*** TURN *** [Ks 6c 3d] [9h]
*** RIVER *** [Ks 6c 3d 9h] [6h]
*** SHOW DOWN ***
Ugo008: shows [7c 7d] (two pair, Sevens and Sixes)
sbgm1: shows [Jc Ah] (a pair of Sixes)
Ugo008 collected 870 from pot
sbgm1 finished the tournament in 3rd place
*** SUMMARY ***
Total pot 870 | Rake 0 
Board [Ks 6c 3d 9h 6h]
Seat 1: Mahu2021 (big blind) folded before Flop
Seat 2: sbgm1 (button) showed [Jc Ah] and lost with a pair of Sixes
Seat 3: Ugo008 (small blind) showed [7c 7d] and won (870) with two pair, Sevens and Sixes



PokerStars Hand #247599358670: Tournament #3684986356, $1.84+$0.16 USD Hold'em No Limit - Level I (10/20) - 2023/12/11 12:36:56 CET [2023/12/11 6:36:56 ET]
Table '3684986356 1' 3-max Seat #1 is the button
Seat 1: Mahu2021 (450 in chips) 
Seat 3: Ugo008 (1050 in chips) 
Mahu2021: posts small blind 10
Ugo008: posts big blind 20
*** HOLE CARDS ***
Dealt to Mahu2021 [2h 6d]
Mahu2021: folds 
Uncalled bet (10) returned to Ugo008
Ugo008 collected 20 from pot
Ugo008: doesn't show hand 
*** SUMMARY ***
Total pot 20 | Rake 0 
Seat 1: Mahu2021 (button) (small blind) folded before Flop
Seat 3: Ugo008 (big blind) collected (20)



PokerStars Hand #247599359347: Tournament #3684986356, $1.84+$0.16 USD Hold'em No Limit - Level I (10/20) - 2023/12/11 12:37:01 CET [2023/12/11 6:37:01 ET]
Table '3684986356 1' 3-max Seat #3 is the button
Seat 1: Mahu2021 (440 in chips) 
Seat 3: Ugo008 (1060 in chips) 
Ugo008: posts small blind 10
Mahu2021: posts big blind 20
*** HOLE CARDS ***
Dealt to Mahu2021 [Qd 2h]
Ugo008: calls 10
Mahu2021: checks 
*** FLOP *** [Td 8s 4c]
Mahu2021: checks 
Ugo008: checks 
*** TURN *** [Td 8s 4c] [7c]
Mahu2021: checks 
Ugo008: bets 20
Mahu2021: folds 
Uncalled bet (20) returned to Ugo008
Ugo008 collected 40 from pot
Ugo008: doesn't show hand 
*** SUMMARY ***
Total pot 40 | Rake 0 
Board [Td 8s 4c 7c]
Seat 1: Mahu2021 (big blind) folded on the Turn
Seat 3: Ugo008 (button) (small blind) collected (40)



PokerStars Hand #247599361308: Tournament #3684986356, $1.84+$0.16 USD Hold'em No Limit - Level I (10/20) - 2023/12/11 12:37:14 CET [2023/12/11 6:37:14 ET]
Table '3684986356 1' 3-max Seat #1 is the button
Seat 1: Mahu2021 (420 in chips) 
Seat 3: Ugo008 (1080 in chips) 
Mahu2021: posts small blind 10
Ugo008: posts big blind 20
*** HOLE CARDS ***
Dealt to Mahu2021 [3c 6c]
Mahu2021: calls 10
Ugo008: checks 
*** FLOP *** [6d 2d Ad]
Ugo008: checks 
Mahu2021: checks 
*** TURN *** [6d 2d Ad] [7c]
Ugo008: checks 
Mahu2021: checks 
*** RIVER *** [6d 2d Ad 7c] [Ac]
Ugo008: checks 
Mahu2021: bets 20
Ugo008: folds 
Uncalled bet (20) returned to Mahu2021
Mahu2021 collected 40 from pot
Mahu2021: doesn't show hand 
*** SUMMARY ***
Total pot 40 | Rake 0 
Board [6d 2d Ad 7c Ac]
Seat 1: Mahu2021 (button) (small blind) collected (40)
Seat 3: Ugo008 (big blind) folded on the River



PokerStars Hand #247599363737: Tournament #3684986356, $1.84+$0.16 USD Hold'em No Limit - Level I (10/20) - 2023/12/11 12:37:31 CET [2023/12/11 6:37:31 ET]
Table '3684986356 1' 3-max Seat #3 is the button
Seat 1: Mahu2021 (440 in chips) 
Seat 3: Ugo008 (1060 in chips) 
Ugo008: posts small blind 10
Mahu2021: posts big blind 20
*** HOLE CARDS ***
Dealt to Mahu2021 [9h Jc]
Ugo008: calls 10
Mahu2021: checks 
*** FLOP *** [8h 4c Kd]
Mahu2021: checks 
Ugo008: bets 20
Mahu2021: folds 
Uncalled bet (20) returned to Ugo008
Ugo008 collected 40 from pot
Ugo008: doesn't show hand 
*** SUMMARY ***
Total pot 40 | Rake 0 
Board [8h 4c Kd]
Seat 1: Mahu2021 (big blind) folded on the Flop
Seat 3: Ugo008 (button) (small blind) collected (40)



PokerStars Hand #247599365704: Tournament #3684986356, $1.84+$0.16 USD Hold'em No Limit - Level I (10/20) - 2023/12/11 12:37:45 CET [2023/12/11 6:37:45 ET]
Table '3684986356 1' 3-max Seat #1 is the button
Seat 1: Mahu2021 (420 in chips) 
Seat 3: Ugo008 (1080 in chips) 
Mahu2021: posts small blind 10
Ugo008: posts big blind 20
*** HOLE CARDS ***
Dealt to Mahu2021 [Ks Ah]
Mahu2021: calls 10
Ugo008: checks 
*** FLOP *** [6c 9h 4c]
Ugo008: checks 
Mahu2021: checks 
*** TURN *** [6c 9h 4c] [8h]
Ugo008: checks 
Mahu2021: checks 
*** RIVER *** [6c 9h 4c 8h] [4h]
Ugo008: checks 
Mahu2021: checks 
*** SHOW DOWN ***
Ugo008: shows [2h Ac] (a pair of Fours)
Mahu2021: shows [Ks Ah] (a pair of Fours - Ace+King kicker)
Mahu2021 collected 40 from pot
*** SUMMARY ***
Total pot 40 | Rake 0 
Board [6c 9h 4c 8h 4h]
Seat 1: Mahu2021 (button) (small blind) showed [Ks Ah] and won (40) with a pair of Fours
Seat 3: Ugo008 (big blind) showed [2h Ac] and lost with a pair of Fours



PokerStars Hand #247599367740: Tournament #3684986356, $1.84+$0.16 USD Hold'em No Limit - Level I (10/20) - 2023/12/11 12:37:59 CET [2023/12/11 6:37:59 ET]
Table '3684986356 1' 3-max Seat #3 is the button
Seat 1: Mahu2021 (440 in chips) 
Seat 3: Ugo008 (1060 in chips) 
Ugo008: posts small blind 10
Mahu2021: posts big blind 20
*** HOLE CARDS ***
Dealt to Mahu2021 [5s Kd]
Ugo008: calls 10
Mahu2021: checks 
*** FLOP *** [5d 9h 3s]
Mahu2021: bets 20
Ugo008: folds 
Uncalled bet (20) returned to Mahu2021
Mahu2021 collected 40 from pot
Mahu2021: doesn't show hand 
*** SUMMARY ***
Total pot 40 | Rake 0 
Board [5d 9h 3s]
Seat 1: Mahu2021 (big blind) collected (40)
Seat 3: Ugo008 (button) (small blind) folded on the Flop



PokerStars Hand #247599369358: Tournament #3684986356, $1.84+$0.16 USD Hold'em No Limit - Level I (10/20) - 2023/12/11 12:38:11 CET [2023/12/11 6:38:11 ET]
Table '3684986356 1' 3-max Seat #1 is the button
Seat 1: Mahu2021 (460 in chips) 
Seat 3: Ugo008 (1040 in chips) 
Mahu2021: posts small blind 10
Ugo008: posts big blind 20
*** HOLE CARDS ***
Dealt to Mahu2021 [Jc 2s]
Mahu2021: calls 10
Ugo008: checks 
*** FLOP *** [Ah Qd Ks]
Ugo008: checks 
Mahu2021: bets 20
Ugo008: folds 
Uncalled bet (20) returned to Mahu2021
Mahu2021 collected 40 from pot
Mahu2021: doesn't show hand 
*** SUMMARY ***
Total pot 40 | Rake 0 
Board [Ah Qd Ks]
Seat 1: Mahu2021 (button) (small blind) collected (40)
Seat 3: Ugo008 (big blind) folded on the Flop



PokerStars Hand #247599370754: Tournament #3684986356, $1.84+$0.16 USD Hold'em No Limit - Level I (10/20) - 2023/12/11 12:38:20 CET [2023/12/11 6:38:20 ET]
Table '3684986356 1' 3-max Seat #3 is the button
Seat 1: Mahu2021 (480 in chips) 
Seat 3: Ugo008 (1020 in chips) 
Ugo008: posts small blind 10
Mahu2021: posts big blind 20
*** HOLE CARDS ***
Dealt to Mahu2021 [2d 7c]
Ugo008: calls 10
Mahu2021: checks 
*** FLOP *** [Qh 3c Th]
Mahu2021: checks 
Ugo008: checks 
*** TURN *** [Qh 3c Th] [Kh]
Mahu2021: checks 
Ugo008: bets 20
Mahu2021: folds 
Uncalled bet (20) returned to Ugo008
Ugo008 collected 40 from pot
Ugo008: doesn't show hand 
*** SUMMARY ***
Total pot 40 | Rake 0 
Board [Qh 3c Th Kh]
Seat 1: Mahu2021 (big blind) folded on the Turn
Seat 3: Ugo008 (button) (small blind) collected (40)



PokerStars Hand #247599372279: Tournament #3684986356, $1.84+$0.16 USD Hold'em No Limit - Level I (10/20) - 2023/12/11 12:38:31 CET [2023/12/11 6:38:31 ET]
Table '3684986356 1' 3-max Seat #1 is the button
Seat 1: Mahu2021 (460 in chips) 
Seat 3: Ugo008 (1040 in chips) 
Mahu2021: posts small blind 10
Ugo008: posts big blind 20
*** HOLE CARDS ***
Dealt to Mahu2021 [Jc Ks]
Mahu2021: raises 20 to 40
Ugo008: calls 20
*** FLOP *** [9s 8d 4h]
Ugo008: checks 
Mahu2021: checks 
*** TURN *** [9s 8d 4h] [9c]
Ugo008: checks 
Mahu2021: checks 
*** RIVER *** [9s 8d 4h 9c] [3c]
Ugo008: bets 60
Mahu2021: folds 
Uncalled bet (60) returned to Ugo008
Ugo008 collected 80 from pot
Ugo008: doesn't show hand 
*** SUMMARY ***
Total pot 80 | Rake 0 
Board [9s 8d 4h 9c 3c]
Seat 1: Mahu2021 (button) (small blind) folded on the River
Seat 3: Ugo008 (big blind) collected (80)



PokerStars Hand #247599375081: Tournament #3684986356, $1.84+$0.16 USD Hold'em No Limit - Level II (15/30) - 2023/12/11 12:38:50 CET [2023/12/11 6:38:50 ET]
Table '3684986356 1' 3-max Seat #3 is the button
Seat 1: Mahu2021 (420 in chips) 
Seat 3: Ugo008 (1080 in chips) 
Ugo008: posts small blind 15
Mahu2021: posts big blind 30
*** HOLE CARDS ***
Dealt to Mahu2021 [8c 8s]
Ugo008: calls 15
Mahu2021: raises 390 to 420 and is all-in
Ugo008: folds 
Uncalled bet (390) returned to Mahu2021
Mahu2021 collected 60 from pot
Mahu2021: doesn't show hand 
*** SUMMARY ***
Total pot 60 | Rake 0 
Seat 1: Mahu2021 (big blind) collected (60)
Seat 3: Ugo008 (button) (small blind) folded before Flop



PokerStars Hand #247599376099: Tournament #3684986356, $1.84+$0.16 USD Hold'em No Limit - Level II (15/30) - 2023/12/11 12:38:57 CET [2023/12/11 6:38:57 ET]
Table '3684986356 1' 3-max Seat #1 is the button
Seat 1: Mahu2021 (450 in chips) 
Seat 3: Ugo008 (1050 in chips) 
Mahu2021: posts small blind 15
Ugo008: posts big blind 30
*** HOLE CARDS ***
Dealt to Mahu2021 [4h Td]
Mahu2021: folds 
Uncalled bet (15) returned to Ugo008
Ugo008 collected 30 from pot
Ugo008: doesn't show hand 
*** SUMMARY ***
Total pot 30 | Rake 0 
Seat 1: Mahu2021 (button) (small blind) folded before Flop
Seat 3: Ugo008 (big blind) collected (30)



PokerStars Hand #247599377032: Tournament #3684986356, $1.84+$0.16 USD Hold'em No Limit - Level II (15/30) - 2023/12/11 12:39:03 CET [2023/12/11 6:39:03 ET]
Table '3684986356 1' 3-max Seat #3 is the button
Seat 1: Mahu2021 (435 in chips) 
Seat 3: Ugo008 (1065 in chips) 
Ugo008: posts small blind 15
Mahu2021: posts big blind 30
*** HOLE CARDS ***
Dealt to Mahu2021 [Kd 7c]
Ugo008: folds 
Uncalled bet (15) returned to Mahu2021
Mahu2021 collected 30 from pot
Mahu2021: doesn't show hand 
*** SUMMARY ***
Total pot 30 | Rake 0 
Seat 1: Mahu2021 (big blind) collected (30)
Seat 3: Ugo008 (button) (small blind) folded before Flop



PokerStars Hand #247599377635: Tournament #3684986356, $1.84+$0.16 USD Hold'em No Limit - Level II (15/30) - 2023/12/11 12:39:07 CET [2023/12/11 6:39:07 ET]
Table '3684986356 1' 3-max Seat #1 is the button
Seat 1: Mahu2021 (450 in chips) 
Seat 3: Ugo008 (1050 in chips) 
Mahu2021: posts small blind 15
Ugo008: posts big blind 30
*** HOLE CARDS ***
Dealt to Mahu2021 [Tc 9h]
Mahu2021: calls 15
Ugo008: checks 
*** FLOP *** [6s Ac 2c]
Ugo008: checks 
Mahu2021: bets 30
Ugo008: folds 
Uncalled bet (30) returned to Mahu2021
Mahu2021 collected 60 from pot
Mahu2021: doesn't show hand 
*** SUMMARY ***
Total pot 60 | Rake 0 
Board [6s Ac 2c]
Seat 1: Mahu2021 (button) (small blind) collected (60)
Seat 3: Ugo008 (big blind) folded on the Flop



PokerStars Hand #247599379304: Tournament #3684986356, $1.84+$0.16 USD Hold'em No Limit - Level II (15/30) - 2023/12/11 12:39:19 CET [2023/12/11 6:39:19 ET]
Table '3684986356 1' 3-max Seat #3 is the button
Seat 1: Mahu2021 (480 in chips) 
Seat 3: Ugo008 (1020 in chips) 
Ugo008: posts small blind 15
Mahu2021: posts big blind 30
*** HOLE CARDS ***
Dealt to Mahu2021 [7d Qd]
Ugo008: calls 15
Mahu2021: checks 
*** FLOP *** [8s 9d 4d]
Mahu2021: bets 30
Ugo008: folds 
Uncalled bet (30) returned to Mahu2021
Mahu2021 collected 60 from pot
Mahu2021: doesn't show hand 
*** SUMMARY ***
Total pot 60 | Rake 0 
Board [8s 9d 4d]
Seat 1: Mahu2021 (big blind) collected (60)
Seat 3: Ugo008 (button) (small blind) folded on the Flop



PokerStars Hand #247599380616: Tournament #3684986356, $1.84+$0.16 USD Hold'em No Limit - Level II (15/30) - 2023/12/11 12:39:27 CET [2023/12/11 6:39:27 ET]
Table '3684986356 1' 3-max Seat #1 is the button
Seat 1: Mahu2021 (510 in chips) 
Seat 3: Ugo008 (990 in chips) 
Mahu2021: posts small blind 15
Ugo008: posts big blind 30
*** HOLE CARDS ***
Dealt to Mahu2021 [Jc Ah]
Mahu2021: calls 15
Ugo008: checks 
*** FLOP *** [Th 3d Qc]
Ugo008: checks 
Mahu2021: checks 
*** TURN *** [Th 3d Qc] [9d]
Ugo008: checks 
Mahu2021: checks 
*** RIVER *** [Th 3d Qc 9d] [Kd]
Ugo008: checks 
Mahu2021: checks 
*** SHOW DOWN ***
Ugo008: shows [5c 2h] (high card King)
Mahu2021: shows [Jc Ah] (a straight, Ten to Ace)
Mahu2021 collected 60 from pot
*** SUMMARY ***
Total pot 60 | Rake 0 
Board [Th 3d Qc 9d Kd]
Seat 1: Mahu2021 (button) (small blind) showed [Jc Ah] and won (60) with a straight, Ten to Ace
Seat 3: Ugo008 (big blind) showed [5c 2h] and lost with high card King



PokerStars Hand #247599382331: Tournament #3684986356, $1.84+$0.16 USD Hold'em No Limit - Level II (15/30) - 2023/12/11 12:39:39 CET [2023/12/11 6:39:39 ET]
Table '3684986356 1' 3-max Seat #3 is the button
Seat 1: Mahu2021 (540 in chips) 
Seat 3: Ugo008 (960 in chips) 
Ugo008: posts small blind 15
Mahu2021: posts big blind 30
*** HOLE CARDS ***
Dealt to Mahu2021 [7h 5h]
Ugo008: calls 15
Mahu2021: checks 
*** FLOP *** [Js Ad 4d]
Mahu2021: checks 
Ugo008: bets 30
Mahu2021: folds 
Uncalled bet (30) returned to Ugo008
Ugo008 collected 60 from pot
Ugo008: doesn't show hand 
*** SUMMARY ***
Total pot 60 | Rake 0 
Board [Js Ad 4d]
Seat 1: Mahu2021 (big blind) folded on the Flop
Seat 3: Ugo008 (button) (small blind) collected (60)



PokerStars Hand #247599383614: Tournament #3684986356, $1.84+$0.16 USD Hold'em No Limit - Level II (15/30) - 2023/12/11 12:39:49 CET [2023/12/11 6:39:49 ET]
Table '3684986356 1' 3-max Seat #1 is the button
Seat 1: Mahu2021 (510 in chips) 
Seat 3: Ugo008 (990 in chips) 
Mahu2021: posts small blind 15
Ugo008: posts big blind 30
*** HOLE CARDS ***
Dealt to Mahu2021 [Kh 3d]
Mahu2021: calls 15
Ugo008: checks 
*** FLOP *** [6h 5s 6s]
Ugo008: checks 
Mahu2021: checks 
*** TURN *** [6h 5s 6s] [Ah]
Ugo008: checks 
Mahu2021: bets 30
Ugo008: folds 
Uncalled bet (30) returned to Mahu2021
Mahu2021 collected 60 from pot
Mahu2021: doesn't show hand 
*** SUMMARY ***
Total pot 60 | Rake 0 
Board [6h 5s 6s Ah]
Seat 1: Mahu2021 (button) (small blind) collected (60)
Seat 3: Ugo008 (big blind) folded on the Turn



PokerStars Hand #247599385240: Tournament #3684986356, $1.84+$0.16 USD Hold'em No Limit - Level II (15/30) - 2023/12/11 12:40:00 CET [2023/12/11 6:40:00 ET]
Table '3684986356 1' 3-max Seat #3 is the button
Seat 1: Mahu2021 (540 in chips) 
Seat 3: Ugo008 (960 in chips) 
Ugo008: posts small blind 15
Mahu2021: posts big blind 30
*** HOLE CARDS ***
Dealt to Mahu2021 [Ah Qd]
Ugo008: folds 
Uncalled bet (15) returned to Mahu2021
Mahu2021 collected 30 from pot
Mahu2021: doesn't show hand 
*** SUMMARY ***
Total pot 30 | Rake 0 
Seat 1: Mahu2021 (big blind) collected (30)
Seat 3: Ugo008 (button) (small blind) folded before Flop



PokerStars Hand #247599385700: Tournament #3684986356, $1.84+$0.16 USD Hold'em No Limit - Level II (15/30) - 2023/12/11 12:40:02 CET [2023/12/11 6:40:02 ET]
Table '3684986356 1' 3-max Seat #1 is the button
Seat 1: Mahu2021 (555 in chips) 
Seat 3: Ugo008 (945 in chips) 
Mahu2021: posts small blind 15
Ugo008: posts big blind 30
*** HOLE CARDS ***
Dealt to Mahu2021 [2h Td]
Mahu2021: folds 
Uncalled bet (15) returned to Ugo008
Ugo008 collected 30 from pot
Ugo008: doesn't show hand 
*** SUMMARY ***
Total pot 30 | Rake 0 
Seat 1: Mahu2021 (button) (small blind) folded before Flop
Seat 3: Ugo008 (big blind) collected (30)



PokerStars Hand #247599386389: Tournament #3684986356, $1.84+$0.16 USD Hold'em No Limit - Level II (15/30) - 2023/12/11 12:40:07 CET [2023/12/11 6:40:07 ET]
Table '3684986356 1' 3-max Seat #3 is the button
Seat 1: Mahu2021 (540 in chips) 
Seat 3: Ugo008 (960 in chips) 
Ugo008: posts small blind 15
Mahu2021: posts big blind 30
*** HOLE CARDS ***
Dealt to Mahu2021 [Js Qc]
Ugo008: folds 
Uncalled bet (15) returned to Mahu2021
Mahu2021 collected 30 from pot
Mahu2021: doesn't show hand 
*** SUMMARY ***
Total pot 30 | Rake 0 
Seat 1: Mahu2021 (big blind) collected (30)
Seat 3: Ugo008 (button) (small blind) folded before Flop



PokerStars Hand #247599386872: Tournament #3684986356, $1.84+$0.16 USD Hold'em No Limit - Level II (15/30) - 2023/12/11 12:40:10 CET [2023/12/11 6:40:10 ET]
Table '3684986356 1' 3-max Seat #1 is the button
Seat 1: Mahu2021 (555 in chips) 
Seat 3: Ugo008 (945 in chips) 
Mahu2021: posts small blind 15
Ugo008: posts big blind 30
*** HOLE CARDS ***
Dealt to Mahu2021 [Jc Jd]
Mahu2021: raises 30 to 60
Ugo008: calls 30
*** FLOP *** [9c 6c 4s]
Ugo008: checks 
Mahu2021: bets 495 and is all-in
Ugo008: calls 495
*** TURN *** [9c 6c 4s] [3c]
*** RIVER *** [9c 6c 4s 3c] [Ks]
*** SHOW DOWN ***
Ugo008: shows [9s Kh] (two pair, Kings and Nines)
Mahu2021: shows [Jc Jd] (a pair of Jacks)
Ugo008 collected 1110 from pot
Mahu2021 finished the tournament in 2nd place
Ugo008 wins the tournament and receives $6.00 - congratulations!
*** SUMMARY ***
Total pot 1110 | Rake 0 
Board [9c 6c 4s 3c Ks]
Seat 1: Mahu2021 (button) (small blind) showed [Jc Jd] and lost with a pair of Jacks
Seat 3: Ugo008 (big blind) showed [9s Kh] and won (1110) with two pair, Kings and Nines



