PokerStars Hand #243268925449: Tournament #3581580220, $0.92+$0.08 USD Hold'em No Limit - Level I (10/20) - 2023/04/23 17:12:51 CET [2023/04/23 11:12:51 ET]
Table '3581580220 1' 3-max Seat #1 is the button
Seat 1: yasinalfredo (500 in chips) 
Seat 2: altemirburlin (500 in chips) 
Seat 3: Mahu2021 (500 in chips) 
altemirburlin: posts small blind 10
Mahu2021: posts big blind 20
*** HOLE CARDS ***
Dealt to Mahu2021 [6s Ad]
yasinalfredo: calls 20
altemirburlin: raises 20 to 40
Mahu2021: calls 20
yasinalfredo: calls 20
*** FLOP *** [7d Kh 8s]
altemirburlin: checks 
Mahu2021: checks 
yasinalfredo: bets 80
altemirburlin: calls 80
Mahu2021: folds 
*** TURN *** [7d Kh 8s] [6d]
altemirburlin: checks 
yasinalfredo: bets 100
altemirburlin: folds 
Uncalled bet (100) returned to yasinalfredo
yasinalfredo collected 280 from pot
yasinalfredo: doesn't show hand 
*** SUMMARY ***
Total pot 280 | Rake 0 
Board [7d Kh 8s 6d]
Seat 1: yasinalfredo (button) collected (280)
Seat 2: altemirburlin (small blind) folded on the Turn
Seat 3: Mahu2021 (big blind) folded on the Flop



PokerStars Hand #243268938344: Tournament #3581580220, $0.92+$0.08 USD Hold'em No Limit - Level I (10/20) - 2023/04/23 17:13:30 CET [2023/04/23 11:13:30 ET]
Table '3581580220 1' 3-max Seat #2 is the button
Seat 1: yasinalfredo (660 in chips) 
Seat 2: altemirburlin (380 in chips) 
Seat 3: Mahu2021 (460 in chips) 
Mahu2021: posts small blind 10
yasinalfredo: posts big blind 20
*** HOLE CARDS ***
Dealt to Mahu2021 [5d 7h]
altemirburlin: folds 
Mahu2021: folds 
Uncalled bet (10) returned to yasinalfredo
yasinalfredo collected 20 from pot
yasinalfredo: doesn't show hand 
*** SUMMARY ***
Total pot 20 | Rake 0 
Seat 1: yasinalfredo (big blind) collected (20)
Seat 2: altemirburlin (button) folded before Flop (didn't bet)
Seat 3: Mahu2021 (small blind) folded before Flop



PokerStars Hand #243268939968: Tournament #3581580220, $0.92+$0.08 USD Hold'em No Limit - Level I (10/20) - 2023/04/23 17:13:35 CET [2023/04/23 11:13:35 ET]
Table '3581580220 1' 3-max Seat #3 is the button
Seat 1: yasinalfredo (670 in chips) 
Seat 2: altemirburlin (380 in chips) 
Seat 3: Mahu2021 (450 in chips) 
yasinalfredo: posts small blind 10
altemirburlin: posts big blind 20
*** HOLE CARDS ***
Dealt to Mahu2021 [Th 6d]
Mahu2021: folds 
yasinalfredo: folds 
Uncalled bet (10) returned to altemirburlin
altemirburlin collected 20 from pot
altemirburlin: doesn't show hand 
*** SUMMARY ***
Total pot 20 | Rake 0 
Seat 1: yasinalfredo (small blind) folded before Flop
Seat 2: altemirburlin (big blind) collected (20)
Seat 3: Mahu2021 (button) folded before Flop (didn't bet)



PokerStars Hand #243268941958: Tournament #3581580220, $0.92+$0.08 USD Hold'em No Limit - Level I (10/20) - 2023/04/23 17:13:41 CET [2023/04/23 11:13:41 ET]
Table '3581580220 1' 3-max Seat #1 is the button
Seat 1: yasinalfredo (660 in chips) 
Seat 2: altemirburlin (390 in chips) 
Seat 3: Mahu2021 (450 in chips) 
altemirburlin: posts small blind 10
Mahu2021: posts big blind 20
*** HOLE CARDS ***
Dealt to Mahu2021 [Qs Kd]
yasinalfredo: calls 20
altemirburlin: calls 10
Mahu2021: checks 
*** FLOP *** [5h 6d 9h]
altemirburlin: checks 
Mahu2021: checks 
yasinalfredo: checks 
*** TURN *** [5h 6d 9h] [Js]
altemirburlin: checks 
Mahu2021: bets 60
yasinalfredo: calls 60
altemirburlin: folds 
*** RIVER *** [5h 6d 9h Js] [As]
Mahu2021: checks 
yasinalfredo: checks 
*** SHOW DOWN ***
Mahu2021: shows [Qs Kd] (high card Ace)
yasinalfredo: shows [Qd Jh] (a pair of Jacks)
yasinalfredo collected 180 from pot
*** SUMMARY ***
Total pot 180 | Rake 0 
Board [5h 6d 9h Js As]
Seat 1: yasinalfredo (button) showed [Qd Jh] and won (180) with a pair of Jacks
Seat 2: altemirburlin (small blind) folded on the Turn
Seat 3: Mahu2021 (big blind) showed [Qs Kd] and lost with high card Ace



PokerStars Hand #243268953007: Tournament #3581580220, $0.92+$0.08 USD Hold'em No Limit - Level I (10/20) - 2023/04/23 17:14:14 CET [2023/04/23 11:14:14 ET]
Table '3581580220 1' 3-max Seat #2 is the button
Seat 1: yasinalfredo (760 in chips) 
Seat 2: altemirburlin (370 in chips) 
Seat 3: Mahu2021 (370 in chips) 
Mahu2021: posts small blind 10
yasinalfredo: posts big blind 20
*** HOLE CARDS ***
Dealt to Mahu2021 [2c 6d]
altemirburlin: folds 
Mahu2021: folds 
Uncalled bet (10) returned to yasinalfredo
yasinalfredo collected 20 from pot
yasinalfredo: doesn't show hand 
*** SUMMARY ***
Total pot 20 | Rake 0 
Seat 1: yasinalfredo (big blind) collected (20)
Seat 2: altemirburlin (button) folded before Flop (didn't bet)
Seat 3: Mahu2021 (small blind) folded before Flop



PokerStars Hand #243268954665: Tournament #3581580220, $0.92+$0.08 USD Hold'em No Limit - Level I (10/20) - 2023/04/23 17:14:19 CET [2023/04/23 11:14:19 ET]
Table '3581580220 1' 3-max Seat #3 is the button
Seat 1: yasinalfredo (770 in chips) 
Seat 2: altemirburlin (370 in chips) 
Seat 3: Mahu2021 (360 in chips) 
yasinalfredo: posts small blind 10
altemirburlin: posts big blind 20
*** HOLE CARDS ***
Dealt to Mahu2021 [5h Qs]
Mahu2021: folds 
yasinalfredo: calls 10
altemirburlin: checks 
*** FLOP *** [8d 2d 2c]
yasinalfredo: checks 
altemirburlin: checks 
*** TURN *** [8d 2d 2c] [7d]
yasinalfredo: checks 
altemirburlin: bets 40
yasinalfredo: calls 40
*** RIVER *** [8d 2d 2c 7d] [4s]
yasinalfredo: checks 
altemirburlin: checks 
*** SHOW DOWN ***
yasinalfredo: shows [Qh 9d] (a pair of Deuces)
altemirburlin: shows [Ts 7h] (two pair, Sevens and Deuces)
altemirburlin collected 120 from pot
*** SUMMARY ***
Total pot 120 | Rake 0 
Board [8d 2d 2c 7d 4s]
Seat 1: yasinalfredo (small blind) showed [Qh 9d] and lost with a pair of Deuces
Seat 2: altemirburlin (big blind) showed [Ts 7h] and won (120) with two pair, Sevens and Deuces
Seat 3: Mahu2021 (button) folded before Flop (didn't bet)



PokerStars Hand #243268963348: Tournament #3581580220, $0.92+$0.08 USD Hold'em No Limit - Level I (10/20) - 2023/04/23 17:14:46 CET [2023/04/23 11:14:46 ET]
Table '3581580220 1' 3-max Seat #1 is the button
Seat 1: yasinalfredo (710 in chips) 
Seat 2: altemirburlin (430 in chips) 
Seat 3: Mahu2021 (360 in chips) 
altemirburlin: posts small blind 10
Mahu2021: posts big blind 20
*** HOLE CARDS ***
Dealt to Mahu2021 [9s 5s]
yasinalfredo: calls 20
altemirburlin: raises 20 to 40
Mahu2021: folds 
yasinalfredo: calls 20
*** FLOP *** [8c As 8s]
altemirburlin: checks 
yasinalfredo: bets 670 and is all-in
altemirburlin: folds 
Uncalled bet (670) returned to yasinalfredo
yasinalfredo collected 100 from pot
yasinalfredo: doesn't show hand 
*** SUMMARY ***
Total pot 100 | Rake 0 
Board [8c As 8s]
Seat 1: yasinalfredo (button) collected (100)
Seat 2: altemirburlin (small blind) folded on the Flop
Seat 3: Mahu2021 (big blind) folded before Flop



PokerStars Hand #243268971046: Tournament #3581580220, $0.92+$0.08 USD Hold'em No Limit - Level II (15/30) - 2023/04/23 17:15:08 CET [2023/04/23 11:15:08 ET]
Table '3581580220 1' 3-max Seat #2 is the button
Seat 1: yasinalfredo (770 in chips) 
Seat 2: altemirburlin (390 in chips) 
Seat 3: Mahu2021 (340 in chips) 
Mahu2021: posts small blind 15
yasinalfredo: posts big blind 30
*** HOLE CARDS ***
Dealt to Mahu2021 [Kc Ts]
altemirburlin: folds 
Mahu2021: raises 60 to 90
yasinalfredo: folds 
Uncalled bet (60) returned to Mahu2021
Mahu2021 collected 60 from pot
Mahu2021: doesn't show hand 
*** SUMMARY ***
Total pot 60 | Rake 0 
Seat 1: yasinalfredo (big blind) folded before Flop
Seat 2: altemirburlin (button) folded before Flop (didn't bet)
Seat 3: Mahu2021 (small blind) collected (60)



PokerStars Hand #243268975237: Tournament #3581580220, $0.92+$0.08 USD Hold'em No Limit - Level II (15/30) - 2023/04/23 17:15:21 CET [2023/04/23 11:15:21 ET]
Table '3581580220 1' 3-max Seat #3 is the button
Seat 1: yasinalfredo (740 in chips) 
Seat 2: altemirburlin (390 in chips) 
Seat 3: Mahu2021 (370 in chips) 
yasinalfredo: posts small blind 15
altemirburlin: posts big blind 30
*** HOLE CARDS ***
Dealt to Mahu2021 [4d 8h]
Mahu2021: folds 
yasinalfredo: folds 
Uncalled bet (15) returned to altemirburlin
altemirburlin collected 30 from pot
altemirburlin: doesn't show hand 
*** SUMMARY ***
Total pot 30 | Rake 0 
Seat 1: yasinalfredo (small blind) folded before Flop
Seat 2: altemirburlin (big blind) collected (30)
Seat 3: Mahu2021 (button) folded before Flop (didn't bet)



PokerStars Hand #243268976847: Tournament #3581580220, $0.92+$0.08 USD Hold'em No Limit - Level II (15/30) - 2023/04/23 17:15:26 CET [2023/04/23 11:15:26 ET]
Table '3581580220 1' 3-max Seat #1 is the button
Seat 1: yasinalfredo (725 in chips) 
Seat 2: altemirburlin (405 in chips) 
Seat 3: Mahu2021 (370 in chips) 
altemirburlin: posts small blind 15
Mahu2021: posts big blind 30
*** HOLE CARDS ***
Dealt to Mahu2021 [9s 5h]
yasinalfredo: calls 30
altemirburlin: folds 
Mahu2021: checks 
*** FLOP *** [Kh 2h 4c]
Mahu2021: checks 
yasinalfredo: bets 90
Mahu2021: folds 
Uncalled bet (90) returned to yasinalfredo
yasinalfredo collected 75 from pot
yasinalfredo: doesn't show hand 
*** SUMMARY ***
Total pot 75 | Rake 0 
Board [Kh 2h 4c]
Seat 1: yasinalfredo (button) collected (75)
Seat 2: altemirburlin (small blind) folded before Flop
Seat 3: Mahu2021 (big blind) folded on the Flop



PokerStars Hand #243268981264: Tournament #3581580220, $0.92+$0.08 USD Hold'em No Limit - Level II (15/30) - 2023/04/23 17:15:39 CET [2023/04/23 11:15:39 ET]
Table '3581580220 1' 3-max Seat #2 is the button
Seat 1: yasinalfredo (770 in chips) 
Seat 2: altemirburlin (390 in chips) 
Seat 3: Mahu2021 (340 in chips) 
Mahu2021: posts small blind 15
yasinalfredo: posts big blind 30
*** HOLE CARDS ***
Dealt to Mahu2021 [8d 8s]
altemirburlin: folds 
Mahu2021: raises 310 to 340 and is all-in
yasinalfredo: folds 
Uncalled bet (310) returned to Mahu2021
Mahu2021 collected 60 from pot
Mahu2021: doesn't show hand 
*** SUMMARY ***
Total pot 60 | Rake 0 
Seat 1: yasinalfredo (big blind) folded before Flop
Seat 2: altemirburlin (button) folded before Flop (didn't bet)
Seat 3: Mahu2021 (small blind) collected (60)



PokerStars Hand #243268984079: Tournament #3581580220, $0.92+$0.08 USD Hold'em No Limit - Level II (15/30) - 2023/04/23 17:15:48 CET [2023/04/23 11:15:48 ET]
Table '3581580220 1' 3-max Seat #3 is the button
Seat 1: yasinalfredo (740 in chips) 
Seat 2: altemirburlin (390 in chips) 
Seat 3: Mahu2021 (370 in chips) 
yasinalfredo: posts small blind 15
altemirburlin: posts big blind 30
*** HOLE CARDS ***
Dealt to Mahu2021 [4s Qc]
Mahu2021: folds 
yasinalfredo: calls 15
altemirburlin: checks 
*** FLOP *** [6c Kc 7h]
yasinalfredo: checks 
altemirburlin: bets 30
yasinalfredo: folds 
Uncalled bet (30) returned to altemirburlin
altemirburlin collected 60 from pot
altemirburlin: doesn't show hand 
*** SUMMARY ***
Total pot 60 | Rake 0 
Board [6c Kc 7h]
Seat 1: yasinalfredo (small blind) folded on the Flop
Seat 2: altemirburlin (big blind) collected (60)
Seat 3: Mahu2021 (button) folded before Flop (didn't bet)



PokerStars Hand #243268990066: Tournament #3581580220, $0.92+$0.08 USD Hold'em No Limit - Level II (15/30) - 2023/04/23 17:16:05 CET [2023/04/23 11:16:05 ET]
Table '3581580220 1' 3-max Seat #1 is the button
Seat 1: yasinalfredo (710 in chips) 
Seat 2: altemirburlin (420 in chips) 
Seat 3: Mahu2021 (370 in chips) 
altemirburlin: posts small blind 15
Mahu2021: posts big blind 30
*** HOLE CARDS ***
Dealt to Mahu2021 [Kc Td]
yasinalfredo: folds 
altemirburlin: folds 
Uncalled bet (15) returned to Mahu2021
Mahu2021 collected 30 from pot
Mahu2021: doesn't show hand 
*** SUMMARY ***
Total pot 30 | Rake 0 
Seat 1: yasinalfredo (button) folded before Flop (didn't bet)
Seat 2: altemirburlin (small blind) folded before Flop
Seat 3: Mahu2021 (big blind) collected (30)



PokerStars Hand #243268992979: Tournament #3581580220, $0.92+$0.08 USD Hold'em No Limit - Level II (15/30) - 2023/04/23 17:16:14 CET [2023/04/23 11:16:14 ET]
Table '3581580220 1' 3-max Seat #2 is the button
Seat 1: yasinalfredo (710 in chips) 
Seat 2: altemirburlin (405 in chips) 
Seat 3: Mahu2021 (385 in chips) 
Mahu2021: posts small blind 15
yasinalfredo: posts big blind 30
*** HOLE CARDS ***
Dealt to Mahu2021 [Ts 7d]
altemirburlin: folds 
Mahu2021: calls 15
yasinalfredo: checks 
*** FLOP *** [9d 6d As]
Mahu2021: bets 30
yasinalfredo: calls 30
*** TURN *** [9d 6d As] [5d]
Mahu2021: checks 
yasinalfredo: checks 
*** RIVER *** [9d 6d As 5d] [Kc]
Mahu2021: checks 
yasinalfredo: checks 
*** SHOW DOWN ***
Mahu2021: shows [Ts 7d] (high card Ace)
yasinalfredo: shows [9s Js] (a pair of Nines)
yasinalfredo collected 120 from pot
*** SUMMARY ***
Total pot 120 | Rake 0 
Board [9d 6d As 5d Kc]
Seat 1: yasinalfredo (big blind) showed [9s Js] and won (120) with a pair of Nines
Seat 2: altemirburlin (button) folded before Flop (didn't bet)
Seat 3: Mahu2021 (small blind) showed [Ts 7d] and lost with high card Ace



PokerStars Hand #243268998776: Tournament #3581580220, $0.92+$0.08 USD Hold'em No Limit - Level II (15/30) - 2023/04/23 17:16:31 CET [2023/04/23 11:16:31 ET]
Table '3581580220 1' 3-max Seat #3 is the button
Seat 1: yasinalfredo (770 in chips) 
Seat 2: altemirburlin (405 in chips) 
Seat 3: Mahu2021 (325 in chips) 
yasinalfredo: posts small blind 15
altemirburlin: posts big blind 30
*** HOLE CARDS ***
Dealt to Mahu2021 [Kd Ks]
Mahu2021: raises 30 to 60
yasinalfredo: calls 45
altemirburlin: folds 
*** FLOP *** [Qc Qs Jd]
yasinalfredo: checks 
Mahu2021: bets 265 and is all-in
yasinalfredo: folds 
Uncalled bet (265) returned to Mahu2021
Mahu2021 collected 150 from pot
Mahu2021: doesn't show hand 
*** SUMMARY ***
Total pot 150 | Rake 0 
Board [Qc Qs Jd]
Seat 1: yasinalfredo (small blind) folded on the Flop
Seat 2: altemirburlin (big blind) folded before Flop
Seat 3: Mahu2021 (button) collected (150)



PokerStars Hand #243269003886: Tournament #3581580220, $0.92+$0.08 USD Hold'em No Limit - Level II (15/30) - 2023/04/23 17:16:46 CET [2023/04/23 11:16:46 ET]
Table '3581580220 1' 3-max Seat #1 is the button
Seat 1: yasinalfredo (710 in chips) 
Seat 2: altemirburlin (375 in chips) 
Seat 3: Mahu2021 (415 in chips) 
altemirburlin: posts small blind 15
Mahu2021: posts big blind 30
*** HOLE CARDS ***
Dealt to Mahu2021 [6c Kd]
yasinalfredo: folds 
altemirburlin: raises 30 to 60
Mahu2021: calls 30
*** FLOP *** [9s 3s Ks]
altemirburlin: bets 60
Mahu2021: raises 295 to 355 and is all-in
altemirburlin: folds 
Uncalled bet (295) returned to Mahu2021
Mahu2021 collected 240 from pot
Mahu2021: doesn't show hand 
*** SUMMARY ***
Total pot 240 | Rake 0 
Board [9s 3s Ks]
Seat 1: yasinalfredo (button) folded before Flop (didn't bet)
Seat 2: altemirburlin (small blind) folded on the Flop
Seat 3: Mahu2021 (big blind) collected (240)



PokerStars Hand #243269013416: Tournament #3581580220, $0.92+$0.08 USD Hold'em No Limit - Level III (20/40) - 2023/04/23 17:17:14 CET [2023/04/23 11:17:14 ET]
Table '3581580220 1' 3-max Seat #2 is the button
Seat 1: yasinalfredo (710 in chips) 
Seat 2: altemirburlin (255 in chips) 
Seat 3: Mahu2021 (535 in chips) 
Mahu2021: posts small blind 20
yasinalfredo: posts big blind 40
*** HOLE CARDS ***
Dealt to Mahu2021 [Tc 3s]
altemirburlin: folds 
Mahu2021: folds 
Uncalled bet (20) returned to yasinalfredo
yasinalfredo collected 40 from pot
yasinalfredo: doesn't show hand 
*** SUMMARY ***
Total pot 40 | Rake 0 
Seat 1: yasinalfredo (big blind) collected (40)
Seat 2: altemirburlin (button) folded before Flop (didn't bet)
Seat 3: Mahu2021 (small blind) folded before Flop



PokerStars Hand #243269016258: Tournament #3581580220, $0.92+$0.08 USD Hold'em No Limit - Level III (20/40) - 2023/04/23 17:17:23 CET [2023/04/23 11:17:23 ET]
Table '3581580220 1' 3-max Seat #3 is the button
Seat 1: yasinalfredo (730 in chips) 
Seat 2: altemirburlin (255 in chips) 
Seat 3: Mahu2021 (515 in chips) 
yasinalfredo: posts small blind 20
altemirburlin: posts big blind 40
*** HOLE CARDS ***
Dealt to Mahu2021 [5h 2d]
Mahu2021: folds 
yasinalfredo has timed out
yasinalfredo: folds 
yasinalfredo is sitting out
Uncalled bet (20) returned to altemirburlin
altemirburlin collected 40 from pot
altemirburlin: doesn't show hand 
*** SUMMARY ***
Total pot 40 | Rake 0 
Seat 1: yasinalfredo (small blind) folded before Flop
Seat 2: altemirburlin (big blind) collected (40)
Seat 3: Mahu2021 (button) folded before Flop (didn't bet)



PokerStars Hand #243269025967: Tournament #3581580220, $0.92+$0.08 USD Hold'em No Limit - Level III (20/40) - 2023/04/23 17:17:51 CET [2023/04/23 11:17:51 ET]
Table '3581580220 1' 3-max Seat #1 is the button
Seat 1: yasinalfredo (710 in chips) is sitting out
Seat 2: altemirburlin (275 in chips) 
Seat 3: Mahu2021 (515 in chips) 
altemirburlin: posts small blind 20
Mahu2021: posts big blind 40
*** HOLE CARDS ***
Dealt to Mahu2021 [7h 6h]
yasinalfredo: folds 
altemirburlin: folds 
Uncalled bet (20) returned to Mahu2021
Mahu2021 collected 40 from pot
Mahu2021: doesn't show hand 
*** SUMMARY ***
Total pot 40 | Rake 0 
Seat 1: yasinalfredo (button) folded before Flop (didn't bet)
Seat 2: altemirburlin (small blind) folded before Flop
Seat 3: Mahu2021 (big blind) collected (40)



PokerStars Hand #243269027726: Tournament #3581580220, $0.92+$0.08 USD Hold'em No Limit - Level III (20/40) - 2023/04/23 17:17:57 CET [2023/04/23 11:17:57 ET]
Table '3581580220 1' 3-max Seat #2 is the button
Seat 1: yasinalfredo (710 in chips) is sitting out
Seat 2: altemirburlin (255 in chips) 
Seat 3: Mahu2021 (535 in chips) 
Mahu2021: posts small blind 20
yasinalfredo: posts big blind 40
*** HOLE CARDS ***
Dealt to Mahu2021 [5s 6s]
altemirburlin: folds 
yasinalfredo has returned
Mahu2021: raises 40 to 80
yasinalfredo: calls 40
*** FLOP *** [7h Ac Jh]
Mahu2021: bets 80
yasinalfredo: calls 80
*** TURN *** [7h Ac Jh] [9d]
Mahu2021: checks 
yasinalfredo: bets 120
Mahu2021: folds 
Uncalled bet (120) returned to yasinalfredo
yasinalfredo collected 320 from pot
yasinalfredo: doesn't show hand 
*** SUMMARY ***
Total pot 320 | Rake 0 
Board [7h Ac Jh 9d]
Seat 1: yasinalfredo (big blind) collected (320)
Seat 2: altemirburlin (button) folded before Flop (didn't bet)
Seat 3: Mahu2021 (small blind) folded on the Turn



PokerStars Hand #243269034401: Tournament #3581580220, $0.92+$0.08 USD Hold'em No Limit - Level III (20/40) - 2023/04/23 17:18:16 CET [2023/04/23 11:18:16 ET]
Table '3581580220 1' 3-max Seat #3 is the button
Seat 1: yasinalfredo (870 in chips) 
Seat 2: altemirburlin (255 in chips) 
Seat 3: Mahu2021 (375 in chips) 
yasinalfredo: posts small blind 20
altemirburlin: posts big blind 40
*** HOLE CARDS ***
Dealt to Mahu2021 [2c Td]
Mahu2021: folds 
yasinalfredo: folds 
Uncalled bet (20) returned to altemirburlin
altemirburlin collected 40 from pot
altemirburlin: doesn't show hand 
*** SUMMARY ***
Total pot 40 | Rake 0 
Seat 1: yasinalfredo (small blind) folded before Flop
Seat 2: altemirburlin (big blind) collected (40)
Seat 3: Mahu2021 (button) folded before Flop (didn't bet)



PokerStars Hand #243269036231: Tournament #3581580220, $0.92+$0.08 USD Hold'em No Limit - Level III (20/40) - 2023/04/23 17:18:22 CET [2023/04/23 11:18:22 ET]
Table '3581580220 1' 3-max Seat #1 is the button
Seat 1: yasinalfredo (850 in chips) 
Seat 2: altemirburlin (275 in chips) 
Seat 3: Mahu2021 (375 in chips) 
altemirburlin: posts small blind 20
Mahu2021: posts big blind 40
*** HOLE CARDS ***
Dealt to Mahu2021 [7s 3d]
yasinalfredo: calls 40
altemirburlin: raises 40 to 80
Mahu2021: folds 
yasinalfredo: calls 40
*** FLOP *** [5c 6h Jc]
altemirburlin: checks 
yasinalfredo: checks 
*** TURN *** [5c 6h Jc] [9c]
altemirburlin: checks 
yasinalfredo: bets 80
altemirburlin: raises 115 to 195 and is all-in
yasinalfredo: folds 
Uncalled bet (115) returned to altemirburlin
altemirburlin collected 360 from pot
altemirburlin: doesn't show hand 
*** SUMMARY ***
Total pot 360 | Rake 0 
Board [5c 6h Jc 9c]
Seat 1: yasinalfredo (button) folded on the Turn
Seat 2: altemirburlin (small blind) collected (360)
Seat 3: Mahu2021 (big blind) folded before Flop



PokerStars Hand #243269046083: Tournament #3581580220, $0.92+$0.08 USD Hold'em No Limit - Level III (20/40) - 2023/04/23 17:18:51 CET [2023/04/23 11:18:51 ET]
Table '3581580220 1' 3-max Seat #2 is the button
Seat 1: yasinalfredo (690 in chips) 
Seat 2: altemirburlin (475 in chips) 
Seat 3: Mahu2021 (335 in chips) 
Mahu2021: posts small blind 20
yasinalfredo: posts big blind 40
*** HOLE CARDS ***
Dealt to Mahu2021 [6c Js]
altemirburlin: folds 
Mahu2021: calls 20
yasinalfredo: checks 
*** FLOP *** [9s Qd Th]
Mahu2021: bets 40
yasinalfredo: raises 610 to 650 and is all-in
Mahu2021: calls 255 and is all-in
Uncalled bet (355) returned to yasinalfredo
*** TURN *** [9s Qd Th] [6h]
*** RIVER *** [9s Qd Th 6h] [As]
*** SHOW DOWN ***
Mahu2021: shows [6c Js] (a pair of Sixes)
yasinalfredo: shows [6d Qc] (two pair, Queens and Sixes)
yasinalfredo collected 670 from pot
Mahu2021 finished the tournament in 3rd place
*** SUMMARY ***
Total pot 670 | Rake 0 
Board [9s Qd Th 6h As]
Seat 1: yasinalfredo (big blind) showed [6d Qc] and won (670) with two pair, Queens and Sixes
Seat 2: altemirburlin (button) folded before Flop (didn't bet)
Seat 3: Mahu2021 (small blind) showed [6c Js] and lost with a pair of Sixes



