PokerStars Hand #253401074414: Tournament #3823457469, $1.84+$0.16 USD Hold'em No Limit - Level I (10/20) - 2024/11/14 19:57:34 CET [2024/11/14 13:57:34 ET]
Table '3823457469 1' 3-max Seat #1 is the button
Seat 1: Mahu2021 (500 in chips) 
Seat 2: Galw009 (500 in chips) 
Seat 3: grounded.6 (500 in chips) 
Galw009: posts small blind 10
grounded.6: posts big blind 20
*** HOLE CARDS ***
Dealt to Mahu2021 [3c Ac]
Mahu2021: calls 20
Galw009: raises 20 to 40
grounded.6: calls 20
Mahu2021: calls 20
*** FLOP *** [Ts 9h 7c]
Galw009: checks 
grounded.6: bets 120
Mahu2021: folds 
Galw009: folds 
Uncalled bet (120) returned to grounded.6
grounded.6 collected 120 from pot
*** SUMMARY ***
Total pot 120 | Rake 0 
Board [Ts 9h 7c]
Seat 1: Mahu2021 (button) folded on the Flop
Seat 2: Galw009 (small blind) folded on the Flop
Seat 3: grounded.6 (big blind) collected (120)



PokerStars Hand #253401078731: Tournament #3823457469, $1.84+$0.16 USD Hold'em No Limit - Level I (10/20) - 2024/11/14 19:57:55 CET [2024/11/14 13:57:55 ET]
Table '3823457469 1' 3-max Seat #2 is the button
Seat 1: Mahu2021 (460 in chips) 
Seat 2: Galw009 (460 in chips) 
Seat 3: grounded.6 (580 in chips) 
grounded.6: posts small blind 10
Mahu2021: posts big blind 20
*** HOLE CARDS ***
Dealt to Mahu2021 [Js 2d]
Galw009: calls 20
grounded.6: calls 10
Mahu2021: checks 
*** FLOP *** [Th Kd 4d]
grounded.6: checks 
Mahu2021: checks 
Galw009: bets 40
grounded.6: folds 
Mahu2021: folds 
Uncalled bet (40) returned to Galw009
Galw009 collected 60 from pot
Galw009: doesn't show hand 
*** SUMMARY ***
Total pot 60 | Rake 0 
Board [Th Kd 4d]
Seat 1: Mahu2021 (big blind) folded on the Flop
Seat 2: Galw009 (button) collected (60)
Seat 3: grounded.6 (small blind) folded on the Flop



PokerStars Hand #253401081715: Tournament #3823457469, $1.84+$0.16 USD Hold'em No Limit - Level I (10/20) - 2024/11/14 19:58:09 CET [2024/11/14 13:58:09 ET]
Table '3823457469 1' 3-max Seat #3 is the button
Seat 1: Mahu2021 (440 in chips) 
Seat 2: Galw009 (500 in chips) 
Seat 3: grounded.6 (560 in chips) 
Mahu2021: posts small blind 10
Galw009: posts big blind 20
*** HOLE CARDS ***
Dealt to Mahu2021 [Jd Qc]
grounded.6: raises 20 to 40
Mahu2021: calls 30
Galw009: calls 20
*** FLOP *** [5c Ac 8s]
Mahu2021: checks 
Galw009: checks 
grounded.6: bets 60
Mahu2021: folds 
Galw009: calls 60
*** TURN *** [5c Ac 8s] [3c]
Galw009: checks 
grounded.6: bets 120
Galw009: folds 
Uncalled bet (120) returned to grounded.6
grounded.6 collected 240 from pot
*** SUMMARY ***
Total pot 240 | Rake 0 
Board [5c Ac 8s 3c]
Seat 1: Mahu2021 (small blind) folded on the Flop
Seat 2: Galw009 (big blind) folded on the Turn
Seat 3: grounded.6 (button) collected (240)



PokerStars Hand #253401086402: Tournament #3823457469, $1.84+$0.16 USD Hold'em No Limit - Level I (10/20) - 2024/11/14 19:58:32 CET [2024/11/14 13:58:32 ET]
Table '3823457469 1' 3-max Seat #1 is the button
Seat 1: Mahu2021 (400 in chips) 
Seat 2: Galw009 (400 in chips) 
Seat 3: grounded.6 (700 in chips) 
Galw009: posts small blind 10
grounded.6: posts big blind 20
*** HOLE CARDS ***
Dealt to Mahu2021 [2d Ts]
Mahu2021: folds 
Galw009: calls 10
grounded.6: checks 
*** FLOP *** [6s 9d 9h]
Galw009: checks 
grounded.6: checks 
*** TURN *** [6s 9d 9h] [9s]
Galw009: checks 
grounded.6: bets 40
Galw009: calls 40
*** RIVER *** [6s 9d 9h 9s] [Qs]
Galw009: checks 
grounded.6: bets 120
Galw009: folds 
Uncalled bet (120) returned to grounded.6
grounded.6 collected 120 from pot
*** SUMMARY ***
Total pot 120 | Rake 0 
Board [6s 9d 9h 9s Qs]
Seat 1: Mahu2021 (button) folded before Flop (didn't bet)
Seat 2: Galw009 (small blind) folded on the River
Seat 3: grounded.6 (big blind) collected (120)



PokerStars Hand #253401090577: Tournament #3823457469, $1.84+$0.16 USD Hold'em No Limit - Level I (10/20) - 2024/11/14 19:58:52 CET [2024/11/14 13:58:52 ET]
Table '3823457469 1' 3-max Seat #2 is the button
Seat 1: Mahu2021 (400 in chips) 
Seat 2: Galw009 (340 in chips) 
Seat 3: grounded.6 (760 in chips) 
grounded.6: posts small blind 10
Mahu2021: posts big blind 20
*** HOLE CARDS ***
Dealt to Mahu2021 [Ac 8s]
Galw009: folds 
grounded.6: calls 10
Mahu2021: raises 60 to 80
grounded.6: calls 60
*** FLOP *** [4s 8d Js]
grounded.6: bets 160
Mahu2021: raises 160 to 320 and is all-in
grounded.6: calls 160
*** TURN *** [4s 8d Js] [6s]
*** RIVER *** [4s 8d Js 6s] [Ts]
*** SHOW DOWN ***
grounded.6: shows [Qh 4h] (a pair of Fours)
Mahu2021: shows [Ac 8s] (a flush, Jack high)
Mahu2021 collected 800 from pot
*** SUMMARY ***
Total pot 800 | Rake 0 
Board [4s 8d Js 6s Ts]
Seat 1: Mahu2021 (big blind) showed [Ac 8s] and won (800) with a flush, Jack high
Seat 2: Galw009 (button) folded before Flop (didn't bet)
Seat 3: grounded.6 (small blind) showed [Qh 4h] and lost with a pair of Fours



PokerStars Hand #253401094155: Tournament #3823457469, $1.84+$0.16 USD Hold'em No Limit - Level I (10/20) - 2024/11/14 19:59:09 CET [2024/11/14 13:59:09 ET]
Table '3823457469 1' 3-max Seat #3 is the button
Seat 1: Mahu2021 (800 in chips) 
Seat 2: Galw009 (340 in chips) 
Seat 3: grounded.6 (360 in chips) 
Mahu2021: posts small blind 10
Galw009: posts big blind 20
*** HOLE CARDS ***
Dealt to Mahu2021 [Ks Kc]
grounded.6: raises 20 to 40
Mahu2021: raises 760 to 800 and is all-in
Galw009: calls 320 and is all-in
grounded.6: calls 320 and is all-in
Uncalled bet (440) returned to Mahu2021
*** FLOP *** [8d 5c 4d]
*** TURN *** [8d 5c 4d] [Kh]
*** RIVER *** [8d 5c 4d Kh] [3s]
*** SHOW DOWN ***
Mahu2021: shows [Ks Kc] (three of a kind, Kings)
grounded.6: shows [7s Qs] (high card King)
Mahu2021 collected 40 from side pot
Galw009: shows [5s Ah] (a pair of Fives)
Mahu2021 collected 1020 from main pot
grounded.6 finished the tournament in 2nd place
Galw009 finished the tournament in 3rd place
Mahu2021 wins the tournament and receives $6.00 - congratulations!
*** SUMMARY ***
Total pot 1060 Main pot 1020. Side pot 40. | Rake 0 
Board [8d 5c 4d Kh 3s]
Seat 1: Mahu2021 (small blind) showed [Ks Kc] and won (1060) with three of a kind, Kings
Seat 2: Galw009 (big blind) showed [5s Ah] and lost with a pair of Fives
Seat 3: grounded.6 (button) showed [7s Qs] and lost with high card King



