PokerStars Hand #250425959527: Tournament #3752811277, $1.84+$0.16 USD Hold'em No Limit - Level I (10/20) - 2024/05/10 18:58:33 CET [2024/05/10 12:58:33 ET]
Table '3752811277 1' 3-max Seat #1 is the button
Seat 1: Luckyjack41 (500 in chips) 
Seat 2: Stoic93 (500 in chips) 
Seat 3: Mahu2021 (500 in chips) 
Stoic93: posts small blind 10
Mahu2021: posts big blind 20
*** HOLE CARDS ***
Dealt to Mahu2021 [Qc 5c]
Luckyjack41: raises 480 to 500 and is all-in
Stoic93: folds 
Mahu2021: folds 
Uncalled bet (480) returned to Luckyjack41
Luckyjack41 collected 50 from pot
Luckyjack41: doesn't show hand 
*** SUMMARY ***
Total pot 50 | Rake 0 
Seat 1: Luckyjack41 (button) collected (50)
Seat 2: Stoic93 (small blind) folded before Flop
Seat 3: Mahu2021 (big blind) folded before Flop



PokerStars Hand #250425961048: Tournament #3752811277, $1.84+$0.16 USD Hold'em No Limit - Level I (10/20) - 2024/05/10 18:58:41 CET [2024/05/10 12:58:41 ET]
Table '3752811277 1' 3-max Seat #2 is the button
Seat 1: Luckyjack41 (530 in chips) 
Seat 2: Stoic93 (490 in chips) 
Seat 3: Mahu2021 (480 in chips) 
Mahu2021: posts small blind 10
Luckyjack41: posts big blind 20
*** HOLE CARDS ***
Dealt to Mahu2021 [7c Ts]
Stoic93: raises 20 to 40
Mahu2021: folds 
Luckyjack41: calls 20
*** FLOP *** [Ks 4s Ac]
Luckyjack41: checks 
Stoic93: bets 52
Luckyjack41: folds 
Uncalled bet (52) returned to Stoic93
Stoic93 collected 90 from pot
*** SUMMARY ***
Total pot 90 | Rake 0 
Board [Ks 4s Ac]
Seat 1: Luckyjack41 (big blind) folded on the Flop
Seat 2: Stoic93 (button) collected (90)
Seat 3: Mahu2021 (small blind) folded before Flop



PokerStars Hand #250425963769: Tournament #3752811277, $1.84+$0.16 USD Hold'em No Limit - Level I (10/20) - 2024/05/10 18:58:56 CET [2024/05/10 12:58:56 ET]
Table '3752811277 1' 3-max Seat #3 is the button
Seat 1: Luckyjack41 (490 in chips) 
Seat 2: Stoic93 (540 in chips) 
Seat 3: Mahu2021 (470 in chips) 
Luckyjack41: posts small blind 10
Stoic93: posts big blind 20
*** HOLE CARDS ***
Dealt to Mahu2021 [Js 9h]
Mahu2021: calls 20
Luckyjack41: calls 10
Stoic93: raises 520 to 540 and is all-in
Mahu2021: folds 
Luckyjack41: folds 
Uncalled bet (520) returned to Stoic93
Stoic93 collected 60 from pot
*** SUMMARY ***
Total pot 60 | Rake 0 
Seat 1: Luckyjack41 (small blind) folded before Flop
Seat 2: Stoic93 (big blind) collected (60)
Seat 3: Mahu2021 (button) folded before Flop



PokerStars Hand #250425966001: Tournament #3752811277, $1.84+$0.16 USD Hold'em No Limit - Level I (10/20) - 2024/05/10 18:59:07 CET [2024/05/10 12:59:07 ET]
Table '3752811277 1' 3-max Seat #1 is the button
Seat 1: Luckyjack41 (470 in chips) 
Seat 2: Stoic93 (580 in chips) 
Seat 3: Mahu2021 (450 in chips) 
Stoic93: posts small blind 10
Mahu2021: posts big blind 20
*** HOLE CARDS ***
Dealt to Mahu2021 [7h 5c]
Luckyjack41: calls 20
Stoic93: folds 
Mahu2021: checks 
*** FLOP *** [7d 5d Qc]
Mahu2021: checks 
Luckyjack41: checks 
*** TURN *** [7d 5d Qc] [5s]
Mahu2021: checks 
Luckyjack41: bets 50
Mahu2021: raises 50 to 100
Luckyjack41: folds 
Uncalled bet (50) returned to Mahu2021
Mahu2021 collected 150 from pot
Mahu2021: doesn't show hand 
*** SUMMARY ***
Total pot 150 | Rake 0 
Board [7d 5d Qc 5s]
Seat 1: Luckyjack41 (button) folded on the Turn
Seat 2: Stoic93 (small blind) folded before Flop
Seat 3: Mahu2021 (big blind) collected (150)



PokerStars Hand #250425969301: Tournament #3752811277, $1.84+$0.16 USD Hold'em No Limit - Level I (10/20) - 2024/05/10 18:59:25 CET [2024/05/10 12:59:25 ET]
Table '3752811277 1' 3-max Seat #2 is the button
Seat 1: Luckyjack41 (400 in chips) 
Seat 2: Stoic93 (570 in chips) 
Seat 3: Mahu2021 (530 in chips) 
Mahu2021: posts small blind 10
Luckyjack41: posts big blind 20
*** HOLE CARDS ***
Dealt to Mahu2021 [Qh 9h]
Stoic93: raises 20 to 40
Mahu2021: calls 30
Luckyjack41: calls 20
*** FLOP *** [Qc 8d 6s]
Mahu2021: bets 40
Luckyjack41: calls 40
Stoic93: folds 
*** TURN *** [Qc 8d 6s] [Kd]
Mahu2021: checks 
Luckyjack41: bets 320 and is all-in
Mahu2021: folds 
Uncalled bet (320) returned to Luckyjack41
Luckyjack41 collected 200 from pot
Luckyjack41: doesn't show hand 
*** SUMMARY ***
Total pot 200 | Rake 0 
Board [Qc 8d 6s Kd]
Seat 1: Luckyjack41 (big blind) collected (200)
Seat 2: Stoic93 (button) folded on the Flop
Seat 3: Mahu2021 (small blind) folded on the Turn



PokerStars Hand #250425973565: Tournament #3752811277, $1.84+$0.16 USD Hold'em No Limit - Level I (10/20) - 2024/05/10 18:59:47 CET [2024/05/10 12:59:47 ET]
Table '3752811277 1' 3-max Seat #3 is the button
Seat 1: Luckyjack41 (520 in chips) 
Seat 2: Stoic93 (530 in chips) 
Seat 3: Mahu2021 (450 in chips) 
Luckyjack41: posts small blind 10
Stoic93: posts big blind 20
*** HOLE CARDS ***
Dealt to Mahu2021 [Ah Jd]
Mahu2021: calls 20
Luckyjack41: calls 10
Stoic93: checks 
*** FLOP *** [Kh 8h 2s]
Luckyjack41: checks 
Stoic93: checks 
Mahu2021: checks 
*** TURN *** [Kh 8h 2s] [9h]
Luckyjack41: checks 
Stoic93: checks 
Mahu2021: bets 60
Luckyjack41: folds 
Stoic93: folds 
Uncalled bet (60) returned to Mahu2021
Mahu2021 collected 60 from pot
Mahu2021: doesn't show hand 
*** SUMMARY ***
Total pot 60 | Rake 0 
Board [Kh 8h 2s 9h]
Seat 1: Luckyjack41 (small blind) folded on the Turn
Seat 2: Stoic93 (big blind) folded on the Turn
Seat 3: Mahu2021 (button) collected (60)



PokerStars Hand #250425981419: Tournament #3752811277, $1.84+$0.16 USD Hold'em No Limit - Level I (10/20) - 2024/05/10 19:00:28 CET [2024/05/10 13:00:28 ET]
Table '3752811277 1' 3-max Seat #1 is the button
Seat 1: Luckyjack41 (500 in chips) 
Seat 2: Stoic93 (510 in chips) 
Seat 3: Mahu2021 (490 in chips) 
Stoic93: posts small blind 10
Mahu2021: posts big blind 20
*** HOLE CARDS ***
Dealt to Mahu2021 [2c 8s]
Luckyjack41: folds 
Stoic93: calls 10
Mahu2021: checks 
*** FLOP *** [7h Jh Jd]
Stoic93: checks 
Mahu2021: checks 
*** TURN *** [7h Jh Jd] [7d]
Stoic93: bets 20
Mahu2021: folds 
Uncalled bet (20) returned to Stoic93
Stoic93 collected 40 from pot
*** SUMMARY ***
Total pot 40 | Rake 0 
Board [7h Jh Jd 7d]
Seat 1: Luckyjack41 (button) folded before Flop (didn't bet)
Seat 2: Stoic93 (small blind) collected (40)
Seat 3: Mahu2021 (big blind) folded on the Turn



PokerStars Hand #250425984147: Tournament #3752811277, $1.84+$0.16 USD Hold'em No Limit - Level I (10/20) - 2024/05/10 19:00:41 CET [2024/05/10 13:00:41 ET]
Table '3752811277 1' 3-max Seat #2 is the button
Seat 1: Luckyjack41 (500 in chips) 
Seat 2: Stoic93 (530 in chips) 
Seat 3: Mahu2021 (470 in chips) 
Mahu2021: posts small blind 10
Luckyjack41: posts big blind 20
*** HOLE CARDS ***
Dealt to Mahu2021 [8d 2s]
Stoic93: folds 
Mahu2021: folds 
Uncalled bet (10) returned to Luckyjack41
Luckyjack41 collected 20 from pot
Luckyjack41: doesn't show hand 
*** SUMMARY ***
Total pot 20 | Rake 0 
Seat 1: Luckyjack41 (big blind) collected (20)
Seat 2: Stoic93 (button) folded before Flop (didn't bet)
Seat 3: Mahu2021 (small blind) folded before Flop



PokerStars Hand #250425985128: Tournament #3752811277, $1.84+$0.16 USD Hold'em No Limit - Level I (10/20) - 2024/05/10 19:00:45 CET [2024/05/10 13:00:45 ET]
Table '3752811277 1' 3-max Seat #3 is the button
Seat 1: Luckyjack41 (510 in chips) 
Seat 2: Stoic93 (530 in chips) 
Seat 3: Mahu2021 (460 in chips) 
Luckyjack41: posts small blind 10
Stoic93: posts big blind 20
*** HOLE CARDS ***
Dealt to Mahu2021 [Jh Kd]
Mahu2021: raises 20 to 40
Luckyjack41: calls 30
Stoic93: calls 20
*** FLOP *** [5d Ad 5s]
Luckyjack41: checks 
Stoic93: checks 
Mahu2021: checks 
*** TURN *** [5d Ad 5s] [Td]
Luckyjack41: checks 
Stoic93: bets 80
Mahu2021: calls 80
Luckyjack41: folds 
*** RIVER *** [5d Ad 5s Td] [2d]
Stoic93: bets 180
Mahu2021: raises 160 to 340 and is all-in
Stoic93: folds 
Uncalled bet (160) returned to Mahu2021
Mahu2021 collected 640 from pot
Mahu2021: doesn't show hand 
*** SUMMARY ***
Total pot 640 | Rake 0 
Board [5d Ad 5s Td 2d]
Seat 1: Luckyjack41 (small blind) folded on the Turn
Seat 2: Stoic93 (big blind) folded on the River
Seat 3: Mahu2021 (button) collected (640)



PokerStars Hand #250425997147: Tournament #3752811277, $1.84+$0.16 USD Hold'em No Limit - Level II (15/30) - 2024/05/10 19:01:40 CET [2024/05/10 13:01:40 ET]
Table '3752811277 1' 3-max Seat #1 is the button
Seat 1: Luckyjack41 (470 in chips) 
Seat 2: Stoic93 (230 in chips) 
Seat 3: Mahu2021 (800 in chips) 
Stoic93: posts small blind 15
Mahu2021: posts big blind 30
*** HOLE CARDS ***
Dealt to Mahu2021 [Th Kh]
Luckyjack41: calls 30
Stoic93: raises 200 to 230 and is all-in
Mahu2021: calls 200
Luckyjack41: folds 
*** FLOP *** [3d 6c 3s]
*** TURN *** [3d 6c 3s] [5s]
*** RIVER *** [3d 6c 3s 5s] [Jd]
*** SHOW DOWN ***
Stoic93: shows [Js Ad] (two pair, Jacks and Threes)
Mahu2021: shows [Th Kh] (a pair of Threes)
Stoic93 collected 490 from pot
*** SUMMARY ***
Total pot 490 | Rake 0 
Board [3d 6c 3s 5s Jd]
Seat 1: Luckyjack41 (button) folded before Flop
Seat 2: Stoic93 (small blind) showed [Js Ad] and won (490) with two pair, Jacks and Threes
Seat 3: Mahu2021 (big blind) showed [Th Kh] and lost with a pair of Threes



PokerStars Hand #250426001381: Tournament #3752811277, $1.84+$0.16 USD Hold'em No Limit - Level II (15/30) - 2024/05/10 19:01:58 CET [2024/05/10 13:01:58 ET]
Table '3752811277 1' 3-max Seat #2 is the button
Seat 1: Luckyjack41 (440 in chips) 
Seat 2: Stoic93 (490 in chips) 
Seat 3: Mahu2021 (570 in chips) 
Mahu2021: posts small blind 15
Luckyjack41: posts big blind 30
*** HOLE CARDS ***
Dealt to Mahu2021 [Ts 7h]
Stoic93: folds 
Mahu2021: folds 
Uncalled bet (15) returned to Luckyjack41
Luckyjack41 collected 30 from pot
Luckyjack41: doesn't show hand 
*** SUMMARY ***
Total pot 30 | Rake 0 
Seat 1: Luckyjack41 (big blind) collected (30)
Seat 2: Stoic93 (button) folded before Flop (didn't bet)
Seat 3: Mahu2021 (small blind) folded before Flop



PokerStars Hand #250426002351: Tournament #3752811277, $1.84+$0.16 USD Hold'em No Limit - Level II (15/30) - 2024/05/10 19:02:02 CET [2024/05/10 13:02:02 ET]
Table '3752811277 1' 3-max Seat #3 is the button
Seat 1: Luckyjack41 (455 in chips) 
Seat 2: Stoic93 (490 in chips) 
Seat 3: Mahu2021 (555 in chips) 
Luckyjack41: posts small blind 15
Stoic93: posts big blind 30
*** HOLE CARDS ***
Dealt to Mahu2021 [5s Ts]
Mahu2021: folds 
Luckyjack41: calls 15
Stoic93: raises 60 to 90
Luckyjack41: calls 60
*** FLOP *** [Jd 4c Js]
Luckyjack41: checks 
Stoic93: checks 
*** TURN *** [Jd 4c Js] [7c]
Luckyjack41: checks 
Stoic93: bets 30
Luckyjack41: raises 335 to 365 and is all-in
Stoic93: folds 
Uncalled bet (335) returned to Luckyjack41
Luckyjack41 collected 240 from pot
Luckyjack41: doesn't show hand 
*** SUMMARY ***
Total pot 240 | Rake 0 
Board [Jd 4c Js 7c]
Seat 1: Luckyjack41 (small blind) collected (240)
Seat 2: Stoic93 (big blind) folded on the Turn
Seat 3: Mahu2021 (button) folded before Flop (didn't bet)



PokerStars Hand #250426009851: Tournament #3752811277, $1.84+$0.16 USD Hold'em No Limit - Level II (15/30) - 2024/05/10 19:02:33 CET [2024/05/10 13:02:33 ET]
Table '3752811277 1' 3-max Seat #1 is the button
Seat 1: Luckyjack41 (575 in chips) 
Seat 2: Stoic93 (370 in chips) 
Seat 3: Mahu2021 (555 in chips) 
Stoic93: posts small blind 15
Mahu2021: posts big blind 30
*** HOLE CARDS ***
Dealt to Mahu2021 [6s 9h]
Luckyjack41: calls 30
Stoic93: raises 340 to 370 and is all-in
Mahu2021: folds 
Luckyjack41: calls 340
*** FLOP *** [7c 3d 4h]
*** TURN *** [7c 3d 4h] [Th]
*** RIVER *** [7c 3d 4h Th] [Ts]
*** SHOW DOWN ***
Stoic93: shows [9d Kh] (a pair of Tens)
Luckyjack41: shows [Jc 9s] (a pair of Tens - lower kicker)
Stoic93 collected 770 from pot
*** SUMMARY ***
Total pot 770 | Rake 0 
Board [7c 3d 4h Th Ts]
Seat 1: Luckyjack41 (button) showed [Jc 9s] and lost with a pair of Tens
Seat 2: Stoic93 (small blind) showed [9d Kh] and won (770) with a pair of Tens
Seat 3: Mahu2021 (big blind) folded before Flop



PokerStars Hand #250426015681: Tournament #3752811277, $1.84+$0.16 USD Hold'em No Limit - Level II (15/30) - 2024/05/10 19:02:53 CET [2024/05/10 13:02:53 ET]
Table '3752811277 1' 3-max Seat #2 is the button
Seat 1: Luckyjack41 (205 in chips) 
Seat 2: Stoic93 (770 in chips) 
Seat 3: Mahu2021 (525 in chips) 
Mahu2021: posts small blind 15
Luckyjack41: posts big blind 30
*** HOLE CARDS ***
Dealt to Mahu2021 [Js Qc]
Stoic93: folds 
Mahu2021: raises 495 to 525 and is all-in
Luckyjack41: calls 175 and is all-in
Uncalled bet (320) returned to Mahu2021
*** FLOP *** [3d 7s Ks]
*** TURN *** [3d 7s Ks] [Qs]
*** RIVER *** [3d 7s Ks Qs] [As]
*** SHOW DOWN ***
Mahu2021: shows [Js Qc] (a flush, Ace high)
Luckyjack41: shows [8s Ts] (a flush, Ace high - lower cards)
Mahu2021 collected 410 from pot
Luckyjack41 finished the tournament in 3rd place
*** SUMMARY ***
Total pot 410 | Rake 0 
Board [3d 7s Ks Qs As]
Seat 1: Luckyjack41 (big blind) showed [8s Ts] and lost with a flush, Ace high
Seat 2: Stoic93 (button) folded before Flop (didn't bet)
Seat 3: Mahu2021 (small blind) showed [Js Qc] and won (410) with a flush, Ace high



PokerStars Hand #250426023348: Tournament #3752811277, $1.84+$0.16 USD Hold'em No Limit - Level II (15/30) - 2024/05/10 19:03:23 CET [2024/05/10 13:03:23 ET]
Table '3752811277 1' 3-max Seat #3 is the button
Seat 2: Stoic93 (770 in chips) 
Seat 3: Mahu2021 (730 in chips) 
Mahu2021: posts small blind 15
Stoic93: posts big blind 30
*** HOLE CARDS ***
Dealt to Mahu2021 [8c 9s]
Mahu2021: calls 15
Stoic93: raises 75 to 105
Mahu2021: calls 75
*** FLOP *** [5s 2d 3h]
Stoic93: bets 69
Mahu2021: folds 
Uncalled bet (69) returned to Stoic93
Stoic93 collected 210 from pot
*** SUMMARY ***
Total pot 210 | Rake 0 
Board [5s 2d 3h]
Seat 2: Stoic93 (big blind) collected (210)
Seat 3: Mahu2021 (button) (small blind) folded on the Flop



PokerStars Hand #250426027780: Tournament #3752811277, $1.84+$0.16 USD Hold'em No Limit - Level II (15/30) - 2024/05/10 19:03:40 CET [2024/05/10 13:03:40 ET]
Table '3752811277 1' 3-max Seat #2 is the button
Seat 2: Stoic93 (875 in chips) 
Seat 3: Mahu2021 (625 in chips) 
Stoic93: posts small blind 15
Mahu2021: posts big blind 30
*** HOLE CARDS ***
Dealt to Mahu2021 [Th 9c]
Stoic93: calls 15
Mahu2021: checks 
*** FLOP *** [6d 4s Jd]
Mahu2021: checks 
Stoic93: checks 
*** TURN *** [6d 4s Jd] [As]
Mahu2021: checks 
Stoic93: bets 30
Mahu2021: folds 
Uncalled bet (30) returned to Stoic93
Stoic93 collected 60 from pot
*** SUMMARY ***
Total pot 60 | Rake 0 
Board [6d 4s Jd As]
Seat 2: Stoic93 (button) (small blind) collected (60)
Seat 3: Mahu2021 (big blind) folded on the Turn



PokerStars Hand #250426032322: Tournament #3752811277, $1.84+$0.16 USD Hold'em No Limit - Level II (15/30) - 2024/05/10 19:03:57 CET [2024/05/10 13:03:57 ET]
Table '3752811277 1' 3-max Seat #3 is the button
Seat 2: Stoic93 (905 in chips) 
Seat 3: Mahu2021 (595 in chips) 
Mahu2021: posts small blind 15
Stoic93: posts big blind 30
*** HOLE CARDS ***
Dealt to Mahu2021 [Kc Kd]
Mahu2021: raises 30 to 60
Stoic93: folds 
Uncalled bet (30) returned to Mahu2021
Mahu2021 collected 60 from pot
Mahu2021: doesn't show hand 
*** SUMMARY ***
Total pot 60 | Rake 0 
Seat 2: Stoic93 (big blind) folded before Flop
Seat 3: Mahu2021 (button) (small blind) collected (60)



PokerStars Hand #250426034223: Tournament #3752811277, $1.84+$0.16 USD Hold'em No Limit - Level II (15/30) - 2024/05/10 19:04:04 CET [2024/05/10 13:04:04 ET]
Table '3752811277 1' 3-max Seat #2 is the button
Seat 2: Stoic93 (875 in chips) 
Seat 3: Mahu2021 (625 in chips) 
Stoic93: posts small blind 15
Mahu2021: posts big blind 30
*** HOLE CARDS ***
Dealt to Mahu2021 [4c Td]
Stoic93: raises 75 to 105
Mahu2021: folds 
Uncalled bet (75) returned to Stoic93
Stoic93 collected 60 from pot
*** SUMMARY ***
Total pot 60 | Rake 0 
Seat 2: Stoic93 (button) (small blind) collected (60)
Seat 3: Mahu2021 (big blind) folded before Flop



PokerStars Hand #250426035940: Tournament #3752811277, $1.84+$0.16 USD Hold'em No Limit - Level II (15/30) - 2024/05/10 19:04:10 CET [2024/05/10 13:04:10 ET]
Table '3752811277 1' 3-max Seat #3 is the button
Seat 2: Stoic93 (905 in chips) 
Seat 3: Mahu2021 (595 in chips) 
Mahu2021: posts small blind 15
Stoic93: posts big blind 30
*** HOLE CARDS ***
Dealt to Mahu2021 [3s 7c]
Mahu2021: folds 
Uncalled bet (15) returned to Stoic93
Stoic93 collected 30 from pot
*** SUMMARY ***
Total pot 30 | Rake 0 
Seat 2: Stoic93 (big blind) collected (30)
Seat 3: Mahu2021 (button) (small blind) folded before Flop



PokerStars Hand #250426037132: Tournament #3752811277, $1.84+$0.16 USD Hold'em No Limit - Level II (15/30) - 2024/05/10 19:04:15 CET [2024/05/10 13:04:15 ET]
Table '3752811277 1' 3-max Seat #2 is the button
Seat 2: Stoic93 (920 in chips) 
Seat 3: Mahu2021 (580 in chips) 
Stoic93: posts small blind 15
Mahu2021: posts big blind 30
*** HOLE CARDS ***
Dealt to Mahu2021 [5s 7c]
Stoic93: raises 30 to 60
Mahu2021: calls 30
*** FLOP *** [7d Ks 2h]
Mahu2021: checks 
Stoic93: bets 40
Mahu2021: calls 40
*** TURN *** [7d Ks 2h] [6h]
Mahu2021: checks 
Stoic93: checks 
*** RIVER *** [7d Ks 2h 6h] [6d]
Mahu2021: bets 200
Stoic93: folds 
Uncalled bet (200) returned to Mahu2021
Mahu2021 collected 200 from pot
Mahu2021: doesn't show hand 
*** SUMMARY ***
Total pot 200 | Rake 0 
Board [7d Ks 2h 6h 6d]
Seat 2: Stoic93 (button) (small blind) folded on the River
Seat 3: Mahu2021 (big blind) collected (200)



PokerStars Hand #250426043369: Tournament #3752811277, $1.84+$0.16 USD Hold'em No Limit - Level III (20/40) - 2024/05/10 19:04:38 CET [2024/05/10 13:04:38 ET]
Table '3752811277 1' 3-max Seat #3 is the button
Seat 2: Stoic93 (820 in chips) 
Seat 3: Mahu2021 (680 in chips) 
Mahu2021: posts small blind 20
Stoic93: posts big blind 40
*** HOLE CARDS ***
Dealt to Mahu2021 [5d 2h]
Mahu2021: folds 
Uncalled bet (20) returned to Stoic93
Stoic93 collected 40 from pot
*** SUMMARY ***
Total pot 40 | Rake 0 
Seat 2: Stoic93 (big blind) collected (40)
Seat 3: Mahu2021 (button) (small blind) folded before Flop



PokerStars Hand #250426044585: Tournament #3752811277, $1.84+$0.16 USD Hold'em No Limit - Level III (20/40) - 2024/05/10 19:04:43 CET [2024/05/10 13:04:43 ET]
Table '3752811277 1' 3-max Seat #2 is the button
Seat 2: Stoic93 (840 in chips) 
Seat 3: Mahu2021 (660 in chips) 
Stoic93: posts small blind 20
Mahu2021: posts big blind 40
*** HOLE CARDS ***
Dealt to Mahu2021 [Td 4h]
Stoic93: raises 40 to 80
Mahu2021: folds 
Uncalled bet (40) returned to Stoic93
Stoic93 collected 80 from pot
*** SUMMARY ***
Total pot 80 | Rake 0 
Seat 2: Stoic93 (button) (small blind) collected (80)
Seat 3: Mahu2021 (big blind) folded before Flop



PokerStars Hand #250426046096: Tournament #3752811277, $1.84+$0.16 USD Hold'em No Limit - Level III (20/40) - 2024/05/10 19:04:49 CET [2024/05/10 13:04:49 ET]
Table '3752811277 1' 3-max Seat #3 is the button
Seat 2: Stoic93 (880 in chips) 
Seat 3: Mahu2021 (620 in chips) 
Mahu2021: posts small blind 20
Stoic93: posts big blind 40
*** HOLE CARDS ***
Dealt to Mahu2021 [3c 6c]
Mahu2021: calls 20
Stoic93: checks 
*** FLOP *** [Ad 8d 5c]
Stoic93: checks 
Mahu2021: checks 
*** TURN *** [Ad 8d 5c] [Jd]
Stoic93: checks 
Mahu2021: checks 
*** RIVER *** [Ad 8d 5c Jd] [9h]
Stoic93: checks 
Mahu2021: bets 80
Stoic93: folds 
Uncalled bet (80) returned to Mahu2021
Mahu2021 collected 80 from pot
Mahu2021: doesn't show hand 
*** SUMMARY ***
Total pot 80 | Rake 0 
Board [Ad 8d 5c Jd 9h]
Seat 2: Stoic93 (big blind) folded on the River
Seat 3: Mahu2021 (button) (small blind) collected (80)



PokerStars Hand #250426050331: Tournament #3752811277, $1.84+$0.16 USD Hold'em No Limit - Level III (20/40) - 2024/05/10 19:05:05 CET [2024/05/10 13:05:05 ET]
Table '3752811277 1' 3-max Seat #2 is the button
Seat 2: Stoic93 (840 in chips) 
Seat 3: Mahu2021 (660 in chips) 
Stoic93: posts small blind 20
Mahu2021: posts big blind 40
*** HOLE CARDS ***
Dealt to Mahu2021 [Ks 8d]
Stoic93: calls 20
Mahu2021: raises 80 to 120
Stoic93: folds 
Uncalled bet (80) returned to Mahu2021
Mahu2021 collected 80 from pot
Mahu2021: doesn't show hand 
*** SUMMARY ***
Total pot 80 | Rake 0 
Seat 2: Stoic93 (button) (small blind) folded before Flop
Seat 3: Mahu2021 (big blind) collected (80)



PokerStars Hand #250426052417: Tournament #3752811277, $1.84+$0.16 USD Hold'em No Limit - Level III (20/40) - 2024/05/10 19:05:12 CET [2024/05/10 13:05:12 ET]
Table '3752811277 1' 3-max Seat #3 is the button
Seat 2: Stoic93 (800 in chips) 
Seat 3: Mahu2021 (700 in chips) 
Mahu2021: posts small blind 20
Stoic93: posts big blind 40
*** HOLE CARDS ***
Dealt to Mahu2021 [2h Qc]
Mahu2021: folds 
Uncalled bet (20) returned to Stoic93
Stoic93 collected 40 from pot
*** SUMMARY ***
Total pot 40 | Rake 0 
Seat 2: Stoic93 (big blind) collected (40)
Seat 3: Mahu2021 (button) (small blind) folded before Flop



PokerStars Hand #250426053687: Tournament #3752811277, $1.84+$0.16 USD Hold'em No Limit - Level III (20/40) - 2024/05/10 19:05:17 CET [2024/05/10 13:05:17 ET]
Table '3752811277 1' 3-max Seat #2 is the button
Seat 2: Stoic93 (820 in chips) 
Seat 3: Mahu2021 (680 in chips) 
Stoic93: posts small blind 20
Mahu2021: posts big blind 40
*** HOLE CARDS ***
Dealt to Mahu2021 [2s 6d]
Stoic93: raises 40 to 80
Mahu2021: folds 
Uncalled bet (40) returned to Stoic93
Stoic93 collected 80 from pot
*** SUMMARY ***
Total pot 80 | Rake 0 
Seat 2: Stoic93 (button) (small blind) collected (80)
Seat 3: Mahu2021 (big blind) folded before Flop



PokerStars Hand #250426056207: Tournament #3752811277, $1.84+$0.16 USD Hold'em No Limit - Level III (20/40) - 2024/05/10 19:05:26 CET [2024/05/10 13:05:26 ET]
Table '3752811277 1' 3-max Seat #3 is the button
Seat 2: Stoic93 (860 in chips) 
Seat 3: Mahu2021 (640 in chips) 
Mahu2021: posts small blind 20
Stoic93: posts big blind 40
*** HOLE CARDS ***
Dealt to Mahu2021 [6h Tc]
Mahu2021: folds 
Uncalled bet (20) returned to Stoic93
Stoic93 collected 40 from pot
*** SUMMARY ***
Total pot 40 | Rake 0 
Seat 2: Stoic93 (big blind) collected (40)
Seat 3: Mahu2021 (button) (small blind) folded before Flop



PokerStars Hand #250426057623: Tournament #3752811277, $1.84+$0.16 USD Hold'em No Limit - Level III (20/40) - 2024/05/10 19:05:31 CET [2024/05/10 13:05:31 ET]
Table '3752811277 1' 3-max Seat #2 is the button
Seat 2: Stoic93 (880 in chips) 
Seat 3: Mahu2021 (620 in chips) 
Stoic93: posts small blind 20
Mahu2021: posts big blind 40
*** HOLE CARDS ***
Dealt to Mahu2021 [Tc Th]
Stoic93: calls 20
Mahu2021: raises 80 to 120
Stoic93: calls 80
*** FLOP *** [Qh Ac Ks]
Mahu2021: checks 
Stoic93: bets 79
Mahu2021: calls 79
*** TURN *** [Qh Ac Ks] [7c]
Mahu2021: checks 
Stoic93: bets 200
Mahu2021: raises 221 to 421 and is all-in
Stoic93: folds 
Uncalled bet (221) returned to Mahu2021
Mahu2021 collected 798 from pot
Mahu2021: doesn't show hand 
*** SUMMARY ***
Total pot 798 | Rake 0 
Board [Qh Ac Ks 7c]
Seat 2: Stoic93 (button) (small blind) folded on the Turn
Seat 3: Mahu2021 (big blind) collected (798)



PokerStars Hand #250426065557: Tournament #3752811277, $1.84+$0.16 USD Hold'em No Limit - Level III (20/40) - 2024/05/10 19:06:01 CET [2024/05/10 13:06:01 ET]
Table '3752811277 1' 3-max Seat #3 is the button
Seat 2: Stoic93 (481 in chips) 
Seat 3: Mahu2021 (1019 in chips) 
Mahu2021: posts small blind 20
Stoic93: posts big blind 40
*** HOLE CARDS ***
Dealt to Mahu2021 [2h Kc]
Mahu2021: calls 20
Stoic93: raises 441 to 481 and is all-in
Mahu2021: folds 
Uncalled bet (441) returned to Stoic93
Stoic93 collected 80 from pot
*** SUMMARY ***
Total pot 80 | Rake 0 
Seat 2: Stoic93 (big blind) collected (80)
Seat 3: Mahu2021 (button) (small blind) folded before Flop



PokerStars Hand #250426067850: Tournament #3752811277, $1.84+$0.16 USD Hold'em No Limit - Level III (20/40) - 2024/05/10 19:06:09 CET [2024/05/10 13:06:09 ET]
Table '3752811277 1' 3-max Seat #2 is the button
Seat 2: Stoic93 (521 in chips) 
Seat 3: Mahu2021 (979 in chips) 
Stoic93: posts small blind 20
Mahu2021: posts big blind 40
*** HOLE CARDS ***
Dealt to Mahu2021 [Ad Ks]
Stoic93: calls 20
Mahu2021: raises 80 to 120
Stoic93: folds 
Uncalled bet (80) returned to Mahu2021
Mahu2021 collected 80 from pot
Mahu2021: doesn't show hand 
*** SUMMARY ***
Total pot 80 | Rake 0 
Seat 2: Stoic93 (button) (small blind) folded before Flop
Seat 3: Mahu2021 (big blind) collected (80)



PokerStars Hand #250426069870: Tournament #3752811277, $1.84+$0.16 USD Hold'em No Limit - Level III (20/40) - 2024/05/10 19:06:17 CET [2024/05/10 13:06:17 ET]
Table '3752811277 1' 3-max Seat #3 is the button
Seat 2: Stoic93 (481 in chips) 
Seat 3: Mahu2021 (1019 in chips) 
Mahu2021: posts small blind 20
Stoic93: posts big blind 40
*** HOLE CARDS ***
Dealt to Mahu2021 [2d 6s]
Mahu2021: folds 
Uncalled bet (20) returned to Stoic93
Stoic93 collected 40 from pot
*** SUMMARY ***
Total pot 40 | Rake 0 
Seat 2: Stoic93 (big blind) collected (40)
Seat 3: Mahu2021 (button) (small blind) folded before Flop



PokerStars Hand #250426071235: Tournament #3752811277, $1.84+$0.16 USD Hold'em No Limit - Level III (20/40) - 2024/05/10 19:06:22 CET [2024/05/10 13:06:22 ET]
Table '3752811277 1' 3-max Seat #2 is the button
Seat 2: Stoic93 (501 in chips) 
Seat 3: Mahu2021 (999 in chips) 
Stoic93: posts small blind 20
Mahu2021: posts big blind 40
*** HOLE CARDS ***
Dealt to Mahu2021 [Ah 4c]
Stoic93: calls 20
Mahu2021: raises 80 to 120
Stoic93: raises 160 to 280
Mahu2021: raises 719 to 999 and is all-in
Stoic93: calls 221 and is all-in
Uncalled bet (498) returned to Mahu2021
*** FLOP *** [Tc 5d 3c]
*** TURN *** [Tc 5d 3c] [2s]
*** RIVER *** [Tc 5d 3c 2s] [3h]
*** SHOW DOWN ***
Mahu2021: shows [Ah 4c] (a straight, Ace to Five)
Stoic93: shows [Qs Qd] (two pair, Queens and Threes)
Mahu2021 collected 1002 from pot
Stoic93 finished the tournament in 2nd place
Mahu2021 wins the tournament and receives $6.00 - congratulations!
*** SUMMARY ***
Total pot 1002 | Rake 0 
Board [Tc 5d 3c 2s 3h]
Seat 2: Stoic93 (button) (small blind) showed [Qs Qd] and lost with two pair, Queens and Threes
Seat 3: Mahu2021 (big blind) showed [Ah 4c] and won (1002) with a straight, Ace to Five



