PokerStars Hand #244604849138: Tournament #3612135839, $0.92+$0.08 USD Hold'em No Limit - Level I (10/20) - 2023/07/03 18:51:55 CET [2023/07/03 12:51:55 ET]
Table '3612135839 1' 3-max Seat #1 is the button
Seat 1: Roman Klasyk (500 in chips) 
Seat 2: alejinlp37 (500 in chips) 
Seat 3: Mahu2021 (500 in chips) 
alejinlp37: posts small blind 10
Mahu2021: posts big blind 20
*** HOLE CARDS ***
Dealt to Mahu2021 [9d 7s]
Roman Klasyk: folds 
alejinlp37: folds 
Uncalled bet (10) returned to Mahu2021
Mahu2021 collected 20 from pot
Mahu2021: doesn't show hand 
*** SUMMARY ***
Total pot 20 | Rake 0 
Seat 1: Roman Klasyk (button) folded before Flop (didn't bet)
Seat 2: alejinlp37 (small blind) folded before Flop
Seat 3: Mahu2021 (big blind) collected (20)



PokerStars Hand #244604852733: Tournament #3612135839, $0.92+$0.08 USD Hold'em No Limit - Level I (10/20) - 2023/07/03 18:52:07 CET [2023/07/03 12:52:07 ET]
Table '3612135839 1' 3-max Seat #2 is the button
Seat 1: Roman Klasyk (500 in chips) 
Seat 2: alejinlp37 (490 in chips) 
Seat 3: Mahu2021 (510 in chips) 
Mahu2021: posts small blind 10
Roman Klasyk: posts big blind 20
*** HOLE CARDS ***
Dealt to Mahu2021 [Jc Jd]
alejinlp37: folds 
Mahu2021: raises 490 to 510 and is all-in
Roman Klasyk: calls 480 and is all-in
Uncalled bet (10) returned to Mahu2021
*** FLOP *** [Qh Qc 7d]
*** TURN *** [Qh Qc 7d] [Ah]
*** RIVER *** [Qh Qc 7d Ah] [7s]
*** SHOW DOWN ***
Mahu2021: shows [Jc Jd] (two pair, Queens and Jacks)
Roman Klasyk: shows [As 9s] (two pair, Aces and Queens)
Roman Klasyk collected 1000 from pot
*** SUMMARY ***
Total pot 1000 | Rake 0 
Board [Qh Qc 7d Ah 7s]
Seat 1: Roman Klasyk (big blind) showed [As 9s] and won (1000) with two pair, Aces and Queens
Seat 2: alejinlp37 (button) folded before Flop (didn't bet)
Seat 3: Mahu2021 (small blind) showed [Jc Jd] and lost with two pair, Queens and Jacks



PokerStars Hand #244604858383: Tournament #3612135839, $0.92+$0.08 USD Hold'em No Limit - Level I (10/20) - 2023/07/03 18:52:26 CET [2023/07/03 12:52:26 ET]
Table '3612135839 1' 3-max Seat #3 is the button
Seat 1: Roman Klasyk (1000 in chips) 
Seat 2: alejinlp37 (490 in chips) 
Seat 3: Mahu2021 (10 in chips) 
Roman Klasyk: posts small blind 10
alejinlp37: posts big blind 20
*** HOLE CARDS ***
Dealt to Mahu2021 [Th 2c]
Mahu2021: calls 10 and is all-in
Roman Klasyk: calls 10
alejinlp37: raises 470 to 490 and is all-in
Roman Klasyk: folds 
Uncalled bet (470) returned to alejinlp37
*** FLOP *** [Js 9h 5c]
*** TURN *** [Js 9h 5c] [3d]
*** RIVER *** [Js 9h 5c 3d] [Ad]
*** SHOW DOWN ***
alejinlp37: shows [5d Ah] (two pair, Aces and Fives)
alejinlp37 collected 20 from side pot
Mahu2021: shows [Th 2c] (high card Ace)
alejinlp37 collected 30 from main pot
Mahu2021 finished the tournament in 3rd place
*** SUMMARY ***
Total pot 50 Main pot 30. Side pot 20. | Rake 0 
Board [Js 9h 5c 3d Ad]
Seat 1: Roman Klasyk (small blind) folded before Flop
Seat 2: alejinlp37 (big blind) showed [5d Ah] and won (50) with two pair, Aces and Fives
Seat 3: Mahu2021 (button) showed [Th 2c] and lost with high card Ace



