PokerStars Hand #247110176009: Tournament #3673232274, $1.84+$0.16 USD Hold'em No Limit - Level I (10/20) - 2023/11/14 21:17:10 CET [2023/11/14 15:17:10 ET]
Table '3673232274 1' 3-max Seat #1 is the button
Seat 1: Fjdm1983 (500 in chips) 
Seat 2: Mahu2021 (500 in chips) 
Seat 3: Enzykla (500 in chips) 
Mahu2021: posts small blind 10
Enzykla: posts big blind 20
*** HOLE CARDS ***
Dealt to Mahu2021 [6s 7c]
Fjdm1983: folds 
Mahu2021: calls 10
Enzykla: checks 
*** FLOP *** [Jc 7s 5s]
Mahu2021: checks 
Enzykla: checks 
*** TURN *** [Jc 7s 5s] [9h]
Mahu2021: checks 
Enzykla: bets 40
Mahu2021: calls 40
*** RIVER *** [Jc 7s 5s 9h] [5d]
Mahu2021: checks 
Enzykla: checks 
*** SHOW DOWN ***
Mahu2021: shows [6s 7c] (two pair, Sevens and Fives)
Enzykla: shows [4s 9d] (two pair, Nines and Fives)
Enzykla collected 120 from pot
*** SUMMARY ***
Total pot 120 | Rake 0 
Board [Jc 7s 5s 9h 5d]
Seat 1: Fjdm1983 (button) folded before Flop (didn't bet)
Seat 2: Mahu2021 (small blind) showed [6s 7c] and lost with two pair, Sevens and Fives
Seat 3: Enzykla (big blind) showed [4s 9d] and won (120) with two pair, Nines and Fives



PokerStars Hand #247110182100: Tournament #3673232274, $1.84+$0.16 USD Hold'em No Limit - Level I (10/20) - 2023/11/14 21:17:27 CET [2023/11/14 15:17:27 ET]
Table '3673232274 1' 3-max Seat #2 is the button
Seat 1: Fjdm1983 (500 in chips) 
Seat 2: Mahu2021 (440 in chips) 
Seat 3: Enzykla (560 in chips) 
Enzykla: posts small blind 10
Fjdm1983: posts big blind 20
*** HOLE CARDS ***
Dealt to Mahu2021 [2d Jh]
Mahu2021: folds 
Enzykla: raises 40 to 60
Fjdm1983: folds 
Uncalled bet (40) returned to Enzykla
Enzykla collected 40 from pot
*** SUMMARY ***
Total pot 40 | Rake 0 
Seat 1: Fjdm1983 (big blind) folded before Flop
Seat 2: Mahu2021 (button) folded before Flop (didn't bet)
Seat 3: Enzykla (small blind) collected (40)



PokerStars Hand #247110184379: Tournament #3673232274, $1.84+$0.16 USD Hold'em No Limit - Level I (10/20) - 2023/11/14 21:17:33 CET [2023/11/14 15:17:33 ET]
Table '3673232274 1' 3-max Seat #3 is the button
Seat 1: Fjdm1983 (480 in chips) 
Seat 2: Mahu2021 (440 in chips) 
Seat 3: Enzykla (580 in chips) 
Fjdm1983: posts small blind 10
Mahu2021: posts big blind 20
*** HOLE CARDS ***
Dealt to Mahu2021 [5d Qd]
Enzykla: raises 20 to 40
Fjdm1983: calls 30
Mahu2021: calls 20
*** FLOP *** [9s 4h 5h]
Fjdm1983: checks 
Mahu2021: checks 
Enzykla: bets 20
Fjdm1983: calls 20
Mahu2021: calls 20
*** TURN *** [9s 4h 5h] [Ks]
Fjdm1983: checks 
Mahu2021: checks 
Enzykla: checks 
*** RIVER *** [9s 4h 5h Ks] [6s]
Fjdm1983: checks 
Mahu2021: checks 
Enzykla: checks 
*** SHOW DOWN ***
Fjdm1983: shows [Jc Qs] (high card King)
Mahu2021: shows [5d Qd] (a pair of Fives)
Enzykla: mucks hand 
Mahu2021 collected 180 from pot
*** SUMMARY ***
Total pot 180 | Rake 0 
Board [9s 4h 5h Ks 6s]
Seat 1: Fjdm1983 (small blind) showed [Jc Qs] and lost with high card King
Seat 2: Mahu2021 (big blind) showed [5d Qd] and won (180) with a pair of Fives
Seat 3: Enzykla (button) mucked [Ad 4d]



PokerStars Hand #247110193388: Tournament #3673232274, $1.84+$0.16 USD Hold'em No Limit - Level I (10/20) - 2023/11/14 21:17:58 CET [2023/11/14 15:17:58 ET]
Table '3673232274 1' 3-max Seat #1 is the button
Seat 1: Fjdm1983 (420 in chips) 
Seat 2: Mahu2021 (560 in chips) 
Seat 3: Enzykla (520 in chips) 
Mahu2021: posts small blind 10
Enzykla: posts big blind 20
*** HOLE CARDS ***
Dealt to Mahu2021 [8s 9d]
Fjdm1983: folds 
Mahu2021: calls 10
Enzykla: checks 
*** FLOP *** [3d 5s Kd]
Mahu2021: checks 
Enzykla: checks 
*** TURN *** [3d 5s Kd] [Kc]
Mahu2021: bets 20
Enzykla: folds 
Uncalled bet (20) returned to Mahu2021
Mahu2021 collected 40 from pot
Mahu2021: doesn't show hand 
*** SUMMARY ***
Total pot 40 | Rake 0 
Board [3d 5s Kd Kc]
Seat 1: Fjdm1983 (button) folded before Flop (didn't bet)
Seat 2: Mahu2021 (small blind) collected (40)
Seat 3: Enzykla (big blind) folded on the Turn



PokerStars Hand #247110198517: Tournament #3673232274, $1.84+$0.16 USD Hold'em No Limit - Level I (10/20) - 2023/11/14 21:18:13 CET [2023/11/14 15:18:13 ET]
Table '3673232274 1' 3-max Seat #2 is the button
Seat 1: Fjdm1983 (420 in chips) 
Seat 2: Mahu2021 (580 in chips) 
Seat 3: Enzykla (500 in chips) 
Enzykla: posts small blind 10
Fjdm1983: posts big blind 20
*** HOLE CARDS ***
Dealt to Mahu2021 [3d Tc]
Mahu2021: folds 
Enzykla: calls 10
Fjdm1983: checks 
*** FLOP *** [9h 8c 7c]
Enzykla: checks 
Fjdm1983: bets 40
Enzykla: calls 40
*** TURN *** [9h 8c 7c] [5h]
Enzykla: checks 
Fjdm1983: bets 120
Enzykla: raises 120 to 240
Fjdm1983: raises 120 to 360 and is all-in
Enzykla: calls 120
*** RIVER *** [9h 8c 7c 5h] [8d]
*** SHOW DOWN ***
Enzykla: shows [4d 6s] (a straight, Five to Nine)
Fjdm1983: shows [5s 9s] (two pair, Nines and Eights)
Enzykla collected 840 from pot
Fjdm1983 finished the tournament in 3rd place
*** SUMMARY ***
Total pot 840 | Rake 0 
Board [9h 8c 7c 5h 8d]
Seat 1: Fjdm1983 (big blind) showed [5s 9s] and lost with two pair, Nines and Eights
Seat 2: Mahu2021 (button) folded before Flop (didn't bet)
Seat 3: Enzykla (small blind) showed [4d 6s] and won (840) with a straight, Five to Nine



PokerStars Hand #247110209928: Tournament #3673232274, $1.84+$0.16 USD Hold'em No Limit - Level I (10/20) - 2023/11/14 21:18:44 CET [2023/11/14 15:18:44 ET]
Table '3673232274 1' 3-max Seat #3 is the button
Seat 2: Mahu2021 (580 in chips) 
Seat 3: Enzykla (920 in chips) 
Enzykla: posts small blind 10
Mahu2021: posts big blind 20
*** HOLE CARDS ***
Dealt to Mahu2021 [9d Qh]
Enzykla: calls 10
Mahu2021: checks 
*** FLOP *** [Qs 5h 6h]
Mahu2021: checks 
Enzykla: checks 
*** TURN *** [Qs 5h 6h] [6s]
Mahu2021: checks 
Enzykla: bets 20
Mahu2021: calls 20
*** RIVER *** [Qs 5h 6h 6s] [6c]
Mahu2021: bets 20
Enzykla: calls 20
*** SHOW DOWN ***
Mahu2021: shows [9d Qh] (a full house, Sixes full of Queens)
Enzykla: mucks hand 
Mahu2021 collected 120 from pot
*** SUMMARY ***
Total pot 120 | Rake 0 
Board [Qs 5h 6h 6s 6c]
Seat 2: Mahu2021 (big blind) showed [9d Qh] and won (120) with a full house, Sixes full of Queens
Seat 3: Enzykla (button) (small blind) mucked [5s Jc]



PokerStars Hand #247110217847: Tournament #3673232274, $1.84+$0.16 USD Hold'em No Limit - Level I (10/20) - 2023/11/14 21:19:05 CET [2023/11/14 15:19:05 ET]
Table '3673232274 1' 3-max Seat #2 is the button
Seat 2: Mahu2021 (640 in chips) 
Seat 3: Enzykla (860 in chips) 
Mahu2021: posts small blind 10
Enzykla: posts big blind 20
*** HOLE CARDS ***
Dealt to Mahu2021 [Jh 3d]
Mahu2021: calls 10
Enzykla: checks 
*** FLOP *** [7h 7s 2d]
Enzykla: checks 
Mahu2021: bets 20
Enzykla: calls 20
*** TURN *** [7h 7s 2d] [9d]
Enzykla: checks 
Mahu2021: checks 
*** RIVER *** [7h 7s 2d 9d] [Ac]
Enzykla: bets 80
Mahu2021: folds 
Uncalled bet (80) returned to Enzykla
Enzykla collected 80 from pot
*** SUMMARY ***
Total pot 80 | Rake 0 
Board [7h 7s 2d 9d Ac]
Seat 2: Mahu2021 (button) (small blind) folded on the River
Seat 3: Enzykla (big blind) collected (80)



PokerStars Hand #247110224221: Tournament #3673232274, $1.84+$0.16 USD Hold'em No Limit - Level II (15/30) - 2023/11/14 21:19:23 CET [2023/11/14 15:19:23 ET]
Table '3673232274 1' 3-max Seat #3 is the button
Seat 2: Mahu2021 (600 in chips) 
Seat 3: Enzykla (900 in chips) 
Enzykla: posts small blind 15
Mahu2021: posts big blind 30
*** HOLE CARDS ***
Dealt to Mahu2021 [6h Jd]
Enzykla: calls 15
Mahu2021: checks 
*** FLOP *** [7s Qs Qh]
Mahu2021: checks 
Enzykla: checks 
*** TURN *** [7s Qs Qh] [Qc]
Mahu2021: checks 
Enzykla: checks 
*** RIVER *** [7s Qs Qh Qc] [8c]
Mahu2021: checks 
Enzykla: bets 30
Mahu2021: folds 
Uncalled bet (30) returned to Enzykla
Enzykla collected 60 from pot
*** SUMMARY ***
Total pot 60 | Rake 0 
Board [7s Qs Qh Qc 8c]
Seat 2: Mahu2021 (big blind) folded on the River
Seat 3: Enzykla (button) (small blind) collected (60)



PokerStars Hand #247110228938: Tournament #3673232274, $1.84+$0.16 USD Hold'em No Limit - Level II (15/30) - 2023/11/14 21:19:36 CET [2023/11/14 15:19:36 ET]
Table '3673232274 1' 3-max Seat #2 is the button
Seat 2: Mahu2021 (570 in chips) 
Seat 3: Enzykla (930 in chips) 
Mahu2021: posts small blind 15
Enzykla: posts big blind 30
*** HOLE CARDS ***
Dealt to Mahu2021 [7c Qs]
Mahu2021: calls 15
Enzykla: raises 30 to 60
Mahu2021: calls 30
*** FLOP *** [9s 6h 9h]
Enzykla: checks 
Mahu2021: checks 
*** TURN *** [9s 6h 9h] [3d]
Enzykla: checks 
Mahu2021: checks 
*** RIVER *** [9s 6h 9h 3d] [Kd]
Enzykla: checks 
Mahu2021: bets 120
Enzykla: folds 
Uncalled bet (120) returned to Mahu2021
Mahu2021 collected 120 from pot
Mahu2021: doesn't show hand 
*** SUMMARY ***
Total pot 120 | Rake 0 
Board [9s 6h 9h 3d Kd]
Seat 2: Mahu2021 (button) (small blind) collected (120)
Seat 3: Enzykla (big blind) folded on the River



PokerStars Hand #247110234381: Tournament #3673232274, $1.84+$0.16 USD Hold'em No Limit - Level II (15/30) - 2023/11/14 21:19:51 CET [2023/11/14 15:19:51 ET]
Table '3673232274 1' 3-max Seat #3 is the button
Seat 2: Mahu2021 (630 in chips) 
Seat 3: Enzykla (870 in chips) 
Enzykla: posts small blind 15
Mahu2021: posts big blind 30
*** HOLE CARDS ***
Dealt to Mahu2021 [Js Ts]
Enzykla: calls 15
Mahu2021: raises 60 to 90
Enzykla: folds 
Uncalled bet (60) returned to Mahu2021
Mahu2021 collected 60 from pot
Mahu2021: doesn't show hand 
*** SUMMARY ***
Total pot 60 | Rake 0 
Seat 2: Mahu2021 (big blind) collected (60)
Seat 3: Enzykla (button) (small blind) folded before Flop



PokerStars Hand #247110236835: Tournament #3673232274, $1.84+$0.16 USD Hold'em No Limit - Level II (15/30) - 2023/11/14 21:19:58 CET [2023/11/14 15:19:58 ET]
Table '3673232274 1' 3-max Seat #2 is the button
Seat 2: Mahu2021 (660 in chips) 
Seat 3: Enzykla (840 in chips) 
Mahu2021: posts small blind 15
Enzykla: posts big blind 30
*** HOLE CARDS ***
Dealt to Mahu2021 [Kd Ac]
Mahu2021: raises 60 to 90
Enzykla: calls 60
*** FLOP *** [3d 4c 9c]
Enzykla: checks 
Mahu2021: checks 
*** TURN *** [3d 4c 9c] [Js]
Enzykla: checks 
Mahu2021: checks 
*** RIVER *** [3d 4c 9c Js] [2c]
Enzykla: checks 
Mahu2021: checks 
*** SHOW DOWN ***
Enzykla: shows [7s Ah] (high card Ace)
Mahu2021: shows [Kd Ac] (high card Ace - King kicker)
Mahu2021 collected 180 from pot
*** SUMMARY ***
Total pot 180 | Rake 0 
Board [3d 4c 9c Js 2c]
Seat 2: Mahu2021 (button) (small blind) showed [Kd Ac] and won (180) with high card Ace
Seat 3: Enzykla (big blind) showed [7s Ah] and lost with high card Ace



PokerStars Hand #247110241345: Tournament #3673232274, $1.84+$0.16 USD Hold'em No Limit - Level II (15/30) - 2023/11/14 21:20:10 CET [2023/11/14 15:20:10 ET]
Table '3673232274 1' 3-max Seat #3 is the button
Seat 2: Mahu2021 (750 in chips) 
Seat 3: Enzykla (750 in chips) 
Enzykla: posts small blind 15
Mahu2021: posts big blind 30
*** HOLE CARDS ***
Dealt to Mahu2021 [6h 5c]
Enzykla: calls 15
Mahu2021: checks 
*** FLOP *** [7c 9d Jd]
Mahu2021: checks 
Enzykla: bets 60
Mahu2021: folds 
Uncalled bet (60) returned to Enzykla
Enzykla collected 60 from pot
*** SUMMARY ***
Total pot 60 | Rake 0 
Board [7c 9d Jd]
Seat 2: Mahu2021 (big blind) folded on the Flop
Seat 3: Enzykla (button) (small blind) collected (60)



PokerStars Hand #247110246536: Tournament #3673232274, $1.84+$0.16 USD Hold'em No Limit - Level II (15/30) - 2023/11/14 21:20:25 CET [2023/11/14 15:20:25 ET]
Table '3673232274 1' 3-max Seat #2 is the button
Seat 2: Mahu2021 (720 in chips) 
Seat 3: Enzykla (780 in chips) 
Mahu2021: posts small blind 15
Enzykla: posts big blind 30
*** HOLE CARDS ***
Dealt to Mahu2021 [9s Ac]
Mahu2021: raises 30 to 60
Enzykla: calls 30
*** FLOP *** [3c 8h 5d]
Enzykla: checks 
Mahu2021: checks 
*** TURN *** [3c 8h 5d] [As]
Enzykla: checks 
Mahu2021: bets 30
Enzykla: folds 
Uncalled bet (30) returned to Mahu2021
Mahu2021 collected 120 from pot
Mahu2021: doesn't show hand 
*** SUMMARY ***
Total pot 120 | Rake 0 
Board [3c 8h 5d As]
Seat 2: Mahu2021 (button) (small blind) collected (120)
Seat 3: Enzykla (big blind) folded on the Turn



PokerStars Hand #247110251247: Tournament #3673232274, $1.84+$0.16 USD Hold'em No Limit - Level II (15/30) - 2023/11/14 21:20:38 CET [2023/11/14 15:20:38 ET]
Table '3673232274 1' 3-max Seat #3 is the button
Seat 2: Mahu2021 (780 in chips) 
Seat 3: Enzykla (720 in chips) 
Enzykla: posts small blind 15
Mahu2021: posts big blind 30
*** HOLE CARDS ***
Dealt to Mahu2021 [Kc 7h]
Enzykla: calls 15
Mahu2021: checks 
*** FLOP *** [2s 3d Th]
Mahu2021: checks 
Enzykla: checks 
*** TURN *** [2s 3d Th] [Qs]
Mahu2021: checks 
Enzykla: bets 30
Mahu2021: folds 
Uncalled bet (30) returned to Enzykla
Enzykla collected 60 from pot
*** SUMMARY ***
Total pot 60 | Rake 0 
Board [2s 3d Th Qs]
Seat 2: Mahu2021 (big blind) folded on the Turn
Seat 3: Enzykla (button) (small blind) collected (60)



PokerStars Hand #247110255424: Tournament #3673232274, $1.84+$0.16 USD Hold'em No Limit - Level II (15/30) - 2023/11/14 21:20:49 CET [2023/11/14 15:20:49 ET]
Table '3673232274 1' 3-max Seat #2 is the button
Seat 2: Mahu2021 (750 in chips) 
Seat 3: Enzykla (750 in chips) 
Mahu2021: posts small blind 15
Enzykla: posts big blind 30
*** HOLE CARDS ***
Dealt to Mahu2021 [4s 3s]
Mahu2021: raises 30 to 60
Enzykla: calls 30
*** FLOP *** [Th Kh 2h]
Enzykla: checks 
Mahu2021: bets 60
Enzykla: folds 
Uncalled bet (60) returned to Mahu2021
Mahu2021 collected 120 from pot
Mahu2021: doesn't show hand 
*** SUMMARY ***
Total pot 120 | Rake 0 
Board [Th Kh 2h]
Seat 2: Mahu2021 (button) (small blind) collected (120)
Seat 3: Enzykla (big blind) folded on the Flop



PokerStars Hand #247110259228: Tournament #3673232274, $1.84+$0.16 USD Hold'em No Limit - Level II (15/30) - 2023/11/14 21:21:00 CET [2023/11/14 15:21:00 ET]
Table '3673232274 1' 3-max Seat #3 is the button
Seat 2: Mahu2021 (810 in chips) 
Seat 3: Enzykla (690 in chips) 
Enzykla: posts small blind 15
Mahu2021: posts big blind 30
*** HOLE CARDS ***
Dealt to Mahu2021 [Jd 7h]
Enzykla: calls 15
Mahu2021: checks 
*** FLOP *** [Ac 7d 2s]
Mahu2021: checks 
Enzykla: checks 
*** TURN *** [Ac 7d 2s] [6h]
Mahu2021: checks 
Enzykla: checks 
*** RIVER *** [Ac 7d 2s 6h] [Tc]
Mahu2021: bets 30
Enzykla: folds 
Uncalled bet (30) returned to Mahu2021
Mahu2021 collected 60 from pot
Mahu2021: doesn't show hand 
*** SUMMARY ***
Total pot 60 | Rake 0 
Board [Ac 7d 2s 6h Tc]
Seat 2: Mahu2021 (big blind) collected (60)
Seat 3: Enzykla (button) (small blind) folded on the River



PokerStars Hand #247110264775: Tournament #3673232274, $1.84+$0.16 USD Hold'em No Limit - Level III (20/40) - 2023/11/14 21:21:15 CET [2023/11/14 15:21:15 ET]
Table '3673232274 1' 3-max Seat #2 is the button
Seat 2: Mahu2021 (840 in chips) 
Seat 3: Enzykla (660 in chips) 
Mahu2021: posts small blind 20
Enzykla: posts big blind 40
*** HOLE CARDS ***
Dealt to Mahu2021 [9h 9s]
Mahu2021: raises 800 to 840 and is all-in
Enzykla: folds 
Uncalled bet (800) returned to Mahu2021
Mahu2021 collected 80 from pot
Mahu2021: doesn't show hand 
*** SUMMARY ***
Total pot 80 | Rake 0 
Seat 2: Mahu2021 (button) (small blind) collected (80)
Seat 3: Enzykla (big blind) folded before Flop



PokerStars Hand #247110267508: Tournament #3673232274, $1.84+$0.16 USD Hold'em No Limit - Level III (20/40) - 2023/11/14 21:21:23 CET [2023/11/14 15:21:23 ET]
Table '3673232274 1' 3-max Seat #3 is the button
Seat 2: Mahu2021 (880 in chips) 
Seat 3: Enzykla (620 in chips) 
Enzykla: posts small blind 20
Mahu2021: posts big blind 40
*** HOLE CARDS ***
Dealt to Mahu2021 [Kc Qc]
Enzykla: calls 20
Mahu2021: raises 80 to 120
Enzykla: folds 
Uncalled bet (80) returned to Mahu2021
Mahu2021 collected 80 from pot
Mahu2021: doesn't show hand 
*** SUMMARY ***
Total pot 80 | Rake 0 
Seat 2: Mahu2021 (big blind) collected (80)
Seat 3: Enzykla (button) (small blind) folded before Flop



PokerStars Hand #247110270321: Tournament #3673232274, $1.84+$0.16 USD Hold'em No Limit - Level III (20/40) - 2023/11/14 21:21:30 CET [2023/11/14 15:21:30 ET]
Table '3673232274 1' 3-max Seat #2 is the button
Seat 2: Mahu2021 (920 in chips) 
Seat 3: Enzykla (580 in chips) 
Mahu2021: posts small blind 20
Enzykla: posts big blind 40
*** HOLE CARDS ***
Dealt to Mahu2021 [7s 9c]
Mahu2021: calls 20
Enzykla: checks 
*** FLOP *** [Ad 3c 2h]
Enzykla: bets 40
Mahu2021: folds 
Uncalled bet (40) returned to Enzykla
Enzykla collected 80 from pot
*** SUMMARY ***
Total pot 80 | Rake 0 
Board [Ad 3c 2h]
Seat 2: Mahu2021 (button) (small blind) folded on the Flop
Seat 3: Enzykla (big blind) collected (80)



PokerStars Hand #247110274471: Tournament #3673232274, $1.84+$0.16 USD Hold'em No Limit - Level III (20/40) - 2023/11/14 21:21:42 CET [2023/11/14 15:21:42 ET]
Table '3673232274 1' 3-max Seat #3 is the button
Seat 2: Mahu2021 (880 in chips) 
Seat 3: Enzykla (620 in chips) 
Enzykla: posts small blind 20
Mahu2021: posts big blind 40
*** HOLE CARDS ***
Dealt to Mahu2021 [8h 8d]
Enzykla: calls 20
Mahu2021: raises 840 to 880 and is all-in
Enzykla: folds 
Uncalled bet (840) returned to Mahu2021
Mahu2021 collected 80 from pot
Mahu2021: doesn't show hand 
*** SUMMARY ***
Total pot 80 | Rake 0 
Seat 2: Mahu2021 (big blind) collected (80)
Seat 3: Enzykla (button) (small blind) folded before Flop



PokerStars Hand #247110276905: Tournament #3673232274, $1.84+$0.16 USD Hold'em No Limit - Level III (20/40) - 2023/11/14 21:21:49 CET [2023/11/14 15:21:49 ET]
Table '3673232274 1' 3-max Seat #2 is the button
Seat 2: Mahu2021 (920 in chips) 
Seat 3: Enzykla (580 in chips) 
Mahu2021: posts small blind 20
Enzykla: posts big blind 40
*** HOLE CARDS ***
Dealt to Mahu2021 [5s 7c]
Mahu2021: calls 20
Enzykla: checks 
*** FLOP *** [2h 8c Kh]
Enzykla: checks 
Mahu2021: bets 40
Enzykla: calls 40
*** TURN *** [2h 8c Kh] [7d]
Enzykla: checks 
Mahu2021: bets 160
Enzykla: folds 
Uncalled bet (160) returned to Mahu2021
Mahu2021 collected 160 from pot
Mahu2021: doesn't show hand 
*** SUMMARY ***
Total pot 160 | Rake 0 
Board [2h 8c Kh 7d]
Seat 2: Mahu2021 (button) (small blind) collected (160)
Seat 3: Enzykla (big blind) folded on the Turn



PokerStars Hand #247110281846: Tournament #3673232274, $1.84+$0.16 USD Hold'em No Limit - Level III (20/40) - 2023/11/14 21:22:03 CET [2023/11/14 15:22:03 ET]
Table '3673232274 1' 3-max Seat #3 is the button
Seat 2: Mahu2021 (1000 in chips) 
Seat 3: Enzykla (500 in chips) 
Enzykla: posts small blind 20
Mahu2021: posts big blind 40
*** HOLE CARDS ***
Dealt to Mahu2021 [3c 3s]
Enzykla: folds 
Uncalled bet (20) returned to Mahu2021
Mahu2021 collected 40 from pot
Mahu2021: doesn't show hand 
*** SUMMARY ***
Total pot 40 | Rake 0 
Seat 2: Mahu2021 (big blind) collected (40)
Seat 3: Enzykla (button) (small blind) folded before Flop



PokerStars Hand #247110283297: Tournament #3673232274, $1.84+$0.16 USD Hold'em No Limit - Level III (20/40) - 2023/11/14 21:22:07 CET [2023/11/14 15:22:07 ET]
Table '3673232274 1' 3-max Seat #2 is the button
Seat 2: Mahu2021 (1020 in chips) 
Seat 3: Enzykla (480 in chips) 
Mahu2021: posts small blind 20
Enzykla: posts big blind 40
*** HOLE CARDS ***
Dealt to Mahu2021 [8s 8c]
Mahu2021: raises 980 to 1020 and is all-in
Enzykla: folds 
Uncalled bet (980) returned to Mahu2021
Mahu2021 collected 80 from pot
Mahu2021: doesn't show hand 
*** SUMMARY ***
Total pot 80 | Rake 0 
Seat 2: Mahu2021 (button) (small blind) collected (80)
Seat 3: Enzykla (big blind) folded before Flop



PokerStars Hand #247110285699: Tournament #3673232274, $1.84+$0.16 USD Hold'em No Limit - Level III (20/40) - 2023/11/14 21:22:13 CET [2023/11/14 15:22:13 ET]
Table '3673232274 1' 3-max Seat #3 is the button
Seat 2: Mahu2021 (1060 in chips) 
Seat 3: Enzykla (440 in chips) 
Enzykla: posts small blind 20
Mahu2021: posts big blind 40
*** HOLE CARDS ***
Dealt to Mahu2021 [Jc Jd]
Enzykla: calls 20
Mahu2021: raises 160 to 200
Enzykla: calls 160
*** FLOP *** [Qh 6d Kh]
Mahu2021: checks 
Enzykla: checks 
*** TURN *** [Qh 6d Kh] [6s]
Mahu2021: checks 
Enzykla: checks 
*** RIVER *** [Qh 6d Kh 6s] [Qc]
Mahu2021: bets 860 and is all-in
Enzykla: folds 
Uncalled bet (860) returned to Mahu2021
Mahu2021 collected 400 from pot
Mahu2021: doesn't show hand 
*** SUMMARY ***
Total pot 400 | Rake 0 
Board [Qh 6d Kh 6s Qc]
Seat 2: Mahu2021 (big blind) collected (400)
Seat 3: Enzykla (button) (small blind) folded on the River



PokerStars Hand #247110293718: Tournament #3673232274, $1.84+$0.16 USD Hold'em No Limit - Level III (20/40) - 2023/11/14 21:22:36 CET [2023/11/14 15:22:36 ET]
Table '3673232274 1' 3-max Seat #2 is the button
Seat 2: Mahu2021 (1260 in chips) 
Seat 3: Enzykla (240 in chips) 
Mahu2021: posts small blind 20
Enzykla: posts big blind 40
*** HOLE CARDS ***
Dealt to Mahu2021 [Th 7d]
Mahu2021: calls 20
Enzykla: checks 
*** FLOP *** [3d Js Td]
Enzykla: checks 
Mahu2021: bets 40
Enzykla: calls 40
*** TURN *** [3d Js Td] [Kc]
Enzykla: checks 
Mahu2021: checks 
*** RIVER *** [3d Js Td Kc] [Jh]
Enzykla: checks 
Mahu2021: checks 
*** SHOW DOWN ***
Enzykla: shows [9c 7h] (a pair of Jacks)
Mahu2021: shows [Th 7d] (two pair, Jacks and Tens)
Mahu2021 collected 160 from pot
*** SUMMARY ***
Total pot 160 | Rake 0 
Board [3d Js Td Kc Jh]
Seat 2: Mahu2021 (button) (small blind) showed [Th 7d] and won (160) with two pair, Jacks and Tens
Seat 3: Enzykla (big blind) showed [9c 7h] and lost with a pair of Jacks



PokerStars Hand #247110299112: Tournament #3673232274, $1.84+$0.16 USD Hold'em No Limit - Level III (20/40) - 2023/11/14 21:22:51 CET [2023/11/14 15:22:51 ET]
Table '3673232274 1' 3-max Seat #3 is the button
Seat 2: Mahu2021 (1340 in chips) 
Seat 3: Enzykla (160 in chips) 
Enzykla: posts small blind 20
Mahu2021: posts big blind 40
*** HOLE CARDS ***
Dealt to Mahu2021 [Tc 2s]
Enzykla: raises 120 to 160 and is all-in
Mahu2021: folds 
Uncalled bet (120) returned to Enzykla
Enzykla collected 80 from pot
*** SUMMARY ***
Total pot 80 | Rake 0 
Seat 2: Mahu2021 (big blind) folded before Flop
Seat 3: Enzykla (button) (small blind) collected (80)



PokerStars Hand #247110301297: Tournament #3673232274, $1.84+$0.16 USD Hold'em No Limit - Level III (20/40) - 2023/11/14 21:22:57 CET [2023/11/14 15:22:57 ET]
Table '3673232274 1' 3-max Seat #2 is the button
Seat 2: Mahu2021 (1300 in chips) 
Seat 3: Enzykla (200 in chips) 
Mahu2021: posts small blind 20
Enzykla: posts big blind 40
*** HOLE CARDS ***
Dealt to Mahu2021 [Kd Kh]
Mahu2021: calls 20
Enzykla: checks 
*** FLOP *** [9d Kc 8s]
Enzykla: bets 40
Mahu2021: calls 40
*** TURN *** [9d Kc 8s] [9c]
Enzykla: bets 120 and is all-in
Mahu2021: calls 120
*** RIVER *** [9d Kc 8s 9c] [5d]
*** SHOW DOWN ***
Enzykla: shows [4c Ks] (two pair, Kings and Nines)
Mahu2021: shows [Kd Kh] (a full house, Kings full of Nines)
Mahu2021 collected 400 from pot
Enzykla finished the tournament in 2nd place
Mahu2021 wins the tournament and receives $4.00 - congratulations!
*** SUMMARY ***
Total pot 400 | Rake 0 
Board [9d Kc 8s 9c 5d]
Seat 2: Mahu2021 (button) (small blind) showed [Kd Kh] and won (400) with a full house, Kings full of Nines
Seat 3: Enzykla (big blind) showed [4c Ks] and lost with two pair, Kings and Nines



