PokerStars Hand #242983495406: Tournament #3575045599, $0.92+$0.08 USD Hold'em No Limit - Level I (10/20) - 2023/04/09 16:21:02 CET [2023/04/09 10:21:02 ET]
Table '3575045599 1' 3-max Seat #1 is the button
Seat 1: Roman Tsoyi (500 in chips) 
Seat 2: Mahu2021 (500 in chips) 
Seat 3: gonczo22 (500 in chips) 
Mahu2021: posts small blind 10
gonczo22: posts big blind 20
*** HOLE CARDS ***
Dealt to Mahu2021 [7h 3c]
Roman Tsoyi: raises 20 to 40
Mahu2021: folds 
gonczo22: folds 
Uncalled bet (20) returned to Roman Tsoyi
Roman Tsoyi collected 50 from pot
Roman Tsoyi: doesn't show hand 
*** SUMMARY ***
Total pot 50 | Rake 0 
Seat 1: Roman Tsoyi (button) collected (50)
Seat 2: Mahu2021 (small blind) folded before Flop
Seat 3: gonczo22 (big blind) folded before Flop



PokerStars Hand #242983497269: Tournament #3575045599, $0.92+$0.08 USD Hold'em No Limit - Level I (10/20) - 2023/04/09 16:21:10 CET [2023/04/09 10:21:10 ET]
Table '3575045599 1' 3-max Seat #2 is the button
Seat 1: Roman Tsoyi (530 in chips) 
Seat 2: Mahu2021 (490 in chips) 
Seat 3: gonczo22 (480 in chips) 
gonczo22: posts small blind 10
Roman Tsoyi: posts big blind 20
*** HOLE CARDS ***
Dealt to Mahu2021 [6d Qd]
Mahu2021: calls 20
gonczo22: calls 10
Roman Tsoyi: checks 
*** FLOP *** [Jh 5s Ad]
gonczo22: checks 
Roman Tsoyi: checks 
Mahu2021: checks 
*** TURN *** [Jh 5s Ad] [Ks]
gonczo22: checks 
Roman Tsoyi: checks 
Mahu2021: bets 20
gonczo22: calls 20
Roman Tsoyi: folds 
*** RIVER *** [Jh 5s Ad Ks] [Qs]
gonczo22: checks 
Mahu2021: bets 100
gonczo22: folds 
Uncalled bet (100) returned to Mahu2021
Mahu2021 collected 100 from pot
Mahu2021: doesn't show hand 
*** SUMMARY ***
Total pot 100 | Rake 0 
Board [Jh 5s Ad Ks Qs]
Seat 1: Roman Tsoyi (big blind) folded on the Turn
Seat 2: Mahu2021 (button) collected (100)
Seat 3: gonczo22 (small blind) folded on the River



PokerStars Hand #242983504873: Tournament #3575045599, $0.92+$0.08 USD Hold'em No Limit - Level I (10/20) - 2023/04/09 16:21:39 CET [2023/04/09 10:21:39 ET]
Table '3575045599 1' 3-max Seat #3 is the button
Seat 1: Roman Tsoyi (510 in chips) 
Seat 2: Mahu2021 (550 in chips) 
Seat 3: gonczo22 (440 in chips) 
Roman Tsoyi: posts small blind 10
Mahu2021: posts big blind 20
*** HOLE CARDS ***
Dealt to Mahu2021 [Kh 8h]
gonczo22: calls 20
Roman Tsoyi: calls 10
Mahu2021: checks 
*** FLOP *** [5s 5d 9c]
Roman Tsoyi: checks 
Mahu2021: checks 
gonczo22: checks 
*** TURN *** [5s 5d 9c] [As]
Roman Tsoyi: checks 
Mahu2021: bets 20
gonczo22: calls 20
Roman Tsoyi: folds 
*** RIVER *** [5s 5d 9c As] [Jh]
Mahu2021: checks 
gonczo22: checks 
*** SHOW DOWN ***
Mahu2021: shows [Kh 8h] (a pair of Fives)
gonczo22: shows [4d 4c] (two pair, Fives and Fours)
gonczo22 collected 100 from pot
*** SUMMARY ***
Total pot 100 | Rake 0 
Board [5s 5d 9c As Jh]
Seat 1: Roman Tsoyi (small blind) folded on the Turn
Seat 2: Mahu2021 (big blind) showed [Kh 8h] and lost with a pair of Fives
Seat 3: gonczo22 (button) showed [4d 4c] and won (100) with two pair, Fives and Fours



PokerStars Hand #242983511661: Tournament #3575045599, $0.92+$0.08 USD Hold'em No Limit - Level I (10/20) - 2023/04/09 16:22:05 CET [2023/04/09 10:22:05 ET]
Table '3575045599 1' 3-max Seat #1 is the button
Seat 1: Roman Tsoyi (490 in chips) 
Seat 2: Mahu2021 (510 in chips) 
Seat 3: gonczo22 (500 in chips) 
Mahu2021: posts small blind 10
gonczo22: posts big blind 20
*** HOLE CARDS ***
Dealt to Mahu2021 [Ad 3h]
Roman Tsoyi: raises 20 to 40
Mahu2021: folds 
gonczo22: folds 
Uncalled bet (20) returned to Roman Tsoyi
Roman Tsoyi collected 50 from pot
Roman Tsoyi: doesn't show hand 
*** SUMMARY ***
Total pot 50 | Rake 0 
Seat 1: Roman Tsoyi (button) collected (50)
Seat 2: Mahu2021 (small blind) folded before Flop
Seat 3: gonczo22 (big blind) folded before Flop



PokerStars Hand #242983513970: Tournament #3575045599, $0.92+$0.08 USD Hold'em No Limit - Level I (10/20) - 2023/04/09 16:22:14 CET [2023/04/09 10:22:14 ET]
Table '3575045599 1' 3-max Seat #2 is the button
Seat 1: Roman Tsoyi (520 in chips) 
Seat 2: Mahu2021 (500 in chips) 
Seat 3: gonczo22 (480 in chips) 
gonczo22: posts small blind 10
Roman Tsoyi: posts big blind 20
*** HOLE CARDS ***
Dealt to Mahu2021 [7h 3c]
Mahu2021: folds 
gonczo22: calls 10
Roman Tsoyi: raises 20 to 40
gonczo22: calls 20
*** FLOP *** [4s 9s Kd]
gonczo22: checks 
Roman Tsoyi: bets 20
gonczo22: calls 20
*** TURN *** [4s 9s Kd] [Qh]
gonczo22: checks 
Roman Tsoyi: bets 40
gonczo22: calls 40
*** RIVER *** [4s 9s Kd Qh] [6c]
gonczo22: checks 
Roman Tsoyi: bets 20
gonczo22: calls 20
*** SHOW DOWN ***
Roman Tsoyi: shows [As Ah] (a pair of Aces)
gonczo22: mucks hand 
Roman Tsoyi collected 240 from pot
*** SUMMARY ***
Total pot 240 | Rake 0 
Board [4s 9s Kd Qh 6c]
Seat 1: Roman Tsoyi (big blind) showed [As Ah] and won (240) with a pair of Aces
Seat 2: Mahu2021 (button) folded before Flop (didn't bet)
Seat 3: gonczo22 (small blind) mucked [Kh 2h]



PokerStars Hand #242983519750: Tournament #3575045599, $0.92+$0.08 USD Hold'em No Limit - Level I (10/20) - 2023/04/09 16:22:36 CET [2023/04/09 10:22:36 ET]
Table '3575045599 1' 3-max Seat #3 is the button
Seat 1: Roman Tsoyi (640 in chips) 
Seat 2: Mahu2021 (500 in chips) 
Seat 3: gonczo22 (360 in chips) 
Roman Tsoyi: posts small blind 10
Mahu2021: posts big blind 20
*** HOLE CARDS ***
Dealt to Mahu2021 [Qd 5h]
gonczo22: calls 20
Roman Tsoyi: calls 10
Mahu2021: checks 
*** FLOP *** [9d 6s 8s]
Roman Tsoyi: bets 20
Mahu2021: calls 20
gonczo22: calls 20
*** TURN *** [9d 6s 8s] [Js]
Roman Tsoyi: bets 20
Mahu2021: calls 20
gonczo22: calls 20
*** RIVER *** [9d 6s 8s Js] [3h]
Roman Tsoyi: bets 20
Mahu2021: folds 
gonczo22: folds 
Uncalled bet (20) returned to Roman Tsoyi
Roman Tsoyi collected 180 from pot
Roman Tsoyi: doesn't show hand 
*** SUMMARY ***
Total pot 180 | Rake 0 
Board [9d 6s 8s Js 3h]
Seat 1: Roman Tsoyi (small blind) collected (180)
Seat 2: Mahu2021 (big blind) folded on the River
Seat 3: gonczo22 (button) folded on the River



PokerStars Hand #242983526554: Tournament #3575045599, $0.92+$0.08 USD Hold'em No Limit - Level I (10/20) - 2023/04/09 16:23:03 CET [2023/04/09 10:23:03 ET]
Table '3575045599 1' 3-max Seat #1 is the button
Seat 1: Roman Tsoyi (760 in chips) 
Seat 2: Mahu2021 (440 in chips) 
Seat 3: gonczo22 (300 in chips) 
Mahu2021: posts small blind 10
gonczo22: posts big blind 20
*** HOLE CARDS ***
Dealt to Mahu2021 [4h 9c]
Roman Tsoyi: folds 
Mahu2021: folds 
Uncalled bet (10) returned to gonczo22
gonczo22 collected 20 from pot
gonczo22: doesn't show hand 
*** SUMMARY ***
Total pot 20 | Rake 0 
Seat 1: Roman Tsoyi (button) folded before Flop (didn't bet)
Seat 2: Mahu2021 (small blind) folded before Flop
Seat 3: gonczo22 (big blind) collected (20)



PokerStars Hand #242983527963: Tournament #3575045599, $0.92+$0.08 USD Hold'em No Limit - Level I (10/20) - 2023/04/09 16:23:08 CET [2023/04/09 10:23:08 ET]
Table '3575045599 1' 3-max Seat #2 is the button
Seat 1: Roman Tsoyi (760 in chips) 
Seat 2: Mahu2021 (430 in chips) 
Seat 3: gonczo22 (310 in chips) 
gonczo22: posts small blind 10
Roman Tsoyi: posts big blind 20
*** HOLE CARDS ***
Dealt to Mahu2021 [3s Ad]
Mahu2021: folds 
gonczo22: folds 
Uncalled bet (10) returned to Roman Tsoyi
Roman Tsoyi collected 20 from pot
Roman Tsoyi: doesn't show hand 
*** SUMMARY ***
Total pot 20 | Rake 0 
Seat 1: Roman Tsoyi (big blind) collected (20)
Seat 2: Mahu2021 (button) folded before Flop (didn't bet)
Seat 3: gonczo22 (small blind) folded before Flop



PokerStars Hand #242983529701: Tournament #3575045599, $0.92+$0.08 USD Hold'em No Limit - Level I (10/20) - 2023/04/09 16:23:15 CET [2023/04/09 10:23:15 ET]
Table '3575045599 1' 3-max Seat #3 is the button
Seat 1: Roman Tsoyi (770 in chips) 
Seat 2: Mahu2021 (430 in chips) 
Seat 3: gonczo22 (300 in chips) 
Roman Tsoyi: posts small blind 10
Mahu2021: posts big blind 20
*** HOLE CARDS ***
Dealt to Mahu2021 [Jd 7h]
gonczo22: calls 20
Roman Tsoyi: calls 10
Mahu2021: checks 
*** FLOP *** [8c 4d 9d]
Roman Tsoyi: checks 
Mahu2021: checks 
gonczo22: checks 
*** TURN *** [8c 4d 9d] [As]
Roman Tsoyi: bets 20
Mahu2021: folds 
gonczo22: calls 20
*** RIVER *** [8c 4d 9d As] [9h]
Roman Tsoyi: checks 
gonczo22: checks 
*** SHOW DOWN ***
Roman Tsoyi: shows [Qc 5c] (a pair of Nines)
gonczo22: shows [Ac 8h] (two pair, Aces and Nines)
gonczo22 collected 100 from pot
*** SUMMARY ***
Total pot 100 | Rake 0 
Board [8c 4d 9d As 9h]
Seat 1: Roman Tsoyi (small blind) showed [Qc 5c] and lost with a pair of Nines
Seat 2: Mahu2021 (big blind) folded on the Turn
Seat 3: gonczo22 (button) showed [Ac 8h] and won (100) with two pair, Aces and Nines



PokerStars Hand #242983537482: Tournament #3575045599, $0.92+$0.08 USD Hold'em No Limit - Level I (10/20) - 2023/04/09 16:23:44 CET [2023/04/09 10:23:44 ET]
Table '3575045599 1' 3-max Seat #1 is the button
Seat 1: Roman Tsoyi (730 in chips) 
Seat 2: Mahu2021 (410 in chips) 
Seat 3: gonczo22 (360 in chips) 
Mahu2021: posts small blind 10
gonczo22: posts big blind 20
*** HOLE CARDS ***
Dealt to Mahu2021 [Js Ac]
Roman Tsoyi: folds 
Mahu2021: raises 20 to 40
gonczo22: calls 20
*** FLOP *** [2d 4d 2h]
Mahu2021: checks 
gonczo22: checks 
*** TURN *** [2d 4d 2h] [8s]
Mahu2021: bets 20
gonczo22: calls 20
*** RIVER *** [2d 4d 2h 8s] [8c]
Mahu2021: bets 20
gonczo22: raises 60 to 80
Mahu2021: folds 
Uncalled bet (60) returned to gonczo22
gonczo22 collected 160 from pot
gonczo22: doesn't show hand 
*** SUMMARY ***
Total pot 160 | Rake 0 
Board [2d 4d 2h 8s 8c]
Seat 1: Roman Tsoyi (button) folded before Flop (didn't bet)
Seat 2: Mahu2021 (small blind) folded on the River
Seat 3: gonczo22 (big blind) collected (160)



PokerStars Hand #242983544513: Tournament #3575045599, $0.92+$0.08 USD Hold'em No Limit - Level II (15/30) - 2023/04/09 16:24:11 CET [2023/04/09 10:24:11 ET]
Table '3575045599 1' 3-max Seat #2 is the button
Seat 1: Roman Tsoyi (730 in chips) 
Seat 2: Mahu2021 (330 in chips) 
Seat 3: gonczo22 (440 in chips) 
gonczo22: posts small blind 15
Roman Tsoyi: posts big blind 30
*** HOLE CARDS ***
Dealt to Mahu2021 [Kd 4s]
Mahu2021: folds 
gonczo22: folds 
Uncalled bet (15) returned to Roman Tsoyi
Roman Tsoyi collected 30 from pot
Roman Tsoyi: doesn't show hand 
*** SUMMARY ***
Total pot 30 | Rake 0 
Seat 1: Roman Tsoyi (big blind) collected (30)
Seat 2: Mahu2021 (button) folded before Flop (didn't bet)
Seat 3: gonczo22 (small blind) folded before Flop



PokerStars Hand #242983546232: Tournament #3575045599, $0.92+$0.08 USD Hold'em No Limit - Level II (15/30) - 2023/04/09 16:24:18 CET [2023/04/09 10:24:18 ET]
Table '3575045599 1' 3-max Seat #3 is the button
Seat 1: Roman Tsoyi (745 in chips) 
Seat 2: Mahu2021 (330 in chips) 
Seat 3: gonczo22 (425 in chips) 
Roman Tsoyi: posts small blind 15
Mahu2021: posts big blind 30
*** HOLE CARDS ***
Dealt to Mahu2021 [Th 3c]
gonczo22: folds 
Roman Tsoyi: calls 15
Mahu2021: checks 
*** FLOP *** [8d 9h Ks]
Roman Tsoyi: bets 60
Mahu2021: folds 
Uncalled bet (60) returned to Roman Tsoyi
Roman Tsoyi collected 60 from pot
Roman Tsoyi: doesn't show hand 
*** SUMMARY ***
Total pot 60 | Rake 0 
Board [8d 9h Ks]
Seat 1: Roman Tsoyi (small blind) collected (60)
Seat 2: Mahu2021 (big blind) folded on the Flop
Seat 3: gonczo22 (button) folded before Flop (didn't bet)



PokerStars Hand #242983549024: Tournament #3575045599, $0.92+$0.08 USD Hold'em No Limit - Level II (15/30) - 2023/04/09 16:24:29 CET [2023/04/09 10:24:29 ET]
Table '3575045599 1' 3-max Seat #1 is the button
Seat 1: Roman Tsoyi (775 in chips) 
Seat 2: Mahu2021 (300 in chips) 
Seat 3: gonczo22 (425 in chips) 
Mahu2021: posts small blind 15
gonczo22: posts big blind 30
*** HOLE CARDS ***
Dealt to Mahu2021 [Kh Qh]
Roman Tsoyi: raises 745 to 775 and is all-in
Mahu2021: calls 285 and is all-in
gonczo22: folds 
Uncalled bet (475) returned to Roman Tsoyi
*** FLOP *** [As Ks 7h]
*** TURN *** [As Ks 7h] [5d]
*** RIVER *** [As Ks 7h 5d] [Ad]
*** SHOW DOWN ***
Mahu2021: shows [Kh Qh] (two pair, Aces and Kings)
Roman Tsoyi: shows [Qd Ac] (three of a kind, Aces)
Roman Tsoyi collected 630 from pot
Mahu2021 finished the tournament in 3rd place
*** SUMMARY ***
Total pot 630 | Rake 0 
Board [As Ks 7h 5d Ad]
Seat 1: Roman Tsoyi (button) showed [Qd Ac] and won (630) with three of a kind, Aces
Seat 2: Mahu2021 (small blind) showed [Kh Qh] and lost with two pair, Aces and Kings
Seat 3: gonczo22 (big blind) folded before Flop



