PokerStars Hand #253154129093: Tournament #3817698016, $0.46+$0.04 USD Hold'em No Limit - Level I (10/20) - 2024/10/29 11:21:04 CET [2024/10/29 6:21:04 ET]
Table '3817698016 1' 3-max Seat #1 is the button
Seat 1: grinch4441 (500 in chips) 
Seat 2: dmitrii888gl (500 in chips) 
Seat 3: Mahu2021 (500 in chips) 
dmitrii888gl: posts small blind 10
Mahu2021: posts big blind 20
*** HOLE CARDS ***
Dealt to Mahu2021 [9h 4d]
grinch4441: calls 20
dmitrii888gl: raises 40 to 60
Mahu2021: folds 
grinch4441: calls 40
*** FLOP *** [Qh 4s 9d]
dmitrii888gl: bets 40
grinch4441: calls 40
*** TURN *** [Qh 4s 9d] [5h]
dmitrii888gl: bets 80
grinch4441: raises 320 to 400 and is all-in
dmitrii888gl: calls 320 and is all-in
*** RIVER *** [Qh 4s 9d 5h] [5c]
*** SHOW DOWN ***
dmitrii888gl: shows [2c Ah] (a pair of Fives)
grinch4441: shows [7h As] (a pair of Fives)
dmitrii888gl collected 510 from pot
grinch4441 collected 510 from pot
*** SUMMARY ***
Total pot 1020 | Rake 0 
Board [Qh 4s 9d 5h 5c]
Seat 1: grinch4441 (button) showed [7h As] and won (510) with a pair of Fives
Seat 2: dmitrii888gl (small blind) showed [2c Ah] and won (510) with a pair of Fives
Seat 3: Mahu2021 (big blind) folded before Flop



PokerStars Hand #253154132451: Tournament #3817698016, $0.46+$0.04 USD Hold'em No Limit - Level I (10/20) - 2024/10/29 11:21:34 CET [2024/10/29 6:21:34 ET]
Table '3817698016 1' 3-max Seat #2 is the button
Seat 1: grinch4441 (510 in chips) 
Seat 2: dmitrii888gl (510 in chips) 
Seat 3: Mahu2021 (480 in chips) 
Mahu2021: posts small blind 10
grinch4441: posts big blind 20
*** HOLE CARDS ***
Dealt to Mahu2021 [Tc Qd]
dmitrii888gl: raises 20 to 40
Mahu2021: calls 30
grinch4441: calls 20
*** FLOP *** [3s Jc 8h]
Mahu2021: checks 
grinch4441: checks 
dmitrii888gl: checks 
*** TURN *** [3s Jc 8h] [3d]
Mahu2021: checks 
grinch4441: bets 60
dmitrii888gl: raises 100 to 160
Mahu2021: folds 
grinch4441: raises 310 to 470 and is all-in
dmitrii888gl: folds 
Uncalled bet (310) returned to grinch4441
grinch4441 collected 440 from pot
grinch4441: doesn't show hand 
*** SUMMARY ***
Total pot 440 | Rake 0 
Board [3s Jc 8h 3d]
Seat 1: grinch4441 (big blind) collected (440)
Seat 2: dmitrii888gl (button) folded on the Turn
Seat 3: Mahu2021 (small blind) folded on the Turn



PokerStars Hand #253154134982: Tournament #3817698016, $0.46+$0.04 USD Hold'em No Limit - Level I (10/20) - 2024/10/29 11:21:57 CET [2024/10/29 6:21:57 ET]
Table '3817698016 1' 3-max Seat #3 is the button
Seat 1: grinch4441 (750 in chips) 
Seat 2: dmitrii888gl (310 in chips) 
Seat 3: Mahu2021 (440 in chips) 
grinch4441: posts small blind 10
dmitrii888gl: posts big blind 20
*** HOLE CARDS ***
Dealt to Mahu2021 [7h Jd]
Mahu2021: folds 
grinch4441: calls 10
dmitrii888gl: checks 
*** FLOP *** [3d 2c Qc]
grinch4441: checks 
dmitrii888gl: checks 
*** TURN *** [3d 2c Qc] [5c]
grinch4441: checks 
dmitrii888gl: bets 40
grinch4441: calls 40
*** RIVER *** [3d 2c Qc 5c] [Td]
grinch4441: checks 
dmitrii888gl: bets 128
grinch4441: calls 128
*** SHOW DOWN ***
dmitrii888gl: shows [4d Qh] (a pair of Queens)
grinch4441: mucks hand 
dmitrii888gl collected 376 from pot
*** SUMMARY ***
Total pot 376 | Rake 0 
Board [3d 2c Qc 5c Td]
Seat 1: grinch4441 (small blind) mucked [5h Ah]
Seat 2: dmitrii888gl (big blind) showed [4d Qh] and won (376) with a pair of Queens
Seat 3: Mahu2021 (button) folded before Flop (didn't bet)



PokerStars Hand #253154137711: Tournament #3817698016, $0.46+$0.04 USD Hold'em No Limit - Level I (10/20) - 2024/10/29 11:22:21 CET [2024/10/29 6:22:21 ET]
Table '3817698016 1' 3-max Seat #1 is the button
Seat 1: grinch4441 (562 in chips) 
Seat 2: dmitrii888gl (498 in chips) 
Seat 3: Mahu2021 (440 in chips) 
dmitrii888gl: posts small blind 10
Mahu2021: posts big blind 20
*** HOLE CARDS ***
Dealt to Mahu2021 [7d 4c]
grinch4441: calls 20
dmitrii888gl: raises 40 to 60
Mahu2021: folds 
grinch4441: calls 40
*** FLOP *** [Qc 5h 4d]
dmitrii888gl: bets 40
grinch4441: calls 40
*** TURN *** [Qc 5h 4d] [Tc]
dmitrii888gl: checks 
grinch4441: bets 60
dmitrii888gl: raises 160 to 220
grinch4441: calls 160
*** RIVER *** [Qc 5h 4d Tc] [Th]
dmitrii888gl: bets 178 and is all-in
grinch4441: folds 
Uncalled bet (178) returned to dmitrii888gl
dmitrii888gl collected 660 from pot
*** SUMMARY ***
Total pot 660 | Rake 0 
Board [Qc 5h 4d Tc Th]
Seat 1: grinch4441 (button) folded on the River
Seat 2: dmitrii888gl (small blind) collected (660)
Seat 3: Mahu2021 (big blind) folded before Flop



PokerStars Hand #253154141597: Tournament #3817698016, $0.46+$0.04 USD Hold'em No Limit - Level I (10/20) - 2024/10/29 11:22:55 CET [2024/10/29 6:22:55 ET]
Table '3817698016 1' 3-max Seat #2 is the button
Seat 1: grinch4441 (242 in chips) 
Seat 2: dmitrii888gl (838 in chips) 
Seat 3: Mahu2021 (420 in chips) 
Mahu2021: posts small blind 10
grinch4441: posts big blind 20
*** HOLE CARDS ***
Dealt to Mahu2021 [5h Ts]
dmitrii888gl: folds 
Mahu2021: folds 
Uncalled bet (10) returned to grinch4441
grinch4441 collected 20 from pot
grinch4441: doesn't show hand 
*** SUMMARY ***
Total pot 20 | Rake 0 
Seat 1: grinch4441 (big blind) collected (20)
Seat 2: dmitrii888gl (button) folded before Flop (didn't bet)
Seat 3: Mahu2021 (small blind) folded before Flop



PokerStars Hand #253154142081: Tournament #3817698016, $0.46+$0.04 USD Hold'em No Limit - Level I (10/20) - 2024/10/29 11:23:00 CET [2024/10/29 6:23:00 ET]
Table '3817698016 1' 3-max Seat #3 is the button
Seat 1: grinch4441 (252 in chips) 
Seat 2: dmitrii888gl (838 in chips) 
Seat 3: Mahu2021 (410 in chips) 
grinch4441: posts small blind 10
dmitrii888gl: posts big blind 20
*** HOLE CARDS ***
Dealt to Mahu2021 [Th Ts]
Mahu2021: raises 20 to 40
grinch4441: calls 30
dmitrii888gl: calls 20
*** FLOP *** [Qs 6d Kd]
grinch4441: checks 
dmitrii888gl: checks 
Mahu2021: checks 
*** TURN *** [Qs 6d Kd] [9s]
grinch4441: checks 
dmitrii888gl: checks 
Mahu2021: bets 40
grinch4441: calls 40
dmitrii888gl: calls 40
*** RIVER *** [Qs 6d Kd 9s] [2c]
grinch4441: checks 
dmitrii888gl: checks 
Mahu2021: checks 
*** SHOW DOWN ***
grinch4441: shows [6s As] (a pair of Sixes)
dmitrii888gl: shows [9c Jd] (a pair of Nines)
Mahu2021: shows [Th Ts] (a pair of Tens)
Mahu2021 collected 240 from pot
*** SUMMARY ***
Total pot 240 | Rake 0 
Board [Qs 6d Kd 9s 2c]
Seat 1: grinch4441 (small blind) showed [6s As] and lost with a pair of Sixes
Seat 2: dmitrii888gl (big blind) showed [9c Jd] and lost with a pair of Nines
Seat 3: Mahu2021 (button) showed [Th Ts] and won (240) with a pair of Tens



PokerStars Hand #253154144821: Tournament #3817698016, $0.46+$0.04 USD Hold'em No Limit - Level II (15/30) - 2024/10/29 11:23:25 CET [2024/10/29 6:23:25 ET]
Table '3817698016 1' 3-max Seat #1 is the button
Seat 1: grinch4441 (172 in chips) 
Seat 2: dmitrii888gl (758 in chips) 
Seat 3: Mahu2021 (570 in chips) 
dmitrii888gl: posts small blind 15
Mahu2021: posts big blind 30
*** HOLE CARDS ***
Dealt to Mahu2021 [3c Qd]
grinch4441: raises 142 to 172 and is all-in
dmitrii888gl: calls 157
Mahu2021: folds 
*** FLOP *** [Kd Th Ac]
*** TURN *** [Kd Th Ac] [7c]
*** RIVER *** [Kd Th Ac 7c] [2d]
*** SHOW DOWN ***
dmitrii888gl: shows [Td Jd] (a pair of Tens)
grinch4441: shows [5h Js] (high card Ace)
dmitrii888gl collected 374 from pot
grinch4441 finished the tournament in 3rd place
*** SUMMARY ***
Total pot 374 | Rake 0 
Board [Kd Th Ac 7c 2d]
Seat 1: grinch4441 (button) showed [5h Js] and lost with high card Ace
Seat 2: dmitrii888gl (small blind) showed [Td Jd] and won (374) with a pair of Tens
Seat 3: Mahu2021 (big blind) folded before Flop



PokerStars Hand #253154146729: Tournament #3817698016, $0.46+$0.04 USD Hold'em No Limit - Level II (15/30) - 2024/10/29 11:23:41 CET [2024/10/29 6:23:41 ET]
Table '3817698016 1' 3-max Seat #3 is the button
Seat 2: dmitrii888gl (960 in chips) 
Seat 3: Mahu2021 (540 in chips) 
Mahu2021: posts small blind 15
dmitrii888gl: posts big blind 30
*** HOLE CARDS ***
Dealt to Mahu2021 [Kc 4c]
Mahu2021: raises 30 to 60
dmitrii888gl: calls 30
*** FLOP *** [8s 2c Ah]
dmitrii888gl: checks 
Mahu2021: bets 60
dmitrii888gl: folds 
Uncalled bet (60) returned to Mahu2021
Mahu2021 collected 120 from pot
Mahu2021: doesn't show hand 
*** SUMMARY ***
Total pot 120 | Rake 0 
Board [8s 2c Ah]
Seat 2: dmitrii888gl (big blind) folded on the Flop
Seat 3: Mahu2021 (button) (small blind) collected (120)



PokerStars Hand #253154147912: Tournament #3817698016, $0.46+$0.04 USD Hold'em No Limit - Level II (15/30) - 2024/10/29 11:23:52 CET [2024/10/29 6:23:52 ET]
Table '3817698016 1' 3-max Seat #2 is the button
Seat 2: dmitrii888gl (900 in chips) 
Seat 3: Mahu2021 (600 in chips) 
dmitrii888gl: posts small blind 15
Mahu2021: posts big blind 30
*** HOLE CARDS ***
Dealt to Mahu2021 [Ts 7d]
dmitrii888gl: folds 
Uncalled bet (15) returned to Mahu2021
Mahu2021 collected 30 from pot
Mahu2021: doesn't show hand 
*** SUMMARY ***
Total pot 30 | Rake 0 
Seat 2: dmitrii888gl (button) (small blind) folded before Flop
Seat 3: Mahu2021 (big blind) collected (30)



PokerStars Hand #253154148457: Tournament #3817698016, $0.46+$0.04 USD Hold'em No Limit - Level II (15/30) - 2024/10/29 11:23:56 CET [2024/10/29 6:23:56 ET]
Table '3817698016 1' 3-max Seat #3 is the button
Seat 2: dmitrii888gl (885 in chips) 
Seat 3: Mahu2021 (615 in chips) 
Mahu2021: posts small blind 15
dmitrii888gl: posts big blind 30
*** HOLE CARDS ***
Dealt to Mahu2021 [2h Th]
Mahu2021: calls 15
dmitrii888gl: raises 60 to 90
Mahu2021: folds 
Uncalled bet (60) returned to dmitrii888gl
dmitrii888gl collected 60 from pot
*** SUMMARY ***
Total pot 60 | Rake 0 
Seat 2: dmitrii888gl (big blind) collected (60)
Seat 3: Mahu2021 (button) (small blind) folded before Flop



PokerStars Hand #253154149275: Tournament #3817698016, $0.46+$0.04 USD Hold'em No Limit - Level II (15/30) - 2024/10/29 11:24:03 CET [2024/10/29 6:24:03 ET]
Table '3817698016 1' 3-max Seat #2 is the button
Seat 2: dmitrii888gl (915 in chips) 
Seat 3: Mahu2021 (585 in chips) 
dmitrii888gl: posts small blind 15
Mahu2021: posts big blind 30
*** HOLE CARDS ***
Dealt to Mahu2021 [9c 7d]
dmitrii888gl: raises 30 to 60
Mahu2021: calls 30
*** FLOP *** [Qh 9h 7h]
Mahu2021: checks 
dmitrii888gl: checks 
*** TURN *** [Qh 9h 7h] [3s]
Mahu2021: checks 
dmitrii888gl: checks 
*** RIVER *** [Qh 9h 7h 3s] [Ad]
Mahu2021: checks 
dmitrii888gl: checks 
*** SHOW DOWN ***
Mahu2021: shows [9c 7d] (two pair, Nines and Sevens)
dmitrii888gl: mucks hand 
Mahu2021 collected 120 from pot
*** SUMMARY ***
Total pot 120 | Rake 0 
Board [Qh 9h 7h 3s Ad]
Seat 2: dmitrii888gl (button) (small blind) mucked [5s 8s]
Seat 3: Mahu2021 (big blind) showed [9c 7d] and won (120) with two pair, Nines and Sevens



PokerStars Hand #253154150902: Tournament #3817698016, $0.46+$0.04 USD Hold'em No Limit - Level II (15/30) - 2024/10/29 11:24:18 CET [2024/10/29 6:24:18 ET]
Table '3817698016 1' 3-max Seat #3 is the button
Seat 2: dmitrii888gl (855 in chips) 
Seat 3: Mahu2021 (645 in chips) 
Mahu2021: posts small blind 15
dmitrii888gl: posts big blind 30
*** HOLE CARDS ***
Dealt to Mahu2021 [Kd 2s]
Mahu2021: raises 30 to 60
dmitrii888gl: raises 60 to 120
Mahu2021: calls 60
*** FLOP *** [7h 8s Jd]
dmitrii888gl: bets 120
Mahu2021: folds 
Uncalled bet (120) returned to dmitrii888gl
dmitrii888gl collected 240 from pot
*** SUMMARY ***
Total pot 240 | Rake 0 
Board [7h 8s Jd]
Seat 2: dmitrii888gl (big blind) collected (240)
Seat 3: Mahu2021 (button) (small blind) folded on the Flop



PokerStars Hand #253154152565: Tournament #3817698016, $0.46+$0.04 USD Hold'em No Limit - Level II (15/30) - 2024/10/29 11:24:33 CET [2024/10/29 6:24:33 ET]
Table '3817698016 1' 3-max Seat #2 is the button
Seat 2: dmitrii888gl (975 in chips) 
Seat 3: Mahu2021 (525 in chips) 
dmitrii888gl: posts small blind 15
Mahu2021: posts big blind 30
*** HOLE CARDS ***
Dealt to Mahu2021 [4h 7s]
dmitrii888gl: raises 30 to 60
Mahu2021: folds 
Uncalled bet (30) returned to dmitrii888gl
dmitrii888gl collected 60 from pot
*** SUMMARY ***
Total pot 60 | Rake 0 
Seat 2: dmitrii888gl (button) (small blind) collected (60)
Seat 3: Mahu2021 (big blind) folded before Flop



PokerStars Hand #253154153274: Tournament #3817698016, $0.46+$0.04 USD Hold'em No Limit - Level II (15/30) - 2024/10/29 11:24:39 CET [2024/10/29 6:24:39 ET]
Table '3817698016 1' 3-max Seat #3 is the button
Seat 2: dmitrii888gl (1005 in chips) 
Seat 3: Mahu2021 (495 in chips) 
Mahu2021: posts small blind 15
dmitrii888gl: posts big blind 30
*** HOLE CARDS ***
Dealt to Mahu2021 [Kc 6h]
Mahu2021: raises 30 to 60
dmitrii888gl: calls 30
*** FLOP *** [2s 9h 6c]
dmitrii888gl: checks 
Mahu2021: bets 120
dmitrii888gl: folds 
Uncalled bet (120) returned to Mahu2021
Mahu2021 collected 120 from pot
Mahu2021: doesn't show hand 
*** SUMMARY ***
Total pot 120 | Rake 0 
Board [2s 9h 6c]
Seat 2: dmitrii888gl (big blind) folded on the Flop
Seat 3: Mahu2021 (button) (small blind) collected (120)



PokerStars Hand #253154154477: Tournament #3817698016, $0.46+$0.04 USD Hold'em No Limit - Level II (15/30) - 2024/10/29 11:24:50 CET [2024/10/29 6:24:50 ET]
Table '3817698016 1' 3-max Seat #2 is the button
Seat 2: dmitrii888gl (945 in chips) 
Seat 3: Mahu2021 (555 in chips) 
dmitrii888gl: posts small blind 15
Mahu2021: posts big blind 30
*** HOLE CARDS ***
Dealt to Mahu2021 [3h 2d]
dmitrii888gl: calls 15
Mahu2021: checks 
*** FLOP *** [Qd 3d 5h]
Mahu2021: checks 
dmitrii888gl: bets 30
Mahu2021: calls 30
*** TURN *** [Qd 3d 5h] [Ac]
Mahu2021: checks 
dmitrii888gl: bets 30
Mahu2021: calls 30
*** RIVER *** [Qd 3d 5h Ac] [6c]
Mahu2021: checks 
dmitrii888gl: bets 30
Mahu2021: calls 30
*** SHOW DOWN ***
dmitrii888gl: shows [Qs 8d] (a pair of Queens)
Mahu2021: mucks hand 
dmitrii888gl collected 240 from pot
*** SUMMARY ***
Total pot 240 | Rake 0 
Board [Qd 3d 5h Ac 6c]
Seat 2: dmitrii888gl (button) (small blind) showed [Qs 8d] and won (240) with a pair of Queens
Seat 3: Mahu2021 (big blind) mucked [3h 2d]



PokerStars Hand #253154156738: Tournament #3817698016, $0.46+$0.04 USD Hold'em No Limit - Level III (20/40) - 2024/10/29 11:25:10 CET [2024/10/29 6:25:10 ET]
Table '3817698016 1' 3-max Seat #3 is the button
Seat 2: dmitrii888gl (1065 in chips) 
Seat 3: Mahu2021 (435 in chips) 
Mahu2021: posts small blind 20
dmitrii888gl: posts big blind 40
*** HOLE CARDS ***
Dealt to Mahu2021 [Ks 9h]
Mahu2021: raises 40 to 80
dmitrii888gl: raises 160 to 240
Mahu2021: raises 195 to 435 and is all-in
dmitrii888gl: calls 195
*** FLOP *** [7h Ts 6d]
*** TURN *** [7h Ts 6d] [5s]
*** RIVER *** [7h Ts 6d 5s] [8s]
*** SHOW DOWN ***
dmitrii888gl: shows [6h 6s] (three of a kind, Sixes)
Mahu2021: shows [Ks 9h] (a straight, Six to Ten)
Mahu2021 collected 870 from pot
*** SUMMARY ***
Total pot 870 | Rake 0 
Board [7h Ts 6d 5s 8s]
Seat 2: dmitrii888gl (big blind) showed [6h 6s] and lost with three of a kind, Sixes
Seat 3: Mahu2021 (button) (small blind) showed [Ks 9h] and won (870) with a straight, Six to Ten



PokerStars Hand #253154158906: Tournament #3817698016, $0.46+$0.04 USD Hold'em No Limit - Level III (20/40) - 2024/10/29 11:25:29 CET [2024/10/29 6:25:29 ET]
Table '3817698016 1' 3-max Seat #2 is the button
Seat 2: dmitrii888gl (630 in chips) 
Seat 3: Mahu2021 (870 in chips) 
dmitrii888gl: posts small blind 20
Mahu2021: posts big blind 40
*** HOLE CARDS ***
Dealt to Mahu2021 [2d 5c]
dmitrii888gl: raises 40 to 80
Mahu2021: folds 
Uncalled bet (40) returned to dmitrii888gl
dmitrii888gl collected 80 from pot
*** SUMMARY ***
Total pot 80 | Rake 0 
Seat 2: dmitrii888gl (button) (small blind) collected (80)
Seat 3: Mahu2021 (big blind) folded before Flop



PokerStars Hand #253154159806: Tournament #3817698016, $0.46+$0.04 USD Hold'em No Limit - Level III (20/40) - 2024/10/29 11:25:37 CET [2024/10/29 6:25:37 ET]
Table '3817698016 1' 3-max Seat #3 is the button
Seat 2: dmitrii888gl (670 in chips) 
Seat 3: Mahu2021 (830 in chips) 
Mahu2021: posts small blind 20
dmitrii888gl: posts big blind 40
*** HOLE CARDS ***
Dealt to Mahu2021 [Kd 2h]
Mahu2021: raises 40 to 80
dmitrii888gl: raises 40 to 120
Mahu2021: calls 40
*** FLOP *** [6s 9c 4c]
dmitrii888gl: bets 80
Mahu2021: calls 80
*** TURN *** [6s 9c 4c] [9s]
dmitrii888gl: bets 120
Mahu2021: calls 120
*** RIVER *** [6s 9c 4c 9s] [6d]
dmitrii888gl: bets 350 and is all-in
Mahu2021: calls 350
*** SHOW DOWN ***
dmitrii888gl: shows [Tc Jh] (two pair, Nines and Sixes)
Mahu2021: shows [Kd 2h] (two pair, Nines and Sixes - King kicker)
Mahu2021 collected 1340 from pot
dmitrii888gl finished the tournament in 2nd place
Mahu2021 wins the tournament - congratulations!
Mahu2021 wins a '$1.50 Power Path Step 2 Ticket' ticket
*** SUMMARY ***
Total pot 1340 | Rake 0 
Board [6s 9c 4c 9s 6d]
Seat 2: dmitrii888gl (big blind) showed [Tc Jh] and lost with two pair, Nines and Sixes
Seat 3: Mahu2021 (button) (small blind) showed [Kd 2h] and won (1340) with two pair, Nines and Sixes



