PokerStars Hand #249556384304: Tournament #3732031873, $1.84+$0.16 USD Hold'em No Limit - Level I (10/20) - 2024/03/22 11:33:50 CET [2024/03/22 6:33:50 ET]
Table '3732031873 1' 3-max Seat #1 is the button
Seat 1: st.venega (500 in chips) 
Seat 2: Mahu2021 (500 in chips) 
Seat 3: curlux (500 in chips) 
Mahu2021: posts small blind 10
curlux: posts big blind 20
*** HOLE CARDS ***
Dealt to Mahu2021 [3h 5c]
st.venega: folds 
Mahu2021: folds 
Uncalled bet (10) returned to curlux
curlux collected 20 from pot
*** SUMMARY ***
Total pot 20 | Rake 0 
Seat 1: st.venega (button) folded before Flop (didn't bet)
Seat 2: Mahu2021 (small blind) folded before Flop
Seat 3: curlux (big blind) collected (20)



PokerStars Hand #249556385249: Tournament #3732031873, $1.84+$0.16 USD Hold'em No Limit - Level I (10/20) - 2024/03/22 11:33:56 CET [2024/03/22 6:33:56 ET]
Table '3732031873 1' 3-max Seat #2 is the button
Seat 1: st.venega (500 in chips) 
Seat 2: Mahu2021 (490 in chips) 
Seat 3: curlux (510 in chips) 
curlux: posts small blind 10
st.venega: posts big blind 20
*** HOLE CARDS ***
Dealt to Mahu2021 [Jh Ks]
Mahu2021: raises 20 to 40
curlux: calls 30
st.venega: calls 20
*** FLOP *** [4c As 6d]
curlux: bets 20
st.venega: calls 20
Mahu2021: folds 
*** TURN *** [4c As 6d] [5h]
curlux: bets 20
st.venega: calls 20
*** RIVER *** [4c As 6d 5h] [Kh]
curlux: bets 20
st.venega: calls 20
*** SHOW DOWN ***
curlux: shows [5c Jd] (a pair of Fives)
st.venega: shows [Ad 8s] (a pair of Aces)
st.venega collected 240 from pot
*** SUMMARY ***
Total pot 240 | Rake 0 
Board [4c As 6d 5h Kh]
Seat 1: st.venega (big blind) showed [Ad 8s] and won (240) with a pair of Aces
Seat 2: Mahu2021 (button) folded on the Flop
Seat 3: curlux (small blind) showed [5c Jd] and lost with a pair of Fives



PokerStars Hand #249556390203: Tournament #3732031873, $1.84+$0.16 USD Hold'em No Limit - Level I (10/20) - 2024/03/22 11:34:34 CET [2024/03/22 6:34:34 ET]
Table '3732031873 1' 3-max Seat #3 is the button
Seat 1: st.venega (640 in chips) 
Seat 2: Mahu2021 (450 in chips) 
Seat 3: curlux (410 in chips) 
st.venega: posts small blind 10
Mahu2021: posts big blind 20
*** HOLE CARDS ***
Dealt to Mahu2021 [8d Kc]
curlux: folds 
st.venega: raises 20 to 40
Mahu2021: calls 20
*** FLOP *** [4s 6c 3c]
st.venega: checks 
Mahu2021: checks 
*** TURN *** [4s 6c 3c] [9s]
st.venega: bets 80
Mahu2021: folds 
Uncalled bet (80) returned to st.venega
st.venega collected 80 from pot
*** SUMMARY ***
Total pot 80 | Rake 0 
Board [4s 6c 3c 9s]
Seat 1: st.venega (small blind) collected (80)
Seat 2: Mahu2021 (big blind) folded on the Turn
Seat 3: curlux (button) folded before Flop (didn't bet)



PokerStars Hand #249556394200: Tournament #3732031873, $1.84+$0.16 USD Hold'em No Limit - Level I (10/20) - 2024/03/22 11:35:03 CET [2024/03/22 6:35:03 ET]
Table '3732031873 1' 3-max Seat #1 is the button
Seat 1: st.venega (680 in chips) 
Seat 2: Mahu2021 (410 in chips) 
Seat 3: curlux (410 in chips) 
Mahu2021: posts small blind 10
curlux: posts big blind 20
*** HOLE CARDS ***
Dealt to Mahu2021 [Jh 8c]
st.venega: raises 20 to 40
Mahu2021: folds 
curlux: calls 20
*** FLOP *** [Jd Js 9d]
curlux: checks 
st.venega: checks 
*** TURN *** [Jd Js 9d] [5d]
curlux: checks 
st.venega: bets 40
curlux: folds 
Uncalled bet (40) returned to st.venega
st.venega collected 90 from pot
*** SUMMARY ***
Total pot 90 | Rake 0 
Board [Jd Js 9d 5d]
Seat 1: st.venega (button) collected (90)
Seat 2: Mahu2021 (small blind) folded before Flop
Seat 3: curlux (big blind) folded on the Turn



PokerStars Hand #249556397443: Tournament #3732031873, $1.84+$0.16 USD Hold'em No Limit - Level I (10/20) - 2024/03/22 11:35:27 CET [2024/03/22 6:35:27 ET]
Table '3732031873 1' 3-max Seat #2 is the button
Seat 1: st.venega (730 in chips) 
Seat 2: Mahu2021 (400 in chips) 
Seat 3: curlux (370 in chips) 
curlux: posts small blind 10
st.venega: posts big blind 20
*** HOLE CARDS ***
Dealt to Mahu2021 [Th Qs]
Mahu2021: raises 20 to 40
curlux: calls 30
st.venega: calls 20
*** FLOP *** [Td 3h 4c]
curlux: checks 
st.venega: checks 
Mahu2021: bets 120
curlux: folds 
st.venega: folds 
Uncalled bet (120) returned to Mahu2021
Mahu2021 collected 120 from pot
Mahu2021: doesn't show hand 
*** SUMMARY ***
Total pot 120 | Rake 0 
Board [Td 3h 4c]
Seat 1: st.venega (big blind) folded on the Flop
Seat 2: Mahu2021 (button) collected (120)
Seat 3: curlux (small blind) folded on the Flop



PokerStars Hand #249556400382: Tournament #3732031873, $1.84+$0.16 USD Hold'em No Limit - Level I (10/20) - 2024/03/22 11:35:49 CET [2024/03/22 6:35:49 ET]
Table '3732031873 1' 3-max Seat #3 is the button
Seat 1: st.venega (690 in chips) 
Seat 2: Mahu2021 (480 in chips) 
Seat 3: curlux (330 in chips) 
st.venega: posts small blind 10
Mahu2021: posts big blind 20
*** HOLE CARDS ***
Dealt to Mahu2021 [Ts 3h]
curlux: folds 
st.venega: raises 20 to 40
Mahu2021: folds 
Uncalled bet (20) returned to st.venega
st.venega collected 40 from pot
*** SUMMARY ***
Total pot 40 | Rake 0 
Seat 1: st.venega (small blind) collected (40)
Seat 2: Mahu2021 (big blind) folded before Flop
Seat 3: curlux (button) folded before Flop (didn't bet)



PokerStars Hand #249556402181: Tournament #3732031873, $1.84+$0.16 USD Hold'em No Limit - Level II (15/30) - 2024/03/22 11:36:02 CET [2024/03/22 6:36:02 ET]
Table '3732031873 1' 3-max Seat #1 is the button
Seat 1: st.venega (710 in chips) 
Seat 2: Mahu2021 (460 in chips) 
Seat 3: curlux (330 in chips) 
Mahu2021: posts small blind 15
curlux: posts big blind 30
*** HOLE CARDS ***
Dealt to Mahu2021 [Jd 6h]
st.venega: raises 30 to 60
Mahu2021: folds 
curlux: calls 30
*** FLOP *** [Ah Jc 6d]
curlux: checks 
st.venega: checks 
*** TURN *** [Ah Jc 6d] [Ad]
curlux: checks 
st.venega: bets 60
curlux: folds 
Uncalled bet (60) returned to st.venega
st.venega collected 135 from pot
*** SUMMARY ***
Total pot 135 | Rake 0 
Board [Ah Jc 6d Ad]
Seat 1: st.venega (button) collected (135)
Seat 2: Mahu2021 (small blind) folded before Flop
Seat 3: curlux (big blind) folded on the Turn



PokerStars Hand #249556405800: Tournament #3732031873, $1.84+$0.16 USD Hold'em No Limit - Level II (15/30) - 2024/03/22 11:36:30 CET [2024/03/22 6:36:30 ET]
Table '3732031873 1' 3-max Seat #2 is the button
Seat 1: st.venega (785 in chips) 
Seat 2: Mahu2021 (445 in chips) 
Seat 3: curlux (270 in chips) 
curlux: posts small blind 15
st.venega: posts big blind 30
*** HOLE CARDS ***
Dealt to Mahu2021 [8h 4h]
Mahu2021: folds 
curlux: folds 
Uncalled bet (15) returned to st.venega
st.venega collected 30 from pot
*** SUMMARY ***
Total pot 30 | Rake 0 
Seat 1: st.venega (big blind) collected (30)
Seat 2: Mahu2021 (button) folded before Flop (didn't bet)
Seat 3: curlux (small blind) folded before Flop



PokerStars Hand #249556406706: Tournament #3732031873, $1.84+$0.16 USD Hold'em No Limit - Level II (15/30) - 2024/03/22 11:36:37 CET [2024/03/22 6:36:37 ET]
Table '3732031873 1' 3-max Seat #3 is the button
Seat 1: st.venega (800 in chips) 
Seat 2: Mahu2021 (445 in chips) 
Seat 3: curlux (255 in chips) 
st.venega: posts small blind 15
Mahu2021: posts big blind 30
*** HOLE CARDS ***
Dealt to Mahu2021 [3s 9h]
curlux: raises 225 to 255 and is all-in
st.venega: folds 
Mahu2021: folds 
Uncalled bet (225) returned to curlux
curlux collected 75 from pot
*** SUMMARY ***
Total pot 75 | Rake 0 
Seat 1: st.venega (small blind) folded before Flop
Seat 2: Mahu2021 (big blind) folded before Flop
Seat 3: curlux (button) collected (75)



PokerStars Hand #249556408123: Tournament #3732031873, $1.84+$0.16 USD Hold'em No Limit - Level II (15/30) - 2024/03/22 11:36:47 CET [2024/03/22 6:36:47 ET]
Table '3732031873 1' 3-max Seat #1 is the button
Seat 1: st.venega (785 in chips) 
Seat 2: Mahu2021 (415 in chips) 
Seat 3: curlux (300 in chips) 
Mahu2021: posts small blind 15
curlux: posts big blind 30
*** HOLE CARDS ***
Dealt to Mahu2021 [Jh Qc]
st.venega: folds 
Mahu2021: raises 30 to 60
curlux: folds 
Uncalled bet (30) returned to Mahu2021
Mahu2021 collected 60 from pot
Mahu2021: doesn't show hand 
*** SUMMARY ***
Total pot 60 | Rake 0 
Seat 1: st.venega (button) folded before Flop (didn't bet)
Seat 2: Mahu2021 (small blind) collected (60)
Seat 3: curlux (big blind) folded before Flop



PokerStars Hand #249556409530: Tournament #3732031873, $1.84+$0.16 USD Hold'em No Limit - Level II (15/30) - 2024/03/22 11:36:58 CET [2024/03/22 6:36:58 ET]
Table '3732031873 1' 3-max Seat #2 is the button
Seat 1: st.venega (785 in chips) 
Seat 2: Mahu2021 (445 in chips) 
Seat 3: curlux (270 in chips) 
curlux: posts small blind 15
st.venega: posts big blind 30
*** HOLE CARDS ***
Dealt to Mahu2021 [2h 8c]
Mahu2021: folds 
curlux: raises 30 to 60
st.venega: raises 725 to 785 and is all-in
curlux: calls 210 and is all-in
Uncalled bet (515) returned to st.venega
*** FLOP *** [9h Kh Qc]
*** TURN *** [9h Kh Qc] [6h]
*** RIVER *** [9h Kh Qc 6h] [Qs]
*** SHOW DOWN ***
curlux: shows [Ah 7h] (a flush, Ace high)
st.venega: shows [4h As] (a pair of Queens)
curlux collected 540 from pot
*** SUMMARY ***
Total pot 540 | Rake 0 
Board [9h Kh Qc 6h Qs]
Seat 1: st.venega (big blind) showed [4h As] and lost with a pair of Queens
Seat 2: Mahu2021 (button) folded before Flop (didn't bet)
Seat 3: curlux (small blind) showed [Ah 7h] and won (540) with a flush, Ace high



PokerStars Hand #249556411921: Tournament #3732031873, $1.84+$0.16 USD Hold'em No Limit - Level II (15/30) - 2024/03/22 11:37:15 CET [2024/03/22 6:37:15 ET]
Table '3732031873 1' 3-max Seat #3 is the button
Seat 1: st.venega (515 in chips) 
Seat 2: Mahu2021 (445 in chips) 
Seat 3: curlux (540 in chips) 
st.venega: posts small blind 15
Mahu2021: posts big blind 30
*** HOLE CARDS ***
Dealt to Mahu2021 [5h Ah]
curlux: calls 30
st.venega: calls 15
Mahu2021: checks 
*** FLOP *** [6d 5s 6c]
st.venega: bets 60
Mahu2021: calls 60
curlux: folds 
*** TURN *** [6d 5s 6c] [8c]
st.venega: checks 
Mahu2021: checks 
*** RIVER *** [6d 5s 6c 8c] [Ks]
st.venega: checks 
Mahu2021: checks 
*** SHOW DOWN ***
st.venega: shows [3c Kd] (two pair, Kings and Sixes)
Mahu2021: mucks hand 
st.venega collected 210 from pot
*** SUMMARY ***
Total pot 210 | Rake 0 
Board [6d 5s 6c 8c Ks]
Seat 1: st.venega (small blind) showed [3c Kd] and won (210) with two pair, Kings and Sixes
Seat 2: Mahu2021 (big blind) mucked [5h Ah]
Seat 3: curlux (button) folded on the Flop



PokerStars Hand #249556415629: Tournament #3732031873, $1.84+$0.16 USD Hold'em No Limit - Level II (15/30) - 2024/03/22 11:37:43 CET [2024/03/22 6:37:43 ET]
Table '3732031873 1' 3-max Seat #1 is the button
Seat 1: st.venega (635 in chips) 
Seat 2: Mahu2021 (355 in chips) 
Seat 3: curlux (510 in chips) 
Mahu2021: posts small blind 15
curlux: posts big blind 30
*** HOLE CARDS ***
Dealt to Mahu2021 [8c 8d]
st.venega: folds 
Mahu2021: raises 325 to 355 and is all-in
curlux: calls 325
*** FLOP *** [8h 6c 7d]
*** TURN *** [8h 6c 7d] [9d]
*** RIVER *** [8h 6c 7d 9d] [Qh]
*** SHOW DOWN ***
Mahu2021: shows [8c 8d] (three of a kind, Eights)
curlux: shows [As 3h] (high card Ace)
Mahu2021 collected 710 from pot
*** SUMMARY ***
Total pot 710 | Rake 0 
Board [8h 6c 7d 9d Qh]
Seat 1: st.venega (button) folded before Flop (didn't bet)
Seat 2: Mahu2021 (small blind) showed [8c 8d] and won (710) with three of a kind, Eights
Seat 3: curlux (big blind) showed [As 3h] and lost with high card Ace



PokerStars Hand #249556418751: Tournament #3732031873, $1.84+$0.16 USD Hold'em No Limit - Level III (20/40) - 2024/03/22 11:38:06 CET [2024/03/22 6:38:06 ET]
Table '3732031873 1' 3-max Seat #2 is the button
Seat 1: st.venega (635 in chips) 
Seat 2: Mahu2021 (710 in chips) 
Seat 3: curlux (155 in chips) 
curlux: posts small blind 20
st.venega: posts big blind 40
*** HOLE CARDS ***
Dealt to Mahu2021 [Ts Ac]
Mahu2021: raises 40 to 80
curlux: raises 75 to 155 and is all-in
st.venega: folds 
Mahu2021: calls 75
*** FLOP *** [Tc 3c Qs]
*** TURN *** [Tc 3c Qs] [Ah]
*** RIVER *** [Tc 3c Qs Ah] [2d]
*** SHOW DOWN ***
curlux: shows [6c Jh] (high card Ace)
Mahu2021: shows [Ts Ac] (two pair, Aces and Tens)
Mahu2021 collected 350 from pot
curlux finished the tournament in 3rd place
*** SUMMARY ***
Total pot 350 | Rake 0 
Board [Tc 3c Qs Ah 2d]
Seat 1: st.venega (big blind) folded before Flop
Seat 2: Mahu2021 (button) showed [Ts Ac] and won (350) with two pair, Aces and Tens
Seat 3: curlux (small blind) showed [6c Jh] and lost with high card Ace



PokerStars Hand #249556421647: Tournament #3732031873, $1.84+$0.16 USD Hold'em No Limit - Level III (20/40) - 2024/03/22 11:38:27 CET [2024/03/22 6:38:27 ET]
Table '3732031873 1' 3-max Seat #1 is the button
Seat 1: st.venega (595 in chips) 
Seat 2: Mahu2021 (905 in chips) 
st.venega: posts small blind 20
Mahu2021: posts big blind 40
*** HOLE CARDS ***
Dealt to Mahu2021 [7s Jh]
st.venega: raises 555 to 595 and is all-in
Mahu2021: folds 
Uncalled bet (555) returned to st.venega
st.venega collected 80 from pot
*** SUMMARY ***
Total pot 80 | Rake 0 
Seat 1: st.venega (button) (small blind) collected (80)
Seat 2: Mahu2021 (big blind) folded before Flop



PokerStars Hand #249556422842: Tournament #3732031873, $1.84+$0.16 USD Hold'em No Limit - Level III (20/40) - 2024/03/22 11:38:36 CET [2024/03/22 6:38:36 ET]
Table '3732031873 1' 3-max Seat #2 is the button
Seat 1: st.venega (635 in chips) 
Seat 2: Mahu2021 (865 in chips) 
Mahu2021: posts small blind 20
st.venega: posts big blind 40
*** HOLE CARDS ***
Dealt to Mahu2021 [8c 8s]
Mahu2021: raises 40 to 80
st.venega: raises 555 to 635 and is all-in
Mahu2021: calls 555
*** FLOP *** [3h 6c Ts]
*** TURN *** [3h 6c Ts] [8h]
*** RIVER *** [3h 6c Ts 8h] [3s]
*** SHOW DOWN ***
st.venega: shows [Jh Ks] (a pair of Threes)
Mahu2021: shows [8c 8s] (a full house, Eights full of Threes)
Mahu2021 collected 1270 from pot
st.venega finished the tournament in 2nd place
Mahu2021 wins the tournament and receives $4.00 - congratulations!
*** SUMMARY ***
Total pot 1270 | Rake 0 
Board [3h 6c Ts 8h 3s]
Seat 1: st.venega (big blind) showed [Jh Ks] and lost with a pair of Threes
Seat 2: Mahu2021 (button) (small blind) showed [8c 8s] and won (1270) with a full house, Eights full of Threes



