PokerStars Hand #252846962985: Tournament #3810074105, $1.84+$0.16 USD Hold'em No Limit - Level I (10/20) - 2024/10/09 21:26:00 CET [2024/10/09 15:26:00 ET]
Table '3810074105 1' 3-max Seat #1 is the button
Seat 1: Samador777 (500 in chips) 
Seat 2: isowqq (500 in chips) 
Seat 3: Mahu2021 (500 in chips) 
isowqq: posts small blind 10
Mahu2021: posts big blind 20
*** HOLE CARDS ***
Dealt to Mahu2021 [9h Kh]
Samador777: folds 
isowqq: calls 10
Mahu2021: checks 
*** FLOP *** [8s 2d Ts]
isowqq: bets 20
Mahu2021: calls 20
*** TURN *** [8s 2d Ts] [Ad]
isowqq: checks 
Mahu2021: checks 
*** RIVER *** [8s 2d Ts Ad] [3h]
isowqq: checks 
Mahu2021: bets 80
isowqq: calls 80
*** SHOW DOWN ***
Mahu2021: shows [9h Kh] (high card Ace)
isowqq: shows [8d Jc] (a pair of Eights)
isowqq collected 240 from pot
*** SUMMARY ***
Total pot 240 | Rake 0 
Board [8s 2d Ts Ad 3h]
Seat 1: Samador777 (button) folded before Flop (didn't bet)
Seat 2: isowqq (small blind) showed [8d Jc] and won (240) with a pair of Eights
Seat 3: Mahu2021 (big blind) showed [9h Kh] and lost with high card Ace



PokerStars Hand #252846973648: Tournament #3810074105, $1.84+$0.16 USD Hold'em No Limit - Level I (10/20) - 2024/10/09 21:26:34 CET [2024/10/09 15:26:34 ET]
Table '3810074105 1' 3-max Seat #2 is the button
Seat 1: Samador777 (500 in chips) 
Seat 2: isowqq (620 in chips) 
Seat 3: Mahu2021 (380 in chips) 
Mahu2021: posts small blind 10
Samador777: posts big blind 20
*** HOLE CARDS ***
Dealt to Mahu2021 [8h Ad]
isowqq: folds 
Mahu2021: raises 20 to 40
Samador777: calls 20
*** FLOP *** [Ks Qc 5s]
Mahu2021: checks 
Samador777: checks 
*** TURN *** [Ks Qc 5s] [6d]
Mahu2021: checks 
Samador777: checks 
*** RIVER *** [Ks Qc 5s 6d] [Ah]
Mahu2021: bets 40
Samador777: folds 
Uncalled bet (40) returned to Mahu2021
Mahu2021 collected 80 from pot
Mahu2021: doesn't show hand 
*** SUMMARY ***
Total pot 80 | Rake 0 
Board [Ks Qc 5s 6d Ah]
Seat 1: Samador777 (big blind) folded on the River
Seat 2: isowqq (button) folded before Flop (didn't bet)
Seat 3: Mahu2021 (small blind) collected (80)



PokerStars Hand #252846979261: Tournament #3810074105, $1.84+$0.16 USD Hold'em No Limit - Level I (10/20) - 2024/10/09 21:26:52 CET [2024/10/09 15:26:52 ET]
Table '3810074105 1' 3-max Seat #3 is the button
Seat 1: Samador777 (460 in chips) 
Seat 2: isowqq (620 in chips) 
Seat 3: Mahu2021 (420 in chips) 
Samador777: posts small blind 10
isowqq: posts big blind 20
*** HOLE CARDS ***
Dealt to Mahu2021 [8h 9h]
Mahu2021: calls 20
Samador777: folds 
isowqq: checks 
*** FLOP *** [7d 2d Qd]
isowqq: checks 
Mahu2021: checks 
*** TURN *** [7d 2d Qd] [Ah]
isowqq: checks 
Mahu2021: checks 
*** RIVER *** [7d 2d Qd Ah] [Td]
isowqq: checks 
Mahu2021: checks 
*** SHOW DOWN ***
isowqq: shows [5c 5h] (a pair of Fives)
Mahu2021: mucks hand 
isowqq collected 50 from pot
*** SUMMARY ***
Total pot 50 | Rake 0 
Board [7d 2d Qd Ah Td]
Seat 1: Samador777 (small blind) folded before Flop
Seat 2: isowqq (big blind) showed [5c 5h] and won (50) with a pair of Fives
Seat 3: Mahu2021 (button) mucked [8h 9h]



PokerStars Hand #252846989352: Tournament #3810074105, $1.84+$0.16 USD Hold'em No Limit - Level I (10/20) - 2024/10/09 21:27:24 CET [2024/10/09 15:27:24 ET]
Table '3810074105 1' 3-max Seat #1 is the button
Seat 1: Samador777 (450 in chips) 
Seat 2: isowqq (650 in chips) 
Seat 3: Mahu2021 (400 in chips) 
isowqq: posts small blind 10
Mahu2021: posts big blind 20
*** HOLE CARDS ***
Dealt to Mahu2021 [8c Jh]
Samador777: folds 
isowqq: raises 30 to 50
Mahu2021: folds 
Uncalled bet (30) returned to isowqq
isowqq collected 40 from pot
*** SUMMARY ***
Total pot 40 | Rake 0 
Seat 1: Samador777 (button) folded before Flop (didn't bet)
Seat 2: isowqq (small blind) collected (40)
Seat 3: Mahu2021 (big blind) folded before Flop



PokerStars Hand #252846993384: Tournament #3810074105, $1.84+$0.16 USD Hold'em No Limit - Level I (10/20) - 2024/10/09 21:27:37 CET [2024/10/09 15:27:37 ET]
Table '3810074105 1' 3-max Seat #2 is the button
Seat 1: Samador777 (450 in chips) 
Seat 2: isowqq (670 in chips) 
Seat 3: Mahu2021 (380 in chips) 
Mahu2021: posts small blind 10
Samador777: posts big blind 20
*** HOLE CARDS ***
Dealt to Mahu2021 [9s Tc]
isowqq: folds 
Mahu2021: calls 10
Samador777: checks 
*** FLOP *** [2h 9c 5s]
Mahu2021: bets 20
Samador777: folds 
Uncalled bet (20) returned to Mahu2021
Mahu2021 collected 40 from pot
Mahu2021: doesn't show hand 
*** SUMMARY ***
Total pot 40 | Rake 0 
Board [2h 9c 5s]
Seat 1: Samador777 (big blind) folded on the Flop
Seat 2: isowqq (button) folded before Flop (didn't bet)
Seat 3: Mahu2021 (small blind) collected (40)



PokerStars Hand #252846997437: Tournament #3810074105, $1.84+$0.16 USD Hold'em No Limit - Level I (10/20) - 2024/10/09 21:27:50 CET [2024/10/09 15:27:50 ET]
Table '3810074105 1' 3-max Seat #3 is the button
Seat 1: Samador777 (430 in chips) 
Seat 2: isowqq (670 in chips) 
Seat 3: Mahu2021 (400 in chips) 
Samador777: posts small blind 10
isowqq: posts big blind 20
*** HOLE CARDS ***
Dealt to Mahu2021 [Ac 3s]
Mahu2021: raises 20 to 40
Samador777: calls 30
isowqq: folds 
*** FLOP *** [6s Th 9d]
Samador777: checks 
Mahu2021: checks 
*** TURN *** [6s Th 9d] [8s]
Samador777: checks 
Mahu2021: checks 
*** RIVER *** [6s Th 9d 8s] [9h]
Samador777: checks 
Mahu2021: checks 
*** SHOW DOWN ***
Samador777: shows [2s 2h] (two pair, Nines and Deuces)
Mahu2021: mucks hand 
Samador777 collected 100 from pot
*** SUMMARY ***
Total pot 100 | Rake 0 
Board [6s Th 9d 8s 9h]
Seat 1: Samador777 (small blind) showed [2s 2h] and won (100) with two pair, Nines and Deuces
Seat 2: isowqq (big blind) folded before Flop
Seat 3: Mahu2021 (button) mucked [Ac 3s]



PokerStars Hand #252847005583: Tournament #3810074105, $1.84+$0.16 USD Hold'em No Limit - Level I (10/20) - 2024/10/09 21:28:17 CET [2024/10/09 15:28:17 ET]
Table '3810074105 1' 3-max Seat #1 is the button
Seat 1: Samador777 (490 in chips) 
Seat 2: isowqq (650 in chips) 
Seat 3: Mahu2021 (360 in chips) 
isowqq: posts small blind 10
Mahu2021: posts big blind 20
*** HOLE CARDS ***
Dealt to Mahu2021 [Qs 9h]
Samador777: raises 20 to 40
isowqq: folds 
Mahu2021: calls 20
*** FLOP *** [Qc Ac 8c]
Mahu2021: checks 
Samador777: bets 20
Mahu2021: calls 20
*** TURN *** [Qc Ac 8c] [6h]
Mahu2021: checks 
Samador777: bets 20
Mahu2021: calls 20
*** RIVER *** [Qc Ac 8c 6h] [7h]
Mahu2021: checks 
Samador777: bets 85
Mahu2021: folds 
Uncalled bet (85) returned to Samador777
Samador777 collected 170 from pot
*** SUMMARY ***
Total pot 170 | Rake 0 
Board [Qc Ac 8c 6h 7h]
Seat 1: Samador777 (button) collected (170)
Seat 2: isowqq (small blind) folded before Flop
Seat 3: Mahu2021 (big blind) folded on the River



PokerStars Hand #252847012491: Tournament #3810074105, $1.84+$0.16 USD Hold'em No Limit - Level I (10/20) - 2024/10/09 21:28:39 CET [2024/10/09 15:28:39 ET]
Table '3810074105 1' 3-max Seat #2 is the button
Seat 1: Samador777 (580 in chips) 
Seat 2: isowqq (640 in chips) 
Seat 3: Mahu2021 (280 in chips) 
Mahu2021: posts small blind 10
Samador777: posts big blind 20
*** HOLE CARDS ***
Dealt to Mahu2021 [Kc 4h]
isowqq: folds 
Mahu2021: calls 10
Samador777: checks 
*** FLOP *** [Qh 4s Ad]
Mahu2021: checks 
Samador777: bets 20
Mahu2021: raises 240 to 260 and is all-in
Samador777: calls 240
*** TURN *** [Qh 4s Ad] [7s]
*** RIVER *** [Qh 4s Ad 7s] [4c]
*** SHOW DOWN ***
Mahu2021: shows [Kc 4h] (three of a kind, Fours)
Samador777: shows [As 8s] (two pair, Aces and Fours)
Mahu2021 collected 560 from pot
*** SUMMARY ***
Total pot 560 | Rake 0 
Board [Qh 4s Ad 7s 4c]
Seat 1: Samador777 (big blind) showed [As 8s] and lost with two pair, Aces and Fours
Seat 2: isowqq (button) folded before Flop (didn't bet)
Seat 3: Mahu2021 (small blind) showed [Kc 4h] and won (560) with three of a kind, Fours



PokerStars Hand #252847020549: Tournament #3810074105, $1.84+$0.16 USD Hold'em No Limit - Level II (15/30) - 2024/10/09 21:29:05 CET [2024/10/09 15:29:05 ET]
Table '3810074105 1' 3-max Seat #3 is the button
Seat 1: Samador777 (300 in chips) 
Seat 2: isowqq (640 in chips) 
Seat 3: Mahu2021 (560 in chips) 
Samador777: posts small blind 15
isowqq: posts big blind 30
*** HOLE CARDS ***
Dealt to Mahu2021 [8d 5h]
Mahu2021: folds 
Samador777: calls 15
isowqq: raises 270 to 300
Samador777: folds 
Uncalled bet (270) returned to isowqq
isowqq collected 60 from pot
*** SUMMARY ***
Total pot 60 | Rake 0 
Seat 1: Samador777 (small blind) folded before Flop
Seat 2: isowqq (big blind) collected (60)
Seat 3: Mahu2021 (button) folded before Flop (didn't bet)



PokerStars Hand #252847026186: Tournament #3810074105, $1.84+$0.16 USD Hold'em No Limit - Level II (15/30) - 2024/10/09 21:29:23 CET [2024/10/09 15:29:23 ET]
Table '3810074105 1' 3-max Seat #1 is the button
Seat 1: Samador777 (270 in chips) 
Seat 2: isowqq (670 in chips) 
Seat 3: Mahu2021 (560 in chips) 
isowqq: posts small blind 15
Mahu2021: posts big blind 30
*** HOLE CARDS ***
Dealt to Mahu2021 [9s 7c]
Samador777: calls 30
isowqq: calls 15
Mahu2021: checks 
*** FLOP *** [3d Ad 2h]
isowqq: checks 
Mahu2021: checks 
Samador777: checks 
*** TURN *** [3d Ad 2h] [Ts]
isowqq: checks 
Mahu2021: checks 
Samador777: checks 
*** RIVER *** [3d Ad 2h Ts] [2s]
isowqq: checks 
Mahu2021: checks 
Samador777: checks 
*** SHOW DOWN ***
isowqq: shows [9c 6d] (a pair of Deuces)
Mahu2021: shows [9s 7c] (a pair of Deuces)
Samador777: shows [5h Kd] (a pair of Deuces - Ace+King kicker)
Samador777 collected 90 from pot
*** SUMMARY ***
Total pot 90 | Rake 0 
Board [3d Ad 2h Ts 2s]
Seat 1: Samador777 (button) showed [5h Kd] and won (90) with a pair of Deuces
Seat 2: isowqq (small blind) showed [9c 6d] and lost with a pair of Deuces
Seat 3: Mahu2021 (big blind) showed [9s 7c] and lost with a pair of Deuces



PokerStars Hand #252847036499: Tournament #3810074105, $1.84+$0.16 USD Hold'em No Limit - Level II (15/30) - 2024/10/09 21:29:56 CET [2024/10/09 15:29:56 ET]
Table '3810074105 1' 3-max Seat #2 is the button
Seat 1: Samador777 (330 in chips) 
Seat 2: isowqq (640 in chips) 
Seat 3: Mahu2021 (530 in chips) 
Mahu2021: posts small blind 15
Samador777: posts big blind 30
*** HOLE CARDS ***
Dealt to Mahu2021 [Ah 7h]
isowqq: raises 30 to 60
Mahu2021: calls 45
Samador777: folds 
*** FLOP *** [As 5h 6s]
Mahu2021: bets 60
isowqq: raises 165 to 225
Mahu2021: raises 245 to 470 and is all-in
isowqq: calls 245
*** TURN *** [As 5h 6s] [6c]
*** RIVER *** [As 5h 6s 6c] [Th]
*** SHOW DOWN ***
Mahu2021: shows [Ah 7h] (two pair, Aces and Sixes)
isowqq: shows [Ac Ks] (two pair, Aces and Sixes - King kicker)
isowqq collected 1090 from pot
Mahu2021 finished the tournament in 3rd place
*** SUMMARY ***
Total pot 1090 | Rake 0 
Board [As 5h 6s 6c Th]
Seat 1: Samador777 (big blind) folded before Flop
Seat 2: isowqq (button) showed [Ac Ks] and won (1090) with two pair, Aces and Sixes
Seat 3: Mahu2021 (small blind) showed [Ah 7h] and lost with two pair, Aces and Sixes



