PokerStars Hand #242995142713: Tournament #3575273976, $0.92+$0.08 USD Hold'em No Limit - Level I (10/20) - 2023/04/10 0:59:05 CET [2023/04/09 18:59:05 ET]
Table '3575273976 1' 3-max Seat #1 is the button
Seat 1: heysgshell (500 in chips) 
Seat 2: Mahu2021 (500 in chips) 
Seat 3: zslaci71 (500 in chips) 
Mahu2021: posts small blind 10
zslaci71: posts big blind 20
*** HOLE CARDS ***
Dealt to Mahu2021 [4h 5c]
heysgshell: folds 
Mahu2021: folds 
Uncalled bet (10) returned to zslaci71
zslaci71 collected 20 from pot
zslaci71: doesn't show hand 
*** SUMMARY ***
Total pot 20 | Rake 0 
Seat 1: heysgshell (button) folded before Flop (didn't bet)
Seat 2: Mahu2021 (small blind) folded before Flop
Seat 3: zslaci71 (big blind) collected (20)



PokerStars Hand #242995143862: Tournament #3575273976, $0.92+$0.08 USD Hold'em No Limit - Level I (10/20) - 2023/04/10 0:59:11 CET [2023/04/09 18:59:11 ET]
Table '3575273976 1' 3-max Seat #2 is the button
Seat 1: heysgshell (500 in chips) 
Seat 2: Mahu2021 (490 in chips) 
Seat 3: zslaci71 (510 in chips) 
zslaci71: posts small blind 10
heysgshell: posts big blind 20
*** HOLE CARDS ***
Dealt to Mahu2021 [Kh Ts]
Mahu2021: raises 20 to 40
zslaci71: folds 
heysgshell: folds 
Uncalled bet (20) returned to Mahu2021
Mahu2021 collected 50 from pot
Mahu2021: doesn't show hand 
*** SUMMARY ***
Total pot 50 | Rake 0 
Seat 1: heysgshell (big blind) folded before Flop
Seat 2: Mahu2021 (button) collected (50)
Seat 3: zslaci71 (small blind) folded before Flop



PokerStars Hand #242995146637: Tournament #3575273976, $0.92+$0.08 USD Hold'em No Limit - Level I (10/20) - 2023/04/10 0:59:22 CET [2023/04/09 18:59:22 ET]
Table '3575273976 1' 3-max Seat #3 is the button
Seat 1: heysgshell (480 in chips) 
Seat 2: Mahu2021 (520 in chips) 
Seat 3: zslaci71 (500 in chips) 
heysgshell: posts small blind 10
Mahu2021: posts big blind 20
*** HOLE CARDS ***
Dealt to Mahu2021 [8d 3s]
zslaci71: raises 40 to 60
heysgshell: folds 
Mahu2021: folds 
Uncalled bet (40) returned to zslaci71
zslaci71 collected 50 from pot
zslaci71: doesn't show hand 
*** SUMMARY ***
Total pot 50 | Rake 0 
Seat 1: heysgshell (small blind) folded before Flop
Seat 2: Mahu2021 (big blind) folded before Flop
Seat 3: zslaci71 (button) collected (50)



PokerStars Hand #242995148387: Tournament #3575273976, $0.92+$0.08 USD Hold'em No Limit - Level I (10/20) - 2023/04/10 0:59:29 CET [2023/04/09 18:59:29 ET]
Table '3575273976 1' 3-max Seat #1 is the button
Seat 1: heysgshell (470 in chips) 
Seat 2: Mahu2021 (500 in chips) 
Seat 3: zslaci71 (530 in chips) 
Mahu2021: posts small blind 10
zslaci71: posts big blind 20
*** HOLE CARDS ***
Dealt to Mahu2021 [Th 4d]
heysgshell: folds 
Mahu2021: calls 10
zslaci71: raises 40 to 60
Mahu2021: folds 
Uncalled bet (40) returned to zslaci71
zslaci71 collected 40 from pot
zslaci71: doesn't show hand 
*** SUMMARY ***
Total pot 40 | Rake 0 
Seat 1: heysgshell (button) folded before Flop (didn't bet)
Seat 2: Mahu2021 (small blind) folded before Flop
Seat 3: zslaci71 (big blind) collected (40)



PokerStars Hand #242995150618: Tournament #3575273976, $0.92+$0.08 USD Hold'em No Limit - Level I (10/20) - 2023/04/10 0:59:39 CET [2023/04/09 18:59:39 ET]
Table '3575273976 1' 3-max Seat #2 is the button
Seat 1: heysgshell (470 in chips) 
Seat 2: Mahu2021 (480 in chips) 
Seat 3: zslaci71 (550 in chips) 
zslaci71: posts small blind 10
heysgshell: posts big blind 20
*** HOLE CARDS ***
Dealt to Mahu2021 [3s Ah]
Mahu2021: calls 20
zslaci71: raises 40 to 60
heysgshell: folds 
Mahu2021: folds 
Uncalled bet (40) returned to zslaci71
zslaci71 collected 60 from pot
zslaci71: doesn't show hand 
*** SUMMARY ***
Total pot 60 | Rake 0 
Seat 1: heysgshell (big blind) folded before Flop
Seat 2: Mahu2021 (button) folded before Flop
Seat 3: zslaci71 (small blind) collected (60)



PokerStars Hand #242995153444: Tournament #3575273976, $0.92+$0.08 USD Hold'em No Limit - Level I (10/20) - 2023/04/10 0:59:51 CET [2023/04/09 18:59:51 ET]
Table '3575273976 1' 3-max Seat #3 is the button
Seat 1: heysgshell (450 in chips) 
Seat 2: Mahu2021 (460 in chips) 
Seat 3: zslaci71 (590 in chips) 
heysgshell: posts small blind 10
Mahu2021: posts big blind 20
*** HOLE CARDS ***
Dealt to Mahu2021 [Ah 9h]
zslaci71: raises 40 to 60
heysgshell: folds 
Mahu2021: raises 400 to 460 and is all-in
zslaci71: calls 400
*** FLOP *** [5h 2c 9d]
*** TURN *** [5h 2c 9d] [Jh]
*** RIVER *** [5h 2c 9d Jh] [7s]
*** SHOW DOWN ***
Mahu2021: shows [Ah 9h] (a pair of Nines)
zslaci71: shows [Qh Ks] (high card King)
Mahu2021 collected 930 from pot
*** SUMMARY ***
Total pot 930 | Rake 0 
Board [5h 2c 9d Jh 7s]
Seat 1: heysgshell (small blind) folded before Flop
Seat 2: Mahu2021 (big blind) showed [Ah 9h] and won (930) with a pair of Nines
Seat 3: zslaci71 (button) showed [Qh Ks] and lost with high card King



PokerStars Hand #242995157062: Tournament #3575273976, $0.92+$0.08 USD Hold'em No Limit - Level I (10/20) - 2023/04/10 1:00:06 CET [2023/04/09 19:00:06 ET]
Table '3575273976 1' 3-max Seat #1 is the button
Seat 1: heysgshell (440 in chips) 
Seat 2: Mahu2021 (930 in chips) 
Seat 3: zslaci71 (130 in chips) 
Mahu2021: posts small blind 10
zslaci71: posts big blind 20
*** HOLE CARDS ***
Dealt to Mahu2021 [3h 7h]
heysgshell: folds 
Mahu2021: folds 
Uncalled bet (10) returned to zslaci71
zslaci71 collected 20 from pot
zslaci71: doesn't show hand 
*** SUMMARY ***
Total pot 20 | Rake 0 
Seat 1: heysgshell (button) folded before Flop (didn't bet)
Seat 2: Mahu2021 (small blind) folded before Flop
Seat 3: zslaci71 (big blind) collected (20)



PokerStars Hand #242995159183: Tournament #3575273976, $0.92+$0.08 USD Hold'em No Limit - Level I (10/20) - 2023/04/10 1:00:15 CET [2023/04/09 19:00:15 ET]
Table '3575273976 1' 3-max Seat #2 is the button
Seat 1: heysgshell (440 in chips) 
Seat 2: Mahu2021 (920 in chips) 
Seat 3: zslaci71 (140 in chips) 
zslaci71: posts small blind 10
heysgshell: posts big blind 20
*** HOLE CARDS ***
Dealt to Mahu2021 [Ac Js]
Mahu2021: raises 20 to 40
zslaci71: folds 
heysgshell: calls 20
*** FLOP *** [6d Jc 3d]
heysgshell: checks 
Mahu2021: bets 90
heysgshell: folds 
Uncalled bet (90) returned to Mahu2021
Mahu2021 collected 90 from pot
Mahu2021: doesn't show hand 
*** SUMMARY ***
Total pot 90 | Rake 0 
Board [6d Jc 3d]
Seat 1: heysgshell (big blind) folded on the Flop
Seat 2: Mahu2021 (button) collected (90)
Seat 3: zslaci71 (small blind) folded before Flop



PokerStars Hand #242995165471: Tournament #3575273976, $0.92+$0.08 USD Hold'em No Limit - Level I (10/20) - 2023/04/10 1:00:41 CET [2023/04/09 19:00:41 ET]
Table '3575273976 1' 3-max Seat #3 is the button
Seat 1: heysgshell (400 in chips) 
Seat 2: Mahu2021 (970 in chips) 
Seat 3: zslaci71 (130 in chips) 
heysgshell: posts small blind 10
Mahu2021: posts big blind 20
*** HOLE CARDS ***
Dealt to Mahu2021 [Js 3d]
zslaci71: folds 
heysgshell: raises 20 to 40
Mahu2021: calls 20
*** FLOP *** [Ah 9h Qd]
heysgshell: bets 28
Mahu2021: folds 
Uncalled bet (28) returned to heysgshell
heysgshell collected 80 from pot
heysgshell: doesn't show hand 
*** SUMMARY ***
Total pot 80 | Rake 0 
Board [Ah 9h Qd]
Seat 1: heysgshell (small blind) collected (80)
Seat 2: Mahu2021 (big blind) folded on the Flop
Seat 3: zslaci71 (button) folded before Flop (didn't bet)



PokerStars Hand #242995168606: Tournament #3575273976, $0.92+$0.08 USD Hold'em No Limit - Level I (10/20) - 2023/04/10 1:00:53 CET [2023/04/09 19:00:53 ET]
Table '3575273976 1' 3-max Seat #1 is the button
Seat 1: heysgshell (440 in chips) 
Seat 2: Mahu2021 (930 in chips) 
Seat 3: zslaci71 (130 in chips) 
Mahu2021: posts small blind 10
zslaci71: posts big blind 20
*** HOLE CARDS ***
Dealt to Mahu2021 [2c 5s]
heysgshell: folds 
Mahu2021: folds 
Uncalled bet (10) returned to zslaci71
zslaci71 collected 20 from pot
zslaci71: doesn't show hand 
*** SUMMARY ***
Total pot 20 | Rake 0 
Seat 1: heysgshell (button) folded before Flop (didn't bet)
Seat 2: Mahu2021 (small blind) folded before Flop
Seat 3: zslaci71 (big blind) collected (20)



PokerStars Hand #242995170549: Tournament #3575273976, $0.92+$0.08 USD Hold'em No Limit - Level I (10/20) - 2023/04/10 1:01:01 CET [2023/04/09 19:01:01 ET]
Table '3575273976 1' 3-max Seat #2 is the button
Seat 1: heysgshell (440 in chips) 
Seat 2: Mahu2021 (920 in chips) 
Seat 3: zslaci71 (140 in chips) 
zslaci71: posts small blind 10
heysgshell: posts big blind 20
*** HOLE CARDS ***
Dealt to Mahu2021 [Qh 4h]
Mahu2021: folds 
zslaci71: calls 10
heysgshell: raises 420 to 440 and is all-in
zslaci71: calls 120 and is all-in
Uncalled bet (300) returned to heysgshell
*** FLOP *** [Kc 5s Kd]
*** TURN *** [Kc 5s Kd] [5h]
*** RIVER *** [Kc 5s Kd 5h] [9s]
*** SHOW DOWN ***
zslaci71: shows [6c 7s] (two pair, Kings and Fives)
heysgshell: shows [Tc As] (two pair, Kings and Fives - Ace kicker)
heysgshell collected 280 from pot
zslaci71 finished the tournament in 3rd place
*** SUMMARY ***
Total pot 280 | Rake 0 
Board [Kc 5s Kd 5h 9s]
Seat 1: heysgshell (big blind) showed [Tc As] and won (280) with two pair, Kings and Fives
Seat 2: Mahu2021 (button) folded before Flop (didn't bet)
Seat 3: zslaci71 (small blind) showed [6c 7s] and lost with two pair, Kings and Fives



PokerStars Hand #242995175874: Tournament #3575273976, $0.92+$0.08 USD Hold'em No Limit - Level I (10/20) - 2023/04/10 1:01:19 CET [2023/04/09 19:01:19 ET]
Table '3575273976 1' 3-max Seat #1 is the button
Seat 1: heysgshell (580 in chips) 
Seat 2: Mahu2021 (920 in chips) 
heysgshell: posts small blind 10
Mahu2021: posts big blind 20
*** HOLE CARDS ***
Dealt to Mahu2021 [9d 2h]
heysgshell: raises 20 to 40
Mahu2021: folds 
Uncalled bet (20) returned to heysgshell
heysgshell collected 40 from pot
heysgshell: doesn't show hand 
*** SUMMARY ***
Total pot 40 | Rake 0 
Seat 1: heysgshell (button) (small blind) collected (40)
Seat 2: Mahu2021 (big blind) folded before Flop



PokerStars Hand #242995178364: Tournament #3575273976, $0.92+$0.08 USD Hold'em No Limit - Level I (10/20) - 2023/04/10 1:01:27 CET [2023/04/09 19:01:27 ET]
Table '3575273976 1' 3-max Seat #2 is the button
Seat 1: heysgshell (600 in chips) 
Seat 2: Mahu2021 (900 in chips) 
Mahu2021: posts small blind 10
heysgshell: posts big blind 20
*** HOLE CARDS ***
Dealt to Mahu2021 [9d 7h]
Mahu2021: calls 10
heysgshell: checks 
*** FLOP *** [7s 2d 8c]
heysgshell: checks 
Mahu2021: bets 20
heysgshell: calls 20
*** TURN *** [7s 2d 8c] [Tc]
heysgshell: checks 
Mahu2021: bets 20
heysgshell: raises 40 to 60
Mahu2021: calls 40
*** RIVER *** [7s 2d 8c Tc] [7c]
heysgshell: checks 
Mahu2021: bets 200
heysgshell: calls 200
*** SHOW DOWN ***
Mahu2021: shows [9d 7h] (three of a kind, Sevens)
heysgshell: mucks hand 
Mahu2021 collected 600 from pot
*** SUMMARY ***
Total pot 600 | Rake 0 
Board [7s 2d 8c Tc 7c]
Seat 1: heysgshell (big blind) mucked [Ts 5s]
Seat 2: Mahu2021 (button) (small blind) showed [9d 7h] and won (600) with three of a kind, Sevens



PokerStars Hand #242995188580: Tournament #3575273976, $0.92+$0.08 USD Hold'em No Limit - Level I (10/20) - 2023/04/10 1:02:00 CET [2023/04/09 19:02:00 ET]
Table '3575273976 1' 3-max Seat #1 is the button
Seat 1: heysgshell (300 in chips) 
Seat 2: Mahu2021 (1200 in chips) 
heysgshell: posts small blind 10
Mahu2021: posts big blind 20
*** HOLE CARDS ***
Dealt to Mahu2021 [8h 2d]
heysgshell: calls 10
Mahu2021: checks 
*** FLOP *** [6s Th 4d]
Mahu2021: checks 
heysgshell: bets 20
Mahu2021: folds 
Uncalled bet (20) returned to heysgshell
heysgshell collected 40 from pot
heysgshell: doesn't show hand 
*** SUMMARY ***
Total pot 40 | Rake 0 
Board [6s Th 4d]
Seat 1: heysgshell (button) (small blind) collected (40)
Seat 2: Mahu2021 (big blind) folded on the Flop



PokerStars Hand #242995194144: Tournament #3575273976, $0.92+$0.08 USD Hold'em No Limit - Level II (15/30) - 2023/04/10 1:02:19 CET [2023/04/09 19:02:19 ET]
Table '3575273976 1' 3-max Seat #2 is the button
Seat 1: heysgshell (320 in chips) 
Seat 2: Mahu2021 (1180 in chips) 
Mahu2021: posts small blind 15
heysgshell: posts big blind 30
*** HOLE CARDS ***
Dealt to Mahu2021 [5h Qd]
Mahu2021: calls 15
heysgshell: checks 
*** FLOP *** [3h 5s Kd]
heysgshell: checks 
Mahu2021: bets 30
heysgshell: folds 
Uncalled bet (30) returned to Mahu2021
Mahu2021 collected 60 from pot
Mahu2021: doesn't show hand 
*** SUMMARY ***
Total pot 60 | Rake 0 
Board [3h 5s Kd]
Seat 1: heysgshell (big blind) folded on the Flop
Seat 2: Mahu2021 (button) (small blind) collected (60)



PokerStars Hand #242995199148: Tournament #3575273976, $0.92+$0.08 USD Hold'em No Limit - Level II (15/30) - 2023/04/10 1:02:35 CET [2023/04/09 19:02:35 ET]
Table '3575273976 1' 3-max Seat #1 is the button
Seat 1: heysgshell (290 in chips) 
Seat 2: Mahu2021 (1210 in chips) 
heysgshell: posts small blind 15
Mahu2021: posts big blind 30
*** HOLE CARDS ***
Dealt to Mahu2021 [3h 4s]
heysgshell: raises 260 to 290 and is all-in
Mahu2021: folds 
Uncalled bet (260) returned to heysgshell
heysgshell collected 60 from pot
heysgshell: doesn't show hand 
*** SUMMARY ***
Total pot 60 | Rake 0 
Seat 1: heysgshell (button) (small blind) collected (60)
Seat 2: Mahu2021 (big blind) folded before Flop



PokerStars Hand #242995201115: Tournament #3575273976, $0.92+$0.08 USD Hold'em No Limit - Level II (15/30) - 2023/04/10 1:02:41 CET [2023/04/09 19:02:41 ET]
Table '3575273976 1' 3-max Seat #2 is the button
Seat 1: heysgshell (320 in chips) 
Seat 2: Mahu2021 (1180 in chips) 
Mahu2021: posts small blind 15
heysgshell: posts big blind 30
*** HOLE CARDS ***
Dealt to Mahu2021 [Jc 7h]
Mahu2021: calls 15
heysgshell: checks 
*** FLOP *** [Qd Kh Ts]
heysgshell: checks 
Mahu2021: bets 30
heysgshell: folds 
Uncalled bet (30) returned to Mahu2021
Mahu2021 collected 60 from pot
Mahu2021: doesn't show hand 
*** SUMMARY ***
Total pot 60 | Rake 0 
Board [Qd Kh Ts]
Seat 1: heysgshell (big blind) folded on the Flop
Seat 2: Mahu2021 (button) (small blind) collected (60)



PokerStars Hand #242995205556: Tournament #3575273976, $0.92+$0.08 USD Hold'em No Limit - Level II (15/30) - 2023/04/10 1:02:55 CET [2023/04/09 19:02:55 ET]
Table '3575273976 1' 3-max Seat #1 is the button
Seat 1: heysgshell (290 in chips) 
Seat 2: Mahu2021 (1210 in chips) 
heysgshell: posts small blind 15
Mahu2021: posts big blind 30
*** HOLE CARDS ***
Dealt to Mahu2021 [3c Ks]
heysgshell: calls 15
Mahu2021: checks 
*** FLOP *** [3s 8d Kc]
Mahu2021: checks 
heysgshell: bets 30
Mahu2021: calls 30
*** TURN *** [3s 8d Kc] [7s]
Mahu2021: checks 
heysgshell: checks 
*** RIVER *** [3s 8d Kc 7s] [8h]
Mahu2021: bets 30
heysgshell: folds 
Uncalled bet (30) returned to Mahu2021
Mahu2021 collected 120 from pot
Mahu2021: doesn't show hand 
*** SUMMARY ***
Total pot 120 | Rake 0 
Board [3s 8d Kc 7s 8h]
Seat 1: heysgshell (button) (small blind) folded on the River
Seat 2: Mahu2021 (big blind) collected (120)



PokerStars Hand #242995212379: Tournament #3575273976, $0.92+$0.08 USD Hold'em No Limit - Level II (15/30) - 2023/04/10 1:03:17 CET [2023/04/09 19:03:17 ET]
Table '3575273976 1' 3-max Seat #2 is the button
Seat 1: heysgshell (230 in chips) 
Seat 2: Mahu2021 (1270 in chips) 
Mahu2021: posts small blind 15
heysgshell: posts big blind 30
*** HOLE CARDS ***
Dealt to Mahu2021 [6d 5c]
Mahu2021: calls 15
heysgshell: checks 
*** FLOP *** [Kd 7c 5s]
heysgshell: checks 
Mahu2021: bets 30
heysgshell: calls 30
*** TURN *** [Kd 7c 5s] [Jd]
heysgshell: checks 
Mahu2021: checks 
*** RIVER *** [Kd 7c 5s Jd] [5d]
heysgshell: bets 170 and is all-in
Mahu2021: calls 170
*** SHOW DOWN ***
heysgshell: shows [3s 4d] (a pair of Fives)
Mahu2021: shows [6d 5c] (three of a kind, Fives)
Mahu2021 collected 460 from pot
heysgshell finished the tournament in 2nd place
Mahu2021 wins the tournament and receives $3.00 - congratulations!
*** SUMMARY ***
Total pot 460 | Rake 0 
Board [Kd 7c 5s Jd 5d]
Seat 1: heysgshell (big blind) showed [3s 4d] and lost with a pair of Fives
Seat 2: Mahu2021 (button) (small blind) showed [6d 5c] and won (460) with three of a kind, Fives



