PokerStars Hand #249010480132: Tournament #3719279085, $1.84+$0.16 USD Hold'em No Limit - Level I (10/20) - 2024/02/21 18:04:38 CET [2024/02/21 12:04:38 ET]
Table '3719279085 1' 3-max Seat #1 is the button
Seat 1: goffy1991 (500 in chips) 
Seat 2: Saulael (500 in chips) 
Seat 3: Mahu2021 (500 in chips) 
Saulael: posts small blind 10
Mahu2021: posts big blind 20
*** HOLE CARDS ***
Dealt to Mahu2021 [Jd 4c]
goffy1991: folds 
Saulael: raises 20 to 40
Mahu2021: calls 20
*** FLOP *** [8h Jc Td]
Saulael: checks 
Mahu2021: bets 40
Saulael: folds 
Uncalled bet (40) returned to Mahu2021
Mahu2021 collected 80 from pot
Mahu2021: doesn't show hand 
*** SUMMARY ***
Total pot 80 | Rake 0 
Board [8h Jc Td]
Seat 1: goffy1991 (button) folded before Flop (didn't bet)
Seat 2: Saulael (small blind) folded on the Flop
Seat 3: Mahu2021 (big blind) collected (80)



PokerStars Hand #249010483780: Tournament #3719279085, $1.84+$0.16 USD Hold'em No Limit - Level I (10/20) - 2024/02/21 18:04:51 CET [2024/02/21 12:04:51 ET]
Table '3719279085 1' 3-max Seat #2 is the button
Seat 1: goffy1991 (500 in chips) 
Seat 2: Saulael (460 in chips) 
Seat 3: Mahu2021 (540 in chips) 
Mahu2021: posts small blind 10
goffy1991: posts big blind 20
*** HOLE CARDS ***
Dealt to Mahu2021 [9s 9d]
Saulael: raises 20 to 40
Mahu2021: raises 60 to 100
goffy1991: folds 
Saulael: calls 60
*** FLOP *** [4s Td 6s]
Mahu2021: bets 440 and is all-in
Saulael: folds 
Uncalled bet (440) returned to Mahu2021
Mahu2021 collected 220 from pot
Mahu2021: doesn't show hand 
*** SUMMARY ***
Total pot 220 | Rake 0 
Board [4s Td 6s]
Seat 1: goffy1991 (big blind) folded before Flop
Seat 2: Saulael (button) folded on the Flop
Seat 3: Mahu2021 (small blind) collected (220)



PokerStars Hand #249010488023: Tournament #3719279085, $1.84+$0.16 USD Hold'em No Limit - Level I (10/20) - 2024/02/21 18:05:07 CET [2024/02/21 12:05:07 ET]
Table '3719279085 1' 3-max Seat #3 is the button
Seat 1: goffy1991 (480 in chips) 
Seat 2: Saulael (360 in chips) 
Seat 3: Mahu2021 (660 in chips) 
goffy1991: posts small blind 10
Saulael: posts big blind 20
*** HOLE CARDS ***
Dealt to Mahu2021 [Ac Jd]
Mahu2021: raises 20 to 40
goffy1991: folds 
Saulael: calls 20
*** FLOP *** [Th Td 3c]
Saulael: checks 
Mahu2021: checks 
*** TURN *** [Th Td 3c] [3d]
Saulael: bets 40
Mahu2021: calls 40
*** RIVER *** [Th Td 3c 3d] [Kc]
Saulael: bets 60
Mahu2021: calls 60
*** SHOW DOWN ***
Saulael: shows [9d Kh] (two pair, Kings and Tens)
Mahu2021: mucks hand 
Saulael collected 290 from pot
*** SUMMARY ***
Total pot 290 | Rake 0 
Board [Th Td 3c 3d Kc]
Seat 1: goffy1991 (small blind) folded before Flop
Seat 2: Saulael (big blind) showed [9d Kh] and won (290) with two pair, Kings and Tens
Seat 3: Mahu2021 (button) mucked [Ac Jd]



PokerStars Hand #249010493016: Tournament #3719279085, $1.84+$0.16 USD Hold'em No Limit - Level I (10/20) - 2024/02/21 18:05:25 CET [2024/02/21 12:05:25 ET]
Table '3719279085 1' 3-max Seat #1 is the button
Seat 1: goffy1991 (470 in chips) 
Seat 2: Saulael (510 in chips) 
Seat 3: Mahu2021 (520 in chips) 
Saulael: posts small blind 10
Mahu2021: posts big blind 20
*** HOLE CARDS ***
Dealt to Mahu2021 [3s 4s]
goffy1991: folds 
Saulael: raises 20 to 40
Mahu2021: calls 20
*** FLOP *** [9d Td 7d]
Saulael: checks 
Mahu2021: checks 
*** TURN *** [9d Td 7d] [2c]
Saulael: bets 40
Mahu2021: folds 
Uncalled bet (40) returned to Saulael
Saulael collected 80 from pot
Saulael: doesn't show hand 
*** SUMMARY ***
Total pot 80 | Rake 0 
Board [9d Td 7d 2c]
Seat 1: goffy1991 (button) folded before Flop (didn't bet)
Seat 2: Saulael (small blind) collected (80)
Seat 3: Mahu2021 (big blind) folded on the Turn



PokerStars Hand #249010497460: Tournament #3719279085, $1.84+$0.16 USD Hold'em No Limit - Level I (10/20) - 2024/02/21 18:05:42 CET [2024/02/21 12:05:42 ET]
Table '3719279085 1' 3-max Seat #2 is the button
Seat 1: goffy1991 (470 in chips) 
Seat 2: Saulael (550 in chips) 
Seat 3: Mahu2021 (480 in chips) 
Mahu2021: posts small blind 10
goffy1991: posts big blind 20
*** HOLE CARDS ***
Dealt to Mahu2021 [Kc Qc]
Saulael: folds 
Mahu2021: raises 40 to 60
goffy1991: calls 40
*** FLOP *** [6c Jc 7c]
Mahu2021: checks 
goffy1991: checks 
*** TURN *** [6c Jc 7c] [4s]
Mahu2021: checks 
goffy1991: checks 
*** RIVER *** [6c Jc 7c 4s] [Ah]
Mahu2021: bets 120
goffy1991: folds 
Uncalled bet (120) returned to Mahu2021
Mahu2021 collected 120 from pot
Mahu2021: doesn't show hand 
*** SUMMARY ***
Total pot 120 | Rake 0 
Board [6c Jc 7c 4s Ah]
Seat 1: goffy1991 (big blind) folded on the River
Seat 2: Saulael (button) folded before Flop (didn't bet)
Seat 3: Mahu2021 (small blind) collected (120)



PokerStars Hand #249010502018: Tournament #3719279085, $1.84+$0.16 USD Hold'em No Limit - Level I (10/20) - 2024/02/21 18:05:59 CET [2024/02/21 12:05:59 ET]
Table '3719279085 1' 3-max Seat #3 is the button
Seat 1: goffy1991 (410 in chips) 
Seat 2: Saulael (550 in chips) 
Seat 3: Mahu2021 (540 in chips) 
goffy1991: posts small blind 10
Saulael: posts big blind 20
*** HOLE CARDS ***
Dealt to Mahu2021 [2s As]
Mahu2021: raises 20 to 40
goffy1991: folds 
Saulael: folds 
Uncalled bet (20) returned to Mahu2021
Mahu2021 collected 50 from pot
Mahu2021: doesn't show hand 
*** SUMMARY ***
Total pot 50 | Rake 0 
Seat 1: goffy1991 (small blind) folded before Flop
Seat 2: Saulael (big blind) folded before Flop
Seat 3: Mahu2021 (button) collected (50)



PokerStars Hand #249010504024: Tournament #3719279085, $1.84+$0.16 USD Hold'em No Limit - Level I (10/20) - 2024/02/21 18:06:06 CET [2024/02/21 12:06:06 ET]
Table '3719279085 1' 3-max Seat #1 is the button
Seat 1: goffy1991 (400 in chips) 
Seat 2: Saulael (530 in chips) 
Seat 3: Mahu2021 (570 in chips) 
Saulael: posts small blind 10
Mahu2021: posts big blind 20
*** HOLE CARDS ***
Dealt to Mahu2021 [4h 8h]
goffy1991: folds 
Saulael: raises 20 to 40
Mahu2021: calls 20
*** FLOP *** [Tc 6s 6c]
Saulael: bets 40
Mahu2021: folds 
Uncalled bet (40) returned to Saulael
Saulael collected 80 from pot
Saulael: doesn't show hand 
*** SUMMARY ***
Total pot 80 | Rake 0 
Board [Tc 6s 6c]
Seat 1: goffy1991 (button) folded before Flop (didn't bet)
Seat 2: Saulael (small blind) collected (80)
Seat 3: Mahu2021 (big blind) folded on the Flop



PokerStars Hand #249010507732: Tournament #3719279085, $1.84+$0.16 USD Hold'em No Limit - Level I (10/20) - 2024/02/21 18:06:20 CET [2024/02/21 12:06:20 ET]
Table '3719279085 1' 3-max Seat #2 is the button
Seat 1: goffy1991 (400 in chips) 
Seat 2: Saulael (570 in chips) 
Seat 3: Mahu2021 (530 in chips) 
Mahu2021: posts small blind 10
goffy1991: posts big blind 20
*** HOLE CARDS ***
Dealt to Mahu2021 [4h Ts]
Saulael: raises 20 to 40
Mahu2021: folds 
goffy1991: calls 20
*** FLOP *** [Jd 3d Jh]
goffy1991: checks 
Saulael: bets 40
goffy1991: folds 
Uncalled bet (40) returned to Saulael
Saulael collected 90 from pot
Saulael: doesn't show hand 
*** SUMMARY ***
Total pot 90 | Rake 0 
Board [Jd 3d Jh]
Seat 1: goffy1991 (big blind) folded on the Flop
Seat 2: Saulael (button) collected (90)
Seat 3: Mahu2021 (small blind) folded before Flop



PokerStars Hand #249010510566: Tournament #3719279085, $1.84+$0.16 USD Hold'em No Limit - Level I (10/20) - 2024/02/21 18:06:31 CET [2024/02/21 12:06:31 ET]
Table '3719279085 1' 3-max Seat #3 is the button
Seat 1: goffy1991 (360 in chips) 
Seat 2: Saulael (620 in chips) 
Seat 3: Mahu2021 (520 in chips) 
goffy1991: posts small blind 10
Saulael: posts big blind 20
*** HOLE CARDS ***
Dealt to Mahu2021 [Ac Ks]
Mahu2021: raises 40 to 60
goffy1991: folds 
Saulael: folds 
Uncalled bet (40) returned to Mahu2021
Mahu2021 collected 50 from pot
Mahu2021: doesn't show hand 
*** SUMMARY ***
Total pot 50 | Rake 0 
Seat 1: goffy1991 (small blind) folded before Flop
Seat 2: Saulael (big blind) folded before Flop
Seat 3: Mahu2021 (button) collected (50)



PokerStars Hand #249010512325: Tournament #3719279085, $1.84+$0.16 USD Hold'em No Limit - Level I (10/20) - 2024/02/21 18:06:37 CET [2024/02/21 12:06:37 ET]
Table '3719279085 1' 3-max Seat #1 is the button
Seat 1: goffy1991 (350 in chips) 
Seat 2: Saulael (600 in chips) 
Seat 3: Mahu2021 (550 in chips) 
Saulael: posts small blind 10
Mahu2021: posts big blind 20
*** HOLE CARDS ***
Dealt to Mahu2021 [8s Kd]
goffy1991: folds 
Saulael: raises 20 to 40
Mahu2021: calls 20
*** FLOP *** [Kc 9h 2d]
Saulael: bets 40
Mahu2021: raises 60 to 100
Saulael: calls 60
*** TURN *** [Kc 9h 2d] [Ac]
Saulael: checks 
Mahu2021: bets 280
Saulael: raises 180 to 460 and is all-in
Mahu2021: calls 130 and is all-in
Uncalled bet (50) returned to Saulael
*** RIVER *** [Kc 9h 2d Ac] [Jd]
*** SHOW DOWN ***
Saulael: shows [Js Ah] (two pair, Aces and Jacks)
Mahu2021: shows [8s Kd] (a pair of Kings)
Saulael collected 1100 from pot
Mahu2021 finished the tournament in 3rd place
*** SUMMARY ***
Total pot 1100 | Rake 0 
Board [Kc 9h 2d Ac Jd]
Seat 1: goffy1991 (button) folded before Flop (didn't bet)
Seat 2: Saulael (small blind) showed [Js Ah] and won (1100) with two pair, Aces and Jacks
Seat 3: Mahu2021 (big blind) showed [8s Kd] and lost with a pair of Kings



