PokerStars Hand #248392767861: Tournament #3703899289, $1.84+$0.16 USD Hold'em No Limit - Level I (10/20) - 2024/01/20 18:51:29 CET [2024/01/20 12:51:29 ET]
Table '3703899289 1' 3-max Seat #1 is the button
Seat 1: Mahu2021 (500 in chips) 
Seat 2: pradooliveira7 (500 in chips) 
Seat 3: BrunoSilveira31 (500 in chips) 
pradooliveira7: posts small blind 10
BrunoSilveira31: posts big blind 20
*** HOLE CARDS ***
Dealt to Mahu2021 [Qs 8h]
Mahu2021: folds 
pradooliveira7: calls 10
BrunoSilveira31: checks 
*** FLOP *** [2h 6s 7d]
pradooliveira7: checks 
BrunoSilveira31: bets 20
pradooliveira7: calls 20
*** TURN *** [2h 6s 7d] [Qc]
pradooliveira7: checks 
BrunoSilveira31: checks 
*** RIVER *** [2h 6s 7d Qc] [3s]
pradooliveira7: bets 20
BrunoSilveira31: calls 20
*** SHOW DOWN ***
pradooliveira7: shows [5c Qh] (a pair of Queens)
BrunoSilveira31: mucks hand 
pradooliveira7 collected 120 from pot
*** SUMMARY ***
Total pot 120 | Rake 0 
Board [2h 6s 7d Qc 3s]
Seat 1: Mahu2021 (button) folded before Flop (didn't bet)
Seat 2: pradooliveira7 (small blind) showed [5c Qh] and won (120) with a pair of Queens
Seat 3: BrunoSilveira31 (big blind) mucked [Kh 6d]



PokerStars Hand #248392777764: Tournament #3703899289, $1.84+$0.16 USD Hold'em No Limit - Level I (10/20) - 2024/01/20 18:51:57 CET [2024/01/20 12:51:57 ET]
Table '3703899289 1' 3-max Seat #2 is the button
Seat 1: Mahu2021 (500 in chips) 
Seat 2: pradooliveira7 (560 in chips) 
Seat 3: BrunoSilveira31 (440 in chips) 
BrunoSilveira31: posts small blind 10
Mahu2021: posts big blind 20
*** HOLE CARDS ***
Dealt to Mahu2021 [9h 6d]
pradooliveira7: calls 20
BrunoSilveira31: calls 10
Mahu2021: checks 
*** FLOP *** [6s 6c 8s]
BrunoSilveira31: checks 
Mahu2021: checks 
pradooliveira7: checks 
*** TURN *** [6s 6c 8s] [Qc]
BrunoSilveira31: checks 
Mahu2021: bets 60
pradooliveira7: folds 
BrunoSilveira31: folds 
Uncalled bet (60) returned to Mahu2021
Mahu2021 collected 60 from pot
Mahu2021: doesn't show hand 
*** SUMMARY ***
Total pot 60 | Rake 0 
Board [6s 6c 8s Qc]
Seat 1: Mahu2021 (big blind) collected (60)
Seat 2: pradooliveira7 (button) folded on the Turn
Seat 3: BrunoSilveira31 (small blind) folded on the Turn



PokerStars Hand #248392787676: Tournament #3703899289, $1.84+$0.16 USD Hold'em No Limit - Level I (10/20) - 2024/01/20 18:52:25 CET [2024/01/20 12:52:25 ET]
Table '3703899289 1' 3-max Seat #3 is the button
Seat 1: Mahu2021 (540 in chips) 
Seat 2: pradooliveira7 (540 in chips) 
Seat 3: BrunoSilveira31 (420 in chips) 
Mahu2021: posts small blind 10
pradooliveira7: posts big blind 20
*** HOLE CARDS ***
Dealt to Mahu2021 [6h Kd]
BrunoSilveira31: folds 
Mahu2021: folds 
Uncalled bet (10) returned to pradooliveira7
pradooliveira7 collected 20 from pot
pradooliveira7: doesn't show hand 
*** SUMMARY ***
Total pot 20 | Rake 0 
Seat 1: Mahu2021 (small blind) folded before Flop
Seat 2: pradooliveira7 (big blind) collected (20)
Seat 3: BrunoSilveira31 (button) folded before Flop (didn't bet)



PokerStars Hand #248392789636: Tournament #3703899289, $1.84+$0.16 USD Hold'em No Limit - Level I (10/20) - 2024/01/20 18:52:31 CET [2024/01/20 12:52:31 ET]
Table '3703899289 1' 3-max Seat #1 is the button
Seat 1: Mahu2021 (530 in chips) 
Seat 2: pradooliveira7 (550 in chips) 
Seat 3: BrunoSilveira31 (420 in chips) 
pradooliveira7: posts small blind 10
BrunoSilveira31: posts big blind 20
*** HOLE CARDS ***
Dealt to Mahu2021 [Jd Kd]
Mahu2021: raises 20 to 40
pradooliveira7: folds 
BrunoSilveira31: calls 20
*** FLOP *** [8c 8s Ac]
BrunoSilveira31: checks 
Mahu2021: checks 
*** TURN *** [8c 8s Ac] [6d]
BrunoSilveira31: checks 
Mahu2021: checks 
*** RIVER *** [8c 8s Ac 6d] [Ad]
BrunoSilveira31: checks 
Mahu2021: bets 40
BrunoSilveira31: folds 
Uncalled bet (40) returned to Mahu2021
Mahu2021 collected 90 from pot
Mahu2021: doesn't show hand 
*** SUMMARY ***
Total pot 90 | Rake 0 
Board [8c 8s Ac 6d Ad]
Seat 1: Mahu2021 (button) collected (90)
Seat 2: pradooliveira7 (small blind) folded before Flop
Seat 3: BrunoSilveira31 (big blind) folded on the River



PokerStars Hand #248392799775: Tournament #3703899289, $1.84+$0.16 USD Hold'em No Limit - Level I (10/20) - 2024/01/20 18:53:00 CET [2024/01/20 12:53:00 ET]
Table '3703899289 1' 3-max Seat #2 is the button
Seat 1: Mahu2021 (580 in chips) 
Seat 2: pradooliveira7 (540 in chips) 
Seat 3: BrunoSilveira31 (380 in chips) 
BrunoSilveira31: posts small blind 10
Mahu2021: posts big blind 20
*** HOLE CARDS ***
Dealt to Mahu2021 [8c 2h]
pradooliveira7: raises 20 to 40
BrunoSilveira31: folds 
Mahu2021: folds 
Uncalled bet (20) returned to pradooliveira7
pradooliveira7 collected 50 from pot
pradooliveira7: doesn't show hand 
*** SUMMARY ***
Total pot 50 | Rake 0 
Seat 1: Mahu2021 (big blind) folded before Flop
Seat 2: pradooliveira7 (button) collected (50)
Seat 3: BrunoSilveira31 (small blind) folded before Flop



PokerStars Hand #248392803451: Tournament #3703899289, $1.84+$0.16 USD Hold'em No Limit - Level I (10/20) - 2024/01/20 18:53:11 CET [2024/01/20 12:53:11 ET]
Table '3703899289 1' 3-max Seat #3 is the button
Seat 1: Mahu2021 (560 in chips) 
Seat 2: pradooliveira7 (570 in chips) 
Seat 3: BrunoSilveira31 (370 in chips) 
Mahu2021: posts small blind 10
pradooliveira7: posts big blind 20
*** HOLE CARDS ***
Dealt to Mahu2021 [5c 8s]
BrunoSilveira31: raises 20 to 40
Mahu2021: folds 
pradooliveira7: calls 20
*** FLOP *** [7c 3h Ks]
pradooliveira7: bets 20
BrunoSilveira31: calls 20
*** TURN *** [7c 3h Ks] [2s]
pradooliveira7: bets 20
BrunoSilveira31: raises 40 to 60
pradooliveira7: calls 40
*** RIVER *** [7c 3h Ks 2s] [3c]
pradooliveira7: bets 20
BrunoSilveira31: calls 20
*** SHOW DOWN ***
pradooliveira7: shows [As Jh] (a pair of Threes)
BrunoSilveira31: shows [Kd Th] (two pair, Kings and Threes)
BrunoSilveira31 collected 290 from pot
*** SUMMARY ***
Total pot 290 | Rake 0 
Board [7c 3h Ks 2s 3c]
Seat 1: Mahu2021 (small blind) folded before Flop
Seat 2: pradooliveira7 (big blind) showed [As Jh] and lost with a pair of Threes
Seat 3: BrunoSilveira31 (button) showed [Kd Th] and won (290) with two pair, Kings and Threes



PokerStars Hand #248392813259: Tournament #3703899289, $1.84+$0.16 USD Hold'em No Limit - Level I (10/20) - 2024/01/20 18:53:39 CET [2024/01/20 12:53:39 ET]
Table '3703899289 1' 3-max Seat #1 is the button
Seat 1: Mahu2021 (550 in chips) 
Seat 2: pradooliveira7 (430 in chips) 
Seat 3: BrunoSilveira31 (520 in chips) 
pradooliveira7: posts small blind 10
BrunoSilveira31: posts big blind 20
*** HOLE CARDS ***
Dealt to Mahu2021 [Ks 7d]
Mahu2021: folds 
pradooliveira7: calls 10
BrunoSilveira31: raises 500 to 520 and is all-in
pradooliveira7: folds 
Uncalled bet (500) returned to BrunoSilveira31
BrunoSilveira31 collected 40 from pot
BrunoSilveira31: doesn't show hand 
*** SUMMARY ***
Total pot 40 | Rake 0 
Seat 1: Mahu2021 (button) folded before Flop (didn't bet)
Seat 2: pradooliveira7 (small blind) folded before Flop
Seat 3: BrunoSilveira31 (big blind) collected (40)



PokerStars Hand #248392816657: Tournament #3703899289, $1.84+$0.16 USD Hold'em No Limit - Level I (10/20) - 2024/01/20 18:53:49 CET [2024/01/20 12:53:49 ET]
Table '3703899289 1' 3-max Seat #2 is the button
Seat 1: Mahu2021 (550 in chips) 
Seat 2: pradooliveira7 (410 in chips) 
Seat 3: BrunoSilveira31 (540 in chips) 
BrunoSilveira31: posts small blind 10
Mahu2021: posts big blind 20
*** HOLE CARDS ***
Dealt to Mahu2021 [6s Qc]
pradooliveira7: calls 20
BrunoSilveira31: raises 40 to 60
Mahu2021: folds 
pradooliveira7: calls 40
*** FLOP *** [As 2d Kh]
BrunoSilveira31: checks 
pradooliveira7: checks 
*** TURN *** [As 2d Kh] [4s]
BrunoSilveira31: bets 70
pradooliveira7: raises 70 to 140
BrunoSilveira31: calls 70
*** RIVER *** [As 2d Kh 4s] [5s]
BrunoSilveira31: checks 
pradooliveira7: bets 60
BrunoSilveira31: calls 60
*** SHOW DOWN ***
pradooliveira7: shows [Ac 8h] (a pair of Aces)
BrunoSilveira31: mucks hand 
pradooliveira7 collected 540 from pot
*** SUMMARY ***
Total pot 540 | Rake 0 
Board [As 2d Kh 4s 5s]
Seat 1: Mahu2021 (big blind) folded before Flop
Seat 2: pradooliveira7 (button) showed [Ac 8h] and won (540) with a pair of Aces
Seat 3: BrunoSilveira31 (small blind) mucked [Qd Kc]



PokerStars Hand #248392831885: Tournament #3703899289, $1.84+$0.16 USD Hold'em No Limit - Level II (15/30) - 2024/01/20 18:54:33 CET [2024/01/20 12:54:33 ET]
Table '3703899289 1' 3-max Seat #3 is the button
Seat 1: Mahu2021 (530 in chips) 
Seat 2: pradooliveira7 (690 in chips) 
Seat 3: BrunoSilveira31 (280 in chips) 
Mahu2021: posts small blind 15
pradooliveira7: posts big blind 30
*** HOLE CARDS ***
Dealt to Mahu2021 [4d 4c]
BrunoSilveira31: raises 250 to 280 and is all-in
Mahu2021: folds 
pradooliveira7: folds 
Uncalled bet (250) returned to BrunoSilveira31
BrunoSilveira31 collected 75 from pot
BrunoSilveira31: doesn't show hand 
*** SUMMARY ***
Total pot 75 | Rake 0 
Seat 1: Mahu2021 (small blind) folded before Flop
Seat 2: pradooliveira7 (big blind) folded before Flop
Seat 3: BrunoSilveira31 (button) collected (75)



PokerStars Hand #248392835055: Tournament #3703899289, $1.84+$0.16 USD Hold'em No Limit - Level II (15/30) - 2024/01/20 18:54:43 CET [2024/01/20 12:54:43 ET]
Table '3703899289 1' 3-max Seat #1 is the button
Seat 1: Mahu2021 (515 in chips) 
Seat 2: pradooliveira7 (660 in chips) 
Seat 3: BrunoSilveira31 (325 in chips) 
pradooliveira7: posts small blind 15
BrunoSilveira31: posts big blind 30
*** HOLE CARDS ***
Dealt to Mahu2021 [9c Jh]
Mahu2021: folds 
pradooliveira7: calls 15
BrunoSilveira31: raises 295 to 325 and is all-in
pradooliveira7: folds 
Uncalled bet (295) returned to BrunoSilveira31
BrunoSilveira31 collected 60 from pot
BrunoSilveira31: doesn't show hand 
*** SUMMARY ***
Total pot 60 | Rake 0 
Seat 1: Mahu2021 (button) folded before Flop (didn't bet)
Seat 2: pradooliveira7 (small blind) folded before Flop
Seat 3: BrunoSilveira31 (big blind) collected (60)



PokerStars Hand #248392838382: Tournament #3703899289, $1.84+$0.16 USD Hold'em No Limit - Level II (15/30) - 2024/01/20 18:54:52 CET [2024/01/20 12:54:52 ET]
Table '3703899289 1' 3-max Seat #2 is the button
Seat 1: Mahu2021 (515 in chips) 
Seat 2: pradooliveira7 (630 in chips) 
Seat 3: BrunoSilveira31 (355 in chips) 
BrunoSilveira31: posts small blind 15
Mahu2021: posts big blind 30
*** HOLE CARDS ***
Dealt to Mahu2021 [As 9d]
pradooliveira7: folds 
BrunoSilveira31: folds 
Uncalled bet (15) returned to Mahu2021
Mahu2021 collected 30 from pot
Mahu2021: doesn't show hand 
*** SUMMARY ***
Total pot 30 | Rake 0 
Seat 1: Mahu2021 (big blind) collected (30)
Seat 2: pradooliveira7 (button) folded before Flop (didn't bet)
Seat 3: BrunoSilveira31 (small blind) folded before Flop



PokerStars Hand #248392840544: Tournament #3703899289, $1.84+$0.16 USD Hold'em No Limit - Level II (15/30) - 2024/01/20 18:54:58 CET [2024/01/20 12:54:58 ET]
Table '3703899289 1' 3-max Seat #3 is the button
Seat 1: Mahu2021 (530 in chips) 
Seat 2: pradooliveira7 (630 in chips) 
Seat 3: BrunoSilveira31 (340 in chips) 
Mahu2021: posts small blind 15
pradooliveira7: posts big blind 30
*** HOLE CARDS ***
Dealt to Mahu2021 [4d 2h]
BrunoSilveira31: folds 
Mahu2021: folds 
Uncalled bet (15) returned to pradooliveira7
pradooliveira7 collected 30 from pot
pradooliveira7: doesn't show hand 
*** SUMMARY ***
Total pot 30 | Rake 0 
Seat 1: Mahu2021 (small blind) folded before Flop
Seat 2: pradooliveira7 (big blind) collected (30)
Seat 3: BrunoSilveira31 (button) folded before Flop (didn't bet)



PokerStars Hand #248392842488: Tournament #3703899289, $1.84+$0.16 USD Hold'em No Limit - Level II (15/30) - 2024/01/20 18:55:05 CET [2024/01/20 12:55:05 ET]
Table '3703899289 1' 3-max Seat #1 is the button
Seat 1: Mahu2021 (515 in chips) 
Seat 2: pradooliveira7 (645 in chips) 
Seat 3: BrunoSilveira31 (340 in chips) 
pradooliveira7: posts small blind 15
BrunoSilveira31: posts big blind 30
*** HOLE CARDS ***
Dealt to Mahu2021 [7d 6h]
Mahu2021: calls 30
pradooliveira7: calls 15
BrunoSilveira31: checks 
*** FLOP *** [7c 7s 2d]
pradooliveira7: checks 
BrunoSilveira31: checks 
Mahu2021: checks 
*** TURN *** [7c 7s 2d] [Tc]
pradooliveira7: bets 30
BrunoSilveira31: folds 
Mahu2021: calls 30
*** RIVER *** [7c 7s 2d Tc] [Ah]
pradooliveira7: bets 30
Mahu2021: raises 90 to 120
pradooliveira7: calls 90
*** SHOW DOWN ***
Mahu2021: shows [7d 6h] (three of a kind, Sevens)
pradooliveira7: mucks hand 
Mahu2021 collected 390 from pot
*** SUMMARY ***
Total pot 390 | Rake 0 
Board [7c 7s 2d Tc Ah]
Seat 1: Mahu2021 (button) showed [7d 6h] and won (390) with three of a kind, Sevens
Seat 2: pradooliveira7 (small blind) mucked [Td Jh]
Seat 3: BrunoSilveira31 (big blind) folded on the Turn



PokerStars Hand #248392851267: Tournament #3703899289, $1.84+$0.16 USD Hold'em No Limit - Level II (15/30) - 2024/01/20 18:55:41 CET [2024/01/20 12:55:41 ET]
Table '3703899289 1' 3-max Seat #2 is the button
Seat 1: Mahu2021 (725 in chips) 
Seat 2: pradooliveira7 (465 in chips) 
Seat 3: BrunoSilveira31 (310 in chips) 
BrunoSilveira31: posts small blind 15
Mahu2021: posts big blind 30
*** HOLE CARDS ***
Dealt to Mahu2021 [Qc 5d]
pradooliveira7: folds 
BrunoSilveira31: folds 
Uncalled bet (15) returned to Mahu2021
Mahu2021 collected 30 from pot
Mahu2021: doesn't show hand 
*** SUMMARY ***
Total pot 30 | Rake 0 
Seat 1: Mahu2021 (big blind) collected (30)
Seat 2: pradooliveira7 (button) folded before Flop (didn't bet)
Seat 3: BrunoSilveira31 (small blind) folded before Flop



PokerStars Hand #248392852892: Tournament #3703899289, $1.84+$0.16 USD Hold'em No Limit - Level II (15/30) - 2024/01/20 18:55:47 CET [2024/01/20 12:55:47 ET]
Table '3703899289 1' 3-max Seat #3 is the button
Seat 1: Mahu2021 (740 in chips) 
Seat 2: pradooliveira7 (465 in chips) 
Seat 3: BrunoSilveira31 (295 in chips) 
Mahu2021: posts small blind 15
pradooliveira7: posts big blind 30
*** HOLE CARDS ***
Dealt to Mahu2021 [Js 7d]
BrunoSilveira31: folds 
Mahu2021: calls 15
pradooliveira7: checks 
*** FLOP *** [5s 9s 2s]
Mahu2021: checks 
pradooliveira7: checks 
*** TURN *** [5s 9s 2s] [9d]
Mahu2021: checks 
pradooliveira7: checks 
*** RIVER *** [5s 9s 2s 9d] [Ac]
Mahu2021: checks 
pradooliveira7: checks 
*** SHOW DOWN ***
Mahu2021: shows [Js 7d] (a pair of Nines)
pradooliveira7: shows [3s 2d] (two pair, Nines and Deuces)
pradooliveira7 collected 60 from pot
*** SUMMARY ***
Total pot 60 | Rake 0 
Board [5s 9s 2s 9d Ac]
Seat 1: Mahu2021 (small blind) showed [Js 7d] and lost with a pair of Nines
Seat 2: pradooliveira7 (big blind) showed [3s 2d] and won (60) with two pair, Nines and Deuces
Seat 3: BrunoSilveira31 (button) folded before Flop (didn't bet)



PokerStars Hand #248392856961: Tournament #3703899289, $1.84+$0.16 USD Hold'em No Limit - Level II (15/30) - 2024/01/20 18:56:04 CET [2024/01/20 12:56:04 ET]
Table '3703899289 1' 3-max Seat #1 is the button
Seat 1: Mahu2021 (710 in chips) 
Seat 2: pradooliveira7 (495 in chips) 
Seat 3: BrunoSilveira31 (295 in chips) 
pradooliveira7: posts small blind 15
BrunoSilveira31: posts big blind 30
*** HOLE CARDS ***
Dealt to Mahu2021 [8h 3d]
Mahu2021: folds 
pradooliveira7: calls 15
BrunoSilveira31: raises 265 to 295 and is all-in
pradooliveira7: folds 
Uncalled bet (265) returned to BrunoSilveira31
BrunoSilveira31 collected 60 from pot
BrunoSilveira31: doesn't show hand 
*** SUMMARY ***
Total pot 60 | Rake 0 
Seat 1: Mahu2021 (button) folded before Flop (didn't bet)
Seat 2: pradooliveira7 (small blind) folded before Flop
Seat 3: BrunoSilveira31 (big blind) collected (60)



PokerStars Hand #248392859737: Tournament #3703899289, $1.84+$0.16 USD Hold'em No Limit - Level II (15/30) - 2024/01/20 18:56:15 CET [2024/01/20 12:56:15 ET]
Table '3703899289 1' 3-max Seat #2 is the button
Seat 1: Mahu2021 (710 in chips) 
Seat 2: pradooliveira7 (465 in chips) 
Seat 3: BrunoSilveira31 (325 in chips) 
BrunoSilveira31: posts small blind 15
Mahu2021: posts big blind 30
*** HOLE CARDS ***
Dealt to Mahu2021 [8s 3s]
pradooliveira7: folds 
BrunoSilveira31: folds 
Uncalled bet (15) returned to Mahu2021
Mahu2021 collected 30 from pot
Mahu2021: doesn't show hand 
*** SUMMARY ***
Total pot 30 | Rake 0 
Seat 1: Mahu2021 (big blind) collected (30)
Seat 2: pradooliveira7 (button) folded before Flop (didn't bet)
Seat 3: BrunoSilveira31 (small blind) folded before Flop



PokerStars Hand #248392861943: Tournament #3703899289, $1.84+$0.16 USD Hold'em No Limit - Level II (15/30) - 2024/01/20 18:56:24 CET [2024/01/20 12:56:24 ET]
Table '3703899289 1' 3-max Seat #3 is the button
Seat 1: Mahu2021 (725 in chips) 
Seat 2: pradooliveira7 (465 in chips) 
Seat 3: BrunoSilveira31 (310 in chips) 
Mahu2021: posts small blind 15
pradooliveira7: posts big blind 30
*** HOLE CARDS ***
Dealt to Mahu2021 [5d Qh]
BrunoSilveira31: raises 280 to 310 and is all-in
Mahu2021: folds 
pradooliveira7: folds 
Uncalled bet (280) returned to BrunoSilveira31
BrunoSilveira31 collected 75 from pot
BrunoSilveira31: doesn't show hand 
*** SUMMARY ***
Total pot 75 | Rake 0 
Seat 1: Mahu2021 (small blind) folded before Flop
Seat 2: pradooliveira7 (big blind) folded before Flop
Seat 3: BrunoSilveira31 (button) collected (75)



PokerStars Hand #248392864741: Tournament #3703899289, $1.84+$0.16 USD Hold'em No Limit - Level II (15/30) - 2024/01/20 18:56:35 CET [2024/01/20 12:56:35 ET]
Table '3703899289 1' 3-max Seat #1 is the button
Seat 1: Mahu2021 (710 in chips) 
Seat 2: pradooliveira7 (435 in chips) 
Seat 3: BrunoSilveira31 (355 in chips) 
pradooliveira7: posts small blind 15
BrunoSilveira31: posts big blind 30
*** HOLE CARDS ***
Dealt to Mahu2021 [Js Qd]
Mahu2021: raises 30 to 60
pradooliveira7: folds 
BrunoSilveira31: calls 30
*** FLOP *** [6s Ts 7c]
BrunoSilveira31: checks 
Mahu2021: checks 
*** TURN *** [6s Ts 7c] [3s]
BrunoSilveira31: checks 
Mahu2021: bets 60
BrunoSilveira31: folds 
Uncalled bet (60) returned to Mahu2021
Mahu2021 collected 135 from pot
Mahu2021: doesn't show hand 
*** SUMMARY ***
Total pot 135 | Rake 0 
Board [6s Ts 7c 3s]
Seat 1: Mahu2021 (button) collected (135)
Seat 2: pradooliveira7 (small blind) folded before Flop
Seat 3: BrunoSilveira31 (big blind) folded on the Turn



PokerStars Hand #248392871231: Tournament #3703899289, $1.84+$0.16 USD Hold'em No Limit - Level II (15/30) - 2024/01/20 18:57:00 CET [2024/01/20 12:57:00 ET]
Table '3703899289 1' 3-max Seat #2 is the button
Seat 1: Mahu2021 (785 in chips) 
Seat 2: pradooliveira7 (420 in chips) 
Seat 3: BrunoSilveira31 (295 in chips) 
BrunoSilveira31: posts small blind 15
Mahu2021: posts big blind 30
*** HOLE CARDS ***
Dealt to Mahu2021 [Td 9d]
pradooliveira7: raises 30 to 60
BrunoSilveira31: raises 235 to 295 and is all-in
Mahu2021: folds 
pradooliveira7: calls 235
*** FLOP *** [Kc Qd 7h]
*** TURN *** [Kc Qd 7h] [6s]
*** RIVER *** [Kc Qd 7h 6s] [3c]
*** SHOW DOWN ***
BrunoSilveira31: shows [Ac 9s] (high card Ace)
pradooliveira7: shows [Kh Qc] (two pair, Kings and Queens)
pradooliveira7 collected 620 from pot
BrunoSilveira31 finished the tournament in 3rd place
*** SUMMARY ***
Total pot 620 | Rake 0 
Board [Kc Qd 7h 6s 3c]
Seat 1: Mahu2021 (big blind) folded before Flop
Seat 2: pradooliveira7 (button) showed [Kh Qc] and won (620) with two pair, Kings and Queens
Seat 3: BrunoSilveira31 (small blind) showed [Ac 9s] and lost with high card Ace



PokerStars Hand #248392876691: Tournament #3703899289, $1.84+$0.16 USD Hold'em No Limit - Level II (15/30) - 2024/01/20 18:57:22 CET [2024/01/20 12:57:22 ET]
Table '3703899289 1' 3-max Seat #1 is the button
Seat 1: Mahu2021 (755 in chips) 
Seat 2: pradooliveira7 (745 in chips) 
Mahu2021: posts small blind 15
pradooliveira7: posts big blind 30
*** HOLE CARDS ***
Dealt to Mahu2021 [6h Qh]
Mahu2021: calls 15
pradooliveira7: raises 30 to 60
Mahu2021: calls 30
*** FLOP *** [2h Ad 5c]
pradooliveira7: checks 
Mahu2021: checks 
*** TURN *** [2h Ad 5c] [8c]
pradooliveira7: checks 
Mahu2021: checks 
*** RIVER *** [2h Ad 5c 8c] [7d]
pradooliveira7: bets 90
Mahu2021: folds 
Uncalled bet (90) returned to pradooliveira7
pradooliveira7 collected 120 from pot
pradooliveira7: doesn't show hand 
*** SUMMARY ***
Total pot 120 | Rake 0 
Board [2h Ad 5c 8c 7d]
Seat 1: Mahu2021 (button) (small blind) folded on the River
Seat 2: pradooliveira7 (big blind) collected (120)



PokerStars Hand #248392883369: Tournament #3703899289, $1.84+$0.16 USD Hold'em No Limit - Level III (20/40) - 2024/01/20 18:57:49 CET [2024/01/20 12:57:49 ET]
Table '3703899289 1' 3-max Seat #2 is the button
Seat 1: Mahu2021 (695 in chips) 
Seat 2: pradooliveira7 (805 in chips) 
pradooliveira7: posts small blind 20
Mahu2021: posts big blind 40
*** HOLE CARDS ***
Dealt to Mahu2021 [As 4s]
pradooliveira7: calls 20
Mahu2021: checks 
*** FLOP *** [6s 8s 9d]
Mahu2021: bets 40
pradooliveira7: raises 40 to 80
Mahu2021: calls 40
*** TURN *** [6s 8s 9d] [Js]
Mahu2021: checks 
pradooliveira7: bets 40
Mahu2021: calls 40
*** RIVER *** [6s 8s 9d Js] [7d]
Mahu2021: checks 
pradooliveira7: bets 40
Mahu2021: raises 120 to 160
pradooliveira7: calls 120
*** SHOW DOWN ***
Mahu2021: shows [As 4s] (a flush, Ace high)
pradooliveira7: mucks hand 
Mahu2021 collected 640 from pot
*** SUMMARY ***
Total pot 640 | Rake 0 
Board [6s 8s 9d Js 7d]
Seat 1: Mahu2021 (big blind) showed [As 4s] and won (640) with a flush, Ace high
Seat 2: pradooliveira7 (button) (small blind) mucked [Kc 9s]



PokerStars Hand #248392889199: Tournament #3703899289, $1.84+$0.16 USD Hold'em No Limit - Level III (20/40) - 2024/01/20 18:58:13 CET [2024/01/20 12:58:13 ET]
Table '3703899289 1' 3-max Seat #1 is the button
Seat 1: Mahu2021 (1015 in chips) 
Seat 2: pradooliveira7 (485 in chips) 
Mahu2021: posts small blind 20
pradooliveira7: posts big blind 40
*** HOLE CARDS ***
Dealt to Mahu2021 [5c 9s]
Mahu2021: folds 
Uncalled bet (20) returned to pradooliveira7
pradooliveira7 collected 40 from pot
pradooliveira7: doesn't show hand 
*** SUMMARY ***
Total pot 40 | Rake 0 
Seat 1: Mahu2021 (button) (small blind) folded before Flop
Seat 2: pradooliveira7 (big blind) collected (40)



PokerStars Hand #248392890314: Tournament #3703899289, $1.84+$0.16 USD Hold'em No Limit - Level III (20/40) - 2024/01/20 18:58:17 CET [2024/01/20 12:58:17 ET]
Table '3703899289 1' 3-max Seat #2 is the button
Seat 1: Mahu2021 (995 in chips) 
Seat 2: pradooliveira7 (505 in chips) 
pradooliveira7: posts small blind 20
Mahu2021: posts big blind 40
*** HOLE CARDS ***
Dealt to Mahu2021 [Jh Qs]
pradooliveira7: calls 20
Mahu2021: raises 955 to 995 and is all-in
pradooliveira7: folds 
Uncalled bet (955) returned to Mahu2021
Mahu2021 collected 80 from pot
Mahu2021: doesn't show hand 
*** SUMMARY ***
Total pot 80 | Rake 0 
Seat 1: Mahu2021 (big blind) collected (80)
Seat 2: pradooliveira7 (button) (small blind) folded before Flop



PokerStars Hand #248392892939: Tournament #3703899289, $1.84+$0.16 USD Hold'em No Limit - Level III (20/40) - 2024/01/20 18:58:28 CET [2024/01/20 12:58:28 ET]
Table '3703899289 1' 3-max Seat #1 is the button
Seat 1: Mahu2021 (1035 in chips) 
Seat 2: pradooliveira7 (465 in chips) 
Mahu2021: posts small blind 20
pradooliveira7: posts big blind 40
*** HOLE CARDS ***
Dealt to Mahu2021 [3h 2s]
Mahu2021: calls 20
pradooliveira7: checks 
*** FLOP *** [Ac 8s Kc]
pradooliveira7: checks 
Mahu2021: bets 40
pradooliveira7: folds 
Uncalled bet (40) returned to Mahu2021
Mahu2021 collected 80 from pot
Mahu2021: doesn't show hand 
*** SUMMARY ***
Total pot 80 | Rake 0 
Board [Ac 8s Kc]
Seat 1: Mahu2021 (button) (small blind) collected (80)
Seat 2: pradooliveira7 (big blind) folded on the Flop



PokerStars Hand #248392895879: Tournament #3703899289, $1.84+$0.16 USD Hold'em No Limit - Level III (20/40) - 2024/01/20 18:58:40 CET [2024/01/20 12:58:40 ET]
Table '3703899289 1' 3-max Seat #2 is the button
Seat 1: Mahu2021 (1075 in chips) 
Seat 2: pradooliveira7 (425 in chips) 
pradooliveira7: posts small blind 20
Mahu2021: posts big blind 40
*** HOLE CARDS ***
Dealt to Mahu2021 [3d 7h]
pradooliveira7: calls 20
Mahu2021: checks 
*** FLOP *** [8d As Qs]
Mahu2021: checks 
pradooliveira7: bets 40
Mahu2021: folds 
Uncalled bet (40) returned to pradooliveira7
pradooliveira7 collected 80 from pot
pradooliveira7: doesn't show hand 
*** SUMMARY ***
Total pot 80 | Rake 0 
Board [8d As Qs]
Seat 1: Mahu2021 (big blind) folded on the Flop
Seat 2: pradooliveira7 (button) (small blind) collected (80)



PokerStars Hand #248392898546: Tournament #3703899289, $1.84+$0.16 USD Hold'em No Limit - Level III (20/40) - 2024/01/20 18:58:50 CET [2024/01/20 12:58:50 ET]
Table '3703899289 1' 3-max Seat #1 is the button
Seat 1: Mahu2021 (1035 in chips) 
Seat 2: pradooliveira7 (465 in chips) 
Mahu2021: posts small blind 20
pradooliveira7: posts big blind 40
*** HOLE CARDS ***
Dealt to Mahu2021 [5d 7s]
Mahu2021: calls 20
pradooliveira7: checks 
*** FLOP *** [Js 6c 5s]
pradooliveira7: checks 
Mahu2021: bets 40
pradooliveira7: folds 
Uncalled bet (40) returned to Mahu2021
Mahu2021 collected 80 from pot
Mahu2021: doesn't show hand 
*** SUMMARY ***
Total pot 80 | Rake 0 
Board [Js 6c 5s]
Seat 1: Mahu2021 (button) (small blind) collected (80)
Seat 2: pradooliveira7 (big blind) folded on the Flop



PokerStars Hand #248392901976: Tournament #3703899289, $1.84+$0.16 USD Hold'em No Limit - Level III (20/40) - 2024/01/20 18:59:04 CET [2024/01/20 12:59:04 ET]
Table '3703899289 1' 3-max Seat #2 is the button
Seat 1: Mahu2021 (1075 in chips) 
Seat 2: pradooliveira7 (425 in chips) 
pradooliveira7: posts small blind 20
Mahu2021: posts big blind 40
*** HOLE CARDS ***
Dealt to Mahu2021 [Td 9h]
pradooliveira7: raises 40 to 80
Mahu2021: calls 40
*** FLOP *** [Ac 8c Th]
Mahu2021: checks 
pradooliveira7: checks 
*** TURN *** [Ac 8c Th] [7d]
Mahu2021: checks 
pradooliveira7: bets 40
Mahu2021: calls 40
*** RIVER *** [Ac 8c Th 7d] [Ad]
Mahu2021: checks 
pradooliveira7: checks 
*** SHOW DOWN ***
Mahu2021: shows [Td 9h] (two pair, Aces and Tens)
pradooliveira7: shows [As 9d] (three of a kind, Aces)
pradooliveira7 collected 240 from pot
*** SUMMARY ***
Total pot 240 | Rake 0 
Board [Ac 8c Th 7d Ad]
Seat 1: Mahu2021 (big blind) showed [Td 9h] and lost with two pair, Aces and Tens
Seat 2: pradooliveira7 (button) (small blind) showed [As 9d] and won (240) with three of a kind, Aces



PokerStars Hand #248392907324: Tournament #3703899289, $1.84+$0.16 USD Hold'em No Limit - Level III (20/40) - 2024/01/20 18:59:26 CET [2024/01/20 12:59:26 ET]
Table '3703899289 1' 3-max Seat #1 is the button
Seat 1: Mahu2021 (955 in chips) 
Seat 2: pradooliveira7 (545 in chips) 
Mahu2021: posts small blind 20
pradooliveira7: posts big blind 40
*** HOLE CARDS ***
Dealt to Mahu2021 [3c 4s]
Mahu2021: calls 20
pradooliveira7: raises 40 to 80
Mahu2021: calls 40
*** FLOP *** [Ah Jc 6s]
pradooliveira7: bets 40
Mahu2021: folds 
Uncalled bet (40) returned to pradooliveira7
pradooliveira7 collected 160 from pot
pradooliveira7: doesn't show hand 
*** SUMMARY ***
Total pot 160 | Rake 0 
Board [Ah Jc 6s]
Seat 1: Mahu2021 (button) (small blind) folded on the Flop
Seat 2: pradooliveira7 (big blind) collected (160)



PokerStars Hand #248392910222: Tournament #3703899289, $1.84+$0.16 USD Hold'em No Limit - Level III (20/40) - 2024/01/20 18:59:38 CET [2024/01/20 12:59:38 ET]
Table '3703899289 1' 3-max Seat #2 is the button
Seat 1: Mahu2021 (875 in chips) 
Seat 2: pradooliveira7 (625 in chips) 
pradooliveira7: posts small blind 20
Mahu2021: posts big blind 40
*** HOLE CARDS ***
Dealt to Mahu2021 [2c Kd]
pradooliveira7: calls 20
Mahu2021: checks 
*** FLOP *** [5d 3d Ts]
Mahu2021: checks 
pradooliveira7: checks 
*** TURN *** [5d 3d Ts] [4s]
Mahu2021: checks 
pradooliveira7: checks 
*** RIVER *** [5d 3d Ts 4s] [Th]
Mahu2021: checks 
pradooliveira7: checks 
*** SHOW DOWN ***
Mahu2021: shows [2c Kd] (a pair of Tens)
pradooliveira7: mucks hand 
Mahu2021 collected 80 from pot
*** SUMMARY ***
Total pot 80 | Rake 0 
Board [5d 3d Ts 4s Th]
Seat 1: Mahu2021 (big blind) showed [2c Kd] and won (80) with a pair of Tens
Seat 2: pradooliveira7 (button) (small blind) mucked [Qs 6d]



PokerStars Hand #248392913735: Tournament #3703899289, $1.84+$0.16 USD Hold'em No Limit - Level III (20/40) - 2024/01/20 18:59:52 CET [2024/01/20 12:59:52 ET]
Table '3703899289 1' 3-max Seat #1 is the button
Seat 1: Mahu2021 (915 in chips) 
Seat 2: pradooliveira7 (585 in chips) 
Mahu2021: posts small blind 20
pradooliveira7: posts big blind 40
*** HOLE CARDS ***
Dealt to Mahu2021 [Jc Jd]
Mahu2021: calls 20
pradooliveira7: checks 
*** FLOP *** [8c 5c 6s]
pradooliveira7: bets 40
Mahu2021: calls 40
*** TURN *** [8c 5c 6s] [7c]
pradooliveira7: checks 
Mahu2021: checks 
*** RIVER *** [8c 5c 6s 7c] [5d]
pradooliveira7: bets 80
Mahu2021: calls 80
*** SHOW DOWN ***
pradooliveira7: shows [7s 8s] (two pair, Eights and Sevens)
Mahu2021: shows [Jc Jd] (two pair, Jacks and Fives)
Mahu2021 collected 320 from pot
*** SUMMARY ***
Total pot 320 | Rake 0 
Board [8c 5c 6s 7c 5d]
Seat 1: Mahu2021 (button) (small blind) showed [Jc Jd] and won (320) with two pair, Jacks and Fives
Seat 2: pradooliveira7 (big blind) showed [7s 8s] and lost with two pair, Eights and Sevens



PokerStars Hand #248392919669: Tournament #3703899289, $1.84+$0.16 USD Hold'em No Limit - Level III (20/40) - 2024/01/20 19:00:14 CET [2024/01/20 13:00:14 ET]
Table '3703899289 1' 3-max Seat #2 is the button
Seat 1: Mahu2021 (1075 in chips) 
Seat 2: pradooliveira7 (425 in chips) 
pradooliveira7: posts small blind 20
Mahu2021: posts big blind 40
*** HOLE CARDS ***
Dealt to Mahu2021 [Ts 4s]
pradooliveira7: calls 20
Mahu2021: checks 
*** FLOP *** [5h 4c 7d]
Mahu2021: checks 
pradooliveira7: checks 
*** TURN *** [5h 4c 7d] [2s]
Mahu2021: bets 40
pradooliveira7: folds 
Uncalled bet (40) returned to Mahu2021
Mahu2021 collected 80 from pot
Mahu2021: doesn't show hand 
*** SUMMARY ***
Total pot 80 | Rake 0 
Board [5h 4c 7d 2s]
Seat 1: Mahu2021 (big blind) collected (80)
Seat 2: pradooliveira7 (button) (small blind) folded on the Turn



PokerStars Hand #248392927466: Tournament #3703899289, $1.84+$0.16 USD Hold'em No Limit - Level IV (30/60) - 2024/01/20 19:00:43 CET [2024/01/20 13:00:43 ET]
Table '3703899289 1' 3-max Seat #1 is the button
Seat 1: Mahu2021 (1115 in chips) 
Seat 2: pradooliveira7 (385 in chips) 
Mahu2021: posts small blind 30
pradooliveira7: posts big blind 60
*** HOLE CARDS ***
Dealt to Mahu2021 [6d 6c]
Mahu2021: raises 1055 to 1115 and is all-in
pradooliveira7: folds 
Uncalled bet (1055) returned to Mahu2021
Mahu2021 collected 120 from pot
Mahu2021: doesn't show hand 
*** SUMMARY ***
Total pot 120 | Rake 0 
Seat 1: Mahu2021 (button) (small blind) collected (120)
Seat 2: pradooliveira7 (big blind) folded before Flop



PokerStars Hand #248392929556: Tournament #3703899289, $1.84+$0.16 USD Hold'em No Limit - Level IV (30/60) - 2024/01/20 19:00:50 CET [2024/01/20 13:00:50 ET]
Table '3703899289 1' 3-max Seat #2 is the button
Seat 1: Mahu2021 (1175 in chips) 
Seat 2: pradooliveira7 (325 in chips) 
pradooliveira7: posts small blind 30
Mahu2021: posts big blind 60
*** HOLE CARDS ***
Dealt to Mahu2021 [Jh 3s]
pradooliveira7: folds 
Uncalled bet (30) returned to Mahu2021
Mahu2021 collected 60 from pot
Mahu2021: doesn't show hand 
*** SUMMARY ***
Total pot 60 | Rake 0 
Seat 1: Mahu2021 (big blind) collected (60)
Seat 2: pradooliveira7 (button) (small blind) folded before Flop



PokerStars Hand #248392931970: Tournament #3703899289, $1.84+$0.16 USD Hold'em No Limit - Level IV (30/60) - 2024/01/20 19:00:59 CET [2024/01/20 13:00:59 ET]
Table '3703899289 1' 3-max Seat #1 is the button
Seat 1: Mahu2021 (1205 in chips) 
Seat 2: pradooliveira7 (295 in chips) 
Mahu2021: posts small blind 30
pradooliveira7: posts big blind 60
*** HOLE CARDS ***
Dealt to Mahu2021 [9s Kh]
Mahu2021: raises 120 to 180
pradooliveira7: folds 
Uncalled bet (120) returned to Mahu2021
Mahu2021 collected 120 from pot
Mahu2021: doesn't show hand 
*** SUMMARY ***
Total pot 120 | Rake 0 
Seat 1: Mahu2021 (button) (small blind) collected (120)
Seat 2: pradooliveira7 (big blind) folded before Flop



PokerStars Hand #248392934128: Tournament #3703899289, $1.84+$0.16 USD Hold'em No Limit - Level IV (30/60) - 2024/01/20 19:01:06 CET [2024/01/20 13:01:06 ET]
Table '3703899289 1' 3-max Seat #2 is the button
Seat 1: Mahu2021 (1265 in chips) 
Seat 2: pradooliveira7 (235 in chips) 
pradooliveira7: posts small blind 30
Mahu2021: posts big blind 60
*** HOLE CARDS ***
Dealt to Mahu2021 [Ks Kd]
pradooliveira7: calls 30
Mahu2021: raises 120 to 180
pradooliveira7: folds 
Uncalled bet (120) returned to Mahu2021
Mahu2021 collected 120 from pot
Mahu2021: doesn't show hand 
*** SUMMARY ***
Total pot 120 | Rake 0 
Seat 1: Mahu2021 (big blind) collected (120)
Seat 2: pradooliveira7 (button) (small blind) folded before Flop



PokerStars Hand #248392937421: Tournament #3703899289, $1.84+$0.16 USD Hold'em No Limit - Level IV (30/60) - 2024/01/20 19:01:17 CET [2024/01/20 13:01:17 ET]
Table '3703899289 1' 3-max Seat #1 is the button
Seat 1: Mahu2021 (1325 in chips) 
Seat 2: pradooliveira7 (175 in chips) 
Mahu2021: posts small blind 30
pradooliveira7: posts big blind 60
*** HOLE CARDS ***
Dealt to Mahu2021 [5d Ks]
Mahu2021: raises 120 to 180
pradooliveira7: calls 115 and is all-in
Uncalled bet (5) returned to Mahu2021
*** FLOP *** [Ac Qh Th]
*** TURN *** [Ac Qh Th] [5h]
*** RIVER *** [Ac Qh Th 5h] [3h]
*** SHOW DOWN ***
pradooliveira7: shows [Ts Kc] (a pair of Tens)
Mahu2021: shows [5d Ks] (a pair of Fives)
pradooliveira7 collected 350 from pot
*** SUMMARY ***
Total pot 350 | Rake 0 
Board [Ac Qh Th 5h 3h]
Seat 1: Mahu2021 (button) (small blind) showed [5d Ks] and lost with a pair of Fives
Seat 2: pradooliveira7 (big blind) showed [Ts Kc] and won (350) with a pair of Tens



PokerStars Hand #248392941561: Tournament #3703899289, $1.84+$0.16 USD Hold'em No Limit - Level IV (30/60) - 2024/01/20 19:01:30 CET [2024/01/20 13:01:30 ET]
Table '3703899289 1' 3-max Seat #2 is the button
Seat 1: Mahu2021 (1150 in chips) 
Seat 2: pradooliveira7 (350 in chips) 
pradooliveira7: posts small blind 30
Mahu2021: posts big blind 60
*** HOLE CARDS ***
Dealt to Mahu2021 [Jd 6h]
pradooliveira7: raises 290 to 350 and is all-in
Mahu2021: folds 
Uncalled bet (290) returned to pradooliveira7
pradooliveira7 collected 120 from pot
pradooliveira7: doesn't show hand 
*** SUMMARY ***
Total pot 120 | Rake 0 
Seat 1: Mahu2021 (big blind) folded before Flop
Seat 2: pradooliveira7 (button) (small blind) collected (120)



PokerStars Hand #248392944054: Tournament #3703899289, $1.84+$0.16 USD Hold'em No Limit - Level IV (30/60) - 2024/01/20 19:01:38 CET [2024/01/20 13:01:38 ET]
Table '3703899289 1' 3-max Seat #1 is the button
Seat 1: Mahu2021 (1090 in chips) 
Seat 2: pradooliveira7 (410 in chips) 
Mahu2021: posts small blind 30
pradooliveira7: posts big blind 60
*** HOLE CARDS ***
Dealt to Mahu2021 [Jc 7h]
Mahu2021: calls 30
pradooliveira7: checks 
*** FLOP *** [4h Td Qd]
pradooliveira7: bets 60
Mahu2021: folds 
Uncalled bet (60) returned to pradooliveira7
pradooliveira7 collected 120 from pot
pradooliveira7: doesn't show hand 
*** SUMMARY ***
Total pot 120 | Rake 0 
Board [4h Td Qd]
Seat 1: Mahu2021 (button) (small blind) folded on the Flop
Seat 2: pradooliveira7 (big blind) collected (120)



PokerStars Hand #248392947476: Tournament #3703899289, $1.84+$0.16 USD Hold'em No Limit - Level IV (30/60) - 2024/01/20 19:01:49 CET [2024/01/20 13:01:49 ET]
Table '3703899289 1' 3-max Seat #2 is the button
Seat 1: Mahu2021 (1030 in chips) 
Seat 2: pradooliveira7 (470 in chips) 
pradooliveira7: posts small blind 30
Mahu2021: posts big blind 60
*** HOLE CARDS ***
Dealt to Mahu2021 [8c Qd]
pradooliveira7: raises 60 to 120
Mahu2021: calls 60
*** FLOP *** [Kd 2d Qs]
Mahu2021: checks 
pradooliveira7: bets 60
Mahu2021: raises 850 to 910 and is all-in
pradooliveira7: calls 290 and is all-in
Uncalled bet (560) returned to Mahu2021
*** TURN *** [Kd 2d Qs] [9s]
*** RIVER *** [Kd 2d Qs 9s] [2h]
*** SHOW DOWN ***
Mahu2021: shows [8c Qd] (two pair, Queens and Deuces)
pradooliveira7: shows [9d Ts] (two pair, Nines and Deuces)
Mahu2021 collected 940 from pot
pradooliveira7 finished the tournament in 2nd place
Mahu2021 wins the tournament and receives $6.00 - congratulations!
*** SUMMARY ***
Total pot 940 | Rake 0 
Board [Kd 2d Qs 9s 2h]
Seat 1: Mahu2021 (big blind) showed [8c Qd] and won (940) with two pair, Queens and Deuces
Seat 2: pradooliveira7 (button) (small blind) showed [9d Ts] and lost with two pair, Nines and Deuces



