PokerStars Hand #252317387055: Tournament #3797388961, $1.84+$0.16 USD Hold'em No Limit - Level I (10/20) - 2024/09/06 17:49:21 CET [2024/09/06 11:49:21 ET]
Table '3797388961 1' 3-max Seat #1 is the button
Seat 1: playermane7312 (500 in chips) 
Seat 2: laplace0511 (500 in chips) 
Seat 3: Mahu2021 (500 in chips) 
laplace0511: posts small blind 10
Mahu2021: posts big blind 20
*** HOLE CARDS ***
Dealt to Mahu2021 [Ad Ks]
playermane7312: raises 20 to 40
laplace0511: folds 
Mahu2021: raises 60 to 100
playermane7312: calls 60
*** FLOP *** [9d Qs 9s]
Mahu2021: checks 
playermane7312: checks 
*** TURN *** [9d Qs 9s] [3h]
Mahu2021: checks 
playermane7312: checks 
*** RIVER *** [9d Qs 9s 3h] [Jc]
Mahu2021: checks 
playermane7312: checks 
*** SHOW DOWN ***
Mahu2021: shows [Ad Ks] (a pair of Nines)
playermane7312: mucks hand 
Mahu2021 collected 210 from pot
*** SUMMARY ***
Total pot 210 | Rake 0 
Board [9d Qs 9s 3h Jc]
Seat 1: playermane7312 (button) mucked [As 5d]
Seat 2: laplace0511 (small blind) folded before Flop
Seat 3: Mahu2021 (big blind) showed [Ad Ks] and won (210) with a pair of Nines



PokerStars Hand #252317394364: Tournament #3797388961, $1.84+$0.16 USD Hold'em No Limit - Level I (10/20) - 2024/09/06 17:49:55 CET [2024/09/06 11:49:55 ET]
Table '3797388961 1' 3-max Seat #2 is the button
Seat 1: playermane7312 (400 in chips) 
Seat 2: laplace0511 (490 in chips) 
Seat 3: Mahu2021 (610 in chips) 
Mahu2021: posts small blind 10
playermane7312: posts big blind 20
*** HOLE CARDS ***
Dealt to Mahu2021 [5d Qh]
laplace0511: raises 20 to 40
Mahu2021: folds 
playermane7312: folds 
Uncalled bet (20) returned to laplace0511
laplace0511 collected 50 from pot
laplace0511: doesn't show hand 
*** SUMMARY ***
Total pot 50 | Rake 0 
Seat 1: playermane7312 (big blind) folded before Flop
Seat 2: laplace0511 (button) collected (50)
Seat 3: Mahu2021 (small blind) folded before Flop



PokerStars Hand #252317395907: Tournament #3797388961, $1.84+$0.16 USD Hold'em No Limit - Level I (10/20) - 2024/09/06 17:50:03 CET [2024/09/06 11:50:03 ET]
Table '3797388961 1' 3-max Seat #3 is the button
Seat 1: playermane7312 (380 in chips) 
Seat 2: laplace0511 (520 in chips) 
Seat 3: Mahu2021 (600 in chips) 
playermane7312: posts small blind 10
laplace0511: posts big blind 20
*** HOLE CARDS ***
Dealt to Mahu2021 [7d Kd]
Mahu2021: raises 20 to 40
playermane7312: folds 
laplace0511: calls 20
*** FLOP *** [2c Ks 4h]
laplace0511: checks 
Mahu2021: bets 40
laplace0511: folds 
Uncalled bet (40) returned to Mahu2021
Mahu2021 collected 90 from pot
Mahu2021: doesn't show hand 
*** SUMMARY ***
Total pot 90 | Rake 0 
Board [2c Ks 4h]
Seat 1: playermane7312 (small blind) folded before Flop
Seat 2: laplace0511 (big blind) folded on the Flop
Seat 3: Mahu2021 (button) collected (90)



PokerStars Hand #252317404430: Tournament #3797388961, $1.84+$0.16 USD Hold'em No Limit - Level I (10/20) - 2024/09/06 17:50:44 CET [2024/09/06 11:50:44 ET]
Table '3797388961 1' 3-max Seat #1 is the button
Seat 1: playermane7312 (370 in chips) 
Seat 2: laplace0511 (480 in chips) 
Seat 3: Mahu2021 (650 in chips) 
laplace0511: posts small blind 10
Mahu2021: posts big blind 20
*** HOLE CARDS ***
Dealt to Mahu2021 [4s 8h]
playermane7312: folds 
laplace0511: raises 20 to 40
Mahu2021: calls 20
*** FLOP *** [Ah Th 9c]
laplace0511 has timed out
laplace0511: checks 
Mahu2021: bets 20
laplace0511: folds 
Uncalled bet (20) returned to Mahu2021
Mahu2021 collected 80 from pot
Mahu2021: doesn't show hand 
*** SUMMARY ***
Total pot 80 | Rake 0 
Board [Ah Th 9c]
Seat 1: playermane7312 (button) folded before Flop (didn't bet)
Seat 2: laplace0511 (small blind) folded on the Flop
Seat 3: Mahu2021 (big blind) collected (80)



PokerStars Hand #252317415618: Tournament #3797388961, $1.84+$0.16 USD Hold'em No Limit - Level I (10/20) - 2024/09/06 17:51:38 CET [2024/09/06 11:51:38 ET]
Table '3797388961 1' 3-max Seat #2 is the button
Seat 1: playermane7312 (370 in chips) 
Seat 2: laplace0511 (440 in chips) 
Seat 3: Mahu2021 (690 in chips) 
Mahu2021: posts small blind 10
playermane7312: posts big blind 20
*** HOLE CARDS ***
Dealt to Mahu2021 [7d Kc]
laplace0511: raises 20 to 40
Mahu2021: folds 
playermane7312: calls 20
*** FLOP *** [5h Ks 3h]
playermane7312: checks 
laplace0511: bets 68
playermane7312: folds 
Uncalled bet (68) returned to laplace0511
laplace0511 collected 90 from pot
laplace0511: doesn't show hand 
*** SUMMARY ***
Total pot 90 | Rake 0 
Board [5h Ks 3h]
Seat 1: playermane7312 (big blind) folded on the Flop
Seat 2: laplace0511 (button) collected (90)
Seat 3: Mahu2021 (small blind) folded before Flop



PokerStars Hand #252317424156: Tournament #3797388961, $1.84+$0.16 USD Hold'em No Limit - Level I (10/20) - 2024/09/06 17:52:19 CET [2024/09/06 11:52:19 ET]
Table '3797388961 1' 3-max Seat #3 is the button
Seat 1: playermane7312 (330 in chips) 
Seat 2: laplace0511 (490 in chips) 
Seat 3: Mahu2021 (680 in chips) 
playermane7312: posts small blind 10
laplace0511: posts big blind 20
*** HOLE CARDS ***
Dealt to Mahu2021 [Qc 5s]
Mahu2021: folds 
playermane7312: raises 310 to 330 and is all-in
laplace0511: folds 
Uncalled bet (310) returned to playermane7312
playermane7312 collected 40 from pot
playermane7312: doesn't show hand 
*** SUMMARY ***
Total pot 40 | Rake 0 
Seat 1: playermane7312 (small blind) collected (40)
Seat 2: laplace0511 (big blind) folded before Flop
Seat 3: Mahu2021 (button) folded before Flop (didn't bet)



PokerStars Hand #252317427102: Tournament #3797388961, $1.84+$0.16 USD Hold'em No Limit - Level II (15/30) - 2024/09/06 17:52:33 CET [2024/09/06 11:52:33 ET]
Table '3797388961 1' 3-max Seat #1 is the button
Seat 1: playermane7312 (350 in chips) 
Seat 2: laplace0511 (470 in chips) 
Seat 3: Mahu2021 (680 in chips) 
laplace0511: posts small blind 15
Mahu2021: posts big blind 30
*** HOLE CARDS ***
Dealt to Mahu2021 [2h Ks]
playermane7312: folds 
laplace0511: raises 30 to 60
Mahu2021: calls 30
*** FLOP *** [2d Ts 5c]
laplace0511: bets 60
Mahu2021: calls 60
*** TURN *** [2d Ts 5c] [5d]
laplace0511: bets 350 and is all-in
Mahu2021: folds 
Uncalled bet (350) returned to laplace0511
laplace0511 collected 240 from pot
laplace0511: doesn't show hand 
*** SUMMARY ***
Total pot 240 | Rake 0 
Board [2d Ts 5c 5d]
Seat 1: playermane7312 (button) folded before Flop (didn't bet)
Seat 2: laplace0511 (small blind) collected (240)
Seat 3: Mahu2021 (big blind) folded on the Turn



PokerStars Hand #252317433928: Tournament #3797388961, $1.84+$0.16 USD Hold'em No Limit - Level II (15/30) - 2024/09/06 17:53:05 CET [2024/09/06 11:53:05 ET]
Table '3797388961 1' 3-max Seat #2 is the button
Seat 1: playermane7312 (350 in chips) 
Seat 2: laplace0511 (590 in chips) 
Seat 3: Mahu2021 (560 in chips) 
Mahu2021: posts small blind 15
playermane7312: posts big blind 30
*** HOLE CARDS ***
Dealt to Mahu2021 [Ks 6h]
laplace0511 has timed out
laplace0511: folds 
laplace0511 is sitting out
laplace0511 has returned
Mahu2021: raises 30 to 60
playermane7312: calls 30
*** FLOP *** [Jd Kh Ts]
Mahu2021: bets 60
playermane7312: folds 
Uncalled bet (60) returned to Mahu2021
Mahu2021 collected 120 from pot
Mahu2021: doesn't show hand 
*** SUMMARY ***
Total pot 120 | Rake 0 
Board [Jd Kh Ts]
Seat 1: playermane7312 (big blind) folded on the Flop
Seat 2: laplace0511 (button) folded before Flop (didn't bet)
Seat 3: Mahu2021 (small blind) collected (120)



PokerStars Hand #252317441728: Tournament #3797388961, $1.84+$0.16 USD Hold'em No Limit - Level II (15/30) - 2024/09/06 17:53:43 CET [2024/09/06 11:53:43 ET]
Table '3797388961 1' 3-max Seat #3 is the button
Seat 1: playermane7312 (290 in chips) 
Seat 2: laplace0511 (590 in chips) 
Seat 3: Mahu2021 (620 in chips) 
playermane7312: posts small blind 15
laplace0511: posts big blind 30
*** HOLE CARDS ***
Dealt to Mahu2021 [Js 3d]
Mahu2021: folds 
playermane7312: raises 260 to 290 and is all-in
laplace0511: calls 260
*** FLOP *** [8c 5h Ks]
*** TURN *** [8c 5h Ks] [8s]
*** RIVER *** [8c 5h Ks 8s] [Jh]
*** SHOW DOWN ***
playermane7312: shows [Qd Ts] (a pair of Eights)
laplace0511: shows [As Qh] (a pair of Eights - Ace kicker)
laplace0511 collected 580 from pot
playermane7312 finished the tournament in 3rd place
*** SUMMARY ***
Total pot 580 | Rake 0 
Board [8c 5h Ks 8s Jh]
Seat 1: playermane7312 (small blind) showed [Qd Ts] and lost with a pair of Eights
Seat 2: laplace0511 (big blind) showed [As Qh] and won (580) with a pair of Eights
Seat 3: Mahu2021 (button) folded before Flop (didn't bet)



PokerStars Hand #252317446449: Tournament #3797388961, $1.84+$0.16 USD Hold'em No Limit - Level II (15/30) - 2024/09/06 17:54:06 CET [2024/09/06 11:54:06 ET]
Table '3797388961 1' 3-max Seat #2 is the button
Seat 2: laplace0511 (880 in chips) 
Seat 3: Mahu2021 (620 in chips) 
laplace0511: posts small blind 15
Mahu2021: posts big blind 30
*** HOLE CARDS ***
Dealt to Mahu2021 [Ah Jc]
laplace0511 has timed out
laplace0511: folds 
laplace0511 is sitting out
Uncalled bet (15) returned to Mahu2021
Mahu2021 collected 30 from pot
Mahu2021: doesn't show hand 
laplace0511 has returned
*** SUMMARY ***
Total pot 30 | Rake 0 
Seat 2: laplace0511 (button) (small blind) folded before Flop
Seat 3: Mahu2021 (big blind) collected (30)



PokerStars Hand #252317449712: Tournament #3797388961, $1.84+$0.16 USD Hold'em No Limit - Level II (15/30) - 2024/09/06 17:54:21 CET [2024/09/06 11:54:21 ET]
Table '3797388961 1' 3-max Seat #3 is the button
Seat 2: laplace0511 (865 in chips) 
Seat 3: Mahu2021 (635 in chips) 
Mahu2021: posts small blind 15
laplace0511: posts big blind 30
*** HOLE CARDS ***
Dealt to Mahu2021 [7h Jh]
Mahu2021: calls 15
laplace0511: checks 
*** FLOP *** [5c 2d 4s]
laplace0511: checks 
Mahu2021: checks 
*** TURN *** [5c 2d 4s] [6h]
laplace0511: bets 30
Mahu2021: calls 30
*** RIVER *** [5c 2d 4s 6h] [Kd]
laplace0511: bets 30
Mahu2021: folds 
Uncalled bet (30) returned to laplace0511
laplace0511 collected 120 from pot
laplace0511: doesn't show hand 
*** SUMMARY ***
Total pot 120 | Rake 0 
Board [5c 2d 4s 6h Kd]
Seat 2: laplace0511 (big blind) collected (120)
Seat 3: Mahu2021 (button) (small blind) folded on the River



PokerStars Hand #252317454609: Tournament #3797388961, $1.84+$0.16 USD Hold'em No Limit - Level II (15/30) - 2024/09/06 17:54:45 CET [2024/09/06 11:54:45 ET]
Table '3797388961 1' 3-max Seat #2 is the button
Seat 2: laplace0511 (925 in chips) 
Seat 3: Mahu2021 (575 in chips) 
laplace0511: posts small blind 15
Mahu2021: posts big blind 30
*** HOLE CARDS ***
Dealt to Mahu2021 [2c 8h]
laplace0511 has timed out
laplace0511: folds 
laplace0511 is sitting out
Uncalled bet (15) returned to Mahu2021
Mahu2021 collected 30 from pot
Mahu2021: doesn't show hand 
laplace0511 has returned
*** SUMMARY ***
Total pot 30 | Rake 0 
Seat 2: laplace0511 (button) (small blind) folded before Flop
Seat 3: Mahu2021 (big blind) collected (30)



PokerStars Hand #252317457742: Tournament #3797388961, $1.84+$0.16 USD Hold'em No Limit - Level II (15/30) - 2024/09/06 17:55:00 CET [2024/09/06 11:55:00 ET]
Table '3797388961 1' 3-max Seat #3 is the button
Seat 2: laplace0511 (910 in chips) 
Seat 3: Mahu2021 (590 in chips) 
Mahu2021: posts small blind 15
laplace0511: posts big blind 30
*** HOLE CARDS ***
Dealt to Mahu2021 [3d Qs]
Mahu2021: folds 
Uncalled bet (15) returned to laplace0511
laplace0511 collected 30 from pot
laplace0511: doesn't show hand 
*** SUMMARY ***
Total pot 30 | Rake 0 
Seat 2: laplace0511 (big blind) collected (30)
Seat 3: Mahu2021 (button) (small blind) folded before Flop



PokerStars Hand #252317458632: Tournament #3797388961, $1.84+$0.16 USD Hold'em No Limit - Level II (15/30) - 2024/09/06 17:55:04 CET [2024/09/06 11:55:04 ET]
Table '3797388961 1' 3-max Seat #2 is the button
Seat 2: laplace0511 (925 in chips) 
Seat 3: Mahu2021 (575 in chips) 
laplace0511: posts small blind 15
Mahu2021: posts big blind 30
*** HOLE CARDS ***
Dealt to Mahu2021 [7d Kd]
laplace0511: raises 30 to 60
Mahu2021: calls 30
*** FLOP *** [3d 8h 8c]
Mahu2021: checks 
laplace0511: bets 90
Mahu2021: folds 
Uncalled bet (90) returned to laplace0511
laplace0511 collected 120 from pot
laplace0511: doesn't show hand 
*** SUMMARY ***
Total pot 120 | Rake 0 
Board [3d 8h 8c]
Seat 2: laplace0511 (button) (small blind) collected (120)
Seat 3: Mahu2021 (big blind) folded on the Flop



PokerStars Hand #252317461143: Tournament #3797388961, $1.84+$0.16 USD Hold'em No Limit - Level II (15/30) - 2024/09/06 17:55:19 CET [2024/09/06 11:55:19 ET]
Table '3797388961 1' 3-max Seat #3 is the button
Seat 2: laplace0511 (985 in chips) 
Seat 3: Mahu2021 (515 in chips) 
Mahu2021: posts small blind 15
laplace0511: posts big blind 30
*** HOLE CARDS ***
Dealt to Mahu2021 [3d Jd]
Mahu2021: raises 30 to 60
laplace0511: calls 30
*** FLOP *** [4c 9c Ac]
laplace0511: checks 
Mahu2021: bets 60
laplace0511: folds 
Uncalled bet (60) returned to Mahu2021
Mahu2021 collected 120 from pot
Mahu2021: doesn't show hand 
*** SUMMARY ***
Total pot 120 | Rake 0 
Board [4c 9c Ac]
Seat 2: laplace0511 (big blind) folded on the Flop
Seat 3: Mahu2021 (button) (small blind) collected (120)



PokerStars Hand #252317465573: Tournament #3797388961, $1.84+$0.16 USD Hold'em No Limit - Level III (20/40) - 2024/09/06 17:55:45 CET [2024/09/06 11:55:45 ET]
Table '3797388961 1' 3-max Seat #2 is the button
Seat 2: laplace0511 (925 in chips) 
Seat 3: Mahu2021 (575 in chips) 
laplace0511: posts small blind 20
Mahu2021: posts big blind 40
*** HOLE CARDS ***
Dealt to Mahu2021 [8s Qh]
laplace0511: calls 20
Mahu2021: checks 
*** FLOP *** [Kd Js As]
Mahu2021: checks 
laplace0511: bets 40
Mahu2021: calls 40
*** TURN *** [Kd Js As] [Qc]
Mahu2021: checks 
laplace0511: bets 80
Mahu2021: raises 120 to 200
laplace0511: calls 120
*** RIVER *** [Kd Js As Qc] [Ac]
Mahu2021: bets 295 and is all-in
laplace0511: calls 295
*** SHOW DOWN ***
Mahu2021: shows [8s Qh] (two pair, Aces and Queens)
laplace0511: shows [Tc 8c] (a straight, Ten to Ace)
laplace0511 collected 1150 from pot
Mahu2021 finished the tournament in 2nd place
laplace0511 wins the tournament and receives $8.00 - congratulations!
*** SUMMARY ***
Total pot 1150 | Rake 0 
Board [Kd Js As Qc Ac]
Seat 2: laplace0511 (button) (small blind) showed [Tc 8c] and won (1150) with a straight, Ten to Ace
Seat 3: Mahu2021 (big blind) showed [8s Qh] and lost with two pair, Aces and Queens



