PokerStars Zoom Hand #254719261210:  Hold'em No Limit ($0.05/$0.10) - 2025/02/05 16:18:13 CET [2025/02/05 10:18:13 ET]
Table 'Aludra' 6-max Seat #1 is the button
Seat 1: dodo4848 ($25.72 in chips) 
Seat 2: jjuni365 ($14.16 in chips) 
Seat 3: Mahu2021 ($10 in chips) 
Seat 4: Tooloop ($13.56 in chips) 
Seat 5: charlesws25 ($10 in chips) 
Seat 6: Matzet1ka ($11.05 in chips) 
jjuni365: posts small blind $0.05
Mahu2021: posts big blind $0.10
*** HOLE CARDS ***
Dealt to Mahu2021 [8s 5s]
Tooloop: raises $0.15 to $0.25
charlesws25: folds 
Matzet1ka: folds 
dodo4848: folds 
jjuni365: folds 
Mahu2021: folds 
Uncalled bet ($0.15) returned to Tooloop
Tooloop collected $0.25 from pot
Tooloop: doesn't show hand 
*** SUMMARY ***
Total pot $0.25 | Rake $0 
Seat 1: dodo4848 (button) folded before Flop (didn't bet)
Seat 2: jjuni365 (small blind) folded before Flop
Seat 3: Mahu2021 (big blind) folded before Flop
Seat 4: Tooloop collected ($0.25)
Seat 5: charlesws25 folded before Flop (didn't bet)
Seat 6: Matzet1ka folded before Flop (didn't bet)



PokerStars Zoom Hand #254719263980:  Hold'em No Limit ($0.05/$0.10) - 2025/02/05 16:18:27 CET [2025/02/05 10:18:27 ET]
Table 'Aludra' 6-max Seat #1 is the button
Seat 1: landing_net ($14.65 in chips) 
Seat 2: Mahu2021 ($9.90 in chips) 
Seat 3: v4valter88 ($12.15 in chips) 
Seat 4: 50´s Ghost ($47.77 in chips) 
Seat 5: gimmiurstack ($11.91 in chips) 
Seat 6: Call it even ($19.52 in chips) 
Mahu2021: posts small blind $0.05
v4valter88: posts big blind $0.10
*** HOLE CARDS ***
Dealt to Mahu2021 [5c 2s]
50´s Ghost: folds 
gimmiurstack: folds 
Call it even: folds 
landing_net: folds 
Mahu2021: folds 
Uncalled bet ($0.05) returned to v4valter88
v4valter88 collected $0.10 from pot
v4valter88: doesn't show hand 
*** SUMMARY ***
Total pot $0.10 | Rake $0 
Seat 1: landing_net (button) folded before Flop (didn't bet)
Seat 2: Mahu2021 (small blind) folded before Flop
Seat 3: v4valter88 (big blind) collected ($0.10)
Seat 4: 50´s Ghost folded before Flop (didn't bet)
Seat 5: gimmiurstack folded before Flop (didn't bet)
Seat 6: Call it even folded before Flop (didn't bet)



PokerStars Zoom Hand #254719264892:  Hold'em No Limit ($0.05/$0.10) - 2025/02/05 16:18:31 CET [2025/02/05 10:18:31 ET]
Table 'Aludra' 6-max Seat #1 is the button
Seat 1: Mahu2021 ($9.85 in chips) 
Seat 2: Tooloop ($13.71 in chips) 
Seat 3: jcoydpsjps ($10 in chips) 
Seat 4: arumlill ($50.05 in chips) 
Seat 5: Bracken42 ($3.85 in chips) 
Seat 6: Charlie13711 ($20.83 in chips) 
Tooloop: posts small blind $0.05
jcoydpsjps: posts big blind $0.10
*** HOLE CARDS ***
Dealt to Mahu2021 [Th 7c]
arumlill: raises $0.25 to $0.35
Bracken42: folds 
Charlie13711: folds 
Mahu2021: folds 
Tooloop: calls $0.30
jcoydpsjps: folds 
*** FLOP *** [8s Jd 7h]
Tooloop: checks 
arumlill: bets $0.76
Tooloop: folds 
Uncalled bet ($0.76) returned to arumlill
arumlill collected $0.76 from pot
arumlill: doesn't show hand 
*** SUMMARY ***
Total pot $0.80 | Rake $0.04 
Board [8s Jd 7h]
Seat 1: Mahu2021 (button) folded before Flop (didn't bet)
Seat 2: Tooloop (small blind) folded on the Flop
Seat 3: jcoydpsjps (big blind) folded before Flop
Seat 4: arumlill collected ($0.76)
Seat 5: Bracken42 folded before Flop (didn't bet)
Seat 6: Charlie13711 folded before Flop (didn't bet)



PokerStars Zoom Hand #254719265858:  Hold'em No Limit ($0.05/$0.10) - 2025/02/05 16:18:36 CET [2025/02/05 10:18:36 ET]
Table 'Aludra' 6-max Seat #1 is the button
Seat 1: jksgoodgz ($10.20 in chips) 
Seat 2: Roma88K ($9.92 in chips) 
Seat 3: Call it even ($19.52 in chips) 
Seat 4: mOberdan ($16.27 in chips) 
Seat 5: Matzet1ka ($10.95 in chips) 
Seat 6: Mahu2021 ($9.85 in chips) 
Roma88K: posts small blind $0.05
Call it even: posts big blind $0.10
*** HOLE CARDS ***
Dealt to Mahu2021 [9c Kd]
mOberdan: folds 
Matzet1ka: folds 
Mahu2021: folds 
jksgoodgz: raises $0.15 to $0.25
Roma88K is disconnected 
Roma88K has timed out while disconnected
Roma88K: folds 
Call it even: folds 
Uncalled bet ($0.15) returned to jksgoodgz
jksgoodgz collected $0.25 from pot
jksgoodgz: doesn't show hand 
*** SUMMARY ***
Total pot $0.25 | Rake $0 
Seat 1: jksgoodgz (button) collected ($0.25)
Seat 2: Roma88K (small blind) folded before Flop
Seat 3: Call it even (big blind) folded before Flop
Seat 4: mOberdan folded before Flop (didn't bet)
Seat 5: Matzet1ka folded before Flop (didn't bet)
Seat 6: Mahu2021 folded before Flop (didn't bet)



PokerStars Zoom Hand #254719268688:  Hold'em No Limit ($0.05/$0.10) - 2025/02/05 16:18:50 CET [2025/02/05 10:18:50 ET]
Table 'Aludra' 6-max Seat #1 is the button
Seat 1: youngmin5034 ($10.40 in chips) 
Seat 2: tanuki96 ($10.32 in chips) 
Seat 3: Mahu2021 ($9.85 in chips) 
Seat 4: Matzet1ka ($10.56 in chips) 
Seat 5: Combattivo76 ($11.21 in chips) 
Seat 6: Mimick020219 ($10 in chips) 
tanuki96: posts small blind $0.05
Mahu2021: posts big blind $0.10
*** HOLE CARDS ***
Dealt to Mahu2021 [2s 9h]
Matzet1ka: raises $0.15 to $0.25
Combattivo76: folds 
Mimick020219: folds 
youngmin5034: calls $0.25
tanuki96: folds 
Mahu2021: folds 
*** FLOP *** [7c 2h Jd]
Matzet1ka: bets $0.47
youngmin5034: folds 
Uncalled bet ($0.47) returned to Matzet1ka
Matzet1ka collected $0.62 from pot
Matzet1ka: doesn't show hand 
*** SUMMARY ***
Total pot $0.65 | Rake $0.03 
Board [7c 2h Jd]
Seat 1: youngmin5034 (button) folded on the Flop
Seat 2: tanuki96 (small blind) folded before Flop
Seat 3: Mahu2021 (big blind) folded before Flop
Seat 4: Matzet1ka collected ($0.62)
Seat 5: Combattivo76 folded before Flop (didn't bet)
Seat 6: Mimick020219 folded before Flop (didn't bet)



PokerStars Zoom Hand #254719267438:  Hold'em No Limit ($0.05/$0.10) - 2025/02/05 16:18:44 CET [2025/02/05 10:18:44 ET]
Table 'Aludra' 6-max Seat #1 is the button
Seat 1: Contr@Reloj ($10 in chips) 
Seat 2: maticesa10 ($38.43 in chips) 
Seat 3: Gobi000 ($10.47 in chips) 
Seat 4: ronny2106 ($9.41 in chips) 
Seat 5: Mahu2021 ($9.85 in chips) 
Seat 6: bignuts67 ($10.13 in chips) 
maticesa10: posts small blind $0.05
Gobi000: posts big blind $0.10
*** HOLE CARDS ***
Dealt to Mahu2021 [6h As]
ronny2106: raises $0.15 to $0.25
Mahu2021: folds 
bignuts67: folds 
Contr@Reloj: folds 
maticesa10: raises $0.45 to $0.70
Gobi000: folds 
ronny2106: calls $0.45
*** FLOP *** [Kh 4s 5d]
maticesa10: checks 
ronny2106: checks 
*** TURN *** [Kh 4s 5d] [Ac]
maticesa10: bets $0.47
ronny2106: calls $0.47
*** RIVER *** [Kh 4s 5d Ac] [7h]
maticesa10: bets $1.75
ronny2106: calls $1.75
*** SHOW DOWN ***
maticesa10: shows [Ad Qd] (a pair of Aces)
ronny2106: mucks hand 
maticesa10 collected $5.67 from pot
*** SUMMARY ***
Total pot $5.94 | Rake $0.27 
Board [Kh 4s 5d Ac 7h]
Seat 1: Contr@Reloj (button) folded before Flop (didn't bet)
Seat 2: maticesa10 (small blind) showed [Ad Qd] and won ($5.67) with a pair of Aces
Seat 3: Gobi000 (big blind) folded before Flop
Seat 4: ronny2106 mucked [8h Ah]
Seat 5: Mahu2021 folded before Flop (didn't bet)
Seat 6: bignuts67 folded before Flop (didn't bet)



PokerStars Zoom Hand #254719269948:  Hold'em No Limit ($0.05/$0.10) - 2025/02/05 16:18:56 CET [2025/02/05 10:18:56 ET]
Table 'Aludra' 6-max Seat #1 is the button
Seat 1: Gobi000 ($10.15 in chips) 
Seat 2: Call it even ($19.42 in chips) 
Seat 3: Contr@Reloj ($10 in chips) 
Seat 4: Mahu2021 ($9.75 in chips) 
Seat 5: v4valter88 ($12.20 in chips) 
Seat 6: Equanimity911 ($10 in chips) 
Call it even: posts small blind $0.05
Contr@Reloj: posts big blind $0.10
*** HOLE CARDS ***
Dealt to Mahu2021 [Ks Ad]
Mahu2021: raises $0.14 to $0.24
v4valter88: folds 
Equanimity911: raises $0.14 to $0.38
Gobi000: folds 
Call it even: folds 
Contr@Reloj: folds 
Mahu2021: calls $0.14
*** FLOP *** [3h 6s 7c]
Mahu2021: checks 
Equanimity911: bets $0.22
Mahu2021: calls $0.22
*** TURN *** [3h 6s 7c] [2h]
Mahu2021: checks 
Equanimity911: checks 
*** RIVER *** [3h 6s 7c 2h] [Qs]
Mahu2021: checks 
Equanimity911: checks 
*** SHOW DOWN ***
Mahu2021: shows [Ks Ad] (high card Ace)
Equanimity911: mucks hand 
Mahu2021 collected $1.29 from pot
*** SUMMARY ***
Total pot $1.35 | Rake $0.06 
Board [3h 6s 7c 2h Qs]
Seat 1: Gobi000 (button) folded before Flop (didn't bet)
Seat 2: Call it even (small blind) folded before Flop
Seat 3: Contr@Reloj (big blind) folded before Flop
Seat 4: Mahu2021 showed [Ks Ad] and won ($1.29) with high card Ace
Seat 5: v4valter88 folded before Flop (didn't bet)
Seat 6: Equanimity911 mucked [5s Td]



PokerStars Zoom Hand #254719284359:  Hold'em No Limit ($0.05/$0.10) - 2025/02/05 16:20:06 CET [2025/02/05 10:20:06 ET]
Table 'Aludra' 6-max Seat #1 is the button
Seat 1: Equanimity911 ($10 in chips) 
Seat 2: Burzum21 ($35 in chips) 
Seat 3: Adam<3Coffee ($10.15 in chips) 
Seat 4: Mahu2021 ($10.44 in chips) 
Seat 5: maticesa10 ($41.18 in chips) 
Seat 6: donnie270 ($10 in chips) 
Burzum21: posts small blind $0.05
Adam<3Coffee: posts big blind $0.10
*** HOLE CARDS ***
Dealt to Mahu2021 [4c Jc]
Mahu2021: folds 
maticesa10: folds 
donnie270: folds 
Equanimity911: folds 
Burzum21: raises $0.20 to $0.30
Adam<3Coffee: folds 
Uncalled bet ($0.20) returned to Burzum21
Burzum21 collected $0.20 from pot
Burzum21: doesn't show hand 
*** SUMMARY ***
Total pot $0.20 | Rake $0 
Seat 1: Equanimity911 (button) folded before Flop (didn't bet)
Seat 2: Burzum21 (small blind) collected ($0.20)
Seat 3: Adam<3Coffee (big blind) folded before Flop
Seat 4: Mahu2021 folded before Flop (didn't bet)
Seat 5: maticesa10 folded before Flop (didn't bet)
Seat 6: donnie270 folded before Flop (didn't bet)



PokerStars Zoom Hand #254719286448:  Hold'em No Limit ($0.05/$0.10) - 2025/02/05 16:20:16 CET [2025/02/05 10:20:16 ET]
Table 'Aludra' 6-max Seat #1 is the button
Seat 1: Warrior08150 ($6.92 in chips) 
Seat 2: Mahu2021 ($10.44 in chips) 
Seat 3: BrotherDore ($15.23 in chips) 
Seat 4: Contr@Reloj ($10.15 in chips) 
Seat 5: GAO0324 ($10.04 in chips) 
Seat 6: bignuts67 ($10 in chips) 
Mahu2021: posts small blind $0.05
BrotherDore: posts big blind $0.10
*** HOLE CARDS ***
Dealt to Mahu2021 [8h 7h]
Contr@Reloj: folds 
GAO0324: folds 
bignuts67: folds 
Warrior08150: folds 
Mahu2021: raises $0.20 to $0.30
BrotherDore: folds 
Uncalled bet ($0.20) returned to Mahu2021
Mahu2021 collected $0.20 from pot
Mahu2021: doesn't show hand 
*** SUMMARY ***
Total pot $0.20 | Rake $0 
Seat 1: Warrior08150 (button) folded before Flop (didn't bet)
Seat 2: Mahu2021 (small blind) collected ($0.20)
Seat 3: BrotherDore (big blind) folded before Flop
Seat 4: Contr@Reloj folded before Flop (didn't bet)
Seat 5: GAO0324 folded before Flop (didn't bet)
Seat 6: bignuts67 folded before Flop (didn't bet)



PokerStars Zoom Hand #254719285617:  Hold'em No Limit ($0.05/$0.10) - 2025/02/05 16:20:12 CET [2025/02/05 10:20:12 ET]
Table 'Aludra' 6-max Seat #1 is the button
Seat 1: Mahu2021 ($10.44 in chips) 
Seat 2: Mindjp ($11.86 in chips) 
Seat 3: Charlie13711 ($10 in chips) 
Seat 4: KoreanHippo ($28.05 in chips) 
Seat 5: acd_045 ($15.96 in chips) 
Seat 6: jksgoodgz ($10 in chips) 
Mindjp: posts small blind $0.05
Charlie13711: posts big blind $0.10
*** HOLE CARDS ***
Dealt to Mahu2021 [6d 3s]
KoreanHippo: folds 
acd_045: raises $0.15 to $0.25
jksgoodgz: folds 
Mahu2021: folds 
Mindjp: folds 
Charlie13711: calls $0.15
*** FLOP *** [8s 3h 2h]
Charlie13711: checks 
acd_045: bets $0.27
Charlie13711: raises $0.80 to $1.07
acd_045: folds 
Uncalled bet ($0.80) returned to Charlie13711
Charlie13711 collected $1.04 from pot
Charlie13711: doesn't show hand 
*** SUMMARY ***
Total pot $1.09 | Rake $0.05 
Board [8s 3h 2h]
Seat 1: Mahu2021 (button) folded before Flop (didn't bet)
Seat 2: Mindjp (small blind) folded before Flop
Seat 3: Charlie13711 (big blind) collected ($1.04)
Seat 4: KoreanHippo folded before Flop (didn't bet)
Seat 5: acd_045 folded on the Flop
Seat 6: jksgoodgz folded before Flop (didn't bet)



PokerStars Zoom Hand #254719290921:  Hold'em No Limit ($0.05/$0.10) - 2025/02/05 16:20:38 CET [2025/02/05 10:20:38 ET]
Table 'Aludra' 6-max Seat #1 is the button
Seat 1: jjuni365 ($10 in chips) 
Seat 2: megaloshara ($10.05 in chips) 
Seat 3: acd_045 ($14.01 in chips) 
Seat 4: Sao77 ($10 in chips) 
Seat 5: ronny2106 ($13.28 in chips) 
Seat 6: Mahu2021 ($10.44 in chips) 
megaloshara: posts small blind $0.05
acd_045: posts big blind $0.10
*** HOLE CARDS ***
Dealt to Mahu2021 [4d 2s]
Sao77: raises $0.10 to $0.20
ronny2106: folds 
Mahu2021: folds 
jjuni365: folds 
megaloshara: folds 
acd_045: folds 
Uncalled bet ($0.10) returned to Sao77
Sao77 collected $0.25 from pot
Sao77: doesn't show hand 
*** SUMMARY ***
Total pot $0.25 | Rake $0 
Seat 1: jjuni365 (button) folded before Flop (didn't bet)
Seat 2: megaloshara (small blind) folded before Flop
Seat 3: acd_045 (big blind) folded before Flop
Seat 4: Sao77 collected ($0.25)
Seat 5: ronny2106 folded before Flop (didn't bet)
Seat 6: Mahu2021 folded before Flop (didn't bet)



PokerStars Zoom Hand #254719293049:  Hold'em No Limit ($0.05/$0.10) - 2025/02/05 16:20:49 CET [2025/02/05 10:20:49 ET]
Table 'Aludra' 6-max Seat #1 is the button
Seat 1: Mahu2021 ($10.44 in chips) 
Seat 2: ronny2106 ($20.15 in chips) 
Seat 3: GianNahTah7 ($9.98 in chips) 
Seat 4: Mallardz ($25.35 in chips) 
Seat 5: stanke_d ($15.65 in chips) 
Seat 6: sigmanolimit ($12.55 in chips) 
ronny2106: posts small blind $0.05
GianNahTah7: posts big blind $0.10
*** HOLE CARDS ***
Dealt to Mahu2021 [4c 5h]
Mallardz: raises $0.15 to $0.25
stanke_d: folds 
sigmanolimit: folds 
Mahu2021: folds 
ronny2106: folds 
GianNahTah7: folds 
Uncalled bet ($0.15) returned to Mallardz
Mallardz collected $0.25 from pot
Mallardz: doesn't show hand 
*** SUMMARY ***
Total pot $0.25 | Rake $0 
Seat 1: Mahu2021 (button) folded before Flop (didn't bet)
Seat 2: ronny2106 (small blind) folded before Flop
Seat 3: GianNahTah7 (big blind) folded before Flop
Seat 4: Mallardz collected ($0.25)
Seat 5: stanke_d folded before Flop (didn't bet)
Seat 6: sigmanolimit folded before Flop (didn't bet)



PokerStars Zoom Hand #254719289076:  Hold'em No Limit ($0.05/$0.10) - 2025/02/05 16:20:29 CET [2025/02/05 10:20:29 ET]
Table 'Aludra' 6-max Seat #1 is the button
Seat 1: jksgoodgz ($10 in chips) 
Seat 2: sigmanolimit ($11.11 in chips) 
Seat 3: Mahu2021 ($10.54 in chips) 
Seat 4: Bracken42 ($6.40 in chips) 
Seat 5: jjuni365 ($24.42 in chips) 
Seat 6: oocs ($16.64 in chips) 
sigmanolimit: posts small blind $0.05
Mahu2021: posts big blind $0.10
*** HOLE CARDS ***
Dealt to Mahu2021 [3d 8s]
Bracken42: folds 
jjuni365: folds 
oocs: raises $0.15 to $0.25
jksgoodgz: calls $0.25
sigmanolimit: folds 
Mahu2021: folds 
*** FLOP *** [Qh Ac Tc]
oocs: checks 
jksgoodgz: checks 
*** TURN *** [Qh Ac Tc] [Ts]
oocs: checks 
jksgoodgz: checks 
*** RIVER *** [Qh Ac Tc Ts] [3s]
oocs: bets $0.19
jksgoodgz: calls $0.19
*** SHOW DOWN ***
oocs: shows [6h 5h] (a pair of Tens)
jksgoodgz: shows [7c 7h] (two pair, Tens and Sevens)
jksgoodgz collected $0.98 from pot
*** SUMMARY ***
Total pot $1.03 | Rake $0.05 
Board [Qh Ac Tc Ts 3s]
Seat 1: jksgoodgz (button) showed [7c 7h] and won ($0.98) with two pair, Tens and Sevens
Seat 2: sigmanolimit (small blind) folded before Flop
Seat 3: Mahu2021 (big blind) folded before Flop
Seat 4: Bracken42 folded before Flop (didn't bet)
Seat 5: jjuni365 folded before Flop (didn't bet)
Seat 6: oocs showed [6h 5h] and lost with a pair of Tens



PokerStars Zoom Hand #254719296303:  Hold'em No Limit ($0.05/$0.10) - 2025/02/05 16:21:04 CET [2025/02/05 10:21:04 ET]
Table 'Aludra' 6-max Seat #1 is the button
Seat 1: N1ceTry3 ($10.61 in chips) 
Seat 2: jksgoodgz ($10.98 in chips) 
Seat 3: pougia777 ($10 in chips) 
Seat 4: Gobi000 ($10.57 in chips) 
Seat 5: Mahu2021 ($10.39 in chips) 
Seat 6: acd_045 ($10.47 in chips) 
jksgoodgz: posts small blind $0.05
pougia777: posts big blind $0.10
*** HOLE CARDS ***
Dealt to Mahu2021 [3d Jd]
Gobi000: folds 
Mahu2021: folds 
acd_045: folds 
N1ceTry3: raises $0.12 to $0.22
jksgoodgz: folds 
pougia777: folds 
Uncalled bet ($0.12) returned to N1ceTry3
N1ceTry3 collected $0.25 from pot
N1ceTry3: doesn't show hand 
*** SUMMARY ***
Total pot $0.25 | Rake $0 
Seat 1: N1ceTry3 (button) collected ($0.25)
Seat 2: jksgoodgz (small blind) folded before Flop
Seat 3: pougia777 (big blind) folded before Flop
Seat 4: Gobi000 folded before Flop (didn't bet)
Seat 5: Mahu2021 folded before Flop (didn't bet)
Seat 6: acd_045 folded before Flop (didn't bet)



PokerStars Zoom Hand #254719293828:  Hold'em No Limit ($0.05/$0.10) - 2025/02/05 16:20:52 CET [2025/02/05 10:20:52 ET]
Table 'Aludra' 6-max Seat #1 is the button
Seat 1: Poklrll02 ($23.69 in chips) 
Seat 2: Mahu2021 ($10.44 in chips) 
Seat 3: corape ($6.13 in chips) 
Seat 4: Gobi000 ($10 in chips) 
Seat 5: moneyclown1 ($8.68 in chips) 
Seat 6: N1ceTry3 ($10.66 in chips) 
Mahu2021: posts small blind $0.05
corape: posts big blind $0.10
*** HOLE CARDS ***
Dealt to Mahu2021 [7h As]
Gobi000: raises $0.10 to $0.20
moneyclown1: folds 
N1ceTry3: folds 
Poklrll02: raises $0.50 to $0.70
Mahu2021: folds 
corape: folds 
Gobi000: calls $0.50
*** FLOP *** [7s 9h Kc]
Gobi000: checks 
Poklrll02: bets $0.50
Gobi000: folds 
Uncalled bet ($0.50) returned to Poklrll02
Poklrll02 collected $1.48 from pot
Poklrll02: doesn't show hand 
*** SUMMARY ***
Total pot $1.55 | Rake $0.07 
Board [7s 9h Kc]
Seat 1: Poklrll02 (button) collected ($1.48)
Seat 2: Mahu2021 (small blind) folded before Flop
Seat 3: corape (big blind) folded before Flop
Seat 4: Gobi000 folded on the Flop
Seat 5: moneyclown1 folded before Flop (didn't bet)
Seat 6: N1ceTry3 folded before Flop (didn't bet)



PokerStars Zoom Hand #254719297156:  Hold'em No Limit ($0.05/$0.10) - 2025/02/05 16:21:08 CET [2025/02/05 10:21:08 ET]
Table 'Aludra' 6-max Seat #1 is the button
Seat 1: Poklrll02 ($39.66 in chips) 
Seat 2: jjuni365 ($12.99 in chips) 
Seat 3: Mahu2021 ($10.39 in chips) 
Seat 4: ionutz111ro ($14.08 in chips) 
Seat 5: corape ($6.03 in chips) 
Seat 6: bignuts67 ($13.33 in chips) 
jjuni365: posts small blind $0.05
Mahu2021: posts big blind $0.10
*** HOLE CARDS ***
Dealt to Mahu2021 [9s Qd]
ionutz111ro: calls $0.10
corape: folds 
bignuts67: folds 
Poklrll02: folds 
jjuni365: raises $0.25 to $0.35
Mahu2021: folds 
ionutz111ro: calls $0.25
*** FLOP *** [6h Th 2c]
jjuni365: checks 
ionutz111ro: bets $0.38
jjuni365: folds 
Uncalled bet ($0.38) returned to ionutz111ro
ionutz111ro collected $0.76 from pot
ionutz111ro: doesn't show hand 
*** SUMMARY ***
Total pot $0.80 | Rake $0.04 
Board [6h Th 2c]
Seat 1: Poklrll02 (button) folded before Flop (didn't bet)
Seat 2: jjuni365 (small blind) folded on the Flop
Seat 3: Mahu2021 (big blind) folded before Flop
Seat 4: ionutz111ro collected ($0.76)
Seat 5: corape folded before Flop (didn't bet)
Seat 6: bignuts67 folded before Flop (didn't bet)



PokerStars Zoom Hand #254719295652:  Hold'em No Limit ($0.05/$0.10) - 2025/02/05 16:21:01 CET [2025/02/05 10:21:01 ET]
Table 'Aludra' 6-max Seat #1 is the button
Seat 1: ronny2106 ($6.34 in chips) 
Seat 2: Oblindao ($12.61 in chips) 
Seat 3: oocs ($10.12 in chips) 
Seat 4: don caco 10 ($5.52 in chips) 
Seat 5: megaloshara ($10 in chips) 
Seat 6: Mahu2021 ($10.39 in chips) 
Oblindao: posts small blind $0.05
oocs: posts big blind $0.10
*** HOLE CARDS ***
Dealt to Mahu2021 [Qh 9d]
don caco 10: folds 
megaloshara: folds 
Mahu2021: folds 
ronny2106: folds 
Oblindao: calls $0.05
oocs: checks 
*** FLOP *** [6h 5h 2h]
Oblindao: checks 
oocs: checks 
*** TURN *** [6h 5h 2h] [Js]
Oblindao: checks 
oocs: checks 
*** RIVER *** [6h 5h 2h Js] [7d]
Oblindao: checks 
oocs: checks 
*** SHOW DOWN ***
Oblindao: shows [5c Ad] (a pair of Fives)
oocs: mucks hand 
Oblindao collected $0.19 from pot
*** SUMMARY ***
Total pot $0.20 | Rake $0.01 
Board [6h 5h 2h Js 7d]
Seat 1: ronny2106 (button) folded before Flop (didn't bet)
Seat 2: Oblindao (small blind) showed [5c Ad] and won ($0.19) with a pair of Fives
Seat 3: oocs (big blind) mucked [8d Ts]
Seat 4: don caco 10 folded before Flop (didn't bet)
Seat 5: megaloshara folded before Flop (didn't bet)
Seat 6: Mahu2021 folded before Flop (didn't bet)



PokerStars Zoom Hand #254719291662:  Hold'em No Limit ($0.05/$0.10) - 2025/02/05 16:20:42 CET [2025/02/05 10:20:42 ET]
Table 'Aludra' 6-max Seat #1 is the button
Seat 1: bignuts67 ($10.05 in chips) 
Seat 2: charlesws25 ($11.77 in chips) 
Seat 3: Shark5Omaha ($20.70 in chips) 
Seat 4: spawnyb ($4.95 in chips) 
Seat 5: Mahu2021 ($10.44 in chips) 
Seat 6: gimmiurstack ($10.10 in chips) 
charlesws25: posts small blind $0.05
Shark5Omaha: posts big blind $0.10
*** HOLE CARDS ***
Dealt to Mahu2021 [7c Qh]
spawnyb: folds 
Mahu2021: folds 
gimmiurstack: raises $0.15 to $0.25
bignuts67: raises $0.50 to $0.75
charlesws25: folds 
Shark5Omaha: folds 
gimmiurstack: raises $1.13 to $1.88
bignuts67: raises $8.17 to $10.05 and is all-in
gimmiurstack: calls $8.17
*** FLOP *** [5s 4s 2c]
*** TURN *** [5s 4s 2c] [Ts]
*** RIVER *** [5s 4s 2c Ts] [8s]
*** SHOW DOWN ***
gimmiurstack: shows [Qc Qd] (a pair of Queens)
bignuts67: shows [Kc Kh] (a pair of Kings)
bignuts67 collected $19.34 from pot
*** SUMMARY ***
Total pot $20.25 | Rake $0.91 
Board [5s 4s 2c Ts 8s]
Seat 1: bignuts67 (button) showed [Kc Kh] and won ($19.34) with a pair of Kings
Seat 2: charlesws25 (small blind) folded before Flop
Seat 3: Shark5Omaha (big blind) folded before Flop
Seat 4: spawnyb folded before Flop (didn't bet)
Seat 5: Mahu2021 folded before Flop (didn't bet)
Seat 6: gimmiurstack showed [Qc Qd] and lost with a pair of Queens



PokerStars Zoom Hand #254719299794:  Hold'em No Limit ($0.05/$0.10) - 2025/02/05 16:21:21 CET [2025/02/05 10:21:21 ET]
Table 'Aludra' 6-max Seat #1 is the button
Seat 1: GianNahTah7 ($9.83 in chips) 
Seat 2: Mahu2021 ($10.29 in chips) 
Seat 3: jjuni365 ($13.74 in chips) 
Seat 4: moneyclown1 ($9.90 in chips) 
Seat 5: donnie270 ($10.27 in chips) 
Seat 6: Mallardz ($20.68 in chips) 
Mahu2021: posts small blind $0.05
jjuni365: posts big blind $0.10
*** HOLE CARDS ***
Dealt to Mahu2021 [9h 9c]
moneyclown1: folds 
donnie270: folds 
Mallardz: raises $0.15 to $0.25
GianNahTah7: folds 
Mahu2021: calls $0.20
jjuni365: folds 
*** FLOP *** [4d 6s 7s]
Mahu2021: checks 
Mallardz: checks 
*** TURN *** [4d 6s 7s] [Jh]
Mahu2021: checks 
Mallardz: bets $0.71
Mahu2021: calls $0.71
*** RIVER *** [4d 6s 7s Jh] [Ks]
Mahu2021: checks 
Mallardz: checks 
*** SHOW DOWN ***
Mahu2021: shows [9h 9c] (a pair of Nines)
Mallardz: mucks hand 
Mahu2021 collected $1.93 from pot
*** SUMMARY ***
Total pot $2.02 | Rake $0.09 
Board [4d 6s 7s Jh Ks]
Seat 1: GianNahTah7 (button) folded before Flop (didn't bet)
Seat 2: Mahu2021 (small blind) showed [9h 9c] and won ($1.93) with a pair of Nines
Seat 3: jjuni365 (big blind) folded before Flop
Seat 4: moneyclown1 folded before Flop (didn't bet)
Seat 5: donnie270 folded before Flop (didn't bet)
Seat 6: Mallardz mucked [Ah 5h]



PokerStars Zoom Hand #254719298755:  Hold'em No Limit ($0.05/$0.10) - 2025/02/05 16:21:16 CET [2025/02/05 10:21:16 ET]
Table 'Aludra' 6-max Seat #1 is the button
Seat 1: Mahu2021 ($10.29 in chips) 
Seat 2: novak77777 ($12.03 in chips) 
Seat 3: putzkedudu ($17.58 in chips) 
Seat 4: oocs ($13.08 in chips) 
Seat 5: Mimick020219 ($10.20 in chips) 
Seat 6: jcoydpsjps ($10 in chips) 
novak77777: posts small blind $0.05
putzkedudu: posts big blind $0.10
*** HOLE CARDS ***
Dealt to Mahu2021 [6h Qd]
oocs: folds 
Mimick020219: raises $0.20 to $0.30
jcoydpsjps: folds 
Mahu2021: folds 
novak77777: calls $0.25
putzkedudu: folds 
*** FLOP *** [9h As 9d]
novak77777: bets $0.20
Mimick020219: calls $0.20
*** TURN *** [9h As 9d] [4d]
novak77777: bets $0.30
Mimick020219: calls $0.30
*** RIVER *** [9h As 9d 4d] [Ks]
novak77777: bets $0.81
Mimick020219: calls $0.81
*** SHOW DOWN ***
novak77777: shows [Qh Kc] (two pair, Kings and Nines)
Mimick020219: shows [Qs Ad] (two pair, Aces and Nines)
Mimick020219 collected $3.17 from pot
*** SUMMARY ***
Total pot $3.32 | Rake $0.15 
Board [9h As 9d 4d Ks]
Seat 1: Mahu2021 (button) folded before Flop (didn't bet)
Seat 2: novak77777 (small blind) showed [Qh Kc] and lost with two pair, Kings and Nines
Seat 3: putzkedudu (big blind) folded before Flop
Seat 4: oocs folded before Flop (didn't bet)
Seat 5: Mimick020219 showed [Qs Ad] and won ($3.17) with two pair, Aces and Nines
Seat 6: jcoydpsjps folded before Flop (didn't bet)



PokerStars Zoom Hand #254719310433:  Hold'em No Limit ($0.05/$0.10) - 2025/02/05 16:22:12 CET [2025/02/05 10:22:12 ET]
Table 'Aludra' 6-max Seat #1 is the button
Seat 1: Call it even ($18.87 in chips) 
Seat 2: charlesws25 ($8.39 in chips) 
Seat 3: Mahu2021 ($11.26 in chips) 
Seat 4: Mallardz ($26.64 in chips) 
Seat 5: epejoo ($12.09 in chips) 
Seat 6: miu_0716 ($10 in chips) 
charlesws25: posts small blind $0.05
Mahu2021: posts big blind $0.10
*** HOLE CARDS ***
Dealt to Mahu2021 [As Kd]
Mallardz: folds 
epejoo: folds 
miu_0716: folds 
Call it even: folds 
charlesws25: folds 
Uncalled bet ($0.05) returned to Mahu2021
Mahu2021 collected $0.10 from pot
Mahu2021: doesn't show hand 
*** SUMMARY ***
Total pot $0.10 | Rake $0 
Seat 1: Call it even (button) folded before Flop (didn't bet)
Seat 2: charlesws25 (small blind) folded before Flop
Seat 3: Mahu2021 (big blind) collected ($0.10)
Seat 4: Mallardz folded before Flop (didn't bet)
Seat 5: epejoo folded before Flop (didn't bet)
Seat 6: miu_0716 folded before Flop (didn't bet)



PokerStars Zoom Hand #254719292389:  Hold'em No Limit ($0.05/$0.10) - 2025/02/05 16:20:45 CET [2025/02/05 10:20:45 ET]
Table 'Aludra' 6-max Seat #1 is the button
Seat 1: miu_0716 ($10.32 in chips) 
Seat 2: youngmin5034 ($10.55 in chips) 
Seat 3: jcoydpsjps ($10 in chips) 
Seat 4: Mahu2021 ($10.44 in chips) 
Seat 5: Gobi000 ($10.57 in chips) 
Seat 6: oocs ($12.78 in chips) 
youngmin5034: posts small blind $0.05
jcoydpsjps: posts big blind $0.10
*** HOLE CARDS ***
Dealt to Mahu2021 [5s 7s]
Mahu2021: folds 
Gobi000: folds 
oocs: folds 
miu_0716: raises $0.12 to $0.22
youngmin5034: raises $0.88 to $1.10
jcoydpsjps: folds 
miu_0716: raises $1.30 to $2.40
youngmin5034: calls $1.30
*** FLOP *** [Td Ts 7c]
youngmin5034: checks 
miu_0716: bets $1.54
youngmin5034: calls $1.54
*** TURN *** [Td Ts 7c] [4s]
youngmin5034: checks 
miu_0716: checks 
*** RIVER *** [Td Ts 7c 4s] [9h]
youngmin5034: bets $2.51
miu_0716: calls $2.51
*** SHOW DOWN ***
youngmin5034: shows [Qh Qd] (two pair, Queens and Tens)
miu_0716: mucks hand 
youngmin5034 collected $12.42 from pot
*** SUMMARY ***
Total pot $13 | Rake $0.58 
Board [Td Ts 7c 4s 9h]
Seat 1: miu_0716 (button) mucked [9c Kc]
Seat 2: youngmin5034 (small blind) showed [Qh Qd] and won ($12.42) with two pair, Queens and Tens
Seat 3: jcoydpsjps (big blind) folded before Flop
Seat 4: Mahu2021 folded before Flop (didn't bet)
Seat 5: Gobi000 folded before Flop (didn't bet)
Seat 6: oocs folded before Flop (didn't bet)



PokerStars Zoom Hand #254719307877:  Hold'em No Limit ($0.05/$0.10) - 2025/02/05 16:22:00 CET [2025/02/05 10:22:00 ET]
Table 'Aludra' 6-max Seat #1 is the button
Seat 1: Gobi000 ($10.27 in chips) 
Seat 2: gimmiurstack ($11.94 in chips) 
Seat 3: Poklrll02 ($20.37 in chips) 
Seat 4: Adam<3Coffee ($10.49 in chips) 
Seat 5: youngmin5034 ($10 in chips) 
Seat 6: Mahu2021 ($11.26 in chips) 
gimmiurstack: posts small blind $0.05
Poklrll02: posts big blind $0.10
*** HOLE CARDS ***
Dealt to Mahu2021 [6h 9d]
Adam<3Coffee: folds 
youngmin5034: folds 
Mahu2021: folds 
Gobi000: raises $0.15 to $0.25
gimmiurstack: folds 
Poklrll02: folds 
Uncalled bet ($0.15) returned to Gobi000
Gobi000 collected $0.25 from pot
Gobi000: doesn't show hand 
*** SUMMARY ***
Total pot $0.25 | Rake $0 
Seat 1: Gobi000 (button) collected ($0.25)
Seat 2: gimmiurstack (small blind) folded before Flop
Seat 3: Poklrll02 (big blind) folded before Flop
Seat 4: Adam<3Coffee folded before Flop (didn't bet)
Seat 5: youngmin5034 folded before Flop (didn't bet)
Seat 6: Mahu2021 folded before Flop (didn't bet)



PokerStars Zoom Hand #254719309591:  Hold'em No Limit ($0.05/$0.10) - 2025/02/05 16:22:08 CET [2025/02/05 10:22:08 ET]
Table 'Aludra' 6-max Seat #1 is the button
Seat 1: humo97 ($29.79 in chips) 
Seat 2: earlgreyTT ($9.85 in chips) 
Seat 3: Adam<3Coffee ($10.49 in chips) 
Seat 4: Mahu2021 ($11.26 in chips) 
Seat 5: Mallardz ($26.64 in chips) 
Seat 6: Call it even ($18.87 in chips) 
earlgreyTT: posts small blind $0.05
Adam<3Coffee: posts big blind $0.10
*** HOLE CARDS ***
Dealt to Mahu2021 [8d Qh]
Mahu2021: folds 
Mallardz: folds 
Call it even: folds 
humo97: raises $0.10 to $0.20
earlgreyTT: folds 
Adam<3Coffee: calls $0.10
*** FLOP *** [3s 3h 2d]
Adam<3Coffee: checks 
humo97: checks 
*** TURN *** [3s 3h 2d] [Ah]
Adam<3Coffee: checks 
humo97: bets $0.34
Adam<3Coffee: folds 
Uncalled bet ($0.34) returned to humo97
humo97 collected $0.43 from pot
humo97: doesn't show hand 
*** SUMMARY ***
Total pot $0.45 | Rake $0.02 
Board [3s 3h 2d Ah]
Seat 1: humo97 (button) collected ($0.43)
Seat 2: earlgreyTT (small blind) folded before Flop
Seat 3: Adam<3Coffee (big blind) folded on the Turn
Seat 4: Mahu2021 folded before Flop (didn't bet)
Seat 5: Mallardz folded before Flop (didn't bet)
Seat 6: Call it even folded before Flop (didn't bet)



PokerStars Zoom Hand #254719312337:  Hold'em No Limit ($0.05/$0.10) - 2025/02/05 16:22:21 CET [2025/02/05 10:22:21 ET]
Table 'Aludra' 6-max Seat #1 is the button
Seat 1: spawnyb ($4.35 in chips) 
Seat 2: ararinha44 ($10 in chips) 
Seat 3: Soli56 ($27.50 in chips) 
Seat 4: Mimick020219 ($11.76 in chips) 
Seat 5: Mahu2021 ($11.31 in chips) 
Seat 6: jcoydpsjps ($10.27 in chips) 
ararinha44: posts small blind $0.05
Soli56: posts big blind $0.10
*** HOLE CARDS ***
Dealt to Mahu2021 [Js 4d]
Mimick020219: folds 
Mahu2021: folds 
jcoydpsjps: folds 
spawnyb: raises $0.10 to $0.20
ararinha44: raises $0.60 to $0.80
Soli56: folds 
spawnyb: folds 
Uncalled bet ($0.60) returned to ararinha44
ararinha44 collected $0.50 from pot
ararinha44: doesn't show hand 
*** SUMMARY ***
Total pot $0.50 | Rake $0 
Seat 1: spawnyb (button) folded before Flop
Seat 2: ararinha44 (small blind) collected ($0.50)
Seat 3: Soli56 (big blind) folded before Flop
Seat 4: Mimick020219 folded before Flop (didn't bet)
Seat 5: Mahu2021 folded before Flop (didn't bet)
Seat 6: jcoydpsjps folded before Flop (didn't bet)



PokerStars Zoom Hand #254719314792:  Hold'em No Limit ($0.05/$0.10) - 2025/02/05 16:22:33 CET [2025/02/05 10:22:33 ET]
Table 'Aludra' 6-max Seat #1 is the button
Seat 1: Mallardz ($25.35 in chips) 
Seat 2: Mahu2021 ($11.31 in chips) 
Seat 3: Poklrll02 ($39.76 in chips) 
Seat 4: charlesws25 ($8.34 in chips) 
Seat 5: bignuts67 ($19.19 in chips) 
Seat 6: epejoo ($24.20 in chips) 
Mahu2021: posts small blind $0.05
Poklrll02: posts big blind $0.10
*** HOLE CARDS ***
Dealt to Mahu2021 [5s 9d]
charlesws25: folds 
bignuts67: folds 
epejoo: folds 
Mallardz: folds 
Mahu2021: folds 
Uncalled bet ($0.05) returned to Poklrll02
Poklrll02 collected $0.10 from pot
Poklrll02: doesn't show hand 
*** SUMMARY ***
Total pot $0.10 | Rake $0 
Seat 1: Mallardz (button) folded before Flop (didn't bet)
Seat 2: Mahu2021 (small blind) folded before Flop
Seat 3: Poklrll02 (big blind) collected ($0.10)
Seat 4: charlesws25 folded before Flop (didn't bet)
Seat 5: bignuts67 folded before Flop (didn't bet)
Seat 6: epejoo folded before Flop (didn't bet)



PokerStars Zoom Hand #254719313967:  Hold'em No Limit ($0.05/$0.10) - 2025/02/05 16:22:29 CET [2025/02/05 10:22:29 ET]
Table 'Aludra' 6-max Seat #1 is the button
Seat 1: Mahu2021 ($11.31 in chips) 
Seat 2: putzkedudu ($17.79 in chips) 
Seat 3: Bowlestown ($10 in chips) 
Seat 4: epejoo ($24.20 in chips) 
Seat 5: jjuni365 ($12.49 in chips) 
Seat 6: 00O-2Z ($12.50 in chips) 
putzkedudu: posts small blind $0.05
Bowlestown: posts big blind $0.10
*** HOLE CARDS ***
Dealt to Mahu2021 [3d Jh]
epejoo: folds 
jjuni365: folds 
00O-2Z: raises $0.12 to $0.22
Mahu2021: folds 
putzkedudu: folds 
Bowlestown: folds 
Uncalled bet ($0.12) returned to 00O-2Z
00O-2Z collected $0.25 from pot
00O-2Z: doesn't show hand 
*** SUMMARY ***
Total pot $0.25 | Rake $0 
Seat 1: Mahu2021 (button) folded before Flop (didn't bet)
Seat 2: putzkedudu (small blind) folded before Flop
Seat 3: Bowlestown (big blind) folded before Flop
Seat 4: epejoo folded before Flop (didn't bet)
Seat 5: jjuni365 folded before Flop (didn't bet)
Seat 6: 00O-2Z collected ($0.25)



PokerStars Zoom Hand #254719315415:  Hold'em No Limit ($0.05/$0.10) - 2025/02/05 16:22:36 CET [2025/02/05 10:22:36 ET]
Table 'Aludra' 6-max Seat #1 is the button
Seat 1: jksgoodgz ($10.15 in chips) 
Seat 2: jjuni365 ($12.04 in chips) 
Seat 3: charlesws25 ($12.30 in chips) 
Seat 4: stanke_d ($14.78 in chips) 
Seat 5: KE,0808 ($10.11 in chips) 
Seat 6: Mahu2021 ($11.26 in chips) 
jjuni365: posts small blind $0.05
charlesws25: posts big blind $0.10
*** HOLE CARDS ***
Dealt to Mahu2021 [As Th]
stanke_d: folds 
KE,0808: folds 
Mahu2021: raises $0.14 to $0.24
jksgoodgz: folds 
jjuni365: folds 
charlesws25: folds 
Uncalled bet ($0.14) returned to Mahu2021
Mahu2021 collected $0.25 from pot
Mahu2021: doesn't show hand 
*** SUMMARY ***
Total pot $0.25 | Rake $0 
Seat 1: jksgoodgz (button) folded before Flop (didn't bet)
Seat 2: jjuni365 (small blind) folded before Flop
Seat 3: charlesws25 (big blind) folded before Flop
Seat 4: stanke_d folded before Flop (didn't bet)
Seat 5: KE,0808 folded before Flop (didn't bet)
Seat 6: Mahu2021 collected ($0.25)



PokerStars Zoom Hand #254719319924:  Hold'em No Limit ($0.05/$0.10) - 2025/02/05 16:22:58 CET [2025/02/05 10:22:58 ET]
Table 'Aludra' 6-max Seat #1 is the button
Seat 1: miu_0716 ($10.05 in chips) 
Seat 2: royacht ($9.90 in chips) 
Seat 3: oocs ($18.25 in chips) 
Seat 4: epejoo ($16.94 in chips) 
Seat 5: Mahu2021 ($11.31 in chips) 
Seat 6: gimmiurstack ($10 in chips) 
royacht: posts small blind $0.05
oocs: posts big blind $0.10
*** HOLE CARDS ***
Dealt to Mahu2021 [3c Ac]
epejoo: folds 
Mahu2021: raises $0.14 to $0.24
gimmiurstack: folds 
miu_0716: folds 
royacht: folds 
oocs: folds 
Uncalled bet ($0.14) returned to Mahu2021
Mahu2021 collected $0.25 from pot
Mahu2021: doesn't show hand 
*** SUMMARY ***
Total pot $0.25 | Rake $0 
Seat 1: miu_0716 (button) folded before Flop (didn't bet)
Seat 2: royacht (small blind) folded before Flop
Seat 3: oocs (big blind) folded before Flop
Seat 4: epejoo folded before Flop (didn't bet)
Seat 5: Mahu2021 collected ($0.25)
Seat 6: gimmiurstack folded before Flop (didn't bet)



PokerStars Zoom Hand #254719318690:  Hold'em No Limit ($0.05/$0.10) - 2025/02/05 16:22:52 CET [2025/02/05 10:22:52 ET]
Table 'Aludra' 6-max Seat #1 is the button
Seat 1: acd_045 ($10.94 in chips) 
Seat 2: bignuts67 ($12.12 in chips) 
Seat 3: Mahu2021 ($11.41 in chips) 
Seat 4: humo97 ($30.07 in chips) 
Seat 5: earlgreyTT ($11.06 in chips) 
Seat 6: ararinha44 ($10.30 in chips) 
bignuts67: posts small blind $0.05
Mahu2021: posts big blind $0.10
*** HOLE CARDS ***
Dealt to Mahu2021 [3d 6s]
humo97: raises $0.13 to $0.23
earlgreyTT: folds 
ararinha44: folds 
acd_045: folds 
bignuts67: folds 
Mahu2021: folds 
Uncalled bet ($0.13) returned to humo97
humo97 collected $0.25 from pot
humo97: doesn't show hand 
*** SUMMARY ***
Total pot $0.25 | Rake $0 
Seat 1: acd_045 (button) folded before Flop (didn't bet)
Seat 2: bignuts67 (small blind) folded before Flop
Seat 3: Mahu2021 (big blind) folded before Flop
Seat 4: humo97 collected ($0.25)
Seat 5: earlgreyTT folded before Flop (didn't bet)
Seat 6: ararinha44 folded before Flop (didn't bet)



PokerStars Zoom Hand #254719322459:  Hold'em No Limit ($0.05/$0.10) - 2025/02/05 16:23:10 CET [2025/02/05 10:23:10 ET]
Table 'Aludra' 6-max Seat #1 is the button
Seat 1: Contr@Reloj ($10 in chips) 
Seat 2: Mahu2021 ($11.46 in chips) 
Seat 3: v4valter88 ($13.19 in chips) 
Seat 4: ararinha44 ($10.30 in chips) 
Seat 5: bignuts67 ($14.25 in chips) 
Seat 6: stlaurentdon7 ($6.93 in chips) 
Mahu2021: posts small blind $0.05
v4valter88: posts big blind $0.10
*** HOLE CARDS ***
Dealt to Mahu2021 [Qh 5c]
ararinha44: folds 
bignuts67: folds 
stlaurentdon7: calls $0.10
Contr@Reloj: folds 
Mahu2021: folds 
v4valter88: checks 
*** FLOP *** [Tc Kh Ah]
v4valter88: checks 
stlaurentdon7: bets $0.10
v4valter88: folds 
Uncalled bet ($0.10) returned to stlaurentdon7
stlaurentdon7 collected $0.24 from pot
stlaurentdon7: doesn't show hand 
*** SUMMARY ***
Total pot $0.25 | Rake $0.01 
Board [Tc Kh Ah]
Seat 1: Contr@Reloj (button) folded before Flop (didn't bet)
Seat 2: Mahu2021 (small blind) folded before Flop
Seat 3: v4valter88 (big blind) folded on the Flop
Seat 4: ararinha44 folded before Flop (didn't bet)
Seat 5: bignuts67 folded before Flop (didn't bet)
Seat 6: stlaurentdon7 collected ($0.24)



PokerStars Zoom Hand #254719313364:  Hold'em No Limit ($0.05/$0.10) - 2025/02/05 16:22:26 CET [2025/02/05 10:22:26 ET]
Table 'Aludra' 6-max Seat #1 is the button
Seat 1: acd_045 ($10.69 in chips) 
Seat 2: Gobi000 ($10 in chips) 
Seat 3: 50´s Ghost ($17.74 in chips) 
Seat 4: Mahu2021 ($11.31 in chips) 
Seat 5: novak77777 ($10.57 in chips) 
Seat 6: Poklrll02 ($20.27 in chips) 
Gobi000: posts small blind $0.05
50´s Ghost: posts big blind $0.10
*** HOLE CARDS ***
Dealt to Mahu2021 [4c 3h]
Mahu2021: folds 
novak77777: calls $0.10
Poklrll02: folds 
acd_045: folds 
Gobi000: folds 
50´s Ghost: checks 
*** FLOP *** [2c 8s Ts]
50´s Ghost: checks 
novak77777: bets $0.22
50´s Ghost: calls $0.22
*** TURN *** [2c 8s Ts] [7d]
50´s Ghost: checks 
novak77777: bets $0.53
50´s Ghost: calls $0.53
*** RIVER *** [2c 8s Ts 7d] [Kd]
50´s Ghost: checks 
novak77777: checks 
*** SHOW DOWN ***
50´s Ghost: shows [5d Th] (a pair of Tens)
novak77777: shows [Tc Qs] (a pair of Tens - King+Queen kicker)
novak77777 collected $1.67 from pot
*** SUMMARY ***
Total pot $1.75 | Rake $0.08 
Board [2c 8s Ts 7d Kd]
Seat 1: acd_045 (button) folded before Flop (didn't bet)
Seat 2: Gobi000 (small blind) folded before Flop
Seat 3: 50´s Ghost (big blind) showed [5d Th] and lost with a pair of Tens
Seat 4: Mahu2021 folded before Flop (didn't bet)
Seat 5: novak77777 showed [Tc Qs] and won ($1.67) with a pair of Tens
Seat 6: Poklrll02 folded before Flop (didn't bet)



PokerStars Zoom Hand #254719323314:  Hold'em No Limit ($0.05/$0.10) - 2025/02/05 16:23:14 CET [2025/02/05 10:23:14 ET]
Table 'Aludra' 6-max Seat #1 is the button
Seat 1: Mahu2021 ($11.41 in chips) 
Seat 2: ararinha44 ($10.30 in chips) 
Seat 3: GAO0324 ($0.24 in chips) 
Seat 4: Steefplays ($24.96 in chips) 
Seat 5: Burzum21 ($21.23 in chips) 
Seat 6: Poklrll02 ($39.96 in chips) 
ararinha44: posts small blind $0.05
GAO0324: posts big blind $0.10
*** HOLE CARDS ***
Dealt to Mahu2021 [8d 7h]
Steefplays: folds 
Burzum21: folds 
Poklrll02: folds 
Mahu2021: raises $0.20 to $0.30
ararinha44: folds 
GAO0324: calls $0.14 and is all-in
Uncalled bet ($0.06) returned to Mahu2021
*** FLOP *** [9d Jc Qs]
*** TURN *** [9d Jc Qs] [Ts]
*** RIVER *** [9d Jc Qs Ts] [Qh]
*** SHOW DOWN ***
GAO0324: shows [Jh 3h] (two pair, Queens and Jacks)
Mahu2021: shows [8d 7h] (a straight, Eight to Queen)
Mahu2021 collected $0.51 from pot
*** SUMMARY ***
Total pot $0.53 | Rake $0.02 
Board [9d Jc Qs Ts Qh]
Seat 1: Mahu2021 (button) showed [8d 7h] and won ($0.51) with a straight, Eight to Queen
Seat 2: ararinha44 (small blind) folded before Flop
Seat 3: GAO0324 (big blind) showed [Jh 3h] and lost with two pair, Queens and Jacks
Seat 4: Steefplays folded before Flop (didn't bet)
Seat 5: Burzum21 folded before Flop (didn't bet)
Seat 6: Poklrll02 folded before Flop (didn't bet)



PokerStars Zoom Hand #254719328214:  Hold'em No Limit ($0.05/$0.10) - 2025/02/05 16:23:38 CET [2025/02/05 10:23:38 ET]
Table 'Aludra' 6-max Seat #1 is the button
Seat 1: charlesws25 ($11 in chips) 
Seat 2: ronny2106 ($6.40 in chips) 
Seat 3: Soli56 ($19.77 in chips) 
Seat 4: Mahu2021 ($11.68 in chips) 
Seat 5: Bowlestown ($10.46 in chips) 
Seat 6: v4valter88 ($12.15 in chips) 
ronny2106: posts small blind $0.05
Soli56: posts big blind $0.10
*** HOLE CARDS ***
Dealt to Mahu2021 [3h 5h]
Mahu2021: folds 
Bowlestown: raises $0.15 to $0.25
v4valter88: folds 
charlesws25: folds 
ronny2106: folds 
Soli56: folds 
Uncalled bet ($0.15) returned to Bowlestown
Bowlestown collected $0.25 from pot
Bowlestown: doesn't show hand 
*** SUMMARY ***
Total pot $0.25 | Rake $0 
Seat 1: charlesws25 (button) folded before Flop (didn't bet)
Seat 2: ronny2106 (small blind) folded before Flop
Seat 3: Soli56 (big blind) folded before Flop
Seat 4: Mahu2021 folded before Flop (didn't bet)
Seat 5: Bowlestown collected ($0.25)
Seat 6: v4valter88 folded before Flop (didn't bet)



PokerStars Zoom Hand #254719329341:  Hold'em No Limit ($0.05/$0.10) - 2025/02/05 16:23:43 CET [2025/02/05 10:23:43 ET]
Table 'Aludra' 6-max Seat #1 is the button
Seat 1: youngmin5034 ($16.37 in chips) 
Seat 2: N1ceTry3 ($13.38 in chips) 
Seat 3: ZerON_888 ($19.13 in chips) 
Seat 4: Burzum21 ($21.38 in chips) 
Seat 5: krkar32 ($10.74 in chips) 
Seat 6: Mahu2021 ($11.68 in chips) 
N1ceTry3: posts small blind $0.05
ZerON_888: posts big blind $0.10
*** HOLE CARDS ***
Dealt to Mahu2021 [Ts Ks]
Burzum21: raises $0.20 to $0.30
krkar32: folds 
Mahu2021: calls $0.30
youngmin5034: folds 
N1ceTry3: raises $1.10 to $1.40
ZerON_888: folds 
Burzum21: folds 
Mahu2021: folds 
Uncalled bet ($1.10) returned to N1ceTry3
N1ceTry3 collected $1 from pot
N1ceTry3: doesn't show hand 
*** SUMMARY ***
Total pot $1 | Rake $0 
Seat 1: youngmin5034 (button) folded before Flop (didn't bet)
Seat 2: N1ceTry3 (small blind) collected ($1)
Seat 3: ZerON_888 (big blind) folded before Flop
Seat 4: Burzum21 folded before Flop
Seat 5: krkar32 folded before Flop (didn't bet)
Seat 6: Mahu2021 folded before Flop



PokerStars Zoom Hand #254719332511:  Hold'em No Limit ($0.05/$0.10) - 2025/02/05 16:23:58 CET [2025/02/05 10:23:58 ET]
Table 'Aludra' 6-max Seat #1 is the button
Seat 1: Combattivo76 ($10.85 in chips) 
Seat 2: nordrel ($12.53 in chips) 
Seat 3: mOberdan ($17.61 in chips) 
Seat 4: sigmanolimit ($11.42 in chips) 
Seat 5: Mahu2021 ($11.38 in chips) 
Seat 6: maticesa10 ($38.06 in chips) 
nordrel: posts small blind $0.05
mOberdan: posts big blind $0.10
*** HOLE CARDS ***
Dealt to Mahu2021 [3d 7d]
sigmanolimit: folds 
Mahu2021: folds 
maticesa10: folds 
Combattivo76: folds 
nordrel: raises $0.20 to $0.30
mOberdan: raises $0.70 to $1
nordrel: folds 
Uncalled bet ($0.70) returned to mOberdan
mOberdan collected $0.60 from pot
mOberdan: doesn't show hand 
*** SUMMARY ***
Total pot $0.60 | Rake $0 
Seat 1: Combattivo76 (button) folded before Flop (didn't bet)
Seat 2: nordrel (small blind) folded before Flop
Seat 3: mOberdan (big blind) collected ($0.60)
Seat 4: sigmanolimit folded before Flop (didn't bet)
Seat 5: Mahu2021 folded before Flop (didn't bet)
Seat 6: maticesa10 folded before Flop (didn't bet)



PokerStars Zoom Hand #254719333133:  Hold'em No Limit ($0.05/$0.10) - 2025/02/05 16:24:02 CET [2025/02/05 10:24:02 ET]
Table 'Aludra' 6-max Seat #1 is the button
Seat 1: NICKU1970 ($46.12 in chips) 
Seat 2: ronny2106 ($20.15 in chips) 
Seat 3: Mallardz ($19.42 in chips) 
Seat 4: Mahu2021 ($11.38 in chips) 
Seat 5: sigmanolimit ($11.42 in chips) 
Seat 6: ararinha44 ($10 in chips) 
ronny2106: posts small blind $0.05
Mallardz: posts big blind $0.10
*** HOLE CARDS ***
Dealt to Mahu2021 [Jd 9s]
Mahu2021: folds 
sigmanolimit: folds 
ararinha44: folds 
NICKU1970: raises $0.20 to $0.30
ronny2106: folds 
Mallardz: folds 
Uncalled bet ($0.20) returned to NICKU1970
NICKU1970 collected $0.25 from pot
NICKU1970: doesn't show hand 
*** SUMMARY ***
Total pot $0.25 | Rake $0 
Seat 1: NICKU1970 (button) collected ($0.25)
Seat 2: ronny2106 (small blind) folded before Flop
Seat 3: Mallardz (big blind) folded before Flop
Seat 4: Mahu2021 folded before Flop (didn't bet)
Seat 5: sigmanolimit folded before Flop (didn't bet)
Seat 6: ararinha44 folded before Flop (didn't bet)



PokerStars Zoom Hand #254719334156:  Hold'em No Limit ($0.05/$0.10) - 2025/02/05 16:24:07 CET [2025/02/05 10:24:07 ET]
Table 'Aludra' 6-max Seat #1 is the button
Seat 1: Nannasmand ($7.47 in chips) 
Seat 2: ararinha44 ($10 in chips) 
Seat 3: Mahu2021 ($11.38 in chips) 
Seat 4: Tooloop ($10.50 in chips) 
Seat 5: krkar32 ($16.91 in chips) 
Seat 6: Matzet1ka ($12.23 in chips) 
ararinha44: posts small blind $0.05
Mahu2021: posts big blind $0.10
*** HOLE CARDS ***
Dealt to Mahu2021 [As Qs]
Tooloop: folds 
krkar32: folds 
Matzet1ka: raises $0.15 to $0.25
Nannasmand: folds 
ararinha44: folds 
Mahu2021: raises $0.65 to $0.90
Matzet1ka: calls $0.65
*** FLOP *** [8h 7d 2c]
Mahu2021: checks 
Matzet1ka: bets $0.48
Mahu2021: calls $0.48
*** TURN *** [8h 7d 2c] [Kd]
Mahu2021: checks 
Matzet1ka: checks 
*** RIVER *** [8h 7d 2c Kd] [Ac]
Mahu2021: bets $2.68
Matzet1ka: folds 
Uncalled bet ($2.68) returned to Mahu2021
Mahu2021 collected $2.68 from pot
Mahu2021: doesn't show hand 
*** SUMMARY ***
Total pot $2.81 | Rake $0.13 
Board [8h 7d 2c Kd Ac]
Seat 1: Nannasmand (button) folded before Flop (didn't bet)
Seat 2: ararinha44 (small blind) folded before Flop
Seat 3: Mahu2021 (big blind) collected ($2.68)
Seat 4: Tooloop folded before Flop (didn't bet)
Seat 5: krkar32 folded before Flop (didn't bet)
Seat 6: Matzet1ka folded on the River



