PokerStars Hand #249025277263: Tournament #3719637902, $1.84+$0.16 USD Hold'em No Limit - Level I (10/20) - 2024/02/22 14:25:30 CET [2024/02/22 8:25:30 ET]
Table '3719637902 1' 3-max Seat #1 is the button
Seat 1: Pasha0202 (500 in chips) 
Seat 2: borges0903 (500 in chips) 
Seat 3: Mahu2021 (500 in chips) 
borges0903: posts small blind 10
Mahu2021: posts big blind 20
*** HOLE CARDS ***
Dealt to Mahu2021 [Qc Kd]
Pasha0202: calls 20
borges0903: raises 60 to 80
Mahu2021: calls 60
Pasha0202: calls 60
*** FLOP *** [7c Qh Jd]
borges0903: bets 79
Mahu2021: raises 341 to 420 and is all-in
Pasha0202: folds 
borges0903: folds 
Uncalled bet (341) returned to Mahu2021
Mahu2021 collected 398 from pot
Mahu2021: doesn't show hand 
*** SUMMARY ***
Total pot 398 | Rake 0 
Board [7c Qh Jd]
Seat 1: Pasha0202 (button) folded on the Flop
Seat 2: borges0903 (small blind) folded on the Flop
Seat 3: Mahu2021 (big blind) collected (398)



PokerStars Hand #249025284045: Tournament #3719637902, $1.84+$0.16 USD Hold'em No Limit - Level I (10/20) - 2024/02/22 14:26:04 CET [2024/02/22 8:26:04 ET]
Table '3719637902 1' 3-max Seat #2 is the button
Seat 1: Pasha0202 (420 in chips) 
Seat 2: borges0903 (341 in chips) 
Seat 3: Mahu2021 (739 in chips) 
Mahu2021: posts small blind 10
Pasha0202: posts big blind 20
*** HOLE CARDS ***
Dealt to Mahu2021 [8s 6s]
borges0903: raises 20 to 40
Mahu2021: calls 30
Pasha0202: raises 380 to 420 and is all-in
borges0903: folds 
Mahu2021: folds 
Uncalled bet (380) returned to Pasha0202
Pasha0202 collected 120 from pot
Pasha0202: doesn't show hand 
*** SUMMARY ***
Total pot 120 | Rake 0 
Seat 1: Pasha0202 (big blind) collected (120)
Seat 2: borges0903 (button) folded before Flop
Seat 3: Mahu2021 (small blind) folded before Flop



PokerStars Hand #249025286613: Tournament #3719637902, $1.84+$0.16 USD Hold'em No Limit - Level I (10/20) - 2024/02/22 14:26:17 CET [2024/02/22 8:26:17 ET]
Table '3719637902 1' 3-max Seat #3 is the button
Seat 1: Pasha0202 (500 in chips) 
Seat 2: borges0903 (301 in chips) 
Seat 3: Mahu2021 (699 in chips) 
Pasha0202: posts small blind 10
borges0903: posts big blind 20
*** HOLE CARDS ***
Dealt to Mahu2021 [4h 4c]
Mahu2021: calls 20
Pasha0202: calls 10
borges0903: checks 
*** FLOP *** [9h Ac Jc]
Pasha0202: checks 
borges0903: checks 
Mahu2021: bets 20
Pasha0202: folds 
borges0903: folds 
Uncalled bet (20) returned to Mahu2021
Mahu2021 collected 60 from pot
Mahu2021: doesn't show hand 
*** SUMMARY ***
Total pot 60 | Rake 0 
Board [9h Ac Jc]
Seat 1: Pasha0202 (small blind) folded on the Flop
Seat 2: borges0903 (big blind) folded on the Flop
Seat 3: Mahu2021 (button) collected (60)



PokerStars Hand #249025290387: Tournament #3719637902, $1.84+$0.16 USD Hold'em No Limit - Level I (10/20) - 2024/02/22 14:26:37 CET [2024/02/22 8:26:37 ET]
Table '3719637902 1' 3-max Seat #1 is the button
Seat 1: Pasha0202 (480 in chips) 
Seat 2: borges0903 (281 in chips) 
Seat 3: Mahu2021 (739 in chips) 
borges0903: posts small blind 10
Mahu2021: posts big blind 20
*** HOLE CARDS ***
Dealt to Mahu2021 [5c 2d]
Pasha0202: folds 
borges0903: raises 20 to 40
Mahu2021: folds 
Uncalled bet (20) returned to borges0903
borges0903 collected 40 from pot
borges0903: doesn't show hand 
*** SUMMARY ***
Total pot 40 | Rake 0 
Seat 1: Pasha0202 (button) folded before Flop (didn't bet)
Seat 2: borges0903 (small blind) collected (40)
Seat 3: Mahu2021 (big blind) folded before Flop



PokerStars Hand #249025291723: Tournament #3719637902, $1.84+$0.16 USD Hold'em No Limit - Level I (10/20) - 2024/02/22 14:26:44 CET [2024/02/22 8:26:44 ET]
Table '3719637902 1' 3-max Seat #2 is the button
Seat 1: Pasha0202 (480 in chips) 
Seat 2: borges0903 (301 in chips) 
Seat 3: Mahu2021 (719 in chips) 
Mahu2021: posts small blind 10
Pasha0202: posts big blind 20
*** HOLE CARDS ***
Dealt to Mahu2021 [7h Kd]
borges0903: raises 281 to 301 and is all-in
Mahu2021: folds 
Pasha0202: folds 
Uncalled bet (281) returned to borges0903
borges0903 collected 50 from pot
borges0903: doesn't show hand 
*** SUMMARY ***
Total pot 50 | Rake 0 
Seat 1: Pasha0202 (big blind) folded before Flop
Seat 2: borges0903 (button) collected (50)
Seat 3: Mahu2021 (small blind) folded before Flop



PokerStars Hand #249025293037: Tournament #3719637902, $1.84+$0.16 USD Hold'em No Limit - Level I (10/20) - 2024/02/22 14:26:51 CET [2024/02/22 8:26:51 ET]
Table '3719637902 1' 3-max Seat #3 is the button
Seat 1: Pasha0202 (460 in chips) 
Seat 2: borges0903 (331 in chips) 
Seat 3: Mahu2021 (709 in chips) 
Pasha0202: posts small blind 10
borges0903: posts big blind 20
*** HOLE CARDS ***
Dealt to Mahu2021 [3s 7d]
Mahu2021: folds 
Pasha0202: calls 10
borges0903: raises 40 to 60
Pasha0202: calls 40
*** FLOP *** [Jc 9c 8c]
Pasha0202: checks 
borges0903: bets 40
Pasha0202: folds 
Uncalled bet (40) returned to borges0903
borges0903 collected 120 from pot
borges0903: doesn't show hand 
*** SUMMARY ***
Total pot 120 | Rake 0 
Board [Jc 9c 8c]
Seat 1: Pasha0202 (small blind) folded on the Flop
Seat 2: borges0903 (big blind) collected (120)
Seat 3: Mahu2021 (button) folded before Flop (didn't bet)



PokerStars Hand #249025295656: Tournament #3719637902, $1.84+$0.16 USD Hold'em No Limit - Level I (10/20) - 2024/02/22 14:27:04 CET [2024/02/22 8:27:04 ET]
Table '3719637902 1' 3-max Seat #1 is the button
Seat 1: Pasha0202 (400 in chips) 
Seat 2: borges0903 (391 in chips) 
Seat 3: Mahu2021 (709 in chips) 
borges0903: posts small blind 10
Mahu2021: posts big blind 20
*** HOLE CARDS ***
Dealt to Mahu2021 [5c Ah]
Pasha0202: calls 20
borges0903: calls 10
Mahu2021: checks 
*** FLOP *** [6c 8s As]
borges0903: checks 
Mahu2021: bets 20
Pasha0202: calls 20
borges0903: calls 20
*** TURN *** [6c 8s As] [4c]
borges0903: checks 
Mahu2021: bets 20
Pasha0202: calls 20
borges0903: folds 
*** RIVER *** [6c 8s As 4c] [Qc]
Mahu2021: bets 20
Pasha0202: raises 60 to 80
Mahu2021: calls 60
*** SHOW DOWN ***
Pasha0202: shows [Jc Ac] (a flush, Ace high)
Mahu2021: mucks hand 
Pasha0202 collected 320 from pot
*** SUMMARY ***
Total pot 320 | Rake 0 
Board [6c 8s As 4c Qc]
Seat 1: Pasha0202 (button) showed [Jc Ac] and won (320) with a flush, Ace high
Seat 2: borges0903 (small blind) folded on the Turn
Seat 3: Mahu2021 (big blind) mucked [5c Ah]



PokerStars Hand #249025302098: Tournament #3719637902, $1.84+$0.16 USD Hold'em No Limit - Level I (10/20) - 2024/02/22 14:27:37 CET [2024/02/22 8:27:37 ET]
Table '3719637902 1' 3-max Seat #2 is the button
Seat 1: Pasha0202 (580 in chips) 
Seat 2: borges0903 (351 in chips) 
Seat 3: Mahu2021 (569 in chips) 
Mahu2021: posts small blind 10
Pasha0202: posts big blind 20
*** HOLE CARDS ***
Dealt to Mahu2021 [3h 6c]
borges0903: folds 
Mahu2021: folds 
Uncalled bet (10) returned to Pasha0202
Pasha0202 collected 20 from pot
Pasha0202: doesn't show hand 
*** SUMMARY ***
Total pot 20 | Rake 0 
Seat 1: Pasha0202 (big blind) collected (20)
Seat 2: borges0903 (button) folded before Flop (didn't bet)
Seat 3: Mahu2021 (small blind) folded before Flop



PokerStars Hand #249025302942: Tournament #3719637902, $1.84+$0.16 USD Hold'em No Limit - Level I (10/20) - 2024/02/22 14:27:41 CET [2024/02/22 8:27:41 ET]
Table '3719637902 1' 3-max Seat #3 is the button
Seat 1: Pasha0202 (590 in chips) 
Seat 2: borges0903 (351 in chips) 
Seat 3: Mahu2021 (559 in chips) 
Pasha0202: posts small blind 10
borges0903: posts big blind 20
*** HOLE CARDS ***
Dealt to Mahu2021 [8c Ts]
Mahu2021: folds 
Pasha0202: calls 10
borges0903: raises 40 to 60
Pasha0202: calls 40
*** FLOP *** [7s 2c 5h]
Pasha0202: checks 
borges0903: bets 40
Pasha0202: folds 
Uncalled bet (40) returned to borges0903
borges0903 collected 120 from pot
borges0903: doesn't show hand 
*** SUMMARY ***
Total pot 120 | Rake 0 
Board [7s 2c 5h]
Seat 1: Pasha0202 (small blind) folded on the Flop
Seat 2: borges0903 (big blind) collected (120)
Seat 3: Mahu2021 (button) folded before Flop (didn't bet)



PokerStars Hand #249025306031: Tournament #3719637902, $1.84+$0.16 USD Hold'em No Limit - Level I (10/20) - 2024/02/22 14:27:57 CET [2024/02/22 8:27:57 ET]
Table '3719637902 1' 3-max Seat #1 is the button
Seat 1: Pasha0202 (530 in chips) 
Seat 2: borges0903 (411 in chips) 
Seat 3: Mahu2021 (559 in chips) 
borges0903: posts small blind 10
Mahu2021: posts big blind 20
*** HOLE CARDS ***
Dealt to Mahu2021 [4s Ad]
Pasha0202: calls 20
borges0903: calls 10
Mahu2021: checks 
*** FLOP *** [3s Ts 5d]
borges0903: checks 
Mahu2021: checks 
Pasha0202: checks 
*** TURN *** [3s Ts 5d] [5h]
borges0903: bets 38
Mahu2021: calls 38
Pasha0202: folds 
*** RIVER *** [3s Ts 5d 5h] [3h]
borges0903: bets 86
Mahu2021: folds 
Uncalled bet (86) returned to borges0903
borges0903 collected 136 from pot
borges0903: doesn't show hand 
*** SUMMARY ***
Total pot 136 | Rake 0 
Board [3s Ts 5d 5h 3h]
Seat 1: Pasha0202 (button) folded on the Turn
Seat 2: borges0903 (small blind) collected (136)
Seat 3: Mahu2021 (big blind) folded on the River



PokerStars Hand #249025311287: Tournament #3719637902, $1.84+$0.16 USD Hold'em No Limit - Level I (10/20) - 2024/02/22 14:28:24 CET [2024/02/22 8:28:24 ET]
Table '3719637902 1' 3-max Seat #2 is the button
Seat 1: Pasha0202 (510 in chips) 
Seat 2: borges0903 (489 in chips) 
Seat 3: Mahu2021 (501 in chips) 
Mahu2021: posts small blind 10
Pasha0202: posts big blind 20
*** HOLE CARDS ***
Dealt to Mahu2021 [9s Js]
borges0903: raises 20 to 40
Mahu2021: calls 30
Pasha0202: folds 
*** FLOP *** [7c Qs 3h]
Mahu2021: checks 
borges0903: bets 33
Mahu2021: folds 
Uncalled bet (33) returned to borges0903
borges0903 collected 100 from pot
borges0903: doesn't show hand 
*** SUMMARY ***
Total pot 100 | Rake 0 
Board [7c Qs 3h]
Seat 1: Pasha0202 (big blind) folded before Flop
Seat 2: borges0903 (button) collected (100)
Seat 3: Mahu2021 (small blind) folded on the Flop



PokerStars Hand #249025313834: Tournament #3719637902, $1.84+$0.16 USD Hold'em No Limit - Level II (15/30) - 2024/02/22 14:28:38 CET [2024/02/22 8:28:38 ET]
Table '3719637902 1' 3-max Seat #3 is the button
Seat 1: Pasha0202 (490 in chips) 
Seat 2: borges0903 (549 in chips) 
Seat 3: Mahu2021 (461 in chips) 
Pasha0202: posts small blind 15
borges0903: posts big blind 30
*** HOLE CARDS ***
Dealt to Mahu2021 [Qh As]
Mahu2021: raises 30 to 60
Pasha0202: calls 45
borges0903: calls 30
*** FLOP *** [3c 8c 7d]
Pasha0202: checks 
borges0903: checks 
Mahu2021: bets 401 and is all-in
Pasha0202: folds 
borges0903: folds 
Uncalled bet (401) returned to Mahu2021
Mahu2021 collected 180 from pot
Mahu2021: doesn't show hand 
*** SUMMARY ***
Total pot 180 | Rake 0 
Board [3c 8c 7d]
Seat 1: Pasha0202 (small blind) folded on the Flop
Seat 2: borges0903 (big blind) folded on the Flop
Seat 3: Mahu2021 (button) collected (180)



PokerStars Hand #249025318085: Tournament #3719637902, $1.84+$0.16 USD Hold'em No Limit - Level II (15/30) - 2024/02/22 14:29:00 CET [2024/02/22 8:29:00 ET]
Table '3719637902 1' 3-max Seat #1 is the button
Seat 1: Pasha0202 (430 in chips) 
Seat 2: borges0903 (489 in chips) 
Seat 3: Mahu2021 (581 in chips) 
borges0903: posts small blind 15
Mahu2021: posts big blind 30
*** HOLE CARDS ***
Dealt to Mahu2021 [Ah Tc]
Pasha0202: folds 
borges0903: calls 15
Mahu2021: raises 90 to 120
borges0903: folds 
Uncalled bet (90) returned to Mahu2021
Mahu2021 collected 60 from pot
Mahu2021: doesn't show hand 
*** SUMMARY ***
Total pot 60 | Rake 0 
Seat 1: Pasha0202 (button) folded before Flop (didn't bet)
Seat 2: borges0903 (small blind) folded before Flop
Seat 3: Mahu2021 (big blind) collected (60)



PokerStars Hand #249025320363: Tournament #3719637902, $1.84+$0.16 USD Hold'em No Limit - Level II (15/30) - 2024/02/22 14:29:11 CET [2024/02/22 8:29:11 ET]
Table '3719637902 1' 3-max Seat #2 is the button
Seat 1: Pasha0202 (430 in chips) 
Seat 2: borges0903 (459 in chips) 
Seat 3: Mahu2021 (611 in chips) 
Mahu2021: posts small blind 15
Pasha0202: posts big blind 30
*** HOLE CARDS ***
Dealt to Mahu2021 [Jd Jh]
borges0903: folds 
Mahu2021: raises 581 to 611 and is all-in
Pasha0202: folds 
Uncalled bet (581) returned to Mahu2021
Mahu2021 collected 60 from pot
Mahu2021: doesn't show hand 
*** SUMMARY ***
Total pot 60 | Rake 0 
Seat 1: Pasha0202 (big blind) folded before Flop
Seat 2: borges0903 (button) folded before Flop (didn't bet)
Seat 3: Mahu2021 (small blind) collected (60)



PokerStars Hand #249025321581: Tournament #3719637902, $1.84+$0.16 USD Hold'em No Limit - Level II (15/30) - 2024/02/22 14:29:18 CET [2024/02/22 8:29:18 ET]
Table '3719637902 1' 3-max Seat #3 is the button
Seat 1: Pasha0202 (400 in chips) 
Seat 2: borges0903 (459 in chips) 
Seat 3: Mahu2021 (641 in chips) 
Pasha0202: posts small blind 15
borges0903: posts big blind 30
*** HOLE CARDS ***
Dealt to Mahu2021 [8d 3h]
Mahu2021: folds 
Pasha0202: raises 370 to 400 and is all-in
borges0903: folds 
Uncalled bet (370) returned to Pasha0202
Pasha0202 collected 60 from pot
Pasha0202: doesn't show hand 
*** SUMMARY ***
Total pot 60 | Rake 0 
Seat 1: Pasha0202 (small blind) collected (60)
Seat 2: borges0903 (big blind) folded before Flop
Seat 3: Mahu2021 (button) folded before Flop (didn't bet)



PokerStars Hand #249025323286: Tournament #3719637902, $1.84+$0.16 USD Hold'em No Limit - Level II (15/30) - 2024/02/22 14:29:26 CET [2024/02/22 8:29:26 ET]
Table '3719637902 1' 3-max Seat #1 is the button
Seat 1: Pasha0202 (430 in chips) 
Seat 2: borges0903 (429 in chips) 
Seat 3: Mahu2021 (641 in chips) 
borges0903: posts small blind 15
Mahu2021: posts big blind 30
*** HOLE CARDS ***
Dealt to Mahu2021 [9d 9c]
Pasha0202: calls 30
borges0903: calls 15
Mahu2021: raises 90 to 120
Pasha0202: calls 90
borges0903: folds 
*** FLOP *** [6h 7d 2c]
Mahu2021: bets 521 and is all-in
Pasha0202: folds 
Uncalled bet (521) returned to Mahu2021
Mahu2021 collected 270 from pot
Mahu2021: doesn't show hand 
*** SUMMARY ***
Total pot 270 | Rake 0 
Board [6h 7d 2c]
Seat 1: Pasha0202 (button) folded on the Flop
Seat 2: borges0903 (small blind) folded before Flop
Seat 3: Mahu2021 (big blind) collected (270)



PokerStars Hand #249025326087: Tournament #3719637902, $1.84+$0.16 USD Hold'em No Limit - Level II (15/30) - 2024/02/22 14:29:41 CET [2024/02/22 8:29:41 ET]
Table '3719637902 1' 3-max Seat #2 is the button
Seat 1: Pasha0202 (310 in chips) 
Seat 2: borges0903 (399 in chips) 
Seat 3: Mahu2021 (791 in chips) 
Mahu2021: posts small blind 15
Pasha0202: posts big blind 30
*** HOLE CARDS ***
Dealt to Mahu2021 [8c As]
borges0903: raises 30 to 60
Mahu2021: calls 45
Pasha0202: calls 30
*** FLOP *** [2d Qs Ks]
Mahu2021: checks 
Pasha0202: checks 
borges0903: bets 59
Mahu2021: folds 
Pasha0202: folds 
Uncalled bet (59) returned to borges0903
borges0903 collected 180 from pot
borges0903: doesn't show hand 
*** SUMMARY ***
Total pot 180 | Rake 0 
Board [2d Qs Ks]
Seat 1: Pasha0202 (big blind) folded on the Flop
Seat 2: borges0903 (button) collected (180)
Seat 3: Mahu2021 (small blind) folded on the Flop



PokerStars Hand #249025329048: Tournament #3719637902, $1.84+$0.16 USD Hold'em No Limit - Level II (15/30) - 2024/02/22 14:29:56 CET [2024/02/22 8:29:56 ET]
Table '3719637902 1' 3-max Seat #3 is the button
Seat 1: Pasha0202 (250 in chips) 
Seat 2: borges0903 (519 in chips) 
Seat 3: Mahu2021 (731 in chips) 
Pasha0202: posts small blind 15
borges0903: posts big blind 30
*** HOLE CARDS ***
Dealt to Mahu2021 [9h Jc]
Mahu2021: folds 
Pasha0202: calls 15
borges0903: checks 
*** FLOP *** [Qs 8s Qd]
Pasha0202: checks 
borges0903: bets 30
Pasha0202: folds 
Uncalled bet (30) returned to borges0903
borges0903 collected 60 from pot
borges0903: doesn't show hand 
*** SUMMARY ***
Total pot 60 | Rake 0 
Board [Qs 8s Qd]
Seat 1: Pasha0202 (small blind) folded on the Flop
Seat 2: borges0903 (big blind) collected (60)
Seat 3: Mahu2021 (button) folded before Flop (didn't bet)



PokerStars Hand #249025331899: Tournament #3719637902, $1.84+$0.16 USD Hold'em No Limit - Level II (15/30) - 2024/02/22 14:30:10 CET [2024/02/22 8:30:10 ET]
Table '3719637902 1' 3-max Seat #1 is the button
Seat 1: Pasha0202 (220 in chips) 
Seat 2: borges0903 (549 in chips) 
Seat 3: Mahu2021 (731 in chips) 
borges0903: posts small blind 15
Mahu2021: posts big blind 30
*** HOLE CARDS ***
Dealt to Mahu2021 [Kd 3h]
Pasha0202: calls 30
borges0903: calls 15
Mahu2021: checks 
*** FLOP *** [Ah 7h Td]
borges0903: checks 
Mahu2021: checks 
Pasha0202: bets 30
borges0903: folds 
Mahu2021: folds 
Uncalled bet (30) returned to Pasha0202
Pasha0202 collected 90 from pot
Pasha0202: doesn't show hand 
*** SUMMARY ***
Total pot 90 | Rake 0 
Board [Ah 7h Td]
Seat 1: Pasha0202 (button) collected (90)
Seat 2: borges0903 (small blind) folded on the Flop
Seat 3: Mahu2021 (big blind) folded on the Flop



PokerStars Hand #249025335023: Tournament #3719637902, $1.84+$0.16 USD Hold'em No Limit - Level II (15/30) - 2024/02/22 14:30:26 CET [2024/02/22 8:30:26 ET]
Table '3719637902 1' 3-max Seat #2 is the button
Seat 1: Pasha0202 (280 in chips) 
Seat 2: borges0903 (519 in chips) 
Seat 3: Mahu2021 (701 in chips) 
Mahu2021: posts small blind 15
Pasha0202: posts big blind 30
*** HOLE CARDS ***
Dealt to Mahu2021 [Qs Ad]
borges0903: folds 
Mahu2021: raises 60 to 90
Pasha0202: raises 190 to 280 and is all-in
Mahu2021: calls 190
*** FLOP *** [8d Jc Qd]
*** TURN *** [8d Jc Qd] [2c]
*** RIVER *** [8d Jc Qd 2c] [6c]
*** SHOW DOWN ***
Mahu2021: shows [Qs Ad] (a pair of Queens)
Pasha0202: shows [8h Ac] (a pair of Eights)
Mahu2021 collected 560 from pot
Pasha0202 finished the tournament in 3rd place
*** SUMMARY ***
Total pot 560 | Rake 0 
Board [8d Jc Qd 2c 6c]
Seat 1: Pasha0202 (big blind) showed [8h Ac] and lost with a pair of Eights
Seat 2: borges0903 (button) folded before Flop (didn't bet)
Seat 3: Mahu2021 (small blind) showed [Qs Ad] and won (560) with a pair of Queens



PokerStars Hand #249025338279: Tournament #3719637902, $1.84+$0.16 USD Hold'em No Limit - Level II (15/30) - 2024/02/22 14:30:43 CET [2024/02/22 8:30:43 ET]
Table '3719637902 1' 3-max Seat #3 is the button
Seat 2: borges0903 (519 in chips) 
Seat 3: Mahu2021 (981 in chips) 
Mahu2021: posts small blind 15
borges0903: posts big blind 30
*** HOLE CARDS ***
Dealt to Mahu2021 [Qd 5c]
Mahu2021: raises 30 to 60
borges0903: calls 30
*** FLOP *** [4c 9c 7c]
borges0903: checks 
Mahu2021: bets 60
borges0903: folds 
Uncalled bet (60) returned to Mahu2021
Mahu2021 collected 120 from pot
Mahu2021: doesn't show hand 
*** SUMMARY ***
Total pot 120 | Rake 0 
Board [4c 9c 7c]
Seat 2: borges0903 (big blind) folded on the Flop
Seat 3: Mahu2021 (button) (small blind) collected (120)



PokerStars Hand #249025340115: Tournament #3719637902, $1.84+$0.16 USD Hold'em No Limit - Level II (15/30) - 2024/02/22 14:30:52 CET [2024/02/22 8:30:52 ET]
Table '3719637902 1' 3-max Seat #2 is the button
Seat 2: borges0903 (459 in chips) 
Seat 3: Mahu2021 (1041 in chips) 
borges0903: posts small blind 15
Mahu2021: posts big blind 30
*** HOLE CARDS ***
Dealt to Mahu2021 [7h 7s]
borges0903: raises 30 to 60
Mahu2021: raises 981 to 1041 and is all-in
borges0903: folds 
Uncalled bet (981) returned to Mahu2021
Mahu2021 collected 120 from pot
Mahu2021: doesn't show hand 
*** SUMMARY ***
Total pot 120 | Rake 0 
Seat 2: borges0903 (button) (small blind) folded before Flop
Seat 3: Mahu2021 (big blind) collected (120)



PokerStars Hand #249025341385: Tournament #3719637902, $1.84+$0.16 USD Hold'em No Limit - Level II (15/30) - 2024/02/22 14:30:58 CET [2024/02/22 8:30:58 ET]
Table '3719637902 1' 3-max Seat #3 is the button
Seat 2: borges0903 (399 in chips) 
Seat 3: Mahu2021 (1101 in chips) 
Mahu2021: posts small blind 15
borges0903: posts big blind 30
*** HOLE CARDS ***
Dealt to Mahu2021 [3d Qs]
Mahu2021: calls 15
borges0903: raises 45 to 75
Mahu2021: calls 45
*** FLOP *** [Ah 2s 7d]
borges0903: bets 50
Mahu2021: folds 
Uncalled bet (50) returned to borges0903
borges0903 collected 150 from pot
borges0903: doesn't show hand 
*** SUMMARY ***
Total pot 150 | Rake 0 
Board [Ah 2s 7d]
Seat 2: borges0903 (big blind) collected (150)
Seat 3: Mahu2021 (button) (small blind) folded on the Flop



PokerStars Hand #249025343588: Tournament #3719637902, $1.84+$0.16 USD Hold'em No Limit - Level II (15/30) - 2024/02/22 14:31:09 CET [2024/02/22 8:31:09 ET]
Table '3719637902 1' 3-max Seat #2 is the button
Seat 2: borges0903 (474 in chips) 
Seat 3: Mahu2021 (1026 in chips) 
borges0903: posts small blind 15
Mahu2021: posts big blind 30
*** HOLE CARDS ***
Dealt to Mahu2021 [Jc 6s]
borges0903: raises 30 to 60
Mahu2021: calls 30
*** FLOP *** [Jd 3h Js]
Mahu2021: checks 
borges0903: bets 40
Mahu2021: calls 40
*** TURN *** [Jd 3h Js] [2s]
Mahu2021: checks 
borges0903: checks 
*** RIVER *** [Jd 3h Js 2s] [4c]
Mahu2021: bets 60
borges0903: folds 
Uncalled bet (60) returned to Mahu2021
Mahu2021 collected 200 from pot
Mahu2021: doesn't show hand 
*** SUMMARY ***
Total pot 200 | Rake 0 
Board [Jd 3h Js 2s 4c]
Seat 2: borges0903 (button) (small blind) folded on the River
Seat 3: Mahu2021 (big blind) collected (200)



PokerStars Hand #249025346921: Tournament #3719637902, $1.84+$0.16 USD Hold'em No Limit - Level II (15/30) - 2024/02/22 14:31:26 CET [2024/02/22 8:31:26 ET]
Table '3719637902 1' 3-max Seat #3 is the button
Seat 2: borges0903 (374 in chips) 
Seat 3: Mahu2021 (1126 in chips) 
Mahu2021: posts small blind 15
borges0903: posts big blind 30
*** HOLE CARDS ***
Dealt to Mahu2021 [6c 6d]
Mahu2021: raises 1096 to 1126 and is all-in
borges0903: folds 
Uncalled bet (1096) returned to Mahu2021
Mahu2021 collected 60 from pot
Mahu2021: doesn't show hand 
*** SUMMARY ***
Total pot 60 | Rake 0 
Seat 2: borges0903 (big blind) folded before Flop
Seat 3: Mahu2021 (button) (small blind) collected (60)



PokerStars Hand #249025348867: Tournament #3719637902, $1.84+$0.16 USD Hold'em No Limit - Level III (20/40) - 2024/02/22 14:31:36 CET [2024/02/22 8:31:36 ET]
Table '3719637902 1' 3-max Seat #2 is the button
Seat 2: borges0903 (344 in chips) 
Seat 3: Mahu2021 (1156 in chips) 
borges0903: posts small blind 20
Mahu2021: posts big blind 40
*** HOLE CARDS ***
Dealt to Mahu2021 [6s 9s]
borges0903: calls 20
Mahu2021: checks 
*** FLOP *** [Qc 7c 6c]
Mahu2021: checks 
borges0903: bets 40
Mahu2021: calls 40
*** TURN *** [Qc 7c 6c] [Kh]
Mahu2021: checks 
borges0903: bets 72
Mahu2021: folds 
Uncalled bet (72) returned to borges0903
borges0903 collected 160 from pot
borges0903: doesn't show hand 
*** SUMMARY ***
Total pot 160 | Rake 0 
Board [Qc 7c 6c Kh]
Seat 2: borges0903 (button) (small blind) collected (160)
Seat 3: Mahu2021 (big blind) folded on the Turn



PokerStars Hand #249025351888: Tournament #3719637902, $1.84+$0.16 USD Hold'em No Limit - Level III (20/40) - 2024/02/22 14:31:51 CET [2024/02/22 8:31:51 ET]
Table '3719637902 1' 3-max Seat #3 is the button
Seat 2: borges0903 (424 in chips) 
Seat 3: Mahu2021 (1076 in chips) 
Mahu2021: posts small blind 20
borges0903: posts big blind 40
*** HOLE CARDS ***
Dealt to Mahu2021 [3h 8d]
Mahu2021: folds 
Uncalled bet (20) returned to borges0903
borges0903 collected 40 from pot
borges0903: doesn't show hand 
*** SUMMARY ***
Total pot 40 | Rake 0 
Seat 2: borges0903 (big blind) collected (40)
Seat 3: Mahu2021 (button) (small blind) folded before Flop



PokerStars Hand #249025352756: Tournament #3719637902, $1.84+$0.16 USD Hold'em No Limit - Level III (20/40) - 2024/02/22 14:31:56 CET [2024/02/22 8:31:56 ET]
Table '3719637902 1' 3-max Seat #2 is the button
Seat 2: borges0903 (444 in chips) 
Seat 3: Mahu2021 (1056 in chips) 
borges0903: posts small blind 20
Mahu2021: posts big blind 40
*** HOLE CARDS ***
Dealt to Mahu2021 [2h Tc]
borges0903: raises 40 to 80
Mahu2021: folds 
Uncalled bet (40) returned to borges0903
borges0903 collected 80 from pot
borges0903: doesn't show hand 
*** SUMMARY ***
Total pot 80 | Rake 0 
Seat 2: borges0903 (button) (small blind) collected (80)
Seat 3: Mahu2021 (big blind) folded before Flop



PokerStars Hand #249025353623: Tournament #3719637902, $1.84+$0.16 USD Hold'em No Limit - Level III (20/40) - 2024/02/22 14:32:00 CET [2024/02/22 8:32:00 ET]
Table '3719637902 1' 3-max Seat #3 is the button
Seat 2: borges0903 (484 in chips) 
Seat 3: Mahu2021 (1016 in chips) 
Mahu2021: posts small blind 20
borges0903: posts big blind 40
*** HOLE CARDS ***
Dealt to Mahu2021 [Ah 4h]
Mahu2021: raises 40 to 80
borges0903: calls 40
*** FLOP *** [9c 9h 8h]
borges0903: checks 
Mahu2021: bets 80
borges0903: folds 
Uncalled bet (80) returned to Mahu2021
Mahu2021 collected 160 from pot
Mahu2021: doesn't show hand 
*** SUMMARY ***
Total pot 160 | Rake 0 
Board [9c 9h 8h]
Seat 2: borges0903 (big blind) folded on the Flop
Seat 3: Mahu2021 (button) (small blind) collected (160)



PokerStars Hand #249025356206: Tournament #3719637902, $1.84+$0.16 USD Hold'em No Limit - Level III (20/40) - 2024/02/22 14:32:13 CET [2024/02/22 8:32:13 ET]
Table '3719637902 1' 3-max Seat #2 is the button
Seat 2: borges0903 (404 in chips) 
Seat 3: Mahu2021 (1096 in chips) 
borges0903: posts small blind 20
Mahu2021: posts big blind 40
*** HOLE CARDS ***
Dealt to Mahu2021 [9h 2s]
borges0903: raises 40 to 80
Mahu2021: folds 
Uncalled bet (40) returned to borges0903
borges0903 collected 80 from pot
borges0903: doesn't show hand 
*** SUMMARY ***
Total pot 80 | Rake 0 
Seat 2: borges0903 (button) (small blind) collected (80)
Seat 3: Mahu2021 (big blind) folded before Flop



PokerStars Hand #249025357175: Tournament #3719637902, $1.84+$0.16 USD Hold'em No Limit - Level III (20/40) - 2024/02/22 14:32:17 CET [2024/02/22 8:32:17 ET]
Table '3719637902 1' 3-max Seat #3 is the button
Seat 2: borges0903 (444 in chips) 
Seat 3: Mahu2021 (1056 in chips) 
Mahu2021: posts small blind 20
borges0903: posts big blind 40
*** HOLE CARDS ***
Dealt to Mahu2021 [4h 6d]
Mahu2021: raises 40 to 80
borges0903: folds 
Uncalled bet (40) returned to Mahu2021
Mahu2021 collected 80 from pot
Mahu2021: doesn't show hand 
*** SUMMARY ***
Total pot 80 | Rake 0 
Seat 2: borges0903 (big blind) folded before Flop
Seat 3: Mahu2021 (button) (small blind) collected (80)



PokerStars Hand #249025358801: Tournament #3719637902, $1.84+$0.16 USD Hold'em No Limit - Level III (20/40) - 2024/02/22 14:32:25 CET [2024/02/22 8:32:25 ET]
Table '3719637902 1' 3-max Seat #2 is the button
Seat 2: borges0903 (404 in chips) 
Seat 3: Mahu2021 (1096 in chips) 
borges0903: posts small blind 20
Mahu2021: posts big blind 40
*** HOLE CARDS ***
Dealt to Mahu2021 [5d Th]
borges0903: raises 40 to 80
Mahu2021: folds 
Uncalled bet (40) returned to borges0903
borges0903 collected 80 from pot
borges0903: doesn't show hand 
*** SUMMARY ***
Total pot 80 | Rake 0 
Seat 2: borges0903 (button) (small blind) collected (80)
Seat 3: Mahu2021 (big blind) folded before Flop



PokerStars Hand #249025360979: Tournament #3719637902, $1.84+$0.16 USD Hold'em No Limit - Level III (20/40) - 2024/02/22 14:32:36 CET [2024/02/22 8:32:36 ET]
Table '3719637902 1' 3-max Seat #3 is the button
Seat 2: borges0903 (444 in chips) 
Seat 3: Mahu2021 (1056 in chips) 
Mahu2021: posts small blind 20
borges0903: posts big blind 40
*** HOLE CARDS ***
Dealt to Mahu2021 [5s 9c]
Mahu2021: folds 
Uncalled bet (20) returned to borges0903
borges0903 collected 40 from pot
borges0903: doesn't show hand 
*** SUMMARY ***
Total pot 40 | Rake 0 
Seat 2: borges0903 (big blind) collected (40)
Seat 3: Mahu2021 (button) (small blind) folded before Flop



PokerStars Hand #249025361820: Tournament #3719637902, $1.84+$0.16 USD Hold'em No Limit - Level III (20/40) - 2024/02/22 14:32:40 CET [2024/02/22 8:32:40 ET]
Table '3719637902 1' 3-max Seat #2 is the button
Seat 2: borges0903 (464 in chips) 
Seat 3: Mahu2021 (1036 in chips) 
borges0903: posts small blind 20
Mahu2021: posts big blind 40
*** HOLE CARDS ***
Dealt to Mahu2021 [5d Qh]
borges0903: raises 40 to 80
Mahu2021: raises 956 to 1036 and is all-in
borges0903: folds 
Uncalled bet (956) returned to Mahu2021
Mahu2021 collected 160 from pot
Mahu2021: doesn't show hand 
*** SUMMARY ***
Total pot 160 | Rake 0 
Seat 2: borges0903 (button) (small blind) folded before Flop
Seat 3: Mahu2021 (big blind) collected (160)



PokerStars Hand #249025363688: Tournament #3719637902, $1.84+$0.16 USD Hold'em No Limit - Level III (20/40) - 2024/02/22 14:32:50 CET [2024/02/22 8:32:50 ET]
Table '3719637902 1' 3-max Seat #3 is the button
Seat 2: borges0903 (384 in chips) 
Seat 3: Mahu2021 (1116 in chips) 
Mahu2021: posts small blind 20
borges0903: posts big blind 40
*** HOLE CARDS ***
Dealt to Mahu2021 [2s 5h]
Mahu2021: folds 
Uncalled bet (20) returned to borges0903
borges0903 collected 40 from pot
borges0903: doesn't show hand 
*** SUMMARY ***
Total pot 40 | Rake 0 
Seat 2: borges0903 (big blind) collected (40)
Seat 3: Mahu2021 (button) (small blind) folded before Flop



PokerStars Hand #249025364516: Tournament #3719637902, $1.84+$0.16 USD Hold'em No Limit - Level III (20/40) - 2024/02/22 14:32:54 CET [2024/02/22 8:32:54 ET]
Table '3719637902 1' 3-max Seat #2 is the button
Seat 2: borges0903 (404 in chips) 
Seat 3: Mahu2021 (1096 in chips) 
borges0903: posts small blind 20
Mahu2021: posts big blind 40
*** HOLE CARDS ***
Dealt to Mahu2021 [6c 8d]
borges0903: calls 20
Mahu2021: checks 
*** FLOP *** [3c 8h Ac]
Mahu2021: checks 
borges0903: bets 40
Mahu2021: raises 120 to 160
borges0903: folds 
Uncalled bet (120) returned to Mahu2021
Mahu2021 collected 160 from pot
Mahu2021: doesn't show hand 
*** SUMMARY ***
Total pot 160 | Rake 0 
Board [3c 8h Ac]
Seat 2: borges0903 (button) (small blind) folded on the Flop
Seat 3: Mahu2021 (big blind) collected (160)



PokerStars Hand #249025367359: Tournament #3719637902, $1.84+$0.16 USD Hold'em No Limit - Level III (20/40) - 2024/02/22 14:33:08 CET [2024/02/22 8:33:08 ET]
Table '3719637902 1' 3-max Seat #3 is the button
Seat 2: borges0903 (324 in chips) 
Seat 3: Mahu2021 (1176 in chips) 
Mahu2021: posts small blind 20
borges0903: posts big blind 40
*** HOLE CARDS ***
Dealt to Mahu2021 [4h Ac]
Mahu2021: raises 40 to 80
borges0903: folds 
Uncalled bet (40) returned to Mahu2021
Mahu2021 collected 80 from pot
Mahu2021: doesn't show hand 
*** SUMMARY ***
Total pot 80 | Rake 0 
Seat 2: borges0903 (big blind) folded before Flop
Seat 3: Mahu2021 (button) (small blind) collected (80)



PokerStars Hand #249025368569: Tournament #3719637902, $1.84+$0.16 USD Hold'em No Limit - Level III (20/40) - 2024/02/22 14:33:14 CET [2024/02/22 8:33:14 ET]
Table '3719637902 1' 3-max Seat #2 is the button
Seat 2: borges0903 (284 in chips) 
Seat 3: Mahu2021 (1216 in chips) 
borges0903: posts small blind 20
Mahu2021: posts big blind 40
*** HOLE CARDS ***
Dealt to Mahu2021 [5c Qc]
borges0903: raises 244 to 284 and is all-in
Mahu2021: calls 244
*** FLOP *** [8s Qd 3h]
*** TURN *** [8s Qd 3h] [6d]
*** RIVER *** [8s Qd 3h 6d] [Kh]
*** SHOW DOWN ***
Mahu2021: shows [5c Qc] (a pair of Queens)
borges0903: shows [9s As] (high card Ace)
Mahu2021 collected 568 from pot
borges0903 finished the tournament in 2nd place
Mahu2021 wins the tournament and receives $6.00 - congratulations!
*** SUMMARY ***
Total pot 568 | Rake 0 
Board [8s Qd 3h 6d Kh]
Seat 2: borges0903 (button) (small blind) showed [9s As] and lost with high card Ace
Seat 3: Mahu2021 (big blind) showed [5c Qc] and won (568) with a pair of Queens



