PokerStars Hand #252862940513: Tournament #3810444704, $1.84+$0.16 USD Hold'em No Limit - Level I (10/20) - 2024/10/10 21:33:54 CET [2024/10/10 15:33:54 ET]
Table '3810444704 1' 3-max Seat #1 is the button
Seat 1: tomas63mac (500 in chips) 
Seat 2: Robi25092509 (500 in chips) 
Seat 3: Mahu2021 (500 in chips) 
Robi25092509: posts small blind 10
Mahu2021: posts big blind 20
*** HOLE CARDS ***
Dealt to Mahu2021 [2d 4d]
tomas63mac: calls 20
Robi25092509: folds 
Mahu2021: checks 
*** FLOP *** [7s Jd Ad]
Mahu2021: checks 
tomas63mac: checks 
*** TURN *** [7s Jd Ad] [6c]
Mahu2021: checks 
tomas63mac: checks 
*** RIVER *** [7s Jd Ad 6c] [7d]
Mahu2021: bets 480 and is all-in
tomas63mac: folds 
Uncalled bet (480) returned to Mahu2021
Mahu2021 collected 50 from pot
Mahu2021: doesn't show hand 
*** SUMMARY ***
Total pot 50 | Rake 0 
Board [7s Jd Ad 6c 7d]
Seat 1: tomas63mac (button) folded on the River
Seat 2: Robi25092509 (small blind) folded before Flop
Seat 3: Mahu2021 (big blind) collected (50)



PokerStars Hand #252862946215: Tournament #3810444704, $1.84+$0.16 USD Hold'em No Limit - Level I (10/20) - 2024/10/10 21:34:13 CET [2024/10/10 15:34:13 ET]
Table '3810444704 1' 3-max Seat #2 is the button
Seat 1: tomas63mac (480 in chips) 
Seat 2: Robi25092509 (490 in chips) 
Seat 3: Mahu2021 (530 in chips) 
Mahu2021: posts small blind 10
tomas63mac: posts big blind 20
*** HOLE CARDS ***
Dealt to Mahu2021 [4h 4c]
Robi25092509: folds 
Mahu2021: calls 10
tomas63mac: checks 
*** FLOP *** [3h Td Ts]
Mahu2021: bets 20
tomas63mac: folds 
Uncalled bet (20) returned to Mahu2021
Mahu2021 collected 40 from pot
Mahu2021: doesn't show hand 
*** SUMMARY ***
Total pot 40 | Rake 0 
Board [3h Td Ts]
Seat 1: tomas63mac (big blind) folded on the Flop
Seat 2: Robi25092509 (button) folded before Flop (didn't bet)
Seat 3: Mahu2021 (small blind) collected (40)



PokerStars Hand #252862949588: Tournament #3810444704, $1.84+$0.16 USD Hold'em No Limit - Level I (10/20) - 2024/10/10 21:34:24 CET [2024/10/10 15:34:24 ET]
Table '3810444704 1' 3-max Seat #3 is the button
Seat 1: tomas63mac (460 in chips) 
Seat 2: Robi25092509 (490 in chips) 
Seat 3: Mahu2021 (550 in chips) 
tomas63mac: posts small blind 10
Robi25092509: posts big blind 20
*** HOLE CARDS ***
Dealt to Mahu2021 [Ah Ad]
Mahu2021: raises 530 to 550 and is all-in
tomas63mac: folds 
Robi25092509: calls 470 and is all-in
Uncalled bet (60) returned to Mahu2021
*** FLOP *** [7d 4d Js]
*** TURN *** [7d 4d Js] [6s]
*** RIVER *** [7d 4d Js 6s] [Ks]
*** SHOW DOWN ***
Robi25092509: shows [Th As] (high card Ace)
Mahu2021: shows [Ah Ad] (a pair of Aces)
Mahu2021 collected 990 from pot
Robi25092509 finished the tournament in 3rd place
*** SUMMARY ***
Total pot 990 | Rake 0 
Board [7d 4d Js 6s Ks]
Seat 1: tomas63mac (small blind) folded before Flop
Seat 2: Robi25092509 (big blind) showed [Th As] and lost with high card Ace
Seat 3: Mahu2021 (button) showed [Ah Ad] and won (990) with a pair of Aces



PokerStars Hand #252862957051: Tournament #3810444704, $1.84+$0.16 USD Hold'em No Limit - Level I (10/20) - 2024/10/10 21:34:49 CET [2024/10/10 15:34:49 ET]
Table '3810444704 1' 3-max Seat #1 is the button
Seat 1: tomas63mac (450 in chips) 
Seat 3: Mahu2021 (1050 in chips) 
tomas63mac: posts small blind 10
Mahu2021: posts big blind 20
*** HOLE CARDS ***
Dealt to Mahu2021 [Kd Jc]
tomas63mac: calls 10
Mahu2021: raises 60 to 80
tomas63mac: raises 370 to 450 and is all-in
Mahu2021: calls 370
*** FLOP *** [Qh Ad 6s]
*** TURN *** [Qh Ad 6s] [9c]
*** RIVER *** [Qh Ad 6s 9c] [6c]
*** SHOW DOWN ***
Mahu2021: shows [Kd Jc] (a pair of Sixes)
tomas63mac: shows [3h Ac] (two pair, Aces and Sixes)
tomas63mac collected 900 from pot
*** SUMMARY ***
Total pot 900 | Rake 0 
Board [Qh Ad 6s 9c 6c]
Seat 1: tomas63mac (button) (small blind) showed [3h Ac] and won (900) with two pair, Aces and Sixes
Seat 3: Mahu2021 (big blind) showed [Kd Jc] and lost with a pair of Sixes



PokerStars Hand #252862963918: Tournament #3810444704, $1.84+$0.16 USD Hold'em No Limit - Level I (10/20) - 2024/10/10 21:35:12 CET [2024/10/10 15:35:12 ET]
Table '3810444704 1' 3-max Seat #3 is the button
Seat 1: tomas63mac (900 in chips) 
Seat 3: Mahu2021 (600 in chips) 
Mahu2021: posts small blind 10
tomas63mac: posts big blind 20
*** HOLE CARDS ***
Dealt to Mahu2021 [Kc 6d]
Mahu2021: raises 20 to 40
tomas63mac: raises 860 to 900 and is all-in
Mahu2021: folds 
Uncalled bet (860) returned to tomas63mac
tomas63mac collected 80 from pot
*** SUMMARY ***
Total pot 80 | Rake 0 
Seat 1: tomas63mac (big blind) collected (80)
Seat 3: Mahu2021 (button) (small blind) folded before Flop



PokerStars Hand #252862966615: Tournament #3810444704, $1.84+$0.16 USD Hold'em No Limit - Level I (10/20) - 2024/10/10 21:35:20 CET [2024/10/10 15:35:20 ET]
Table '3810444704 1' 3-max Seat #1 is the button
Seat 1: tomas63mac (940 in chips) 
Seat 3: Mahu2021 (560 in chips) 
tomas63mac: posts small blind 10
Mahu2021: posts big blind 20
*** HOLE CARDS ***
Dealt to Mahu2021 [Ac Kd]
tomas63mac: calls 10
Mahu2021: raises 60 to 80
tomas63mac: folds 
Uncalled bet (60) returned to Mahu2021
Mahu2021 collected 40 from pot
Mahu2021: doesn't show hand 
*** SUMMARY ***
Total pot 40 | Rake 0 
Seat 1: tomas63mac (button) (small blind) folded before Flop
Seat 3: Mahu2021 (big blind) collected (40)



PokerStars Hand #252862969136: Tournament #3810444704, $1.84+$0.16 USD Hold'em No Limit - Level I (10/20) - 2024/10/10 21:35:29 CET [2024/10/10 15:35:29 ET]
Table '3810444704 1' 3-max Seat #3 is the button
Seat 1: tomas63mac (920 in chips) 
Seat 3: Mahu2021 (580 in chips) 
Mahu2021: posts small blind 10
tomas63mac: posts big blind 20
*** HOLE CARDS ***
Dealt to Mahu2021 [6c 8d]
Mahu2021: folds 
Uncalled bet (10) returned to tomas63mac
tomas63mac collected 20 from pot
*** SUMMARY ***
Total pot 20 | Rake 0 
Seat 1: tomas63mac (big blind) collected (20)
Seat 3: Mahu2021 (button) (small blind) folded before Flop



PokerStars Hand #252862970444: Tournament #3810444704, $1.84+$0.16 USD Hold'em No Limit - Level I (10/20) - 2024/10/10 21:35:33 CET [2024/10/10 15:35:33 ET]
Table '3810444704 1' 3-max Seat #1 is the button
Seat 1: tomas63mac (930 in chips) 
Seat 3: Mahu2021 (570 in chips) 
tomas63mac: posts small blind 10
Mahu2021: posts big blind 20
*** HOLE CARDS ***
Dealt to Mahu2021 [3s Qc]
tomas63mac: calls 10
Mahu2021: checks 
*** FLOP *** [7h Qh 2s]
Mahu2021: bets 40
tomas63mac: calls 40
*** TURN *** [7h Qh 2s] [Kd]
Mahu2021: bets 40
tomas63mac: calls 40
*** RIVER *** [7h Qh 2s Kd] [3c]
Mahu2021: bets 200
tomas63mac: calls 200
*** SHOW DOWN ***
Mahu2021: shows [3s Qc] (two pair, Queens and Threes)
tomas63mac: mucks hand 
Mahu2021 collected 600 from pot
*** SUMMARY ***
Total pot 600 | Rake 0 
Board [7h Qh 2s Kd 3c]
Seat 1: tomas63mac (button) (small blind) mucked [Qd 9s]
Seat 3: Mahu2021 (big blind) showed [3s Qc] and won (600) with two pair, Queens and Threes



PokerStars Hand #252862975328: Tournament #3810444704, $1.84+$0.16 USD Hold'em No Limit - Level I (10/20) - 2024/10/10 21:35:50 CET [2024/10/10 15:35:50 ET]
Table '3810444704 1' 3-max Seat #3 is the button
Seat 1: tomas63mac (630 in chips) 
Seat 3: Mahu2021 (870 in chips) 
Mahu2021: posts small blind 10
tomas63mac: posts big blind 20
*** HOLE CARDS ***
Dealt to Mahu2021 [8s Kd]
Mahu2021: raises 20 to 40
tomas63mac: calls 20
*** FLOP *** [9h 4s Jc]
tomas63mac: bets 20
Mahu2021: calls 20
*** TURN *** [9h 4s Jc] [Qs]
tomas63mac: bets 20
Mahu2021: calls 20
*** RIVER *** [9h 4s Jc Qs] [Jh]
tomas63mac: bets 20
Mahu2021: calls 20
*** SHOW DOWN ***
tomas63mac: shows [4c Qd] (two pair, Queens and Jacks)
Mahu2021: mucks hand 
tomas63mac collected 200 from pot
*** SUMMARY ***
Total pot 200 | Rake 0 
Board [9h 4s Jc Qs Jh]
Seat 1: tomas63mac (big blind) showed [4c Qd] and won (200) with two pair, Queens and Jacks
Seat 3: Mahu2021 (button) (small blind) mucked [8s Kd]



PokerStars Hand #252862980717: Tournament #3810444704, $1.84+$0.16 USD Hold'em No Limit - Level I (10/20) - 2024/10/10 21:36:07 CET [2024/10/10 15:36:07 ET]
Table '3810444704 1' 3-max Seat #1 is the button
Seat 1: tomas63mac (730 in chips) 
Seat 3: Mahu2021 (770 in chips) 
tomas63mac: posts small blind 10
Mahu2021: posts big blind 20
*** HOLE CARDS ***
Dealt to Mahu2021 [Jd 7c]
tomas63mac: calls 10
Mahu2021: checks 
*** FLOP *** [5c 9d 7h]
Mahu2021: bets 20
tomas63mac: folds 
Uncalled bet (20) returned to Mahu2021
Mahu2021 collected 40 from pot
Mahu2021: doesn't show hand 
*** SUMMARY ***
Total pot 40 | Rake 0 
Board [5c 9d 7h]
Seat 1: tomas63mac (button) (small blind) folded on the Flop
Seat 3: Mahu2021 (big blind) collected (40)



PokerStars Hand #252862984219: Tournament #3810444704, $1.84+$0.16 USD Hold'em No Limit - Level I (10/20) - 2024/10/10 21:36:18 CET [2024/10/10 15:36:18 ET]
Table '3810444704 1' 3-max Seat #3 is the button
Seat 1: tomas63mac (710 in chips) 
Seat 3: Mahu2021 (790 in chips) 
Mahu2021: posts small blind 10
tomas63mac: posts big blind 20
*** HOLE CARDS ***
Dealt to Mahu2021 [Qh 4d]
Mahu2021: raises 20 to 40
tomas63mac: calls 20
*** FLOP *** [3c 8c 6h]
tomas63mac: bets 80
Mahu2021: folds 
Uncalled bet (80) returned to tomas63mac
tomas63mac collected 80 from pot
*** SUMMARY ***
Total pot 80 | Rake 0 
Board [3c 8c 6h]
Seat 1: tomas63mac (big blind) collected (80)
Seat 3: Mahu2021 (button) (small blind) folded on the Flop



PokerStars Hand #252862988257: Tournament #3810444704, $1.84+$0.16 USD Hold'em No Limit - Level I (10/20) - 2024/10/10 21:36:32 CET [2024/10/10 15:36:32 ET]
Table '3810444704 1' 3-max Seat #1 is the button
Seat 1: tomas63mac (750 in chips) 
Seat 3: Mahu2021 (750 in chips) 
tomas63mac: posts small blind 10
Mahu2021: posts big blind 20
*** HOLE CARDS ***
Dealt to Mahu2021 [7h Kc]
tomas63mac: calls 10
Mahu2021: checks 
*** FLOP *** [2d As Kd]
Mahu2021: bets 20
tomas63mac: calls 20
*** TURN *** [2d As Kd] [8d]
Mahu2021: bets 20
tomas63mac: calls 20
*** RIVER *** [2d As Kd 8d] [Jc]
Mahu2021: bets 20
tomas63mac: raises 40 to 60
Mahu2021: calls 40
*** SHOW DOWN ***
tomas63mac: shows [Jd 3s] (a pair of Jacks)
Mahu2021: shows [7h Kc] (a pair of Kings)
Mahu2021 collected 240 from pot
*** SUMMARY ***
Total pot 240 | Rake 0 
Board [2d As Kd 8d Jc]
Seat 1: tomas63mac (button) (small blind) showed [Jd 3s] and lost with a pair of Jacks
Seat 3: Mahu2021 (big blind) showed [7h Kc] and won (240) with a pair of Kings



PokerStars Hand #252862993460: Tournament #3810444704, $1.84+$0.16 USD Hold'em No Limit - Level I (10/20) - 2024/10/10 21:36:49 CET [2024/10/10 15:36:49 ET]
Table '3810444704 1' 3-max Seat #3 is the button
Seat 1: tomas63mac (630 in chips) 
Seat 3: Mahu2021 (870 in chips) 
Mahu2021: posts small blind 10
tomas63mac: posts big blind 20
*** HOLE CARDS ***
Dealt to Mahu2021 [5s 4h]
Mahu2021: calls 10
tomas63mac: checks 
*** FLOP *** [2d Kd 9h]
tomas63mac: checks 
Mahu2021: checks 
*** TURN *** [2d Kd 9h] [Ts]
tomas63mac: checks 
Mahu2021: checks 
*** RIVER *** [2d Kd 9h Ts] [9d]
tomas63mac: checks 
Mahu2021: checks 
*** SHOW DOWN ***
tomas63mac: shows [2h 7s] (two pair, Nines and Deuces)
Mahu2021: mucks hand 
tomas63mac collected 40 from pot
*** SUMMARY ***
Total pot 40 | Rake 0 
Board [2d Kd 9h Ts 9d]
Seat 1: tomas63mac (big blind) showed [2h 7s] and won (40) with two pair, Nines and Deuces
Seat 3: Mahu2021 (button) (small blind) mucked [5s 4h]



PokerStars Hand #252862998168: Tournament #3810444704, $1.84+$0.16 USD Hold'em No Limit - Level II (15/30) - 2024/10/10 21:37:05 CET [2024/10/10 15:37:05 ET]
Table '3810444704 1' 3-max Seat #1 is the button
Seat 1: tomas63mac (650 in chips) 
Seat 3: Mahu2021 (850 in chips) 
tomas63mac: posts small blind 15
Mahu2021: posts big blind 30
*** HOLE CARDS ***
Dealt to Mahu2021 [9s Qh]
tomas63mac: calls 15
Mahu2021: checks 
*** FLOP *** [Td 3c 6h]
Mahu2021: checks 
tomas63mac: checks 
*** TURN *** [Td 3c 6h] [Jd]
Mahu2021: bets 30
tomas63mac: folds 
Uncalled bet (30) returned to Mahu2021
Mahu2021 collected 60 from pot
Mahu2021: doesn't show hand 
*** SUMMARY ***
Total pot 60 | Rake 0 
Board [Td 3c 6h Jd]
Seat 1: tomas63mac (button) (small blind) folded on the Turn
Seat 3: Mahu2021 (big blind) collected (60)



PokerStars Hand #252863003783: Tournament #3810444704, $1.84+$0.16 USD Hold'em No Limit - Level II (15/30) - 2024/10/10 21:37:23 CET [2024/10/10 15:37:23 ET]
Table '3810444704 1' 3-max Seat #3 is the button
Seat 1: tomas63mac (620 in chips) 
Seat 3: Mahu2021 (880 in chips) 
Mahu2021: posts small blind 15
tomas63mac: posts big blind 30
*** HOLE CARDS ***
Dealt to Mahu2021 [Qh 7h]
Mahu2021: raises 30 to 60
tomas63mac: calls 30
*** FLOP *** [8d Jd 4d]
tomas63mac: bets 30
Mahu2021: folds 
Uncalled bet (30) returned to tomas63mac
tomas63mac collected 120 from pot
*** SUMMARY ***
Total pot 120 | Rake 0 
Board [8d Jd 4d]
Seat 1: tomas63mac (big blind) collected (120)
Seat 3: Mahu2021 (button) (small blind) folded on the Flop



PokerStars Hand #252863007284: Tournament #3810444704, $1.84+$0.16 USD Hold'em No Limit - Level II (15/30) - 2024/10/10 21:37:35 CET [2024/10/10 15:37:35 ET]
Table '3810444704 1' 3-max Seat #1 is the button
Seat 1: tomas63mac (680 in chips) 
Seat 3: Mahu2021 (820 in chips) 
tomas63mac: posts small blind 15
Mahu2021: posts big blind 30
*** HOLE CARDS ***
Dealt to Mahu2021 [9h 5d]
tomas63mac: calls 15
Mahu2021: checks 
*** FLOP *** [5s Qc 9c]
Mahu2021: bets 30
tomas63mac: folds 
Uncalled bet (30) returned to Mahu2021
Mahu2021 collected 60 from pot
Mahu2021: doesn't show hand 
*** SUMMARY ***
Total pot 60 | Rake 0 
Board [5s Qc 9c]
Seat 1: tomas63mac (button) (small blind) folded on the Flop
Seat 3: Mahu2021 (big blind) collected (60)



PokerStars Hand #252863010685: Tournament #3810444704, $1.84+$0.16 USD Hold'em No Limit - Level II (15/30) - 2024/10/10 21:37:46 CET [2024/10/10 15:37:46 ET]
Table '3810444704 1' 3-max Seat #3 is the button
Seat 1: tomas63mac (650 in chips) 
Seat 3: Mahu2021 (850 in chips) 
Mahu2021: posts small blind 15
tomas63mac: posts big blind 30
*** HOLE CARDS ***
Dealt to Mahu2021 [Ts 5c]
Mahu2021: folds 
Uncalled bet (15) returned to tomas63mac
tomas63mac collected 30 from pot
*** SUMMARY ***
Total pot 30 | Rake 0 
Seat 1: tomas63mac (big blind) collected (30)
Seat 3: Mahu2021 (button) (small blind) folded before Flop



PokerStars Hand #252863012189: Tournament #3810444704, $1.84+$0.16 USD Hold'em No Limit - Level II (15/30) - 2024/10/10 21:37:51 CET [2024/10/10 15:37:51 ET]
Table '3810444704 1' 3-max Seat #1 is the button
Seat 1: tomas63mac (665 in chips) 
Seat 3: Mahu2021 (835 in chips) 
tomas63mac: posts small blind 15
Mahu2021: posts big blind 30
*** HOLE CARDS ***
Dealt to Mahu2021 [6s Ad]
tomas63mac: raises 30 to 60
Mahu2021: raises 775 to 835 and is all-in
tomas63mac: folds 
Uncalled bet (775) returned to Mahu2021
Mahu2021 collected 120 from pot
Mahu2021: doesn't show hand 
*** SUMMARY ***
Total pot 120 | Rake 0 
Seat 1: tomas63mac (button) (small blind) folded before Flop
Seat 3: Mahu2021 (big blind) collected (120)



PokerStars Hand #252863014494: Tournament #3810444704, $1.84+$0.16 USD Hold'em No Limit - Level II (15/30) - 2024/10/10 21:37:58 CET [2024/10/10 15:37:58 ET]
Table '3810444704 1' 3-max Seat #3 is the button
Seat 1: tomas63mac (605 in chips) 
Seat 3: Mahu2021 (895 in chips) 
Mahu2021: posts small blind 15
tomas63mac: posts big blind 30
*** HOLE CARDS ***
Dealt to Mahu2021 [9d 6c]
Mahu2021: folds 
Uncalled bet (15) returned to tomas63mac
tomas63mac collected 30 from pot
*** SUMMARY ***
Total pot 30 | Rake 0 
Seat 1: tomas63mac (big blind) collected (30)
Seat 3: Mahu2021 (button) (small blind) folded before Flop



PokerStars Hand #252863015747: Tournament #3810444704, $1.84+$0.16 USD Hold'em No Limit - Level II (15/30) - 2024/10/10 21:38:03 CET [2024/10/10 15:38:03 ET]
Table '3810444704 1' 3-max Seat #1 is the button
Seat 1: tomas63mac (620 in chips) 
Seat 3: Mahu2021 (880 in chips) 
tomas63mac: posts small blind 15
Mahu2021: posts big blind 30
*** HOLE CARDS ***
Dealt to Mahu2021 [3d Jd]
tomas63mac: calls 15
Mahu2021: checks 
*** FLOP *** [8d 8s 3c]
Mahu2021: bets 30
tomas63mac: folds 
Uncalled bet (30) returned to Mahu2021
Mahu2021 collected 60 from pot
Mahu2021: doesn't show hand 
*** SUMMARY ***
Total pot 60 | Rake 0 
Board [8d 8s 3c]
Seat 1: tomas63mac (button) (small blind) folded on the Flop
Seat 3: Mahu2021 (big blind) collected (60)



PokerStars Hand #252863020212: Tournament #3810444704, $1.84+$0.16 USD Hold'em No Limit - Level II (15/30) - 2024/10/10 21:38:18 CET [2024/10/10 15:38:18 ET]
Table '3810444704 1' 3-max Seat #3 is the button
Seat 1: tomas63mac (590 in chips) 
Seat 3: Mahu2021 (910 in chips) 
Mahu2021: posts small blind 15
tomas63mac: posts big blind 30
*** HOLE CARDS ***
Dealt to Mahu2021 [Ts Jh]
Mahu2021: raises 30 to 60
tomas63mac: calls 30
*** FLOP *** [Ad 9c 5h]
tomas63mac: checks 
Mahu2021: checks 
*** TURN *** [Ad 9c 5h] [2d]
tomas63mac: bets 30
Mahu2021: calls 30
*** RIVER *** [Ad 9c 5h 2d] [6c]
tomas63mac: bets 30
Mahu2021: folds 
Uncalled bet (30) returned to tomas63mac
tomas63mac collected 180 from pot
*** SUMMARY ***
Total pot 180 | Rake 0 
Board [Ad 9c 5h 2d 6c]
Seat 1: tomas63mac (big blind) collected (180)
Seat 3: Mahu2021 (button) (small blind) folded on the River



PokerStars Hand #252863025378: Tournament #3810444704, $1.84+$0.16 USD Hold'em No Limit - Level II (15/30) - 2024/10/10 21:38:35 CET [2024/10/10 15:38:35 ET]
Table '3810444704 1' 3-max Seat #1 is the button
Seat 1: tomas63mac (680 in chips) 
Seat 3: Mahu2021 (820 in chips) 
tomas63mac: posts small blind 15
Mahu2021: posts big blind 30
*** HOLE CARDS ***
Dealt to Mahu2021 [6d 6h]
tomas63mac: calls 15
Mahu2021: raises 790 to 820 and is all-in
tomas63mac: folds 
Uncalled bet (790) returned to Mahu2021
Mahu2021 collected 60 from pot
Mahu2021: doesn't show hand 
*** SUMMARY ***
Total pot 60 | Rake 0 
Seat 1: tomas63mac (button) (small blind) folded before Flop
Seat 3: Mahu2021 (big blind) collected (60)



PokerStars Hand #252863027653: Tournament #3810444704, $1.84+$0.16 USD Hold'em No Limit - Level II (15/30) - 2024/10/10 21:38:42 CET [2024/10/10 15:38:42 ET]
Table '3810444704 1' 3-max Seat #3 is the button
Seat 1: tomas63mac (650 in chips) 
Seat 3: Mahu2021 (850 in chips) 
Mahu2021: posts small blind 15
tomas63mac: posts big blind 30
*** HOLE CARDS ***
Dealt to Mahu2021 [4c 6s]
Mahu2021: calls 15
tomas63mac: checks 
*** FLOP *** [Ks Jc 2d]
tomas63mac: checks 
Mahu2021: bets 30
tomas63mac: folds 
Uncalled bet (30) returned to Mahu2021
Mahu2021 collected 60 from pot
Mahu2021: doesn't show hand 
*** SUMMARY ***
Total pot 60 | Rake 0 
Board [Ks Jc 2d]
Seat 1: tomas63mac (big blind) folded on the Flop
Seat 3: Mahu2021 (button) (small blind) collected (60)



PokerStars Hand #252863030790: Tournament #3810444704, $1.84+$0.16 USD Hold'em No Limit - Level II (15/30) - 2024/10/10 21:38:52 CET [2024/10/10 15:38:52 ET]
Table '3810444704 1' 3-max Seat #1 is the button
Seat 1: tomas63mac (620 in chips) 
Seat 3: Mahu2021 (880 in chips) 
tomas63mac: posts small blind 15
Mahu2021: posts big blind 30
*** HOLE CARDS ***
Dealt to Mahu2021 [Ks 4h]
tomas63mac: calls 15
Mahu2021: checks 
*** FLOP *** [9s 3s 8s]
Mahu2021: bets 30
tomas63mac: folds 
Uncalled bet (30) returned to Mahu2021
Mahu2021 collected 60 from pot
Mahu2021: doesn't show hand 
*** SUMMARY ***
Total pot 60 | Rake 0 
Board [9s 3s 8s]
Seat 1: tomas63mac (button) (small blind) folded on the Flop
Seat 3: Mahu2021 (big blind) collected (60)



PokerStars Hand #252863033796: Tournament #3810444704, $1.84+$0.16 USD Hold'em No Limit - Level II (15/30) - 2024/10/10 21:39:02 CET [2024/10/10 15:39:02 ET]
Table '3810444704 1' 3-max Seat #3 is the button
Seat 1: tomas63mac (590 in chips) 
Seat 3: Mahu2021 (910 in chips) 
Mahu2021: posts small blind 15
tomas63mac: posts big blind 30
*** HOLE CARDS ***
Dealt to Mahu2021 [Ac Ad]
Mahu2021: raises 880 to 910 and is all-in
tomas63mac: folds 
Uncalled bet (880) returned to Mahu2021
Mahu2021 collected 60 from pot
Mahu2021: doesn't show hand 
*** SUMMARY ***
Total pot 60 | Rake 0 
Seat 1: tomas63mac (big blind) folded before Flop
Seat 3: Mahu2021 (button) (small blind) collected (60)



PokerStars Hand #252863035716: Tournament #3810444704, $1.84+$0.16 USD Hold'em No Limit - Level II (15/30) - 2024/10/10 21:39:09 CET [2024/10/10 15:39:09 ET]
Table '3810444704 1' 3-max Seat #1 is the button
Seat 1: tomas63mac (560 in chips) 
Seat 3: Mahu2021 (940 in chips) 
tomas63mac: posts small blind 15
Mahu2021: posts big blind 30
*** HOLE CARDS ***
Dealt to Mahu2021 [Ad 9c]
tomas63mac: raises 30 to 60
Mahu2021: raises 880 to 940 and is all-in
tomas63mac: calls 500 and is all-in
Uncalled bet (380) returned to Mahu2021
*** FLOP *** [Ts 3c Ah]
*** TURN *** [Ts 3c Ah] [Jd]
*** RIVER *** [Ts 3c Ah Jd] [Qc]
*** SHOW DOWN ***
Mahu2021: shows [Ad 9c] (a pair of Aces)
tomas63mac: shows [4d Kd] (a straight, Ten to Ace)
tomas63mac collected 1120 from pot
*** SUMMARY ***
Total pot 1120 | Rake 0 
Board [Ts 3c Ah Jd Qc]
Seat 1: tomas63mac (button) (small blind) showed [4d Kd] and won (1120) with a straight, Ten to Ace
Seat 3: Mahu2021 (big blind) showed [Ad 9c] and lost with a pair of Aces



PokerStars Hand #252863040253: Tournament #3810444704, $1.84+$0.16 USD Hold'em No Limit - Level II (15/30) - 2024/10/10 21:39:23 CET [2024/10/10 15:39:23 ET]
Table '3810444704 1' 3-max Seat #3 is the button
Seat 1: tomas63mac (1120 in chips) 
Seat 3: Mahu2021 (380 in chips) 
Mahu2021: posts small blind 15
tomas63mac: posts big blind 30
*** HOLE CARDS ***
Dealt to Mahu2021 [6h Kh]
Mahu2021: raises 350 to 380 and is all-in
tomas63mac: folds 
Uncalled bet (350) returned to Mahu2021
Mahu2021 collected 60 from pot
Mahu2021: doesn't show hand 
*** SUMMARY ***
Total pot 60 | Rake 0 
Seat 1: tomas63mac (big blind) folded before Flop
Seat 3: Mahu2021 (button) (small blind) collected (60)



PokerStars Hand #252863042162: Tournament #3810444704, $1.84+$0.16 USD Hold'em No Limit - Level II (15/30) - 2024/10/10 21:39:30 CET [2024/10/10 15:39:30 ET]
Table '3810444704 1' 3-max Seat #1 is the button
Seat 1: tomas63mac (1090 in chips) 
Seat 3: Mahu2021 (410 in chips) 
tomas63mac: posts small blind 15
Mahu2021: posts big blind 30
*** HOLE CARDS ***
Dealt to Mahu2021 [9c Kc]
tomas63mac: calls 15
Mahu2021: checks 
*** FLOP *** [5s Qs Td]
Mahu2021: checks 
tomas63mac: checks 
*** TURN *** [5s Qs Td] [2d]
Mahu2021: bets 30
tomas63mac: folds 
Uncalled bet (30) returned to Mahu2021
Mahu2021 collected 60 from pot
Mahu2021: doesn't show hand 
*** SUMMARY ***
Total pot 60 | Rake 0 
Board [5s Qs Td 2d]
Seat 1: tomas63mac (button) (small blind) folded on the Turn
Seat 3: Mahu2021 (big blind) collected (60)



PokerStars Hand #252863046027: Tournament #3810444704, $1.84+$0.16 USD Hold'em No Limit - Level II (15/30) - 2024/10/10 21:39:43 CET [2024/10/10 15:39:43 ET]
Table '3810444704 1' 3-max Seat #3 is the button
Seat 1: tomas63mac (1060 in chips) 
Seat 3: Mahu2021 (440 in chips) 
Mahu2021: posts small blind 15
tomas63mac: posts big blind 30
*** HOLE CARDS ***
Dealt to Mahu2021 [Ks 9s]
Mahu2021: raises 30 to 60
tomas63mac: raises 60 to 120
Mahu2021: calls 60
*** FLOP *** [As Ac Jh]
tomas63mac: bets 60
Mahu2021: calls 60
*** TURN *** [As Ac Jh] [6s]
tomas63mac: bets 60
Mahu2021: raises 200 to 260 and is all-in
tomas63mac: calls 200
*** RIVER *** [As Ac Jh 6s] [2d]
*** SHOW DOWN ***
tomas63mac: shows [Qd Qs] (two pair, Aces and Queens)
Mahu2021: shows [Ks 9s] (a pair of Aces)
tomas63mac collected 880 from pot
Mahu2021 finished the tournament in 2nd place
tomas63mac wins the tournament and receives $6.00 - congratulations!
*** SUMMARY ***
Total pot 880 | Rake 0 
Board [As Ac Jh 6s 2d]
Seat 1: tomas63mac (big blind) showed [Qd Qs] and won (880) with two pair, Aces and Queens
Seat 3: Mahu2021 (button) (small blind) showed [Ks 9s] and lost with a pair of Aces



