PokerStars Hand #248386516288: Tournament #3703756964, $1.84+$0.16 USD Hold'em No Limit - Level I (10/20) - 2024/01/20 12:40:26 CET [2024/01/20 6:40:26 ET]
Table '3703756964 1' 3-max Seat #1 is the button
Seat 1: Mahu2021 (500 in chips) 
Seat 2: Trible_four (500 in chips) 
Seat 3: JAWS197909 (500 in chips) 
Trible_four: posts small blind 10
JAWS197909: posts big blind 20
*** HOLE CARDS ***
Dealt to Mahu2021 [Th 3c]
Mahu2021: folds 
Trible_four: folds 
Uncalled bet (10) returned to JAWS197909
JAWS197909 collected 20 from pot
*** SUMMARY ***
Total pot 20 | Rake 0 
Seat 1: Mahu2021 (button) folded before Flop (didn't bet)
Seat 2: Trible_four (small blind) folded before Flop
Seat 3: JAWS197909 (big blind) collected (20)



PokerStars Hand #248386518462: Tournament #3703756964, $1.84+$0.16 USD Hold'em No Limit - Level I (10/20) - 2024/01/20 12:40:37 CET [2024/01/20 6:40:37 ET]
Table '3703756964 1' 3-max Seat #2 is the button
Seat 1: Mahu2021 (500 in chips) 
Seat 2: Trible_four (490 in chips) 
Seat 3: JAWS197909 (510 in chips) 
JAWS197909: posts small blind 10
Mahu2021: posts big blind 20
*** HOLE CARDS ***
Dealt to Mahu2021 [8d 9c]
Trible_four: raises 40 to 60
JAWS197909: calls 50
Mahu2021: calls 40
*** FLOP *** [5d Ts Qd]
JAWS197909: checks 
Mahu2021: checks 
Trible_four: checks 
*** TURN *** [5d Ts Qd] [2s]
JAWS197909: checks 
Mahu2021: checks 
Trible_four: checks 
*** RIVER *** [5d Ts Qd 2s] [5c]
JAWS197909: checks 
Mahu2021: checks 
Trible_four: bets 90
JAWS197909: folds 
Mahu2021: folds 
Uncalled bet (90) returned to Trible_four
Trible_four collected 180 from pot
*** SUMMARY ***
Total pot 180 | Rake 0 
Board [5d Ts Qd 2s 5c]
Seat 1: Mahu2021 (big blind) folded on the River
Seat 2: Trible_four (button) collected (180)
Seat 3: JAWS197909 (small blind) folded on the River



PokerStars Hand #248386525777: Tournament #3703756964, $1.84+$0.16 USD Hold'em No Limit - Level I (10/20) - 2024/01/20 12:41:16 CET [2024/01/20 6:41:16 ET]
Table '3703756964 1' 3-max Seat #3 is the button
Seat 1: Mahu2021 (440 in chips) 
Seat 2: Trible_four (610 in chips) 
Seat 3: JAWS197909 (450 in chips) 
Mahu2021: posts small blind 10
Trible_four: posts big blind 20
*** HOLE CARDS ***
Dealt to Mahu2021 [8d Jd]
JAWS197909: raises 50 to 70
Mahu2021: folds 
Trible_four: folds 
Uncalled bet (50) returned to JAWS197909
JAWS197909 collected 50 from pot
*** SUMMARY ***
Total pot 50 | Rake 0 
Seat 1: Mahu2021 (small blind) folded before Flop
Seat 2: Trible_four (big blind) folded before Flop
Seat 3: JAWS197909 (button) collected (50)



PokerStars Hand #248386528026: Tournament #3703756964, $1.84+$0.16 USD Hold'em No Limit - Level I (10/20) - 2024/01/20 12:41:28 CET [2024/01/20 6:41:28 ET]
Table '3703756964 1' 3-max Seat #1 is the button
Seat 1: Mahu2021 (430 in chips) 
Seat 2: Trible_four (590 in chips) 
Seat 3: JAWS197909 (480 in chips) 
Trible_four: posts small blind 10
JAWS197909: posts big blind 20
*** HOLE CARDS ***
Dealt to Mahu2021 [2d Qd]
Mahu2021: folds 
Trible_four: calls 10
JAWS197909: raises 80 to 100
Trible_four: folds 
Uncalled bet (80) returned to JAWS197909
JAWS197909 collected 40 from pot
*** SUMMARY ***
Total pot 40 | Rake 0 
Seat 1: Mahu2021 (button) folded before Flop (didn't bet)
Seat 2: Trible_four (small blind) folded before Flop
Seat 3: JAWS197909 (big blind) collected (40)



PokerStars Hand #248386531464: Tournament #3703756964, $1.84+$0.16 USD Hold'em No Limit - Level I (10/20) - 2024/01/20 12:41:46 CET [2024/01/20 6:41:46 ET]
Table '3703756964 1' 3-max Seat #2 is the button
Seat 1: Mahu2021 (430 in chips) 
Seat 2: Trible_four (570 in chips) 
Seat 3: JAWS197909 (500 in chips) 
JAWS197909: posts small blind 10
Mahu2021: posts big blind 20
*** HOLE CARDS ***
Dealt to Mahu2021 [Jh Kc]
Trible_four: folds 
JAWS197909: raises 80 to 100
Mahu2021: calls 80
*** FLOP *** [8c 5d 2d]
JAWS197909: bets 400 and is all-in
Mahu2021: calls 330 and is all-in
Uncalled bet (70) returned to JAWS197909
*** TURN *** [8c 5d 2d] [4s]
*** RIVER *** [8c 5d 2d 4s] [Kd]
*** SHOW DOWN ***
JAWS197909: shows [Qh Jd] (high card King)
Mahu2021: shows [Jh Kc] (a pair of Kings)
Mahu2021 collected 860 from pot
*** SUMMARY ***
Total pot 860 | Rake 0 
Board [8c 5d 2d 4s Kd]
Seat 1: Mahu2021 (big blind) showed [Jh Kc] and won (860) with a pair of Kings
Seat 2: Trible_four (button) folded before Flop (didn't bet)
Seat 3: JAWS197909 (small blind) showed [Qh Jd] and lost with high card King



PokerStars Hand #248386536793: Tournament #3703756964, $1.84+$0.16 USD Hold'em No Limit - Level I (10/20) - 2024/01/20 12:42:15 CET [2024/01/20 6:42:15 ET]
Table '3703756964 1' 3-max Seat #3 is the button
Seat 1: Mahu2021 (860 in chips) 
Seat 2: Trible_four (570 in chips) 
Seat 3: JAWS197909 (70 in chips) 
Mahu2021: posts small blind 10
Trible_four: posts big blind 20
*** HOLE CARDS ***
Dealt to Mahu2021 [Ah Ts]
JAWS197909: raises 50 to 70 and is all-in
Mahu2021: calls 60
Trible_four: folds 
*** FLOP *** [4d 5s 4s]
*** TURN *** [4d 5s 4s] [6s]
*** RIVER *** [4d 5s 4s 6s] [Jd]
*** SHOW DOWN ***
Mahu2021: shows [Ah Ts] (a pair of Fours)
JAWS197909: shows [Qs Tc] (a pair of Fours - lower kicker)
Mahu2021 collected 160 from pot
JAWS197909 finished the tournament in 3rd place
*** SUMMARY ***
Total pot 160 | Rake 0 
Board [4d 5s 4s 6s Jd]
Seat 1: Mahu2021 (small blind) showed [Ah Ts] and won (160) with a pair of Fours
Seat 2: Trible_four (big blind) folded before Flop
Seat 3: JAWS197909 (button) showed [Qs Tc] and lost with a pair of Fours



PokerStars Hand #248386540311: Tournament #3703756964, $1.84+$0.16 USD Hold'em No Limit - Level II (15/30) - 2024/01/20 12:42:34 CET [2024/01/20 6:42:34 ET]
Table '3703756964 1' 3-max Seat #2 is the button
Seat 1: Mahu2021 (950 in chips) 
Seat 2: Trible_four (550 in chips) 
Trible_four: posts small blind 15
Mahu2021: posts big blind 30
*** HOLE CARDS ***
Dealt to Mahu2021 [Qs 2d]
Trible_four: folds 
Uncalled bet (15) returned to Mahu2021
Mahu2021 collected 30 from pot
Mahu2021: doesn't show hand 
*** SUMMARY ***
Total pot 30 | Rake 0 
Seat 1: Mahu2021 (big blind) collected (30)
Seat 2: Trible_four (button) (small blind) folded before Flop



PokerStars Hand #248386541351: Tournament #3703756964, $1.84+$0.16 USD Hold'em No Limit - Level II (15/30) - 2024/01/20 12:42:39 CET [2024/01/20 6:42:39 ET]
Table '3703756964 1' 3-max Seat #1 is the button
Seat 1: Mahu2021 (965 in chips) 
Seat 2: Trible_four (535 in chips) 
Mahu2021: posts small blind 15
Trible_four: posts big blind 30
*** HOLE CARDS ***
Dealt to Mahu2021 [Ac 7c]
Mahu2021: raises 60 to 90
Trible_four: raises 445 to 535 and is all-in
Mahu2021: calls 445
*** FLOP *** [Th Jc 9h]
*** TURN *** [Th Jc 9h] [5c]
*** RIVER *** [Th Jc 9h 5c] [Qc]
*** SHOW DOWN ***
Trible_four: shows [Kh 9c] (a straight, Nine to King)
Mahu2021: shows [Ac 7c] (a flush, Ace high)
Mahu2021 collected 1070 from pot
Trible_four finished the tournament in 2nd place
Mahu2021 wins the tournament and receives $4.00 - congratulations!
*** SUMMARY ***
Total pot 1070 | Rake 0 
Board [Th Jc 9h 5c Qc]
Seat 1: Mahu2021 (button) (small blind) showed [Ac 7c] and won (1070) with a flush, Ace high
Seat 2: Trible_four (big blind) showed [Kh 9c] and lost with a straight, Nine to King



