PokerStars Hand #242941113818: Tournament #3573554776, $0.92+$0.08 USD Hold'em No Limit - Level I (10/20) - 2023/04/07 15:36:00 CET [2023/04/07 9:36:00 ET]
Table '3573554776 1' 3-max Seat #1 is the button
Seat 1: Mahu2021 (500 in chips) 
Seat 2: Bad-Mercer (500 in chips) 
Seat 3: xxpomxx1 (500 in chips) 
Bad-Mercer: posts small blind 10
xxpomxx1: posts big blind 20
*** HOLE CARDS ***
Dealt to Mahu2021 [4c Qs]
Mahu2021: folds 
Bad-Mercer: calls 10
xxpomxx1: checks 
*** FLOP *** [7h 9h 5s]
Bad-Mercer: checks 
xxpomxx1: checks 
*** TURN *** [7h 9h 5s] [8d]
Bad-Mercer: checks 
xxpomxx1: bets 40
Bad-Mercer: folds 
Uncalled bet (40) returned to xxpomxx1
xxpomxx1 collected 40 from pot
xxpomxx1: doesn't show hand 
*** SUMMARY ***
Total pot 40 | Rake 0 
Board [7h 9h 5s 8d]
Seat 1: Mahu2021 (button) folded before Flop (didn't bet)
Seat 2: Bad-Mercer (small blind) folded on the Turn
Seat 3: xxpomxx1 (big blind) collected (40)



PokerStars Hand #242941121002: Tournament #3573554776, $0.92+$0.08 USD Hold'em No Limit - Level I (10/20) - 2023/04/07 15:36:30 CET [2023/04/07 9:36:30 ET]
Table '3573554776 1' 3-max Seat #2 is the button
Seat 1: Mahu2021 (500 in chips) 
Seat 2: Bad-Mercer (480 in chips) 
Seat 3: xxpomxx1 (520 in chips) 
xxpomxx1: posts small blind 10
Mahu2021: posts big blind 20
*** HOLE CARDS ***
Dealt to Mahu2021 [Jc 6d]
Bad-Mercer: calls 20
xxpomxx1: calls 10
Mahu2021: checks 
*** FLOP *** [8h Qc Td]
xxpomxx1: bets 40
Mahu2021: calls 40
Bad-Mercer: calls 40
*** TURN *** [8h Qc Td] [9c]
xxpomxx1: bets 40
Mahu2021: calls 40
Bad-Mercer: calls 40
*** RIVER *** [8h Qc Td 9c] [3d]
xxpomxx1: bets 420 and is all-in
Mahu2021: calls 400 and is all-in
Bad-Mercer: calls 380 and is all-in
Uncalled bet (20) returned to xxpomxx1
*** SHOW DOWN ***
xxpomxx1: shows [Jd Kh] (a straight, Nine to King)
Mahu2021: shows [Jc 6d] (a straight, Eight to Queen)
xxpomxx1 collected 40 from side pot
Bad-Mercer: shows [Js Tc] (a straight, Eight to Queen)
xxpomxx1 collected 1440 from main pot
Mahu2021 finished the tournament in 2nd place
Bad-Mercer finished the tournament in 3rd place
xxpomxx1 wins the tournament and receives $2.00 - congratulations!
*** SUMMARY ***
Total pot 1480 Main pot 1440. Side pot 40. | Rake 0 
Board [8h Qc Td 9c 3d]
Seat 1: Mahu2021 (big blind) showed [Jc 6d] and lost with a straight, Eight to Queen
Seat 2: Bad-Mercer (button) showed [Js Tc] and lost with a straight, Eight to Queen
Seat 3: xxpomxx1 (small blind) showed [Jd Kh] and won (1480) with a straight, Nine to King



