PokerStars Zoom Hand #255015104019:  Hold'em No Limit ($0.05/$0.10) - 2025/02/24 9:39:56 CET [2025/02/24 3:39:56 ET]
Table 'Aludra' 6-max Seat #1 is the button
Seat 1: BigfootWwa ($11.57 in chips) 
Seat 2: eriktnt ($11.25 in chips) 
Seat 3: Mahu2021 ($10 in chips) 
Seat 4: cz83 ($11.37 in chips) 
Seat 5: perttix ($10 in chips) 
Seat 6: Gatzin ($14.08 in chips) 
eriktnt: posts small blind $0.05
Mahu2021: posts big blind $0.10
*** HOLE CARDS ***
Dealt to Mahu2021 [9d Js]
cz83: calls $0.10
perttix: folds 
Gatzin: folds 
BigfootWwa: folds 
eriktnt: folds 
Mahu2021: raises $0.20 to $0.30
cz83: raises $1.20 to $1.50
Mahu2021: folds 
Uncalled bet ($1.20) returned to cz83
cz83 collected $0.65 from pot
cz83: doesn't show hand 
*** SUMMARY ***
Total pot $0.65 | Rake $0 
Seat 1: BigfootWwa (button) folded before Flop (didn't bet)
Seat 2: eriktnt (small blind) folded before Flop
Seat 3: Mahu2021 (big blind) folded before Flop
Seat 4: cz83 collected ($0.65)
Seat 5: perttix folded before Flop (didn't bet)
Seat 6: Gatzin folded before Flop (didn't bet)



PokerStars Zoom Hand #255015106144:  Hold'em No Limit ($0.05/$0.10) - 2025/02/24 9:40:24 CET [2025/02/24 3:40:24 ET]
Table 'Aludra' 6-max Seat #1 is the button
Seat 1: Mahu2021 ($9.70 in chips) 
Seat 2: W1ffle ($10.41 in chips) 
Seat 3: Schtoogy ($15.29 in chips) 
Seat 4: eriktnt ($10.33 in chips) 
Seat 5: BigfootWwa ($11.57 in chips) 
Seat 6: molras88 ($10 in chips) 
W1ffle: posts small blind $0.05
Schtoogy: posts big blind $0.10
*** HOLE CARDS ***
Dealt to Mahu2021 [8s Kh]
eriktnt: folds 
BigfootWwa: folds 
molras88: raises $0.12 to $0.22
Mahu2021: folds 
W1ffle: folds 
Schtoogy: folds 
Uncalled bet ($0.12) returned to molras88
molras88 collected $0.25 from pot
molras88: doesn't show hand 
*** SUMMARY ***
Total pot $0.25 | Rake $0 
Seat 1: Mahu2021 (button) folded before Flop (didn't bet)
Seat 2: W1ffle (small blind) folded before Flop
Seat 3: Schtoogy (big blind) folded before Flop
Seat 4: eriktnt folded before Flop (didn't bet)
Seat 5: BigfootWwa folded before Flop (didn't bet)
Seat 6: molras88 collected ($0.25)



PokerStars Zoom Hand #255015107075:  Hold'em No Limit ($0.05/$0.10) - 2025/02/24 9:40:36 CET [2025/02/24 3:40:36 ET]
Table 'Aludra' 6-max Seat #1 is the button
Seat 1: Poklrll02 ($24.63 in chips) 
Seat 2: cz83 ($10 in chips) 
Seat 3: Gimme63 ($5.76 in chips) 
Seat 4: Mahu2021 ($9.65 in chips) 
Seat 5: W1ffle ($10 in chips) 
Seat 6: Artysa ($8.78 in chips) 
cz83: posts small blind $0.05
Gimme63: posts big blind $0.10
*** HOLE CARDS ***
Dealt to Mahu2021 [Js 6s]
Mahu2021: folds 
W1ffle: folds 
Artysa: folds 
Poklrll02: folds 
cz83: folds 
Uncalled bet ($0.05) returned to Gimme63
Gimme63 collected $0.10 from pot
Gimme63: doesn't show hand 
*** SUMMARY ***
Total pot $0.10 | Rake $0 
Seat 1: Poklrll02 (button) folded before Flop (didn't bet)
Seat 2: cz83 (small blind) folded before Flop
Seat 3: Gimme63 (big blind) collected ($0.10)
Seat 4: Mahu2021 folded before Flop (didn't bet)
Seat 5: W1ffle folded before Flop (didn't bet)
Seat 6: Artysa folded before Flop (didn't bet)



PokerStars Zoom Hand #255015106418:  Hold'em No Limit ($0.05/$0.10) - 2025/02/24 9:40:28 CET [2025/02/24 3:40:28 ET]
Table 'Aludra' 6-max Seat #1 is the button
Seat 1: perttix ($18.54 in chips) 
Seat 2: Mahu2021 ($9.70 in chips) 
Seat 3: Mallardz ($10 in chips) 
Seat 4: eriktnt ($10.33 in chips) 
Seat 5: kufufu ($11.01 in chips) 
Seat 6: Gimme63 ($5.76 in chips) 
Mahu2021: posts small blind $0.05
Mallardz: posts big blind $0.10
*** HOLE CARDS ***
Dealt to Mahu2021 [4s Ts]
eriktnt: folds 
kufufu: folds 
Gimme63: folds 
perttix: raises $0.10 to $0.20
Mahu2021: folds 
Mallardz: raises $0.90 to $1.10
perttix: folds 
Uncalled bet ($0.90) returned to Mallardz
Mallardz collected $0.45 from pot
Mallardz: doesn't show hand 
*** SUMMARY ***
Total pot $0.45 | Rake $0 
Seat 1: perttix (button) folded before Flop
Seat 2: Mahu2021 (small blind) folded before Flop
Seat 3: Mallardz (big blind) collected ($0.45)
Seat 4: eriktnt folded before Flop (didn't bet)
Seat 5: kufufu folded before Flop (didn't bet)
Seat 6: Gimme63 folded before Flop (didn't bet)



PokerStars Zoom Hand #255015108279:  Hold'em No Limit ($0.05/$0.10) - 2025/02/24 9:40:52 CET [2025/02/24 3:40:52 ET]
Table 'Aludra' 6-max Seat #1 is the button
Seat 1: Mallardz ($10 in chips) 
Seat 2: Mahu2021 ($9.65 in chips) 
Seat 3: Poklrll02 ($32.96 in chips) 
Seat 4: investor2ne1 ($5.54 in chips) 
Seat 5: perttix ($10 in chips) 
Seat 6: cz83 ($10 in chips) 
Mahu2021: posts small blind $0.05
Poklrll02: posts big blind $0.10
*** HOLE CARDS ***
Dealt to Mahu2021 [6h 9c]
investor2ne1: raises $0.10 to $0.20
perttix: folds 
cz83: folds 
Mallardz: folds 
Mahu2021: folds 
Poklrll02: folds 
Uncalled bet ($0.10) returned to investor2ne1
investor2ne1 collected $0.25 from pot
investor2ne1: doesn't show hand 
*** SUMMARY ***
Total pot $0.25 | Rake $0 
Seat 1: Mallardz (button) folded before Flop (didn't bet)
Seat 2: Mahu2021 (small blind) folded before Flop
Seat 3: Poklrll02 (big blind) folded before Flop
Seat 4: investor2ne1 collected ($0.25)
Seat 5: perttix folded before Flop (didn't bet)
Seat 6: cz83 folded before Flop (didn't bet)



PokerStars Zoom Hand #255015108023:  Hold'em No Limit ($0.05/$0.10) - 2025/02/24 9:40:49 CET [2025/02/24 3:40:49 ET]
Table 'Aludra' 6-max Seat #1 is the button
Seat 1: BigfootWwa ($11.52 in chips) 
Seat 2: W1ffle ($10 in chips) 
Seat 3: SimoDa39 ($10.51 in chips) 
Seat 4: merc49201 ($21.88 in chips) 
Seat 5: cz83 ($10 in chips) 
Seat 6: Mahu2021 ($9.65 in chips) 
W1ffle: posts small blind $0.05
SimoDa39: posts big blind $0.10
*** HOLE CARDS ***
Dealt to Mahu2021 [4c 5d]
merc49201: folds 
cz83: folds 
Mahu2021: folds 
BigfootWwa: raises $0.15 to $0.25
W1ffle: folds 
SimoDa39: folds 
Uncalled bet ($0.15) returned to BigfootWwa
BigfootWwa collected $0.25 from pot
BigfootWwa: doesn't show hand 
*** SUMMARY ***
Total pot $0.25 | Rake $0 
Seat 1: BigfootWwa (button) collected ($0.25)
Seat 2: W1ffle (small blind) folded before Flop
Seat 3: SimoDa39 (big blind) folded before Flop
Seat 4: merc49201 folded before Flop (didn't bet)
Seat 5: cz83 folded before Flop (didn't bet)
Seat 6: Mahu2021 folded before Flop (didn't bet)



PokerStars Zoom Hand #255015108632:  Hold'em No Limit ($0.05/$0.10) - 2025/02/24 9:40:57 CET [2025/02/24 3:40:57 ET]
Table 'Aludra' 6-max Seat #1 is the button
Seat 1: Mahu2021 ($9.60 in chips) 
Seat 2: Gimme63 ($5.81 in chips) 
Seat 3: chambolle1991 ($11.67 in chips) 
Seat 4: cz83 ($10 in chips) 
Seat 5: W1ffle ($10.41 in chips) 
Seat 6: Mallardz ($10 in chips) 
Gimme63: posts small blind $0.05
chambolle1991: posts big blind $0.10
*** HOLE CARDS ***
Dealt to Mahu2021 [5c 3c]
cz83: folds 
W1ffle: folds 
Mallardz: raises $0.15 to $0.25
Mahu2021: folds 
Gimme63: folds 
chambolle1991: raises $0.55 to $0.80
Mallardz: folds 
Uncalled bet ($0.55) returned to chambolle1991
chambolle1991 collected $0.55 from pot
chambolle1991: doesn't show hand 
*** SUMMARY ***
Total pot $0.55 | Rake $0 
Seat 1: Mahu2021 (button) folded before Flop (didn't bet)
Seat 2: Gimme63 (small blind) folded before Flop
Seat 3: chambolle1991 (big blind) collected ($0.55)
Seat 4: cz83 folded before Flop (didn't bet)
Seat 5: W1ffle folded before Flop (didn't bet)
Seat 6: Mallardz folded before Flop



PokerStars Zoom Hand #255015108849:  Hold'em No Limit ($0.05/$0.10) - 2025/02/24 9:40:59 CET [2025/02/24 3:40:59 ET]
Table 'Aludra' 6-max Seat #1 is the button
Seat 1: W1ffle ($10 in chips) 
Seat 2: colin1945 ($2.40 in chips) 
Seat 3: Mahu2021 ($9.60 in chips) 
Seat 4: merc49201 ($21.88 in chips) 
Seat 5: cz83 ($10 in chips) 
Seat 6: perttix ($12.76 in chips) 
colin1945: posts small blind $0.05
Mahu2021: posts big blind $0.10
*** HOLE CARDS ***
Dealt to Mahu2021 [6h 3h]
merc49201: folds 
cz83: folds 
perttix: folds 
W1ffle: raises $0.15 to $0.25
colin1945: folds 
Mahu2021: calls $0.15
*** FLOP *** [5h 6c 3s]
Mahu2021: checks 
W1ffle: checks 
*** TURN *** [5h 6c 3s] [As]
Mahu2021: checks 
W1ffle: bets $0.40
Mahu2021: calls $0.40
*** RIVER *** [5h 6c 3s As] [Td]
Mahu2021: checks 
W1ffle: bets $0.97
Mahu2021: calls $0.97
*** SHOW DOWN ***
W1ffle: shows [Ad Qc] (a pair of Aces)
Mahu2021: shows [6h 3h] (two pair, Sixes and Threes)
Mahu2021 collected $3.14 from pot
*** SUMMARY ***
Total pot $3.29 | Rake $0.15 
Board [5h 6c 3s As Td]
Seat 1: W1ffle (button) showed [Ad Qc] and lost with a pair of Aces
Seat 2: colin1945 (small blind) folded before Flop
Seat 3: Mahu2021 (big blind) showed [6h 3h] and won ($3.14) with two pair, Sixes and Threes
Seat 4: merc49201 folded before Flop (didn't bet)
Seat 5: cz83 folded before Flop (didn't bet)
Seat 6: perttix folded before Flop (didn't bet)



