PokerStars Hand #243265577475: Tournament #3581505742, $0.92+$0.08 USD Hold'em No Limit - Level I (10/20) - 2023/04/23 13:17:25 CET [2023/04/23 7:17:25 ET]
Table '3581505742 1' 3-max Seat #1 is the button
Seat 1: Mahu2021 (500 in chips) 
Seat 2: alexsbos (500 in chips) 
Seat 3: FredonPok (500 in chips) 
alexsbos: posts small blind 10
FredonPok: posts big blind 20
*** HOLE CARDS ***
Dealt to Mahu2021 [2d 8d]
Mahu2021: folds 
alexsbos: calls 10
FredonPok: checks 
*** FLOP *** [Ad Kh Ah]
alexsbos: checks 
FredonPok: checks 
*** TURN *** [Ad Kh Ah] [5d]
alexsbos: checks 
FredonPok: checks 
*** RIVER *** [Ad Kh Ah 5d] [9h]
alexsbos: checks 
FredonPok: bets 20
alexsbos: folds 
Uncalled bet (20) returned to FredonPok
FredonPok collected 40 from pot
*** SUMMARY ***
Total pot 40 | Rake 0 
Board [Ad Kh Ah 5d 9h]
Seat 1: Mahu2021 (button) folded before Flop (didn't bet)
Seat 2: alexsbos (small blind) folded on the River
Seat 3: FredonPok (big blind) collected (40)



PokerStars Hand #243265580733: Tournament #3581505742, $0.92+$0.08 USD Hold'em No Limit - Level I (10/20) - 2023/04/23 13:17:43 CET [2023/04/23 7:17:43 ET]
Table '3581505742 1' 3-max Seat #2 is the button
Seat 1: Mahu2021 (500 in chips) 
Seat 2: alexsbos (480 in chips) 
Seat 3: FredonPok (520 in chips) 
FredonPok: posts small blind 10
Mahu2021: posts big blind 20
*** HOLE CARDS ***
Dealt to Mahu2021 [9h 7s]
alexsbos: calls 20
FredonPok: calls 10
Mahu2021: checks 
*** FLOP *** [6s 4s 9s]
FredonPok: bets 30
Mahu2021: calls 30
alexsbos: calls 30
*** TURN *** [6s 4s 9s] [3d]
FredonPok: bets 75
Mahu2021: folds 
alexsbos: calls 75
*** RIVER *** [6s 4s 9s 3d] [9d]
FredonPok: checks 
alexsbos: checks 
*** SHOW DOWN ***
FredonPok: shows [6d As] (two pair, Nines and Sixes)
alexsbos: mucks hand 
FredonPok collected 300 from pot
*** SUMMARY ***
Total pot 300 | Rake 0 
Board [6s 4s 9s 3d 9d]
Seat 1: Mahu2021 (big blind) folded on the Turn
Seat 2: alexsbos (button) mucked [Ad 2s]
Seat 3: FredonPok (small blind) showed [6d As] and won (300) with two pair, Nines and Sixes



PokerStars Hand #243265585060: Tournament #3581505742, $0.92+$0.08 USD Hold'em No Limit - Level I (10/20) - 2023/04/23 13:18:08 CET [2023/04/23 7:18:08 ET]
Table '3581505742 1' 3-max Seat #3 is the button
Seat 1: Mahu2021 (450 in chips) 
Seat 2: alexsbos (355 in chips) 
Seat 3: FredonPok (695 in chips) 
Mahu2021: posts small blind 10
alexsbos: posts big blind 20
*** HOLE CARDS ***
Dealt to Mahu2021 [Tc 9c]
FredonPok: raises 20 to 40
Mahu2021: calls 30
alexsbos: calls 20
*** FLOP *** [5h 8s Th]
Mahu2021: bets 40
alexsbos: folds 
FredonPok: folds 
Uncalled bet (40) returned to Mahu2021
Mahu2021 collected 120 from pot
Mahu2021: doesn't show hand 
*** SUMMARY ***
Total pot 120 | Rake 0 
Board [5h 8s Th]
Seat 1: Mahu2021 (small blind) collected (120)
Seat 2: alexsbos (big blind) folded on the Flop
Seat 3: FredonPok (button) folded on the Flop



PokerStars Hand #243265587326: Tournament #3581505742, $0.92+$0.08 USD Hold'em No Limit - Level I (10/20) - 2023/04/23 13:18:22 CET [2023/04/23 7:18:22 ET]
Table '3581505742 1' 3-max Seat #1 is the button
Seat 1: Mahu2021 (530 in chips) 
Seat 2: alexsbos (315 in chips) 
Seat 3: FredonPok (655 in chips) 
alexsbos: posts small blind 10
FredonPok: posts big blind 20
*** HOLE CARDS ***
Dealt to Mahu2021 [Td 8s]
Mahu2021: folds 
alexsbos: folds 
Uncalled bet (10) returned to FredonPok
FredonPok collected 20 from pot
*** SUMMARY ***
Total pot 20 | Rake 0 
Seat 1: Mahu2021 (button) folded before Flop (didn't bet)
Seat 2: alexsbos (small blind) folded before Flop
Seat 3: FredonPok (big blind) collected (20)



PokerStars Hand #243265588260: Tournament #3581505742, $0.92+$0.08 USD Hold'em No Limit - Level I (10/20) - 2023/04/23 13:18:27 CET [2023/04/23 7:18:27 ET]
Table '3581505742 1' 3-max Seat #2 is the button
Seat 1: Mahu2021 (530 in chips) 
Seat 2: alexsbos (305 in chips) 
Seat 3: FredonPok (665 in chips) 
FredonPok: posts small blind 10
Mahu2021: posts big blind 20
*** HOLE CARDS ***
Dealt to Mahu2021 [Td 2d]
alexsbos: raises 20 to 40
FredonPok: calls 30
Mahu2021: folds 
*** FLOP *** [Jh 4c Kd]
FredonPok: checks 
alexsbos: bets 20
FredonPok: calls 20
*** TURN *** [Jh 4c Kd] [5s]
FredonPok: checks 
alexsbos: bets 40
FredonPok: folds 
Uncalled bet (40) returned to alexsbos
alexsbos collected 140 from pot
*** SUMMARY ***
Total pot 140 | Rake 0 
Board [Jh 4c Kd 5s]
Seat 1: Mahu2021 (big blind) folded before Flop
Seat 2: alexsbos (button) collected (140)
Seat 3: FredonPok (small blind) folded on the Turn



PokerStars Hand #243265591523: Tournament #3581505742, $0.92+$0.08 USD Hold'em No Limit - Level I (10/20) - 2023/04/23 13:18:46 CET [2023/04/23 7:18:46 ET]
Table '3581505742 1' 3-max Seat #3 is the button
Seat 1: Mahu2021 (510 in chips) 
Seat 2: alexsbos (385 in chips) 
Seat 3: FredonPok (605 in chips) 
Mahu2021: posts small blind 10
alexsbos: posts big blind 20
*** HOLE CARDS ***
Dealt to Mahu2021 [Jd 9c]
FredonPok: raises 20 to 40
Mahu2021: calls 30
alexsbos: folds 
*** FLOP *** [5c Kc 8s]
Mahu2021: checks 
FredonPok: bets 50
Mahu2021: folds 
Uncalled bet (50) returned to FredonPok
FredonPok collected 100 from pot
*** SUMMARY ***
Total pot 100 | Rake 0 
Board [5c Kc 8s]
Seat 1: Mahu2021 (small blind) folded on the Flop
Seat 2: alexsbos (big blind) folded before Flop
Seat 3: FredonPok (button) collected (100)



PokerStars Hand #243265593697: Tournament #3581505742, $0.92+$0.08 USD Hold'em No Limit - Level I (10/20) - 2023/04/23 13:18:58 CET [2023/04/23 7:18:58 ET]
Table '3581505742 1' 3-max Seat #1 is the button
Seat 1: Mahu2021 (470 in chips) 
Seat 2: alexsbos (365 in chips) 
Seat 3: FredonPok (665 in chips) 
alexsbos: posts small blind 10
FredonPok: posts big blind 20
*** HOLE CARDS ***
Dealt to Mahu2021 [Ac Qh]
Mahu2021: raises 40 to 60
alexsbos: folds 
FredonPok: folds 
Uncalled bet (40) returned to Mahu2021
Mahu2021 collected 50 from pot
Mahu2021: doesn't show hand 
*** SUMMARY ***
Total pot 50 | Rake 0 
Seat 1: Mahu2021 (button) collected (50)
Seat 2: alexsbos (small blind) folded before Flop
Seat 3: FredonPok (big blind) folded before Flop



PokerStars Hand #243265594987: Tournament #3581505742, $0.92+$0.08 USD Hold'em No Limit - Level I (10/20) - 2023/04/23 13:19:06 CET [2023/04/23 7:19:06 ET]
Table '3581505742 1' 3-max Seat #2 is the button
Seat 1: Mahu2021 (500 in chips) 
Seat 2: alexsbos (355 in chips) 
Seat 3: FredonPok (645 in chips) 
FredonPok: posts small blind 10
Mahu2021: posts big blind 20
*** HOLE CARDS ***
Dealt to Mahu2021 [Ac 3d]
alexsbos: folds 
FredonPok: calls 10
Mahu2021: checks 
*** FLOP *** [Ad 3s 4d]
FredonPok: checks 
Mahu2021: bets 40
FredonPok: folds 
Uncalled bet (40) returned to Mahu2021
Mahu2021 collected 40 from pot
Mahu2021: doesn't show hand 
*** SUMMARY ***
Total pot 40 | Rake 0 
Board [Ad 3s 4d]
Seat 1: Mahu2021 (big blind) collected (40)
Seat 2: alexsbos (button) folded before Flop (didn't bet)
Seat 3: FredonPok (small blind) folded on the Flop



PokerStars Hand #243265597205: Tournament #3581505742, $0.92+$0.08 USD Hold'em No Limit - Level I (10/20) - 2023/04/23 13:19:18 CET [2023/04/23 7:19:18 ET]
Table '3581505742 1' 3-max Seat #3 is the button
Seat 1: Mahu2021 (520 in chips) 
Seat 2: alexsbos (355 in chips) 
Seat 3: FredonPok (625 in chips) 
Mahu2021: posts small blind 10
alexsbos: posts big blind 20
*** HOLE CARDS ***
Dealt to Mahu2021 [Qd Ac]
FredonPok: folds 
Mahu2021: raises 40 to 60
alexsbos: folds 
Uncalled bet (40) returned to Mahu2021
Mahu2021 collected 40 from pot
Mahu2021: doesn't show hand 
*** SUMMARY ***
Total pot 40 | Rake 0 
Seat 1: Mahu2021 (small blind) collected (40)
Seat 2: alexsbos (big blind) folded before Flop
Seat 3: FredonPok (button) folded before Flop (didn't bet)



PokerStars Hand #243265598260: Tournament #3581505742, $0.92+$0.08 USD Hold'em No Limit - Level I (10/20) - 2023/04/23 13:19:25 CET [2023/04/23 7:19:25 ET]
Table '3581505742 1' 3-max Seat #1 is the button
Seat 1: Mahu2021 (540 in chips) 
Seat 2: alexsbos (335 in chips) 
Seat 3: FredonPok (625 in chips) 
alexsbos: posts small blind 10
FredonPok: posts big blind 20
*** HOLE CARDS ***
Dealt to Mahu2021 [6c 4s]
Mahu2021: folds 
alexsbos: folds 
Uncalled bet (10) returned to FredonPok
FredonPok collected 20 from pot
*** SUMMARY ***
Total pot 20 | Rake 0 
Seat 1: Mahu2021 (button) folded before Flop (didn't bet)
Seat 2: alexsbos (small blind) folded before Flop
Seat 3: FredonPok (big blind) collected (20)



PokerStars Hand #243265599047: Tournament #3581505742, $0.92+$0.08 USD Hold'em No Limit - Level I (10/20) - 2023/04/23 13:19:29 CET [2023/04/23 7:19:29 ET]
Table '3581505742 1' 3-max Seat #2 is the button
Seat 1: Mahu2021 (540 in chips) 
Seat 2: alexsbos (325 in chips) 
Seat 3: FredonPok (635 in chips) 
FredonPok: posts small blind 10
Mahu2021: posts big blind 20
*** HOLE CARDS ***
Dealt to Mahu2021 [3h 7c]
alexsbos: folds 
FredonPok: calls 10
Mahu2021: checks 
*** FLOP *** [5d Qs 4d]
FredonPok: checks 
Mahu2021: checks 
*** TURN *** [5d Qs 4d] [7d]
FredonPok: bets 20
Mahu2021: calls 20
*** RIVER *** [5d Qs 4d 7d] [Ah]
FredonPok: bets 40
Mahu2021: folds 
Uncalled bet (40) returned to FredonPok
FredonPok collected 80 from pot
*** SUMMARY ***
Total pot 80 | Rake 0 
Board [5d Qs 4d 7d Ah]
Seat 1: Mahu2021 (big blind) folded on the River
Seat 2: alexsbos (button) folded before Flop (didn't bet)
Seat 3: FredonPok (small blind) collected (80)



PokerStars Hand #243265602231: Tournament #3581505742, $0.92+$0.08 USD Hold'em No Limit - Level I (10/20) - 2023/04/23 13:19:48 CET [2023/04/23 7:19:48 ET]
Table '3581505742 1' 3-max Seat #3 is the button
Seat 1: Mahu2021 (500 in chips) 
Seat 2: alexsbos (325 in chips) 
Seat 3: FredonPok (675 in chips) 
Mahu2021: posts small blind 10
alexsbos: posts big blind 20
*** HOLE CARDS ***
Dealt to Mahu2021 [Ac Kh]
FredonPok: folds 
Mahu2021: raises 40 to 60
alexsbos: folds 
Uncalled bet (40) returned to Mahu2021
Mahu2021 collected 40 from pot
Mahu2021: doesn't show hand 
*** SUMMARY ***
Total pot 40 | Rake 0 
Seat 1: Mahu2021 (small blind) collected (40)
Seat 2: alexsbos (big blind) folded before Flop
Seat 3: FredonPok (button) folded before Flop (didn't bet)



PokerStars Hand #243265603456: Tournament #3581505742, $0.92+$0.08 USD Hold'em No Limit - Level I (10/20) - 2023/04/23 13:19:55 CET [2023/04/23 7:19:55 ET]
Table '3581505742 1' 3-max Seat #1 is the button
Seat 1: Mahu2021 (520 in chips) 
Seat 2: alexsbos (305 in chips) 
Seat 3: FredonPok (675 in chips) 
alexsbos: posts small blind 10
FredonPok: posts big blind 20
*** HOLE CARDS ***
Dealt to Mahu2021 [5s Tc]
Mahu2021: folds 
alexsbos: calls 10
FredonPok: checks 
*** FLOP *** [Kh 4c 2c]
alexsbos: checks 
FredonPok: checks 
*** TURN *** [Kh 4c 2c] [Ts]
alexsbos: checks 
FredonPok: checks 
*** RIVER *** [Kh 4c 2c Ts] [9d]
alexsbos: checks 
FredonPok: checks 
*** SHOW DOWN ***
alexsbos: shows [7d Qh] (high card King)
FredonPok: mucks hand 
alexsbos collected 40 from pot
*** SUMMARY ***
Total pot 40 | Rake 0 
Board [Kh 4c 2c Ts 9d]
Seat 1: Mahu2021 (button) folded before Flop (didn't bet)
Seat 2: alexsbos (small blind) showed [7d Qh] and won (40) with high card King
Seat 3: FredonPok (big blind) mucked [Qs 3h]



PokerStars Hand #243265606839: Tournament #3581505742, $0.92+$0.08 USD Hold'em No Limit - Level I (10/20) - 2023/04/23 13:20:14 CET [2023/04/23 7:20:14 ET]
Table '3581505742 1' 3-max Seat #2 is the button
Seat 1: Mahu2021 (520 in chips) 
Seat 2: alexsbos (325 in chips) 
Seat 3: FredonPok (655 in chips) 
FredonPok: posts small blind 10
Mahu2021: posts big blind 20
*** HOLE CARDS ***
Dealt to Mahu2021 [Ah As]
alexsbos: folds 
FredonPok: folds 
Uncalled bet (10) returned to Mahu2021
Mahu2021 collected 20 from pot
Mahu2021: doesn't show hand 
*** SUMMARY ***
Total pot 20 | Rake 0 
Seat 1: Mahu2021 (big blind) collected (20)
Seat 2: alexsbos (button) folded before Flop (didn't bet)
Seat 3: FredonPok (small blind) folded before Flop



PokerStars Hand #243265607920: Tournament #3581505742, $0.92+$0.08 USD Hold'em No Limit - Level I (10/20) - 2023/04/23 13:20:20 CET [2023/04/23 7:20:20 ET]
Table '3581505742 1' 3-max Seat #3 is the button
Seat 1: Mahu2021 (530 in chips) 
Seat 2: alexsbos (325 in chips) 
Seat 3: FredonPok (645 in chips) 
Mahu2021: posts small blind 10
alexsbos: posts big blind 20
*** HOLE CARDS ***
Dealt to Mahu2021 [Js Qc]
FredonPok: raises 20 to 40
Mahu2021: calls 30
alexsbos: raises 60 to 100
FredonPok: folds 
Mahu2021: folds 
Uncalled bet (60) returned to alexsbos
alexsbos collected 120 from pot
*** SUMMARY ***
Total pot 120 | Rake 0 
Seat 1: Mahu2021 (small blind) folded before Flop
Seat 2: alexsbos (big blind) collected (120)
Seat 3: FredonPok (button) folded before Flop



PokerStars Hand #243265610444: Tournament #3581505742, $0.92+$0.08 USD Hold'em No Limit - Level II (15/30) - 2023/04/23 13:20:35 CET [2023/04/23 7:20:35 ET]
Table '3581505742 1' 3-max Seat #1 is the button
Seat 1: Mahu2021 (490 in chips) 
Seat 2: alexsbos (405 in chips) 
Seat 3: FredonPok (605 in chips) 
alexsbos: posts small blind 15
FredonPok: posts big blind 30
*** HOLE CARDS ***
Dealt to Mahu2021 [8c 2h]
Mahu2021: folds 
alexsbos: calls 15
FredonPok: raises 575 to 605 and is all-in
alexsbos: folds 
Uncalled bet (575) returned to FredonPok
FredonPok collected 60 from pot
*** SUMMARY ***
Total pot 60 | Rake 0 
Seat 1: Mahu2021 (button) folded before Flop (didn't bet)
Seat 2: alexsbos (small blind) folded before Flop
Seat 3: FredonPok (big blind) collected (60)



PokerStars Hand #243265613342: Tournament #3581505742, $0.92+$0.08 USD Hold'em No Limit - Level II (15/30) - 2023/04/23 13:20:51 CET [2023/04/23 7:20:51 ET]
Table '3581505742 1' 3-max Seat #2 is the button
Seat 1: Mahu2021 (490 in chips) 
Seat 2: alexsbos (375 in chips) 
Seat 3: FredonPok (635 in chips) 
FredonPok: posts small blind 15
Mahu2021: posts big blind 30
*** HOLE CARDS ***
Dealt to Mahu2021 [6c Td]
alexsbos: calls 30
FredonPok: calls 15
Mahu2021: checks 
*** FLOP *** [9c Jh 5s]
FredonPok: checks 
Mahu2021: checks 
alexsbos: checks 
*** TURN *** [9c Jh 5s] [5h]
FredonPok: bets 45
Mahu2021: folds 
alexsbos: calls 45
*** RIVER *** [9c Jh 5s 5h] [8h]
FredonPok: bets 90
alexsbos: raises 90 to 180
FredonPok: calls 90
*** SHOW DOWN ***
alexsbos: shows [5d Ac] (three of a kind, Fives)
FredonPok: shows [Tc 7d] (a straight, Seven to Jack)
FredonPok collected 540 from pot
*** SUMMARY ***
Total pot 540 | Rake 0 
Board [9c Jh 5s 5h 8h]
Seat 1: Mahu2021 (big blind) folded on the Turn
Seat 2: alexsbos (button) showed [5d Ac] and lost with three of a kind, Fives
Seat 3: FredonPok (small blind) showed [Tc 7d] and won (540) with a straight, Seven to Jack



PokerStars Hand #243265619556: Tournament #3581505742, $0.92+$0.08 USD Hold'em No Limit - Level II (15/30) - 2023/04/23 13:21:27 CET [2023/04/23 7:21:27 ET]
Table '3581505742 1' 3-max Seat #3 is the button
Seat 1: Mahu2021 (460 in chips) 
Seat 2: alexsbos (120 in chips) 
Seat 3: FredonPok (920 in chips) 
Mahu2021: posts small blind 15
alexsbos: posts big blind 30
*** HOLE CARDS ***
Dealt to Mahu2021 [4h Jd]
FredonPok: folds 
Mahu2021: calls 15
alexsbos: raises 90 to 120 and is all-in
Mahu2021: folds 
Uncalled bet (90) returned to alexsbos
alexsbos collected 60 from pot
*** SUMMARY ***
Total pot 60 | Rake 0 
Seat 1: Mahu2021 (small blind) folded before Flop
Seat 2: alexsbos (big blind) collected (60)
Seat 3: FredonPok (button) folded before Flop (didn't bet)



PokerStars Hand #243265621089: Tournament #3581505742, $0.92+$0.08 USD Hold'em No Limit - Level II (15/30) - 2023/04/23 13:21:36 CET [2023/04/23 7:21:36 ET]
Table '3581505742 1' 3-max Seat #1 is the button
Seat 1: Mahu2021 (430 in chips) 
Seat 2: alexsbos (150 in chips) 
Seat 3: FredonPok (920 in chips) 
alexsbos: posts small blind 15
FredonPok: posts big blind 30
*** HOLE CARDS ***
Dealt to Mahu2021 [2d 3h]
Mahu2021: folds 
alexsbos: raises 120 to 150 and is all-in
FredonPok: folds 
Uncalled bet (120) returned to alexsbos
alexsbos collected 60 from pot
*** SUMMARY ***
Total pot 60 | Rake 0 
Seat 1: Mahu2021 (button) folded before Flop (didn't bet)
Seat 2: alexsbos (small blind) collected (60)
Seat 3: FredonPok (big blind) folded before Flop



PokerStars Hand #243265622735: Tournament #3581505742, $0.92+$0.08 USD Hold'em No Limit - Level II (15/30) - 2023/04/23 13:21:45 CET [2023/04/23 7:21:45 ET]
Table '3581505742 1' 3-max Seat #2 is the button
Seat 1: Mahu2021 (430 in chips) 
Seat 2: alexsbos (180 in chips) 
Seat 3: FredonPok (890 in chips) 
FredonPok: posts small blind 15
Mahu2021: posts big blind 30
*** HOLE CARDS ***
Dealt to Mahu2021 [5d Ad]
alexsbos: raises 150 to 180 and is all-in
FredonPok: folds 
Mahu2021: calls 150
*** FLOP *** [8d 4s 9h]
*** TURN *** [8d 4s 9h] [Tc]
*** RIVER *** [8d 4s 9h Tc] [Kc]
*** SHOW DOWN ***
Mahu2021: shows [5d Ad] (high card Ace)
alexsbos: shows [7s 6s] (a straight, Six to Ten)
alexsbos collected 375 from pot
*** SUMMARY ***
Total pot 375 | Rake 0 
Board [8d 4s 9h Tc Kc]
Seat 1: Mahu2021 (big blind) showed [5d Ad] and lost with high card Ace
Seat 2: alexsbos (button) showed [7s 6s] and won (375) with a straight, Six to Ten
Seat 3: FredonPok (small blind) folded before Flop



PokerStars Hand #243265625123: Tournament #3581505742, $0.92+$0.08 USD Hold'em No Limit - Level II (15/30) - 2023/04/23 13:21:58 CET [2023/04/23 7:21:58 ET]
Table '3581505742 1' 3-max Seat #3 is the button
Seat 1: Mahu2021 (250 in chips) 
Seat 2: alexsbos (375 in chips) 
Seat 3: FredonPok (875 in chips) 
Mahu2021: posts small blind 15
alexsbos: posts big blind 30
*** HOLE CARDS ***
Dealt to Mahu2021 [Qs Qd]
FredonPok: raises 30 to 60
Mahu2021: raises 190 to 250 and is all-in
alexsbos: folds 
FredonPok: calls 190
*** FLOP *** [3h As 2c]
*** TURN *** [3h As 2c] [5h]
*** RIVER *** [3h As 2c 5h] [8s]
*** SHOW DOWN ***
Mahu2021: shows [Qs Qd] (a pair of Queens)
FredonPok: shows [Kh Ad] (a pair of Aces)
FredonPok collected 530 from pot
Mahu2021 finished the tournament in 3rd place
*** SUMMARY ***
Total pot 530 | Rake 0 
Board [3h As 2c 5h 8s]
Seat 1: Mahu2021 (small blind) showed [Qs Qd] and lost with a pair of Queens
Seat 2: alexsbos (big blind) folded before Flop
Seat 3: FredonPok (button) showed [Kh Ad] and won (530) with a pair of Aces



