PokerStars Hand #249363467625: Tournament #3727462199, $1.84+$0.16 USD Hold'em No Limit - Level I (10/20) - 2024/03/11 17:53:51 CET [2024/03/11 12:53:51 ET]
Table '3727462199 1' 3-max Seat #1 is the button
Seat 1: robbingraves (500 in chips) 
Seat 2: Mahu2021 (500 in chips) 
Seat 3: The_1652 (500 in chips) 
Mahu2021: posts small blind 10
The_1652: posts big blind 20
*** HOLE CARDS ***
Dealt to Mahu2021 [7c Ah]
robbingraves: calls 20
Mahu2021: calls 10
The_1652: checks 
*** FLOP *** [Th 3h 5c]
Mahu2021: checks 
The_1652: checks 
robbingraves: checks 
*** TURN *** [Th 3h 5c] [3d]
Mahu2021: checks 
The_1652: bets 40
robbingraves: folds 
Mahu2021: folds 
Uncalled bet (40) returned to The_1652
The_1652 collected 60 from pot
The_1652: doesn't show hand 
*** SUMMARY ***
Total pot 60 | Rake 0 
Board [Th 3h 5c 3d]
Seat 1: robbingraves (button) folded on the Turn
Seat 2: Mahu2021 (small blind) folded on the Turn
Seat 3: The_1652 (big blind) collected (60)



PokerStars Hand #249363473975: Tournament #3727462199, $1.84+$0.16 USD Hold'em No Limit - Level I (10/20) - 2024/03/11 17:54:14 CET [2024/03/11 12:54:14 ET]
Table '3727462199 1' 3-max Seat #2 is the button
Seat 1: robbingraves (480 in chips) 
Seat 2: Mahu2021 (480 in chips) 
Seat 3: The_1652 (540 in chips) 
The_1652: posts small blind 10
robbingraves: posts big blind 20
*** HOLE CARDS ***
Dealt to Mahu2021 [Jd 2d]
Mahu2021: folds 
The_1652: calls 10
robbingraves: checks 
*** FLOP *** [Qd 8s Qs]
The_1652: bets 20
robbingraves: raises 20 to 40
The_1652: folds 
Uncalled bet (20) returned to robbingraves
robbingraves collected 80 from pot
*** SUMMARY ***
Total pot 80 | Rake 0 
Board [Qd 8s Qs]
Seat 1: robbingraves (big blind) collected (80)
Seat 2: Mahu2021 (button) folded before Flop (didn't bet)
Seat 3: The_1652 (small blind) folded on the Flop



PokerStars Hand #249363479314: Tournament #3727462199, $1.84+$0.16 USD Hold'em No Limit - Level I (10/20) - 2024/03/11 17:54:34 CET [2024/03/11 12:54:34 ET]
Table '3727462199 1' 3-max Seat #3 is the button
Seat 1: robbingraves (520 in chips) 
Seat 2: Mahu2021 (480 in chips) 
Seat 3: The_1652 (500 in chips) 
robbingraves: posts small blind 10
Mahu2021: posts big blind 20
*** HOLE CARDS ***
Dealt to Mahu2021 [Ah Kd]
The_1652: raises 20 to 40
robbingraves: folds 
Mahu2021: calls 20
*** FLOP *** [7h 4s 8d]
Mahu2021: checks 
The_1652: checks 
*** TURN *** [7h 4s 8d] [Tc]
Mahu2021: checks 
The_1652: checks 
*** RIVER *** [7h 4s 8d Tc] [6c]
Mahu2021: checks 
The_1652: bets 40
Mahu2021: folds 
Uncalled bet (40) returned to The_1652
The_1652 collected 90 from pot
The_1652: doesn't show hand 
*** SUMMARY ***
Total pot 90 | Rake 0 
Board [7h 4s 8d Tc 6c]
Seat 1: robbingraves (small blind) folded before Flop
Seat 2: Mahu2021 (big blind) folded on the River
Seat 3: The_1652 (button) collected (90)



PokerStars Hand #249363485519: Tournament #3727462199, $1.84+$0.16 USD Hold'em No Limit - Level I (10/20) - 2024/03/11 17:54:57 CET [2024/03/11 12:54:57 ET]
Table '3727462199 1' 3-max Seat #1 is the button
Seat 1: robbingraves (510 in chips) 
Seat 2: Mahu2021 (440 in chips) 
Seat 3: The_1652 (550 in chips) 
Mahu2021: posts small blind 10
The_1652: posts big blind 20
*** HOLE CARDS ***
Dealt to Mahu2021 [5d Tc]
robbingraves: calls 20
Mahu2021: folds 
The_1652: checks 
*** FLOP *** [7c 2s 4d]
The_1652: bets 20
robbingraves: raises 20 to 40
The_1652: calls 20
*** TURN *** [7c 2s 4d] [Th]
The_1652: checks 
robbingraves: bets 130
The_1652: calls 130
*** RIVER *** [7c 2s 4d Th] [5c]
The_1652: checks 
robbingraves: bets 320 and is all-in
The_1652: folds 
Uncalled bet (320) returned to robbingraves
robbingraves collected 390 from pot
*** SUMMARY ***
Total pot 390 | Rake 0 
Board [7c 2s 4d Th 5c]
Seat 1: robbingraves (button) collected (390)
Seat 2: Mahu2021 (small blind) folded before Flop
Seat 3: The_1652 (big blind) folded on the River



PokerStars Hand #249363495002: Tournament #3727462199, $1.84+$0.16 USD Hold'em No Limit - Level I (10/20) - 2024/03/11 17:55:41 CET [2024/03/11 12:55:41 ET]
Table '3727462199 1' 3-max Seat #2 is the button
Seat 1: robbingraves (710 in chips) 
Seat 2: Mahu2021 (430 in chips) 
Seat 3: The_1652 (360 in chips) 
The_1652: posts small blind 10
robbingraves: posts big blind 20
*** HOLE CARDS ***
Dealt to Mahu2021 [Qs Ks]
Mahu2021: raises 20 to 40
The_1652: folds 
robbingraves: calls 20
*** FLOP *** [4c 5d 9c]
robbingraves: checks 
Mahu2021: checks 
*** TURN *** [4c 5d 9c] [Jc]
robbingraves: checks 
Mahu2021: checks 
*** RIVER *** [4c 5d 9c Jc] [Kh]
robbingraves: checks 
Mahu2021: bets 40
robbingraves: folds 
Uncalled bet (40) returned to Mahu2021
Mahu2021 collected 90 from pot
Mahu2021: doesn't show hand 
*** SUMMARY ***
Total pot 90 | Rake 0 
Board [4c 5d 9c Jc Kh]
Seat 1: robbingraves (big blind) folded on the River
Seat 2: Mahu2021 (button) collected (90)
Seat 3: The_1652 (small blind) folded before Flop



PokerStars Hand #249363499924: Tournament #3727462199, $1.84+$0.16 USD Hold'em No Limit - Level I (10/20) - 2024/03/11 17:56:05 CET [2024/03/11 12:56:05 ET]
Table '3727462199 1' 3-max Seat #3 is the button
Seat 1: robbingraves (670 in chips) 
Seat 2: Mahu2021 (480 in chips) 
Seat 3: The_1652 (350 in chips) 
robbingraves: posts small blind 10
Mahu2021: posts big blind 20
*** HOLE CARDS ***
Dealt to Mahu2021 [As 4d]
The_1652: folds 
robbingraves: calls 10
Mahu2021: checks 
*** FLOP *** [Th 8c Kc]
robbingraves: bets 20
Mahu2021: folds 
Uncalled bet (20) returned to robbingraves
robbingraves collected 40 from pot
*** SUMMARY ***
Total pot 40 | Rake 0 
Board [Th 8c Kc]
Seat 1: robbingraves (small blind) collected (40)
Seat 2: Mahu2021 (big blind) folded on the Flop
Seat 3: The_1652 (button) folded before Flop (didn't bet)



PokerStars Hand #249363503073: Tournament #3727462199, $1.84+$0.16 USD Hold'em No Limit - Level I (10/20) - 2024/03/11 17:56:20 CET [2024/03/11 12:56:20 ET]
Table '3727462199 1' 3-max Seat #1 is the button
Seat 1: robbingraves (690 in chips) 
Seat 2: Mahu2021 (460 in chips) 
Seat 3: The_1652 (350 in chips) 
Mahu2021: posts small blind 10
The_1652: posts big blind 20
*** HOLE CARDS ***
Dealt to Mahu2021 [Jd 9h]
robbingraves: folds 
Mahu2021: calls 10
The_1652: checks 
*** FLOP *** [7d 4s Kh]
Mahu2021: checks 
The_1652: bets 20
Mahu2021: folds 
Uncalled bet (20) returned to The_1652
The_1652 collected 40 from pot
The_1652: doesn't show hand 
*** SUMMARY ***
Total pot 40 | Rake 0 
Board [7d 4s Kh]
Seat 1: robbingraves (button) folded before Flop (didn't bet)
Seat 2: Mahu2021 (small blind) folded on the Flop
Seat 3: The_1652 (big blind) collected (40)



PokerStars Hand #249363506677: Tournament #3727462199, $1.84+$0.16 USD Hold'em No Limit - Level I (10/20) - 2024/03/11 17:56:37 CET [2024/03/11 12:56:37 ET]
Table '3727462199 1' 3-max Seat #2 is the button
Seat 1: robbingraves (690 in chips) 
Seat 2: Mahu2021 (440 in chips) 
Seat 3: The_1652 (370 in chips) 
The_1652: posts small blind 10
robbingraves: posts big blind 20
*** HOLE CARDS ***
Dealt to Mahu2021 [8d Kd]
Mahu2021: calls 20
The_1652: calls 10
robbingraves: checks 
*** FLOP *** [As 3h 9h]
The_1652: checks 
robbingraves: checks 
Mahu2021: checks 
*** TURN *** [As 3h 9h] [Js]
The_1652: checks 
robbingraves: checks 
Mahu2021: checks 
*** RIVER *** [As 3h 9h Js] [Ts]
The_1652: bets 20
robbingraves: calls 20
Mahu2021: folds 
*** SHOW DOWN ***
The_1652: shows [5c Jd] (a pair of Jacks)
robbingraves: shows [4c Jc] (a pair of Jacks)
The_1652 collected 50 from pot
robbingraves collected 50 from pot
*** SUMMARY ***
Total pot 100 | Rake 0 
Board [As 3h 9h Js Ts]
Seat 1: robbingraves (big blind) showed [4c Jc] and won (50) with a pair of Jacks
Seat 2: Mahu2021 (button) folded on the River
Seat 3: The_1652 (small blind) showed [5c Jd] and won (50) with a pair of Jacks



PokerStars Hand #249363511755: Tournament #3727462199, $1.84+$0.16 USD Hold'em No Limit - Level II (15/30) - 2024/03/11 17:57:02 CET [2024/03/11 12:57:02 ET]
Table '3727462199 1' 3-max Seat #3 is the button
Seat 1: robbingraves (700 in chips) 
Seat 2: Mahu2021 (420 in chips) 
Seat 3: The_1652 (380 in chips) 
robbingraves: posts small blind 15
Mahu2021: posts big blind 30
*** HOLE CARDS ***
Dealt to Mahu2021 [Kc 5h]
The_1652: folds 
robbingraves: folds 
Uncalled bet (15) returned to Mahu2021
Mahu2021 collected 30 from pot
Mahu2021: doesn't show hand 
*** SUMMARY ***
Total pot 30 | Rake 0 
Seat 1: robbingraves (small blind) folded before Flop
Seat 2: Mahu2021 (big blind) collected (30)
Seat 3: The_1652 (button) folded before Flop (didn't bet)



PokerStars Hand #249363513043: Tournament #3727462199, $1.84+$0.16 USD Hold'em No Limit - Level II (15/30) - 2024/03/11 17:57:08 CET [2024/03/11 12:57:08 ET]
Table '3727462199 1' 3-max Seat #1 is the button
Seat 1: robbingraves (685 in chips) 
Seat 2: Mahu2021 (435 in chips) 
Seat 3: The_1652 (380 in chips) 
Mahu2021: posts small blind 15
The_1652: posts big blind 30
*** HOLE CARDS ***
Dealt to Mahu2021 [7d 5s]
robbingraves: calls 30
Mahu2021: folds 
The_1652: checks 
*** FLOP *** [6c 2d 6h]
The_1652: checks 
robbingraves: bets 30
The_1652: raises 60 to 90
robbingraves: folds 
Uncalled bet (60) returned to The_1652
The_1652 collected 135 from pot
The_1652: doesn't show hand 
*** SUMMARY ***
Total pot 135 | Rake 0 
Board [6c 2d 6h]
Seat 1: robbingraves (button) folded on the Flop
Seat 2: Mahu2021 (small blind) folded before Flop
Seat 3: The_1652 (big blind) collected (135)



PokerStars Hand #249363516521: Tournament #3727462199, $1.84+$0.16 USD Hold'em No Limit - Level II (15/30) - 2024/03/11 17:57:25 CET [2024/03/11 12:57:25 ET]
Table '3727462199 1' 3-max Seat #2 is the button
Seat 1: robbingraves (625 in chips) 
Seat 2: Mahu2021 (420 in chips) 
Seat 3: The_1652 (455 in chips) 
The_1652: posts small blind 15
robbingraves: posts big blind 30
*** HOLE CARDS ***
Dealt to Mahu2021 [5h Tc]
Mahu2021: folds 
The_1652: folds 
Uncalled bet (15) returned to robbingraves
robbingraves collected 30 from pot
*** SUMMARY ***
Total pot 30 | Rake 0 
Seat 1: robbingraves (big blind) collected (30)
Seat 2: Mahu2021 (button) folded before Flop (didn't bet)
Seat 3: The_1652 (small blind) folded before Flop



PokerStars Hand #249363517766: Tournament #3727462199, $1.84+$0.16 USD Hold'em No Limit - Level II (15/30) - 2024/03/11 17:57:31 CET [2024/03/11 12:57:31 ET]
Table '3727462199 1' 3-max Seat #3 is the button
Seat 1: robbingraves (640 in chips) 
Seat 2: Mahu2021 (420 in chips) 
Seat 3: The_1652 (440 in chips) 
robbingraves: posts small blind 15
Mahu2021: posts big blind 30
*** HOLE CARDS ***
Dealt to Mahu2021 [4s 7d]
The_1652: raises 30 to 60
robbingraves: folds 
Mahu2021: folds 
Uncalled bet (30) returned to The_1652
The_1652 collected 75 from pot
The_1652: doesn't show hand 
*** SUMMARY ***
Total pot 75 | Rake 0 
Seat 1: robbingraves (small blind) folded before Flop
Seat 2: Mahu2021 (big blind) folded before Flop
Seat 3: The_1652 (button) collected (75)



PokerStars Hand #249364019242: Tournament #3727462199, $1.84+$0.16 USD Hold'em No Limit - Level II (15/30) - 2024/03/11 17:57:38 CET [2024/03/11 12:57:38 ET]
Table '3727462199 1' 3-max Seat #1 is the button
Seat 1: robbingraves (625 in chips) 
Seat 2: Mahu2021 (390 in chips) 
Seat 3: The_1652 (485 in chips) 
Mahu2021: posts small blind 15
The_1652: posts big blind 30
*** HOLE CARDS ***
Dealt to Mahu2021 [2s 5h]
robbingraves: folds 
Mahu2021: folds 
Uncalled bet (15) returned to The_1652
The_1652 collected 30 from pot
The_1652: doesn't show hand 
*** SUMMARY ***
Total pot 30 | Rake 0 
Seat 1: robbingraves (button) folded before Flop (didn't bet)
Seat 2: Mahu2021 (small blind) folded before Flop
Seat 3: The_1652 (big blind) collected (30)



PokerStars Hand #249364020322: Tournament #3727462199, $1.84+$0.16 USD Hold'em No Limit - Level II (15/30) - 2024/03/11 17:57:43 CET [2024/03/11 12:57:43 ET]
Table '3727462199 1' 3-max Seat #2 is the button
Seat 1: robbingraves (625 in chips) 
Seat 2: Mahu2021 (375 in chips) 
Seat 3: The_1652 (500 in chips) 
The_1652: posts small blind 15
robbingraves: posts big blind 30
*** HOLE CARDS ***
Dealt to Mahu2021 [4c 6s]
Mahu2021: folds 
The_1652: calls 15
robbingraves: checks 
*** FLOP *** [7h Qs 7s]
The_1652: bets 30
robbingraves: folds 
Uncalled bet (30) returned to The_1652
The_1652 collected 60 from pot
The_1652: doesn't show hand 
*** SUMMARY ***
Total pot 60 | Rake 0 
Board [7h Qs 7s]
Seat 1: robbingraves (big blind) folded on the Flop
Seat 2: Mahu2021 (button) folded before Flop (didn't bet)
Seat 3: The_1652 (small blind) collected (60)



PokerStars Hand #249364023139: Tournament #3727462199, $1.84+$0.16 USD Hold'em No Limit - Level II (15/30) - 2024/03/11 17:57:56 CET [2024/03/11 12:57:56 ET]
Table '3727462199 1' 3-max Seat #3 is the button
Seat 1: robbingraves (595 in chips) 
Seat 2: Mahu2021 (375 in chips) 
Seat 3: The_1652 (530 in chips) 
robbingraves: posts small blind 15
Mahu2021: posts big blind 30
*** HOLE CARDS ***
Dealt to Mahu2021 [Td 2d]
The_1652: folds 
robbingraves: calls 15
Mahu2021: checks 
*** FLOP *** [5d Qc 7c]
robbingraves: bets 30
Mahu2021: folds 
Uncalled bet (30) returned to robbingraves
robbingraves collected 60 from pot
*** SUMMARY ***
Total pot 60 | Rake 0 
Board [5d Qc 7c]
Seat 1: robbingraves (small blind) collected (60)
Seat 2: Mahu2021 (big blind) folded on the Flop
Seat 3: The_1652 (button) folded before Flop (didn't bet)



PokerStars Hand #249364026063: Tournament #3727462199, $1.84+$0.16 USD Hold'em No Limit - Level II (15/30) - 2024/03/11 17:58:10 CET [2024/03/11 12:58:10 ET]
Table '3727462199 1' 3-max Seat #1 is the button
Seat 1: robbingraves (625 in chips) 
Seat 2: Mahu2021 (345 in chips) 
Seat 3: The_1652 (530 in chips) 
Mahu2021: posts small blind 15
The_1652: posts big blind 30
*** HOLE CARDS ***
Dealt to Mahu2021 [7h Ad]
robbingraves: raises 30 to 60
Mahu2021: calls 45
The_1652: calls 30
*** FLOP *** [5d Jh Kh]
Mahu2021: checks 
The_1652: checks 
robbingraves: bets 180
Mahu2021: folds 
The_1652: folds 
Uncalled bet (180) returned to robbingraves
robbingraves collected 180 from pot
*** SUMMARY ***
Total pot 180 | Rake 0 
Board [5d Jh Kh]
Seat 1: robbingraves (button) collected (180)
Seat 2: Mahu2021 (small blind) folded on the Flop
Seat 3: The_1652 (big blind) folded on the Flop



PokerStars Hand #249364031360: Tournament #3727462199, $1.84+$0.16 USD Hold'em No Limit - Level II (15/30) - 2024/03/11 17:58:35 CET [2024/03/11 12:58:35 ET]
Table '3727462199 1' 3-max Seat #2 is the button
Seat 1: robbingraves (745 in chips) 
Seat 2: Mahu2021 (285 in chips) 
Seat 3: The_1652 (470 in chips) 
The_1652: posts small blind 15
robbingraves: posts big blind 30
*** HOLE CARDS ***
Dealt to Mahu2021 [Th Ac]
Mahu2021: raises 30 to 60
The_1652: folds 
robbingraves: calls 30
*** FLOP *** [Jh Jd 5s]
robbingraves: bets 135
Mahu2021: folds 
Uncalled bet (135) returned to robbingraves
robbingraves collected 135 from pot
*** SUMMARY ***
Total pot 135 | Rake 0 
Board [Jh Jd 5s]
Seat 1: robbingraves (big blind) collected (135)
Seat 2: Mahu2021 (button) folded on the Flop
Seat 3: The_1652 (small blind) folded before Flop



PokerStars Hand #249364035007: Tournament #3727462199, $1.84+$0.16 USD Hold'em No Limit - Level II (15/30) - 2024/03/11 17:58:53 CET [2024/03/11 12:58:53 ET]
Table '3727462199 1' 3-max Seat #3 is the button
Seat 1: robbingraves (820 in chips) 
Seat 2: Mahu2021 (225 in chips) 
Seat 3: The_1652 (455 in chips) 
robbingraves: posts small blind 15
Mahu2021: posts big blind 30
*** HOLE CARDS ***
Dealt to Mahu2021 [9c Td]
The_1652: folds 
robbingraves: calls 15
Mahu2021: checks 
*** FLOP *** [4s Ac Qc]
robbingraves: checks 
Mahu2021: checks 
*** TURN *** [4s Ac Qc] [Ad]
robbingraves: checks 
Mahu2021: checks 
*** RIVER *** [4s Ac Qc Ad] [9s]
robbingraves: bets 30
Mahu2021: calls 30
*** SHOW DOWN ***
robbingraves: shows [Jh 7d] (a pair of Aces)
Mahu2021: shows [9c Td] (two pair, Aces and Nines)
Mahu2021 collected 120 from pot
*** SUMMARY ***
Total pot 120 | Rake 0 
Board [4s Ac Qc Ad 9s]
Seat 1: robbingraves (small blind) showed [Jh 7d] and lost with a pair of Aces
Seat 2: Mahu2021 (big blind) showed [9c Td] and won (120) with two pair, Aces and Nines
Seat 3: The_1652 (button) folded before Flop (didn't bet)



PokerStars Hand #249364038841: Tournament #3727462199, $1.84+$0.16 USD Hold'em No Limit - Level II (15/30) - 2024/03/11 17:59:11 CET [2024/03/11 12:59:11 ET]
Table '3727462199 1' 3-max Seat #1 is the button
Seat 1: robbingraves (760 in chips) 
Seat 2: Mahu2021 (285 in chips) 
Seat 3: The_1652 (455 in chips) 
Mahu2021: posts small blind 15
The_1652: posts big blind 30
*** HOLE CARDS ***
Dealt to Mahu2021 [As Kc]
robbingraves: calls 30
Mahu2021: calls 15
The_1652: checks 
*** FLOP *** [Qh Qs 9d]
Mahu2021: checks 
The_1652: checks 
robbingraves: bets 90
Mahu2021: folds 
The_1652: folds 
Uncalled bet (90) returned to robbingraves
robbingraves collected 90 from pot
*** SUMMARY ***
Total pot 90 | Rake 0 
Board [Qh Qs 9d]
Seat 1: robbingraves (button) collected (90)
Seat 2: Mahu2021 (small blind) folded on the Flop
Seat 3: The_1652 (big blind) folded on the Flop



PokerStars Hand #249364043208: Tournament #3727462199, $1.84+$0.16 USD Hold'em No Limit - Level II (15/30) - 2024/03/11 17:59:33 CET [2024/03/11 12:59:33 ET]
Table '3727462199 1' 3-max Seat #2 is the button
Seat 1: robbingraves (820 in chips) 
Seat 2: Mahu2021 (255 in chips) 
Seat 3: The_1652 (425 in chips) 
The_1652: posts small blind 15
robbingraves: posts big blind 30
*** HOLE CARDS ***
Dealt to Mahu2021 [Ac Qs]
Mahu2021: raises 30 to 60
The_1652: folds 
robbingraves: raises 30 to 90
Mahu2021: raises 165 to 255 and is all-in
robbingraves: calls 165
*** FLOP *** [Jc Kc 3c]
*** TURN *** [Jc Kc 3c] [7c]
*** RIVER *** [Jc Kc 3c 7c] [4d]
*** SHOW DOWN ***
robbingraves: shows [Ad Td] (high card Ace)
Mahu2021: shows [Ac Qs] (a flush, Ace high)
Mahu2021 collected 525 from pot
*** SUMMARY ***
Total pot 525 | Rake 0 
Board [Jc Kc 3c 7c 4d]
Seat 1: robbingraves (big blind) showed [Ad Td] and lost with high card Ace
Seat 2: Mahu2021 (button) showed [Ac Qs] and won (525) with a flush, Ace high
Seat 3: The_1652 (small blind) folded before Flop



PokerStars Hand #249364046716: Tournament #3727462199, $1.84+$0.16 USD Hold'em No Limit - Level II (15/30) - 2024/03/11 17:59:49 CET [2024/03/11 12:59:49 ET]
Table '3727462199 1' 3-max Seat #3 is the button
Seat 1: robbingraves (565 in chips) 
Seat 2: Mahu2021 (525 in chips) 
Seat 3: The_1652 (410 in chips) 
robbingraves: posts small blind 15
Mahu2021: posts big blind 30
*** HOLE CARDS ***
Dealt to Mahu2021 [7d 6c]
The_1652: folds 
robbingraves: calls 15
Mahu2021: checks 
*** FLOP *** [Jh Th 3s]
robbingraves: checks 
Mahu2021: checks 
*** TURN *** [Jh Th 3s] [Tc]
robbingraves: checks 
Mahu2021: checks 
*** RIVER *** [Jh Th 3s Tc] [Kd]
robbingraves: checks 
Mahu2021: checks 
*** SHOW DOWN ***
robbingraves: shows [8c 5h] (a pair of Tens)
Mahu2021: mucks hand 
robbingraves collected 60 from pot
*** SUMMARY ***
Total pot 60 | Rake 0 
Board [Jh Th 3s Tc Kd]
Seat 1: robbingraves (small blind) showed [8c 5h] and won (60) with a pair of Tens
Seat 2: Mahu2021 (big blind) mucked [7d 6c]
Seat 3: The_1652 (button) folded before Flop (didn't bet)



PokerStars Hand #249364050946: Tournament #3727462199, $1.84+$0.16 USD Hold'em No Limit - Level III (20/40) - 2024/03/11 18:00:09 CET [2024/03/11 13:00:09 ET]
Table '3727462199 1' 3-max Seat #1 is the button
Seat 1: robbingraves (595 in chips) 
Seat 2: Mahu2021 (495 in chips) 
Seat 3: The_1652 (410 in chips) 
Mahu2021: posts small blind 20
The_1652: posts big blind 40
*** HOLE CARDS ***
Dealt to Mahu2021 [Qd 5d]
robbingraves: folds 
Mahu2021: calls 20
The_1652: checks 
*** FLOP *** [5s Kd 7d]
Mahu2021: bets 40
The_1652: folds 
Uncalled bet (40) returned to Mahu2021
Mahu2021 collected 80 from pot
Mahu2021: doesn't show hand 
*** SUMMARY ***
Total pot 80 | Rake 0 
Board [5s Kd 7d]
Seat 1: robbingraves (button) folded before Flop (didn't bet)
Seat 2: Mahu2021 (small blind) collected (80)
Seat 3: The_1652 (big blind) folded on the Flop



PokerStars Hand #249364054158: Tournament #3727462199, $1.84+$0.16 USD Hold'em No Limit - Level III (20/40) - 2024/03/11 18:00:24 CET [2024/03/11 13:00:24 ET]
Table '3727462199 1' 3-max Seat #2 is the button
Seat 1: robbingraves (595 in chips) 
Seat 2: Mahu2021 (535 in chips) 
Seat 3: The_1652 (370 in chips) 
The_1652: posts small blind 20
robbingraves: posts big blind 40
*** HOLE CARDS ***
Dealt to Mahu2021 [2d Jd]
Mahu2021: folds 
The_1652: folds 
Uncalled bet (20) returned to robbingraves
robbingraves collected 40 from pot
*** SUMMARY ***
Total pot 40 | Rake 0 
Seat 1: robbingraves (big blind) collected (40)
Seat 2: Mahu2021 (button) folded before Flop (didn't bet)
Seat 3: The_1652 (small blind) folded before Flop



PokerStars Hand #249364055699: Tournament #3727462199, $1.84+$0.16 USD Hold'em No Limit - Level III (20/40) - 2024/03/11 18:00:31 CET [2024/03/11 13:00:31 ET]
Table '3727462199 1' 3-max Seat #3 is the button
Seat 1: robbingraves (615 in chips) 
Seat 2: Mahu2021 (535 in chips) 
Seat 3: The_1652 (350 in chips) 
robbingraves: posts small blind 20
Mahu2021: posts big blind 40
*** HOLE CARDS ***
Dealt to Mahu2021 [2d 6h]
The_1652: folds 
robbingraves: calls 20
Mahu2021: checks 
*** FLOP *** [As Th 8d]
robbingraves: bets 80
Mahu2021: folds 
Uncalled bet (80) returned to robbingraves
robbingraves collected 80 from pot
*** SUMMARY ***
Total pot 80 | Rake 0 
Board [As Th 8d]
Seat 1: robbingraves (small blind) collected (80)
Seat 2: Mahu2021 (big blind) folded on the Flop
Seat 3: The_1652 (button) folded before Flop (didn't bet)



PokerStars Hand #249364058436: Tournament #3727462199, $1.84+$0.16 USD Hold'em No Limit - Level III (20/40) - 2024/03/11 18:00:43 CET [2024/03/11 13:00:43 ET]
Table '3727462199 1' 3-max Seat #1 is the button
Seat 1: robbingraves (655 in chips) 
Seat 2: Mahu2021 (495 in chips) 
Seat 3: The_1652 (350 in chips) 
Mahu2021: posts small blind 20
The_1652: posts big blind 40
*** HOLE CARDS ***
Dealt to Mahu2021 [Qs 9h]
robbingraves: folds 
Mahu2021: calls 20
The_1652: checks 
*** FLOP *** [6s Kd 9d]
Mahu2021: bets 40
The_1652: folds 
Uncalled bet (40) returned to Mahu2021
Mahu2021 collected 80 from pot
Mahu2021: doesn't show hand 
*** SUMMARY ***
Total pot 80 | Rake 0 
Board [6s Kd 9d]
Seat 1: robbingraves (button) folded before Flop (didn't bet)
Seat 2: Mahu2021 (small blind) collected (80)
Seat 3: The_1652 (big blind) folded on the Flop



PokerStars Hand #249364061282: Tournament #3727462199, $1.84+$0.16 USD Hold'em No Limit - Level III (20/40) - 2024/03/11 18:00:55 CET [2024/03/11 13:00:55 ET]
Table '3727462199 1' 3-max Seat #2 is the button
Seat 1: robbingraves (655 in chips) 
Seat 2: Mahu2021 (535 in chips) 
Seat 3: The_1652 (310 in chips) 
The_1652: posts small blind 20
robbingraves: posts big blind 40
*** HOLE CARDS ***
Dealt to Mahu2021 [Jh Ts]
Mahu2021: calls 40
The_1652: raises 270 to 310 and is all-in
robbingraves: folds 
Mahu2021: folds 
Uncalled bet (270) returned to The_1652
The_1652 collected 120 from pot
The_1652: doesn't show hand 
*** SUMMARY ***
Total pot 120 | Rake 0 
Seat 1: robbingraves (big blind) folded before Flop
Seat 2: Mahu2021 (button) folded before Flop
Seat 3: The_1652 (small blind) collected (120)



PokerStars Hand #249364063170: Tournament #3727462199, $1.84+$0.16 USD Hold'em No Limit - Level III (20/40) - 2024/03/11 18:01:03 CET [2024/03/11 13:01:03 ET]
Table '3727462199 1' 3-max Seat #3 is the button
Seat 1: robbingraves (615 in chips) 
Seat 2: Mahu2021 (495 in chips) 
Seat 3: The_1652 (390 in chips) 
robbingraves: posts small blind 20
Mahu2021: posts big blind 40
*** HOLE CARDS ***
Dealt to Mahu2021 [4c 7s]
The_1652: folds 
robbingraves: calls 20
Mahu2021: checks 
*** FLOP *** [4s Qh Td]
robbingraves: checks 
Mahu2021: bets 40
robbingraves: folds 
Uncalled bet (40) returned to Mahu2021
Mahu2021 collected 80 from pot
Mahu2021: doesn't show hand 
*** SUMMARY ***
Total pot 80 | Rake 0 
Board [4s Qh Td]
Seat 1: robbingraves (small blind) folded on the Flop
Seat 2: Mahu2021 (big blind) collected (80)
Seat 3: The_1652 (button) folded before Flop (didn't bet)



PokerStars Hand #249364066897: Tournament #3727462199, $1.84+$0.16 USD Hold'em No Limit - Level III (20/40) - 2024/03/11 18:01:19 CET [2024/03/11 13:01:19 ET]
Table '3727462199 1' 3-max Seat #1 is the button
Seat 1: robbingraves (575 in chips) 
Seat 2: Mahu2021 (535 in chips) 
Seat 3: The_1652 (390 in chips) 
Mahu2021: posts small blind 20
The_1652: posts big blind 40
*** HOLE CARDS ***
Dealt to Mahu2021 [2h 8d]
robbingraves: folds 
Mahu2021: folds 
Uncalled bet (20) returned to The_1652
The_1652 collected 40 from pot
The_1652: doesn't show hand 
*** SUMMARY ***
Total pot 40 | Rake 0 
Seat 1: robbingraves (button) folded before Flop (didn't bet)
Seat 2: Mahu2021 (small blind) folded before Flop
Seat 3: The_1652 (big blind) collected (40)



PokerStars Hand #249364068213: Tournament #3727462199, $1.84+$0.16 USD Hold'em No Limit - Level III (20/40) - 2024/03/11 18:01:24 CET [2024/03/11 13:01:24 ET]
Table '3727462199 1' 3-max Seat #2 is the button
Seat 1: robbingraves (575 in chips) 
Seat 2: Mahu2021 (515 in chips) 
Seat 3: The_1652 (410 in chips) 
The_1652: posts small blind 20
robbingraves: posts big blind 40
*** HOLE CARDS ***
Dealt to Mahu2021 [Jc As]
Mahu2021: raises 40 to 80
The_1652: folds 
robbingraves: folds 
Uncalled bet (40) returned to Mahu2021
Mahu2021 collected 100 from pot
Mahu2021: doesn't show hand 
*** SUMMARY ***
Total pot 100 | Rake 0 
Seat 1: robbingraves (big blind) folded before Flop
Seat 2: Mahu2021 (button) collected (100)
Seat 3: The_1652 (small blind) folded before Flop



PokerStars Hand #249364069874: Tournament #3727462199, $1.84+$0.16 USD Hold'em No Limit - Level III (20/40) - 2024/03/11 18:01:31 CET [2024/03/11 13:01:31 ET]
Table '3727462199 1' 3-max Seat #3 is the button
Seat 1: robbingraves (535 in chips) 
Seat 2: Mahu2021 (575 in chips) 
Seat 3: The_1652 (390 in chips) 
robbingraves: posts small blind 20
Mahu2021: posts big blind 40
*** HOLE CARDS ***
Dealt to Mahu2021 [Ks 2c]
The_1652: folds 
robbingraves: calls 20
Mahu2021: checks 
*** FLOP *** [8c Qd 5c]
robbingraves: checks 
Mahu2021: checks 
*** TURN *** [8c Qd 5c] [4c]
robbingraves: bets 40
Mahu2021: calls 40
*** RIVER *** [8c Qd 5c 4c] [Qc]
robbingraves: bets 455 and is all-in
Mahu2021: folds [2c]
Uncalled bet (455) returned to robbingraves
robbingraves collected 160 from pot
*** SUMMARY ***
Total pot 160 | Rake 0 
Board [8c Qd 5c 4c Qc]
Seat 1: robbingraves (small blind) collected (160)
Seat 2: Mahu2021 (big blind) folded on the River
Seat 3: The_1652 (button) folded before Flop (didn't bet)



PokerStars Hand #249364077798: Tournament #3727462199, $1.84+$0.16 USD Hold'em No Limit - Level III (20/40) - 2024/03/11 18:02:02 CET [2024/03/11 13:02:02 ET]
Table '3727462199 1' 3-max Seat #1 is the button
Seat 1: robbingraves (615 in chips) 
Seat 2: Mahu2021 (495 in chips) 
Seat 3: The_1652 (390 in chips) 
Mahu2021: posts small blind 20
The_1652: posts big blind 40
*** HOLE CARDS ***
Dealt to Mahu2021 [8s Jh]
robbingraves: raises 40 to 80
Mahu2021: folds 
The_1652: folds 
Uncalled bet (40) returned to robbingraves
robbingraves collected 100 from pot
*** SUMMARY ***
Total pot 100 | Rake 0 
Seat 1: robbingraves (button) collected (100)
Seat 2: Mahu2021 (small blind) folded before Flop
Seat 3: The_1652 (big blind) folded before Flop



PokerStars Hand #249364080046: Tournament #3727462199, $1.84+$0.16 USD Hold'em No Limit - Level III (20/40) - 2024/03/11 18:02:10 CET [2024/03/11 13:02:10 ET]
Table '3727462199 1' 3-max Seat #2 is the button
Seat 1: robbingraves (675 in chips) 
Seat 2: Mahu2021 (475 in chips) 
Seat 3: The_1652 (350 in chips) 
The_1652: posts small blind 20
robbingraves: posts big blind 40
*** HOLE CARDS ***
Dealt to Mahu2021 [Qh 5h]
Mahu2021: calls 40
The_1652: calls 20
robbingraves: raises 40 to 80
Mahu2021: calls 40
The_1652: folds 
*** FLOP *** [Ac 5d Ad]
robbingraves: bets 200
Mahu2021: folds 
Uncalled bet (200) returned to robbingraves
robbingraves collected 200 from pot
*** SUMMARY ***
Total pot 200 | Rake 0 
Board [Ac 5d Ad]
Seat 1: robbingraves (big blind) collected (200)
Seat 2: Mahu2021 (button) folded on the Flop
Seat 3: The_1652 (small blind) folded before Flop



PokerStars Hand #249364085784: Tournament #3727462199, $1.84+$0.16 USD Hold'em No Limit - Level III (20/40) - 2024/03/11 18:02:30 CET [2024/03/11 13:02:30 ET]
Table '3727462199 1' 3-max Seat #3 is the button
Seat 1: robbingraves (795 in chips) 
Seat 2: Mahu2021 (395 in chips) 
Seat 3: The_1652 (310 in chips) 
robbingraves: posts small blind 20
Mahu2021: posts big blind 40
*** HOLE CARDS ***
Dealt to Mahu2021 [5d Tc]
The_1652: folds 
robbingraves: calls 20
Mahu2021: checks 
*** FLOP *** [7d 6d Ah]
robbingraves: checks 
Mahu2021: checks 
*** TURN *** [7d 6d Ah] [3c]
robbingraves: checks 
Mahu2021: bets 40
robbingraves: calls 40
*** RIVER *** [7d 6d Ah 3c] [Jd]
robbingraves: checks 
Mahu2021: checks 
*** SHOW DOWN ***
robbingraves: shows [2d 3s] (a pair of Threes)
Mahu2021: mucks hand 
robbingraves collected 160 from pot
*** SUMMARY ***
Total pot 160 | Rake 0 
Board [7d 6d Ah 3c Jd]
Seat 1: robbingraves (small blind) showed [2d 3s] and won (160) with a pair of Threes
Seat 2: Mahu2021 (big blind) mucked [5d Tc]
Seat 3: The_1652 (button) folded before Flop (didn't bet)



PokerStars Hand #249364092294: Tournament #3727462199, $1.84+$0.16 USD Hold'em No Limit - Level IV (30/60) - 2024/03/11 18:02:55 CET [2024/03/11 13:02:55 ET]
Table '3727462199 1' 3-max Seat #1 is the button
Seat 1: robbingraves (875 in chips) 
Seat 2: Mahu2021 (315 in chips) 
Seat 3: The_1652 (310 in chips) 
Mahu2021: posts small blind 30
The_1652: posts big blind 60
*** HOLE CARDS ***
Dealt to Mahu2021 [3h 3s]
robbingraves: folds 
Mahu2021: raises 255 to 315 and is all-in
The_1652: folds 
Uncalled bet (255) returned to Mahu2021
Mahu2021 collected 120 from pot
Mahu2021: doesn't show hand 
*** SUMMARY ***
Total pot 120 | Rake 0 
Seat 1: robbingraves (button) folded before Flop (didn't bet)
Seat 2: Mahu2021 (small blind) collected (120)
Seat 3: The_1652 (big blind) folded before Flop



PokerStars Hand #249364094682: Tournament #3727462199, $1.84+$0.16 USD Hold'em No Limit - Level IV (30/60) - 2024/03/11 18:03:04 CET [2024/03/11 13:03:04 ET]
Table '3727462199 1' 3-max Seat #2 is the button
Seat 1: robbingraves (875 in chips) 
Seat 2: Mahu2021 (375 in chips) 
Seat 3: The_1652 (250 in chips) 
The_1652: posts small blind 30
robbingraves: posts big blind 60
*** HOLE CARDS ***
Dealt to Mahu2021 [7c Qh]
Mahu2021: folds 
The_1652: raises 190 to 250 and is all-in
robbingraves: folds 
Uncalled bet (190) returned to The_1652
The_1652 collected 120 from pot
The_1652: doesn't show hand 
*** SUMMARY ***
Total pot 120 | Rake 0 
Seat 1: robbingraves (big blind) folded before Flop
Seat 2: Mahu2021 (button) folded before Flop (didn't bet)
Seat 3: The_1652 (small blind) collected (120)



PokerStars Hand #249364097819: Tournament #3727462199, $1.84+$0.16 USD Hold'em No Limit - Level IV (30/60) - 2024/03/11 18:03:16 CET [2024/03/11 13:03:16 ET]
Table '3727462199 1' 3-max Seat #3 is the button
Seat 1: robbingraves (815 in chips) 
Seat 2: Mahu2021 (375 in chips) 
Seat 3: The_1652 (310 in chips) 
robbingraves: posts small blind 30
Mahu2021: posts big blind 60
*** HOLE CARDS ***
Dealt to Mahu2021 [Ks Js]
The_1652: raises 250 to 310 and is all-in
robbingraves: folds 
Mahu2021: calls 250
*** FLOP *** [2c Td Jc]
*** TURN *** [2c Td Jc] [6c]
*** RIVER *** [2c Td Jc 6c] [3s]
*** SHOW DOWN ***
Mahu2021: shows [Ks Js] (a pair of Jacks)
The_1652: shows [Kc 9d] (high card King)
Mahu2021 collected 650 from pot
The_1652 finished the tournament in 3rd place
*** SUMMARY ***
Total pot 650 | Rake 0 
Board [2c Td Jc 6c 3s]
Seat 1: robbingraves (small blind) folded before Flop
Seat 2: Mahu2021 (big blind) showed [Ks Js] and won (650) with a pair of Jacks
Seat 3: The_1652 (button) showed [Kc 9d] and lost with high card King



PokerStars Hand #249364102447: Tournament #3727462199, $1.84+$0.16 USD Hold'em No Limit - Level IV (30/60) - 2024/03/11 18:03:34 CET [2024/03/11 13:03:34 ET]
Table '3727462199 1' 3-max Seat #2 is the button
Seat 1: robbingraves (785 in chips) 
Seat 2: Mahu2021 (715 in chips) 
Mahu2021: posts small blind 30
robbingraves: posts big blind 60
*** HOLE CARDS ***
Dealt to Mahu2021 [Jc Tc]
Mahu2021: calls 30
robbingraves: raises 60 to 120
Mahu2021: calls 60
*** FLOP *** [4d 9h Js]
robbingraves: bets 240
Mahu2021: raises 355 to 595 and is all-in
robbingraves: calls 355
*** TURN *** [4d 9h Js] [9s]
*** RIVER *** [4d 9h Js 9s] [As]
*** SHOW DOWN ***
robbingraves: shows [Th Qh] (a pair of Nines)
Mahu2021: shows [Jc Tc] (two pair, Jacks and Nines)
Mahu2021 collected 1430 from pot
*** SUMMARY ***
Total pot 1430 | Rake 0 
Board [4d 9h Js 9s As]
Seat 1: robbingraves (big blind) showed [Th Qh] and lost with a pair of Nines
Seat 2: Mahu2021 (button) (small blind) showed [Jc Tc] and won (1430) with two pair, Jacks and Nines



PokerStars Hand #249364107757: Tournament #3727462199, $1.84+$0.16 USD Hold'em No Limit - Level IV (30/60) - 2024/03/11 18:03:53 CET [2024/03/11 13:03:53 ET]
Table '3727462199 1' 3-max Seat #1 is the button
Seat 1: robbingraves (70 in chips) 
Seat 2: Mahu2021 (1430 in chips) 
robbingraves: posts small blind 30
Mahu2021: posts big blind 60
*** HOLE CARDS ***
Dealt to Mahu2021 [6s Kd]
robbingraves: raises 10 to 70 and is all-in
Mahu2021: calls 10
*** FLOP *** [7c Qh 3s]
*** TURN *** [7c Qh 3s] [5c]
*** RIVER *** [7c Qh 3s 5c] [5s]
*** SHOW DOWN ***
Mahu2021: shows [6s Kd] (a pair of Fives)
robbingraves: shows [Ad 9c] (a pair of Fives - Ace kicker)
robbingraves collected 140 from pot
*** SUMMARY ***
Total pot 140 | Rake 0 
Board [7c Qh 3s 5c 5s]
Seat 1: robbingraves (button) (small blind) showed [Ad 9c] and won (140) with a pair of Fives
Seat 2: Mahu2021 (big blind) showed [6s Kd] and lost with a pair of Fives



PokerStars Hand #249364111064: Tournament #3727462199, $1.84+$0.16 USD Hold'em No Limit - Level IV (30/60) - 2024/03/11 18:04:05 CET [2024/03/11 13:04:05 ET]
Table '3727462199 1' 3-max Seat #2 is the button
Seat 1: robbingraves (140 in chips) 
Seat 2: Mahu2021 (1360 in chips) 
Mahu2021: posts small blind 30
robbingraves: posts big blind 60
*** HOLE CARDS ***
Dealt to Mahu2021 [8s 7s]
Mahu2021: calls 30
robbingraves: checks 
*** FLOP *** [Ks Qh Jh]
robbingraves: checks 
Mahu2021: bets 60
robbingraves: folds 
Uncalled bet (60) returned to Mahu2021
Mahu2021 collected 120 from pot
Mahu2021: doesn't show hand 
*** SUMMARY ***
Total pot 120 | Rake 0 
Board [Ks Qh Jh]
Seat 1: robbingraves (big blind) folded on the Flop
Seat 2: Mahu2021 (button) (small blind) collected (120)



PokerStars Hand #249364114970: Tournament #3727462199, $1.84+$0.16 USD Hold'em No Limit - Level IV (30/60) - 2024/03/11 18:04:20 CET [2024/03/11 13:04:20 ET]
Table '3727462199 1' 3-max Seat #1 is the button
Seat 1: robbingraves (80 in chips) 
Seat 2: Mahu2021 (1420 in chips) 
robbingraves: posts small blind 30
Mahu2021: posts big blind 60
*** HOLE CARDS ***
Dealt to Mahu2021 [9h 3c]
robbingraves: raises 20 to 80 and is all-in
Mahu2021: folds 
Uncalled bet (20) returned to robbingraves
robbingraves collected 120 from pot
*** SUMMARY ***
Total pot 120 | Rake 0 
Seat 1: robbingraves (button) (small blind) collected (120)
Seat 2: Mahu2021 (big blind) folded before Flop



PokerStars Hand #249364116325: Tournament #3727462199, $1.84+$0.16 USD Hold'em No Limit - Level IV (30/60) - 2024/03/11 18:04:25 CET [2024/03/11 13:04:25 ET]
Table '3727462199 1' 3-max Seat #2 is the button
Seat 1: robbingraves (140 in chips) 
Seat 2: Mahu2021 (1360 in chips) 
Mahu2021: posts small blind 30
robbingraves: posts big blind 60
*** HOLE CARDS ***
Dealt to Mahu2021 [5c 3c]
Mahu2021: folds 
Uncalled bet (30) returned to robbingraves
robbingraves collected 60 from pot
*** SUMMARY ***
Total pot 60 | Rake 0 
Seat 1: robbingraves (big blind) collected (60)
Seat 2: Mahu2021 (button) (small blind) folded before Flop



PokerStars Hand #249364117735: Tournament #3727462199, $1.84+$0.16 USD Hold'em No Limit - Level IV (30/60) - 2024/03/11 18:04:30 CET [2024/03/11 13:04:30 ET]
Table '3727462199 1' 3-max Seat #1 is the button
Seat 1: robbingraves (170 in chips) 
Seat 2: Mahu2021 (1330 in chips) 
robbingraves: posts small blind 30
Mahu2021: posts big blind 60
*** HOLE CARDS ***
Dealt to Mahu2021 [3d Kd]
robbingraves: raises 110 to 170 and is all-in
Mahu2021: calls 110
*** FLOP *** [Th Qs Ah]
*** TURN *** [Th Qs Ah] [Ks]
*** RIVER *** [Th Qs Ah Ks] [As]
*** SHOW DOWN ***
Mahu2021: shows [3d Kd] (two pair, Aces and Kings)
robbingraves: shows [Td 5d] (two pair, Aces and Tens)
Mahu2021 collected 340 from pot
robbingraves finished the tournament in 2nd place
Mahu2021 wins the tournament and receives $6.00 - congratulations!
*** SUMMARY ***
Total pot 340 | Rake 0 
Board [Th Qs Ah Ks As]
Seat 1: robbingraves (button) (small blind) showed [Td 5d] and lost with two pair, Aces and Tens
Seat 2: Mahu2021 (big blind) showed [3d Kd] and won (340) with two pair, Aces and Kings



