PokerStars Hand #249825063797: Tournament #3738377231, $1.84+$0.16 USD Hold'em No Limit - Level I (10/20) - 2024/04/06 15:05:50 CET [2024/04/06 9:05:50 ET]
Table '3738377231 1' 3-max Seat #1 is the button
Seat 1: dragovas28 (500 in chips) 
Seat 2: maniakTOX (500 in chips) 
Seat 3: Mahu2021 (500 in chips) 
maniakTOX: posts small blind 10
Mahu2021: posts big blind 20
*** HOLE CARDS ***
Dealt to Mahu2021 [Qh 7c]
dragovas28: raises 20 to 40
maniakTOX: folds 
Mahu2021: calls 20
*** FLOP *** [6s 8d 9c]
Mahu2021: checks 
dragovas28: checks 
*** TURN *** [6s 8d 9c] [9s]
Mahu2021: bets 40
dragovas28: folds 
Uncalled bet (40) returned to Mahu2021
Mahu2021 collected 90 from pot
Mahu2021: doesn't show hand 
*** SUMMARY ***
Total pot 90 | Rake 0 
Board [6s 8d 9c 9s]
Seat 1: dragovas28 (button) folded on the Turn
Seat 2: maniakTOX (small blind) folded before Flop
Seat 3: Mahu2021 (big blind) collected (90)



PokerStars Hand #249825068014: Tournament #3738377231, $1.84+$0.16 USD Hold'em No Limit - Level I (10/20) - 2024/04/06 15:06:11 CET [2024/04/06 9:06:11 ET]
Table '3738377231 1' 3-max Seat #2 is the button
Seat 1: dragovas28 (460 in chips) 
Seat 2: maniakTOX (490 in chips) 
Seat 3: Mahu2021 (550 in chips) 
Mahu2021: posts small blind 10
dragovas28: posts big blind 20
*** HOLE CARDS ***
Dealt to Mahu2021 [Ts Th]
maniakTOX: folds 
Mahu2021: calls 10
dragovas28: checks 
*** FLOP *** [Ah Ac 5h]
Mahu2021: bets 20
dragovas28: folds 
Uncalled bet (20) returned to Mahu2021
Mahu2021 collected 40 from pot
Mahu2021: doesn't show hand 
*** SUMMARY ***
Total pot 40 | Rake 0 
Board [Ah Ac 5h]
Seat 1: dragovas28 (big blind) folded on the Flop
Seat 2: maniakTOX (button) folded before Flop (didn't bet)
Seat 3: Mahu2021 (small blind) collected (40)



PokerStars Hand #249825069749: Tournament #3738377231, $1.84+$0.16 USD Hold'em No Limit - Level I (10/20) - 2024/04/06 15:06:19 CET [2024/04/06 9:06:19 ET]
Table '3738377231 1' 3-max Seat #3 is the button
Seat 1: dragovas28 (440 in chips) 
Seat 2: maniakTOX (490 in chips) 
Seat 3: Mahu2021 (570 in chips) 
dragovas28: posts small blind 10
maniakTOX: posts big blind 20
*** HOLE CARDS ***
Dealt to Mahu2021 [6h 5s]
Mahu2021: folds 
dragovas28: raises 20 to 40
maniakTOX: folds 
Uncalled bet (20) returned to dragovas28
dragovas28 collected 40 from pot
*** SUMMARY ***
Total pot 40 | Rake 0 
Seat 1: dragovas28 (small blind) collected (40)
Seat 2: maniakTOX (big blind) folded before Flop
Seat 3: Mahu2021 (button) folded before Flop (didn't bet)



PokerStars Hand #249825071130: Tournament #3738377231, $1.84+$0.16 USD Hold'em No Limit - Level I (10/20) - 2024/04/06 15:06:26 CET [2024/04/06 9:06:26 ET]
Table '3738377231 1' 3-max Seat #1 is the button
Seat 1: dragovas28 (460 in chips) 
Seat 2: maniakTOX (470 in chips) 
Seat 3: Mahu2021 (570 in chips) 
maniakTOX: posts small blind 10
Mahu2021: posts big blind 20
*** HOLE CARDS ***
Dealt to Mahu2021 [2s 6h]
dragovas28: calls 20
maniakTOX: calls 10
Mahu2021: checks 
*** FLOP *** [8c Tc 6s]
maniakTOX: checks 
Mahu2021: checks 
dragovas28: checks 
*** TURN *** [8c Tc 6s] [Qs]
maniakTOX: checks 
Mahu2021: checks 
dragovas28: checks 
*** RIVER *** [8c Tc 6s Qs] [5c]
maniakTOX: checks 
Mahu2021: bets 60
dragovas28: folds 
maniakTOX: folds 
Uncalled bet (60) returned to Mahu2021
Mahu2021 collected 60 from pot
Mahu2021: doesn't show hand 
*** SUMMARY ***
Total pot 60 | Rake 0 
Board [8c Tc 6s Qs 5c]
Seat 1: dragovas28 (button) folded on the River
Seat 2: maniakTOX (small blind) folded on the River
Seat 3: Mahu2021 (big blind) collected (60)



PokerStars Hand #249825076975: Tournament #3738377231, $1.84+$0.16 USD Hold'em No Limit - Level I (10/20) - 2024/04/06 15:06:55 CET [2024/04/06 9:06:55 ET]
Table '3738377231 1' 3-max Seat #2 is the button
Seat 1: dragovas28 (440 in chips) 
Seat 2: maniakTOX (450 in chips) 
Seat 3: Mahu2021 (610 in chips) 
Mahu2021: posts small blind 10
dragovas28: posts big blind 20
*** HOLE CARDS ***
Dealt to Mahu2021 [As 7s]
maniakTOX: folds 
Mahu2021: raises 20 to 40
dragovas28: calls 20
*** FLOP *** [5d 4h 8h]
Mahu2021: checks 
dragovas28: checks 
*** TURN *** [5d 4h 8h] [7c]
Mahu2021: checks 
dragovas28: bets 20
Mahu2021: calls 20
*** RIVER *** [5d 4h 8h 7c] [7d]
Mahu2021: bets 120
dragovas28: calls 120
*** SHOW DOWN ***
Mahu2021: shows [As 7s] (three of a kind, Sevens)
dragovas28: shows [6c Qh] (a straight, Four to Eight)
dragovas28 collected 360 from pot
*** SUMMARY ***
Total pot 360 | Rake 0 
Board [5d 4h 8h 7c 7d]
Seat 1: dragovas28 (big blind) showed [6c Qh] and won (360) with a straight, Four to Eight
Seat 2: maniakTOX (button) folded before Flop (didn't bet)
Seat 3: Mahu2021 (small blind) showed [As 7s] and lost with three of a kind, Sevens



PokerStars Hand #249825080242: Tournament #3738377231, $1.84+$0.16 USD Hold'em No Limit - Level I (10/20) - 2024/04/06 15:07:10 CET [2024/04/06 9:07:10 ET]
Table '3738377231 1' 3-max Seat #3 is the button
Seat 1: dragovas28 (620 in chips) 
Seat 2: maniakTOX (450 in chips) 
Seat 3: Mahu2021 (430 in chips) 
dragovas28: posts small blind 10
maniakTOX: posts big blind 20
*** HOLE CARDS ***
Dealt to Mahu2021 [8h Tc]
Mahu2021: folds 
dragovas28: calls 10
maniakTOX: checks 
*** FLOP *** [4c 6c Ac]
dragovas28: bets 20
maniakTOX: folds 
Uncalled bet (20) returned to dragovas28
dragovas28 collected 40 from pot
*** SUMMARY ***
Total pot 40 | Rake 0 
Board [4c 6c Ac]
Seat 1: dragovas28 (small blind) collected (40)
Seat 2: maniakTOX (big blind) folded on the Flop
Seat 3: Mahu2021 (button) folded before Flop (didn't bet)



PokerStars Hand #249825082521: Tournament #3738377231, $1.84+$0.16 USD Hold'em No Limit - Level I (10/20) - 2024/04/06 15:07:22 CET [2024/04/06 9:07:22 ET]
Table '3738377231 1' 3-max Seat #1 is the button
Seat 1: dragovas28 (640 in chips) 
Seat 2: maniakTOX (430 in chips) 
Seat 3: Mahu2021 (430 in chips) 
maniakTOX: posts small blind 10
Mahu2021: posts big blind 20
*** HOLE CARDS ***
Dealt to Mahu2021 [Tc Qc]
dragovas28: folds 
maniakTOX: raises 20 to 40
Mahu2021: calls 20
*** FLOP *** [Th 6d Ad]
maniakTOX: bets 40
Mahu2021: calls 40
*** TURN *** [Th 6d Ad] [2s]
maniakTOX: checks 
Mahu2021: checks 
*** RIVER *** [Th 6d Ad 2s] [6c]
maniakTOX: checks 
Mahu2021: bets 80
maniakTOX: folds 
Uncalled bet (80) returned to Mahu2021
Mahu2021 collected 160 from pot
Mahu2021: doesn't show hand 
*** SUMMARY ***
Total pot 160 | Rake 0 
Board [Th 6d Ad 2s 6c]
Seat 1: dragovas28 (button) folded before Flop (didn't bet)
Seat 2: maniakTOX (small blind) folded on the River
Seat 3: Mahu2021 (big blind) collected (160)



PokerStars Hand #249825089175: Tournament #3738377231, $1.84+$0.16 USD Hold'em No Limit - Level I (10/20) - 2024/04/06 15:07:54 CET [2024/04/06 9:07:54 ET]
Table '3738377231 1' 3-max Seat #2 is the button
Seat 1: dragovas28 (640 in chips) 
Seat 2: maniakTOX (350 in chips) 
Seat 3: Mahu2021 (510 in chips) 
Mahu2021: posts small blind 10
dragovas28: posts big blind 20
*** HOLE CARDS ***
Dealt to Mahu2021 [5h 8c]
maniakTOX: raises 20 to 40
Mahu2021: folds 
dragovas28: calls 20
*** FLOP *** [6h 8d 2c]
dragovas28: bets 20
maniakTOX: calls 20
*** TURN *** [6h 8d 2c] [Jc]
dragovas28: checks 
maniakTOX: bets 87
dragovas28: folds 
Uncalled bet (87) returned to maniakTOX
maniakTOX collected 130 from pot
*** SUMMARY ***
Total pot 130 | Rake 0 
Board [6h 8d 2c Jc]
Seat 1: dragovas28 (big blind) folded on the Turn
Seat 2: maniakTOX (button) collected (130)
Seat 3: Mahu2021 (small blind) folded before Flop



PokerStars Hand #249825093832: Tournament #3738377231, $1.84+$0.16 USD Hold'em No Limit - Level I (10/20) - 2024/04/06 15:08:17 CET [2024/04/06 9:08:17 ET]
Table '3738377231 1' 3-max Seat #3 is the button
Seat 1: dragovas28 (580 in chips) 
Seat 2: maniakTOX (420 in chips) 
Seat 3: Mahu2021 (500 in chips) 
dragovas28: posts small blind 10
maniakTOX: posts big blind 20
*** HOLE CARDS ***
Dealt to Mahu2021 [9d 6s]
Mahu2021: folds 
dragovas28: raises 20 to 40
maniakTOX: calls 20
*** FLOP *** [2d 3h 9c]
dragovas28: bets 20
maniakTOX: calls 20
*** TURN *** [2d 3h 9c] [Td]
dragovas28: checks 
maniakTOX: checks 
*** RIVER *** [2d 3h 9c Td] [5c]
dragovas28: checks 
maniakTOX: checks 
*** SHOW DOWN ***
dragovas28: shows [4h Jd] (high card Jack)
maniakTOX: shows [Ad 7d] (high card Ace)
maniakTOX collected 120 from pot
*** SUMMARY ***
Total pot 120 | Rake 0 
Board [2d 3h 9c Td 5c]
Seat 1: dragovas28 (small blind) showed [4h Jd] and lost with high card Jack
Seat 2: maniakTOX (big blind) showed [Ad 7d] and won (120) with high card Ace
Seat 3: Mahu2021 (button) folded before Flop (didn't bet)



PokerStars Hand #249825099296: Tournament #3738377231, $1.84+$0.16 USD Hold'em No Limit - Level I (10/20) - 2024/04/06 15:08:43 CET [2024/04/06 9:08:43 ET]
Table '3738377231 1' 3-max Seat #1 is the button
Seat 1: dragovas28 (520 in chips) 
Seat 2: maniakTOX (480 in chips) 
Seat 3: Mahu2021 (500 in chips) 
maniakTOX: posts small blind 10
Mahu2021: posts big blind 20
*** HOLE CARDS ***
Dealt to Mahu2021 [Kd 5s]
dragovas28: raises 50 to 70
maniakTOX: folds 
Mahu2021: folds 
Uncalled bet (50) returned to dragovas28
dragovas28 collected 50 from pot
*** SUMMARY ***
Total pot 50 | Rake 0 
Seat 1: dragovas28 (button) collected (50)
Seat 2: maniakTOX (small blind) folded before Flop
Seat 3: Mahu2021 (big blind) folded before Flop



PokerStars Hand #249825100622: Tournament #3738377231, $1.84+$0.16 USD Hold'em No Limit - Level I (10/20) - 2024/04/06 15:08:50 CET [2024/04/06 9:08:50 ET]
Table '3738377231 1' 3-max Seat #2 is the button
Seat 1: dragovas28 (550 in chips) 
Seat 2: maniakTOX (470 in chips) 
Seat 3: Mahu2021 (480 in chips) 
Mahu2021: posts small blind 10
dragovas28: posts big blind 20
*** HOLE CARDS ***
Dealt to Mahu2021 [6d As]
maniakTOX: raises 20 to 40
Mahu2021: calls 30
dragovas28: calls 20
*** FLOP *** [4s Jc Jd]
Mahu2021: checks 
dragovas28: checks 
maniakTOX: bets 20
Mahu2021: folds 
dragovas28: calls 20
*** TURN *** [4s Jc Jd] [6s]
dragovas28: checks 
maniakTOX: checks 
*** RIVER *** [4s Jc Jd 6s] [Ah]
dragovas28: checks 
maniakTOX: checks 
*** SHOW DOWN ***
dragovas28: shows [5d 9d] (a pair of Jacks)
maniakTOX: shows [Ad Ks] (two pair, Aces and Jacks)
maniakTOX collected 160 from pot
*** SUMMARY ***
Total pot 160 | Rake 0 
Board [4s Jc Jd 6s Ah]
Seat 1: dragovas28 (big blind) showed [5d 9d] and lost with a pair of Jacks
Seat 2: maniakTOX (button) showed [Ad Ks] and won (160) with two pair, Aces and Jacks
Seat 3: Mahu2021 (small blind) folded on the Flop



PokerStars Hand #249825106362: Tournament #3738377231, $1.84+$0.16 USD Hold'em No Limit - Level II (15/30) - 2024/04/06 15:09:18 CET [2024/04/06 9:09:18 ET]
Table '3738377231 1' 3-max Seat #3 is the button
Seat 1: dragovas28 (490 in chips) 
Seat 2: maniakTOX (570 in chips) 
Seat 3: Mahu2021 (440 in chips) 
dragovas28: posts small blind 15
maniakTOX: posts big blind 30
*** HOLE CARDS ***
Dealt to Mahu2021 [Kd Qh]
Mahu2021: raises 30 to 60
dragovas28: calls 45
maniakTOX: folds 
*** FLOP *** [Qs Jc 2h]
dragovas28: bets 30
Mahu2021: raises 90 to 120
dragovas28: folds 
Uncalled bet (90) returned to Mahu2021
Mahu2021 collected 210 from pot
Mahu2021: doesn't show hand 
*** SUMMARY ***
Total pot 210 | Rake 0 
Board [Qs Jc 2h]
Seat 1: dragovas28 (small blind) folded on the Flop
Seat 2: maniakTOX (big blind) folded before Flop
Seat 3: Mahu2021 (button) collected (210)



PokerStars Hand #249825110598: Tournament #3738377231, $1.84+$0.16 USD Hold'em No Limit - Level II (15/30) - 2024/04/06 15:09:39 CET [2024/04/06 9:09:39 ET]
Table '3738377231 1' 3-max Seat #1 is the button
Seat 1: dragovas28 (400 in chips) 
Seat 2: maniakTOX (540 in chips) 
Seat 3: Mahu2021 (560 in chips) 
maniakTOX: posts small blind 15
Mahu2021: posts big blind 30
*** HOLE CARDS ***
Dealt to Mahu2021 [7s 8c]
dragovas28: raises 75 to 105
maniakTOX: raises 435 to 540 and is all-in
Mahu2021: folds 
dragovas28: folds 
Uncalled bet (435) returned to maniakTOX
maniakTOX collected 240 from pot
*** SUMMARY ***
Total pot 240 | Rake 0 
Seat 1: dragovas28 (button) folded before Flop
Seat 2: maniakTOX (small blind) collected (240)
Seat 3: Mahu2021 (big blind) folded before Flop



PokerStars Hand #249825112183: Tournament #3738377231, $1.84+$0.16 USD Hold'em No Limit - Level II (15/30) - 2024/04/06 15:09:47 CET [2024/04/06 9:09:47 ET]
Table '3738377231 1' 3-max Seat #2 is the button
Seat 1: dragovas28 (295 in chips) 
Seat 2: maniakTOX (675 in chips) 
Seat 3: Mahu2021 (530 in chips) 
Mahu2021: posts small blind 15
dragovas28: posts big blind 30
*** HOLE CARDS ***
Dealt to Mahu2021 [4c 9h]
maniakTOX: folds 
Mahu2021: folds 
Uncalled bet (15) returned to dragovas28
dragovas28 collected 30 from pot
*** SUMMARY ***
Total pot 30 | Rake 0 
Seat 1: dragovas28 (big blind) collected (30)
Seat 2: maniakTOX (button) folded before Flop (didn't bet)
Seat 3: Mahu2021 (small blind) folded before Flop



PokerStars Hand #249825113095: Tournament #3738377231, $1.84+$0.16 USD Hold'em No Limit - Level II (15/30) - 2024/04/06 15:09:51 CET [2024/04/06 9:09:51 ET]
Table '3738377231 1' 3-max Seat #3 is the button
Seat 1: dragovas28 (310 in chips) 
Seat 2: maniakTOX (675 in chips) 
Seat 3: Mahu2021 (515 in chips) 
dragovas28: posts small blind 15
maniakTOX: posts big blind 30
*** HOLE CARDS ***
Dealt to Mahu2021 [6s 2d]
Mahu2021: folds 
dragovas28: raises 60 to 90
maniakTOX: folds 
Uncalled bet (60) returned to dragovas28
dragovas28 collected 60 from pot
*** SUMMARY ***
Total pot 60 | Rake 0 
Seat 1: dragovas28 (small blind) collected (60)
Seat 2: maniakTOX (big blind) folded before Flop
Seat 3: Mahu2021 (button) folded before Flop (didn't bet)



PokerStars Hand #249825114623: Tournament #3738377231, $1.84+$0.16 USD Hold'em No Limit - Level II (15/30) - 2024/04/06 15:09:58 CET [2024/04/06 9:09:58 ET]
Table '3738377231 1' 3-max Seat #1 is the button
Seat 1: dragovas28 (340 in chips) 
Seat 2: maniakTOX (645 in chips) 
Seat 3: Mahu2021 (515 in chips) 
maniakTOX: posts small blind 15
Mahu2021: posts big blind 30
*** HOLE CARDS ***
Dealt to Mahu2021 [2c Js]
dragovas28: raises 30 to 60
maniakTOX: folds 
Mahu2021: calls 30
*** FLOP *** [Ad 9d 9c]
Mahu2021: checks 
dragovas28: bets 30
Mahu2021: folds 
Uncalled bet (30) returned to dragovas28
dragovas28 collected 135 from pot
*** SUMMARY ***
Total pot 135 | Rake 0 
Board [Ad 9d 9c]
Seat 1: dragovas28 (button) collected (135)
Seat 2: maniakTOX (small blind) folded before Flop
Seat 3: Mahu2021 (big blind) folded on the Flop



PokerStars Hand #249825116860: Tournament #3738377231, $1.84+$0.16 USD Hold'em No Limit - Level II (15/30) - 2024/04/06 15:10:09 CET [2024/04/06 9:10:09 ET]
Table '3738377231 1' 3-max Seat #2 is the button
Seat 1: dragovas28 (415 in chips) 
Seat 2: maniakTOX (630 in chips) 
Seat 3: Mahu2021 (455 in chips) 
Mahu2021: posts small blind 15
dragovas28: posts big blind 30
*** HOLE CARDS ***
Dealt to Mahu2021 [7h Ah]
maniakTOX: folds 
Mahu2021: calls 15
dragovas28: checks 
*** FLOP *** [7c 6c Tc]
Mahu2021: bets 30
dragovas28: raises 30 to 60
Mahu2021: calls 30
*** TURN *** [7c 6c Tc] [4d]
Mahu2021: checks 
dragovas28: checks 
*** RIVER *** [7c 6c Tc 4d] [Qc]
Mahu2021: checks 
dragovas28: bets 120
Mahu2021: folds 
Uncalled bet (120) returned to dragovas28
dragovas28 collected 180 from pot
*** SUMMARY ***
Total pot 180 | Rake 0 
Board [7c 6c Tc 4d Qc]
Seat 1: dragovas28 (big blind) collected (180)
Seat 2: maniakTOX (button) folded before Flop (didn't bet)
Seat 3: Mahu2021 (small blind) folded on the River



PokerStars Hand #249825120260: Tournament #3738377231, $1.84+$0.16 USD Hold'em No Limit - Level II (15/30) - 2024/04/06 15:10:26 CET [2024/04/06 9:10:26 ET]
Table '3738377231 1' 3-max Seat #3 is the button
Seat 1: dragovas28 (505 in chips) 
Seat 2: maniakTOX (630 in chips) 
Seat 3: Mahu2021 (365 in chips) 
dragovas28: posts small blind 15
maniakTOX: posts big blind 30
*** HOLE CARDS ***
Dealt to Mahu2021 [3c 8d]
Mahu2021: folds 
dragovas28: calls 15
maniakTOX: checks 
*** FLOP *** [3d 3s Tc]
dragovas28: bets 30
maniakTOX: folds 
Uncalled bet (30) returned to dragovas28
dragovas28 collected 60 from pot
*** SUMMARY ***
Total pot 60 | Rake 0 
Board [3d 3s Tc]
Seat 1: dragovas28 (small blind) collected (60)
Seat 2: maniakTOX (big blind) folded on the Flop
Seat 3: Mahu2021 (button) folded before Flop (didn't bet)



PokerStars Hand #249825122205: Tournament #3738377231, $1.84+$0.16 USD Hold'em No Limit - Level II (15/30) - 2024/04/06 15:10:35 CET [2024/04/06 9:10:35 ET]
Table '3738377231 1' 3-max Seat #1 is the button
Seat 1: dragovas28 (535 in chips) 
Seat 2: maniakTOX (600 in chips) 
Seat 3: Mahu2021 (365 in chips) 
maniakTOX: posts small blind 15
Mahu2021: posts big blind 30
*** HOLE CARDS ***
Dealt to Mahu2021 [Jd 5s]
dragovas28: calls 30
maniakTOX: folds 
Mahu2021: checks 
*** FLOP *** [As Qc Ks]
Mahu2021: checks 
dragovas28: bets 30
Mahu2021: calls 30
*** TURN *** [As Qc Ks] [Th]
Mahu2021: checks 
dragovas28: bets 60
Mahu2021: calls 60
*** RIVER *** [As Qc Ks Th] [7d]
Mahu2021: bets 150
dragovas28: folds 
Uncalled bet (150) returned to Mahu2021
Mahu2021 collected 255 from pot
Mahu2021: doesn't show hand 
*** SUMMARY ***
Total pot 255 | Rake 0 
Board [As Qc Ks Th 7d]
Seat 1: dragovas28 (button) folded on the River
Seat 2: maniakTOX (small blind) folded before Flop
Seat 3: Mahu2021 (big blind) collected (255)



PokerStars Hand #249825126444: Tournament #3738377231, $1.84+$0.16 USD Hold'em No Limit - Level II (15/30) - 2024/04/06 15:10:55 CET [2024/04/06 9:10:55 ET]
Table '3738377231 1' 3-max Seat #2 is the button
Seat 1: dragovas28 (415 in chips) 
Seat 2: maniakTOX (585 in chips) 
Seat 3: Mahu2021 (500 in chips) 
Mahu2021: posts small blind 15
dragovas28: posts big blind 30
*** HOLE CARDS ***
Dealt to Mahu2021 [Js 3c]
maniakTOX: raises 30 to 60
Mahu2021: folds 
dragovas28: calls 30
*** FLOP *** [2h Td Ks]
dragovas28: checks 
maniakTOX: bets 30
dragovas28: folds 
Uncalled bet (30) returned to maniakTOX
maniakTOX collected 135 from pot
*** SUMMARY ***
Total pot 135 | Rake 0 
Board [2h Td Ks]
Seat 1: dragovas28 (big blind) folded on the Flop
Seat 2: maniakTOX (button) collected (135)
Seat 3: Mahu2021 (small blind) folded before Flop



PokerStars Hand #249825129117: Tournament #3738377231, $1.84+$0.16 USD Hold'em No Limit - Level II (15/30) - 2024/04/06 15:11:09 CET [2024/04/06 9:11:09 ET]
Table '3738377231 1' 3-max Seat #3 is the button
Seat 1: dragovas28 (355 in chips) 
Seat 2: maniakTOX (660 in chips) 
Seat 3: Mahu2021 (485 in chips) 
dragovas28: posts small blind 15
maniakTOX: posts big blind 30
*** HOLE CARDS ***
Dealt to Mahu2021 [3s Kc]
Mahu2021: calls 30
dragovas28: raises 30 to 60
maniakTOX: folds 
Mahu2021: calls 30
*** FLOP *** [3d 7c 2s]
dragovas28: bets 30
Mahu2021: raises 395 to 425 and is all-in
dragovas28: folds 
Uncalled bet (395) returned to Mahu2021
Mahu2021 collected 210 from pot
Mahu2021: doesn't show hand 
*** SUMMARY ***
Total pot 210 | Rake 0 
Board [3d 7c 2s]
Seat 1: dragovas28 (small blind) folded on the Flop
Seat 2: maniakTOX (big blind) folded before Flop
Seat 3: Mahu2021 (button) collected (210)



PokerStars Hand #249825131653: Tournament #3738377231, $1.84+$0.16 USD Hold'em No Limit - Level II (15/30) - 2024/04/06 15:11:21 CET [2024/04/06 9:11:21 ET]
Table '3738377231 1' 3-max Seat #1 is the button
Seat 1: dragovas28 (265 in chips) 
Seat 2: maniakTOX (630 in chips) 
Seat 3: Mahu2021 (605 in chips) 
maniakTOX: posts small blind 15
Mahu2021: posts big blind 30
*** HOLE CARDS ***
Dealt to Mahu2021 [4c Td]
dragovas28: raises 60 to 90
maniakTOX: folds 
Mahu2021: folds 
Uncalled bet (60) returned to dragovas28
dragovas28 collected 75 from pot
*** SUMMARY ***
Total pot 75 | Rake 0 
Seat 1: dragovas28 (button) collected (75)
Seat 2: maniakTOX (small blind) folded before Flop
Seat 3: Mahu2021 (big blind) folded before Flop



PokerStars Hand #249825133899: Tournament #3738377231, $1.84+$0.16 USD Hold'em No Limit - Level II (15/30) - 2024/04/06 15:11:32 CET [2024/04/06 9:11:32 ET]
Table '3738377231 1' 3-max Seat #2 is the button
Seat 1: dragovas28 (310 in chips) 
Seat 2: maniakTOX (615 in chips) 
Seat 3: Mahu2021 (575 in chips) 
Mahu2021: posts small blind 15
dragovas28: posts big blind 30
*** HOLE CARDS ***
Dealt to Mahu2021 [3d 7d]
maniakTOX: raises 30 to 60
Mahu2021: folds 
dragovas28: calls 30
*** FLOP *** [Jc Kd Qc]
dragovas28: checks 
maniakTOX: bets 30
dragovas28: folds 
Uncalled bet (30) returned to maniakTOX
maniakTOX collected 135 from pot
*** SUMMARY ***
Total pot 135 | Rake 0 
Board [Jc Kd Qc]
Seat 1: dragovas28 (big blind) folded on the Flop
Seat 2: maniakTOX (button) collected (135)
Seat 3: Mahu2021 (small blind) folded before Flop



PokerStars Hand #249825136390: Tournament #3738377231, $1.84+$0.16 USD Hold'em No Limit - Level II (15/30) - 2024/04/06 15:11:45 CET [2024/04/06 9:11:45 ET]
Table '3738377231 1' 3-max Seat #3 is the button
Seat 1: dragovas28 (250 in chips) 
Seat 2: maniakTOX (690 in chips) 
Seat 3: Mahu2021 (560 in chips) 
dragovas28: posts small blind 15
maniakTOX: posts big blind 30
*** HOLE CARDS ***
Dealt to Mahu2021 [8h 9c]
Mahu2021: folds 
dragovas28: calls 15
maniakTOX: checks 
*** FLOP *** [9h Ah 2d]
dragovas28: checks 
maniakTOX: checks 
*** TURN *** [9h Ah 2d] [3h]
dragovas28: checks 
maniakTOX: bets 60
dragovas28: folds 
Uncalled bet (60) returned to maniakTOX
maniakTOX collected 60 from pot
*** SUMMARY ***
Total pot 60 | Rake 0 
Board [9h Ah 2d 3h]
Seat 1: dragovas28 (small blind) folded on the Turn
Seat 2: maniakTOX (big blind) collected (60)
Seat 3: Mahu2021 (button) folded before Flop (didn't bet)



PokerStars Hand #249825141290: Tournament #3738377231, $1.84+$0.16 USD Hold'em No Limit - Level III (20/40) - 2024/04/06 15:12:08 CET [2024/04/06 9:12:08 ET]
Table '3738377231 1' 3-max Seat #1 is the button
Seat 1: dragovas28 (220 in chips) 
Seat 2: maniakTOX (720 in chips) 
Seat 3: Mahu2021 (560 in chips) 
maniakTOX: posts small blind 20
Mahu2021: posts big blind 40
*** HOLE CARDS ***
Dealt to Mahu2021 [Tc 2s]
dragovas28: calls 40
maniakTOX: folds 
Mahu2021: checks 
*** FLOP *** [Jd 9c 8c]
Mahu2021: checks 
dragovas28: checks 
*** TURN *** [Jd 9c 8c] [9h]
Mahu2021: checks 
dragovas28: checks 
*** RIVER *** [Jd 9c 8c 9h] [Kh]
Mahu2021: bets 40
dragovas28: folds 
Uncalled bet (40) returned to Mahu2021
Mahu2021 collected 100 from pot
Mahu2021: doesn't show hand 
*** SUMMARY ***
Total pot 100 | Rake 0 
Board [Jd 9c 8c 9h Kh]
Seat 1: dragovas28 (button) folded on the River
Seat 2: maniakTOX (small blind) folded before Flop
Seat 3: Mahu2021 (big blind) collected (100)



PokerStars Hand #249825144322: Tournament #3738377231, $1.84+$0.16 USD Hold'em No Limit - Level III (20/40) - 2024/04/06 15:12:23 CET [2024/04/06 9:12:23 ET]
Table '3738377231 1' 3-max Seat #2 is the button
Seat 1: dragovas28 (180 in chips) 
Seat 2: maniakTOX (700 in chips) 
Seat 3: Mahu2021 (620 in chips) 
Mahu2021: posts small blind 20
dragovas28: posts big blind 40
*** HOLE CARDS ***
Dealt to Mahu2021 [3c 2s]
maniakTOX: folds 
Mahu2021: folds 
Uncalled bet (20) returned to dragovas28
dragovas28 collected 40 from pot
*** SUMMARY ***
Total pot 40 | Rake 0 
Seat 1: dragovas28 (big blind) collected (40)
Seat 2: maniakTOX (button) folded before Flop (didn't bet)
Seat 3: Mahu2021 (small blind) folded before Flop



PokerStars Hand #249825145282: Tournament #3738377231, $1.84+$0.16 USD Hold'em No Limit - Level III (20/40) - 2024/04/06 15:12:28 CET [2024/04/06 9:12:28 ET]
Table '3738377231 1' 3-max Seat #3 is the button
Seat 1: dragovas28 (200 in chips) 
Seat 2: maniakTOX (700 in chips) 
Seat 3: Mahu2021 (600 in chips) 
dragovas28: posts small blind 20
maniakTOX: posts big blind 40
*** HOLE CARDS ***
Dealt to Mahu2021 [Qh 3h]
Mahu2021: calls 40
dragovas28: calls 20
maniakTOX: checks 
*** FLOP *** [8s 6h 8d]
dragovas28: bets 40
maniakTOX: folds 
Mahu2021: folds 
Uncalled bet (40) returned to dragovas28
dragovas28 collected 120 from pot
*** SUMMARY ***
Total pot 120 | Rake 0 
Board [8s 6h 8d]
Seat 1: dragovas28 (small blind) collected (120)
Seat 2: maniakTOX (big blind) folded on the Flop
Seat 3: Mahu2021 (button) folded on the Flop



PokerStars Hand #249825147843: Tournament #3738377231, $1.84+$0.16 USD Hold'em No Limit - Level III (20/40) - 2024/04/06 15:12:40 CET [2024/04/06 9:12:40 ET]
Table '3738377231 1' 3-max Seat #1 is the button
Seat 1: dragovas28 (280 in chips) 
Seat 2: maniakTOX (660 in chips) 
Seat 3: Mahu2021 (560 in chips) 
maniakTOX: posts small blind 20
Mahu2021: posts big blind 40
*** HOLE CARDS ***
Dealt to Mahu2021 [Qd 2h]
dragovas28: calls 40
maniakTOX: folds 
Mahu2021: checks 
*** FLOP *** [7s 7c 3s]
Mahu2021: checks 
dragovas28: checks 
*** TURN *** [7s 7c 3s] [Ts]
Mahu2021: checks 
dragovas28: checks 
*** RIVER *** [7s 7c 3s Ts] [6d]
Mahu2021: checks 
dragovas28: checks 
*** SHOW DOWN ***
Mahu2021: shows [Qd 2h] (a pair of Sevens)
dragovas28: shows [9c Qh] (a pair of Sevens - Queen+Ten+Nine kicker)
dragovas28 collected 100 from pot
*** SUMMARY ***
Total pot 100 | Rake 0 
Board [7s 7c 3s Ts 6d]
Seat 1: dragovas28 (button) showed [9c Qh] and won (100) with a pair of Sevens
Seat 2: maniakTOX (small blind) folded before Flop
Seat 3: Mahu2021 (big blind) showed [Qd 2h] and lost with a pair of Sevens



PokerStars Hand #249825150462: Tournament #3738377231, $1.84+$0.16 USD Hold'em No Limit - Level III (20/40) - 2024/04/06 15:12:52 CET [2024/04/06 9:12:52 ET]
Table '3738377231 1' 3-max Seat #2 is the button
Seat 1: dragovas28 (340 in chips) 
Seat 2: maniakTOX (640 in chips) 
Seat 3: Mahu2021 (520 in chips) 
Mahu2021: posts small blind 20
dragovas28: posts big blind 40
*** HOLE CARDS ***
Dealt to Mahu2021 [Kd 6h]
maniakTOX: folds 
Mahu2021: calls 20
dragovas28: checks 
*** FLOP *** [5d 9d 9h]
Mahu2021: checks 
dragovas28: checks 
*** TURN *** [5d 9d 9h] [5c]
Mahu2021: bets 40
dragovas28: folds 
Uncalled bet (40) returned to Mahu2021
Mahu2021 collected 80 from pot
Mahu2021: doesn't show hand 
*** SUMMARY ***
Total pot 80 | Rake 0 
Board [5d 9d 9h 5c]
Seat 1: dragovas28 (big blind) folded on the Turn
Seat 2: maniakTOX (button) folded before Flop (didn't bet)
Seat 3: Mahu2021 (small blind) collected (80)



PokerStars Hand #249825153215: Tournament #3738377231, $1.84+$0.16 USD Hold'em No Limit - Level III (20/40) - 2024/04/06 15:13:06 CET [2024/04/06 9:13:06 ET]
Table '3738377231 1' 3-max Seat #3 is the button
Seat 1: dragovas28 (300 in chips) 
Seat 2: maniakTOX (640 in chips) 
Seat 3: Mahu2021 (560 in chips) 
dragovas28: posts small blind 20
maniakTOX: posts big blind 40
*** HOLE CARDS ***
Dealt to Mahu2021 [6c 3d]
Mahu2021: folds 
dragovas28: raises 40 to 80
maniakTOX: raises 560 to 640 and is all-in
dragovas28: calls 220 and is all-in
Uncalled bet (340) returned to maniakTOX
*** FLOP *** [Js Qs 8h]
*** TURN *** [Js Qs 8h] [2s]
*** RIVER *** [Js Qs 8h 2s] [Ac]
*** SHOW DOWN ***
dragovas28: shows [Th Ts] (a pair of Tens)
maniakTOX: shows [Td Qc] (a pair of Queens)
maniakTOX collected 600 from pot
dragovas28 finished the tournament in 3rd place
*** SUMMARY ***
Total pot 600 | Rake 0 
Board [Js Qs 8h 2s Ac]
Seat 1: dragovas28 (small blind) showed [Th Ts] and lost with a pair of Tens
Seat 2: maniakTOX (big blind) showed [Td Qc] and won (600) with a pair of Queens
Seat 3: Mahu2021 (button) folded before Flop (didn't bet)



PokerStars Hand #249825156871: Tournament #3738377231, $1.84+$0.16 USD Hold'em No Limit - Level III (20/40) - 2024/04/06 15:13:24 CET [2024/04/06 9:13:24 ET]
Table '3738377231 1' 3-max Seat #2 is the button
Seat 2: maniakTOX (940 in chips) 
Seat 3: Mahu2021 (560 in chips) 
maniakTOX: posts small blind 20
Mahu2021: posts big blind 40
*** HOLE CARDS ***
Dealt to Mahu2021 [Qs 3c]
maniakTOX: raises 40 to 80
Mahu2021: folds 
Uncalled bet (40) returned to maniakTOX
maniakTOX collected 80 from pot
*** SUMMARY ***
Total pot 80 | Rake 0 
Seat 2: maniakTOX (button) (small blind) collected (80)
Seat 3: Mahu2021 (big blind) folded before Flop



PokerStars Hand #249825158188: Tournament #3738377231, $1.84+$0.16 USD Hold'em No Limit - Level III (20/40) - 2024/04/06 15:13:30 CET [2024/04/06 9:13:30 ET]
Table '3738377231 1' 3-max Seat #3 is the button
Seat 2: maniakTOX (980 in chips) 
Seat 3: Mahu2021 (520 in chips) 
Mahu2021: posts small blind 20
maniakTOX: posts big blind 40
*** HOLE CARDS ***
Dealt to Mahu2021 [Js 3s]
Mahu2021: calls 20
maniakTOX: checks 
*** FLOP *** [Ah 3d 4d]
maniakTOX: checks 
Mahu2021: bets 40
maniakTOX: calls 40
*** TURN *** [Ah 3d 4d] [7h]
maniakTOX: checks 
Mahu2021: checks 
*** RIVER *** [Ah 3d 4d 7h] [6s]
maniakTOX: bets 120
Mahu2021: folds 
Uncalled bet (120) returned to maniakTOX
maniakTOX collected 160 from pot
*** SUMMARY ***
Total pot 160 | Rake 0 
Board [Ah 3d 4d 7h 6s]
Seat 2: maniakTOX (big blind) collected (160)
Seat 3: Mahu2021 (button) (small blind) folded on the River



PokerStars Hand #249825163794: Tournament #3738377231, $1.84+$0.16 USD Hold'em No Limit - Level III (20/40) - 2024/04/06 15:13:57 CET [2024/04/06 9:13:57 ET]
Table '3738377231 1' 3-max Seat #2 is the button
Seat 2: maniakTOX (1060 in chips) 
Seat 3: Mahu2021 (440 in chips) 
maniakTOX: posts small blind 20
Mahu2021: posts big blind 40
*** HOLE CARDS ***
Dealt to Mahu2021 [Ks Ts]
maniakTOX: calls 20
Mahu2021: raises 120 to 160
maniakTOX: folds 
Uncalled bet (120) returned to Mahu2021
Mahu2021 collected 80 from pot
Mahu2021: doesn't show hand 
*** SUMMARY ***
Total pot 80 | Rake 0 
Seat 2: maniakTOX (button) (small blind) folded before Flop
Seat 3: Mahu2021 (big blind) collected (80)



PokerStars Hand #249825165292: Tournament #3738377231, $1.84+$0.16 USD Hold'em No Limit - Level III (20/40) - 2024/04/06 15:14:04 CET [2024/04/06 9:14:04 ET]
Table '3738377231 1' 3-max Seat #3 is the button
Seat 2: maniakTOX (1020 in chips) 
Seat 3: Mahu2021 (480 in chips) 
Mahu2021: posts small blind 20
maniakTOX: posts big blind 40
*** HOLE CARDS ***
Dealt to Mahu2021 [9h As]
Mahu2021: raises 40 to 80
maniakTOX: folds 
Uncalled bet (40) returned to Mahu2021
Mahu2021 collected 80 from pot
Mahu2021: doesn't show hand 
*** SUMMARY ***
Total pot 80 | Rake 0 
Seat 2: maniakTOX (big blind) folded before Flop
Seat 3: Mahu2021 (button) (small blind) collected (80)



PokerStars Hand #249825166530: Tournament #3738377231, $1.84+$0.16 USD Hold'em No Limit - Level III (20/40) - 2024/04/06 15:14:10 CET [2024/04/06 9:14:10 ET]
Table '3738377231 1' 3-max Seat #2 is the button
Seat 2: maniakTOX (980 in chips) 
Seat 3: Mahu2021 (520 in chips) 
maniakTOX: posts small blind 20
Mahu2021: posts big blind 40
*** HOLE CARDS ***
Dealt to Mahu2021 [Tc Ts]
maniakTOX: folds 
Uncalled bet (20) returned to Mahu2021
Mahu2021 collected 40 from pot
Mahu2021: doesn't show hand 
*** SUMMARY ***
Total pot 40 | Rake 0 
Seat 2: maniakTOX (button) (small blind) folded before Flop
Seat 3: Mahu2021 (big blind) collected (40)



PokerStars Hand #249825167231: Tournament #3738377231, $1.84+$0.16 USD Hold'em No Limit - Level III (20/40) - 2024/04/06 15:14:14 CET [2024/04/06 9:14:14 ET]
Table '3738377231 1' 3-max Seat #3 is the button
Seat 2: maniakTOX (960 in chips) 
Seat 3: Mahu2021 (540 in chips) 
Mahu2021: posts small blind 20
maniakTOX: posts big blind 40
*** HOLE CARDS ***
Dealt to Mahu2021 [Qd Jc]
Mahu2021: raises 40 to 80
maniakTOX: calls 40
*** FLOP *** [8s 3c 2d]
maniakTOX: checks 
Mahu2021: checks 
*** TURN *** [8s 3c 2d] [Qs]
maniakTOX: checks 
Mahu2021: bets 80
maniakTOX: calls 80
*** RIVER *** [8s 3c 2d Qs] [Td]
maniakTOX: checks 
Mahu2021: bets 320
maniakTOX: folds 
Uncalled bet (320) returned to Mahu2021
Mahu2021 collected 320 from pot
Mahu2021: doesn't show hand 
*** SUMMARY ***
Total pot 320 | Rake 0 
Board [8s 3c 2d Qs Td]
Seat 2: maniakTOX (big blind) folded on the River
Seat 3: Mahu2021 (button) (small blind) collected (320)



PokerStars Hand #249825173406: Tournament #3738377231, $1.84+$0.16 USD Hold'em No Limit - Level III (20/40) - 2024/04/06 15:14:43 CET [2024/04/06 9:14:43 ET]
Table '3738377231 1' 3-max Seat #2 is the button
Seat 2: maniakTOX (800 in chips) 
Seat 3: Mahu2021 (700 in chips) 
maniakTOX: posts small blind 20
Mahu2021: posts big blind 40
*** HOLE CARDS ***
Dealt to Mahu2021 [6c Jc]
maniakTOX: raises 40 to 80
Mahu2021: calls 40
*** FLOP *** [Js Ad 9c]
Mahu2021: checks 
maniakTOX: bets 40
Mahu2021: calls 40
*** TURN *** [Js Ad 9c] [6d]
Mahu2021: bets 80
maniakTOX: folds 
Uncalled bet (80) returned to Mahu2021
Mahu2021 collected 240 from pot
Mahu2021: doesn't show hand 
*** SUMMARY ***
Total pot 240 | Rake 0 
Board [Js Ad 9c 6d]
Seat 2: maniakTOX (button) (small blind) folded on the Turn
Seat 3: Mahu2021 (big blind) collected (240)



PokerStars Hand #249825179442: Tournament #3738377231, $1.84+$0.16 USD Hold'em No Limit - Level IV (30/60) - 2024/04/06 15:15:12 CET [2024/04/06 9:15:12 ET]
Table '3738377231 1' 3-max Seat #3 is the button
Seat 2: maniakTOX (680 in chips) 
Seat 3: Mahu2021 (820 in chips) 
Mahu2021: posts small blind 30
maniakTOX: posts big blind 60
*** HOLE CARDS ***
Dealt to Mahu2021 [4s 5s]
Mahu2021: raises 60 to 120
maniakTOX: folds 
Uncalled bet (60) returned to Mahu2021
Mahu2021 collected 120 from pot
Mahu2021: doesn't show hand 
*** SUMMARY ***
Total pot 120 | Rake 0 
Seat 2: maniakTOX (big blind) folded before Flop
Seat 3: Mahu2021 (button) (small blind) collected (120)



PokerStars Hand #249825181177: Tournament #3738377231, $1.84+$0.16 USD Hold'em No Limit - Level IV (30/60) - 2024/04/06 15:15:20 CET [2024/04/06 9:15:20 ET]
Table '3738377231 1' 3-max Seat #2 is the button
Seat 2: maniakTOX (620 in chips) 
Seat 3: Mahu2021 (880 in chips) 
maniakTOX: posts small blind 30
Mahu2021: posts big blind 60
*** HOLE CARDS ***
Dealt to Mahu2021 [6c Ks]
maniakTOX: raises 560 to 620 and is all-in
Mahu2021: folds 
Uncalled bet (560) returned to maniakTOX
maniakTOX collected 120 from pot
*** SUMMARY ***
Total pot 120 | Rake 0 
Seat 2: maniakTOX (button) (small blind) collected (120)
Seat 3: Mahu2021 (big blind) folded before Flop



PokerStars Hand #249825182259: Tournament #3738377231, $1.84+$0.16 USD Hold'em No Limit - Level IV (30/60) - 2024/04/06 15:15:25 CET [2024/04/06 9:15:25 ET]
Table '3738377231 1' 3-max Seat #3 is the button
Seat 2: maniakTOX (680 in chips) 
Seat 3: Mahu2021 (820 in chips) 
Mahu2021: posts small blind 30
maniakTOX: posts big blind 60
*** HOLE CARDS ***
Dealt to Mahu2021 [7d 7s]
Mahu2021: raises 60 to 120
maniakTOX: folds 
Uncalled bet (60) returned to Mahu2021
Mahu2021 collected 120 from pot
Mahu2021: doesn't show hand 
*** SUMMARY ***
Total pot 120 | Rake 0 
Seat 2: maniakTOX (big blind) folded before Flop
Seat 3: Mahu2021 (button) (small blind) collected (120)



PokerStars Hand #249825184162: Tournament #3738377231, $1.84+$0.16 USD Hold'em No Limit - Level IV (30/60) - 2024/04/06 15:15:34 CET [2024/04/06 9:15:34 ET]
Table '3738377231 1' 3-max Seat #2 is the button
Seat 2: maniakTOX (620 in chips) 
Seat 3: Mahu2021 (880 in chips) 
maniakTOX: posts small blind 30
Mahu2021: posts big blind 60
*** HOLE CARDS ***
Dealt to Mahu2021 [5h Ah]
maniakTOX: calls 30
Mahu2021: checks 
*** FLOP *** [5s 4c 2c]
Mahu2021: bets 60
maniakTOX: raises 500 to 560 and is all-in
Mahu2021: calls 500
*** TURN *** [5s 4c 2c] [8h]
*** RIVER *** [5s 4c 2c 8h] [As]
*** SHOW DOWN ***
Mahu2021: shows [5h Ah] (two pair, Aces and Fives)
maniakTOX: shows [Qh 5c] (a pair of Fives)
Mahu2021 collected 1240 from pot
maniakTOX finished the tournament in 2nd place
Mahu2021 wins the tournament and receives $10.00 - congratulations!
*** SUMMARY ***
Total pot 1240 | Rake 0 
Board [5s 4c 2c 8h As]
Seat 2: maniakTOX (button) (small blind) showed [Qh 5c] and lost with a pair of Fives
Seat 3: Mahu2021 (big blind) showed [5h Ah] and won (1240) with two pair, Aces and Fives



