PokerStars Hand #243270858092: Tournament #3581607521, $0.92+$0.08 USD Hold'em No Limit - Level I (10/20) - 2023/04/23 18:24:05 CET [2023/04/23 12:24:05 ET]
Table '3581607521 1' 3-max Seat #1 is the button
Seat 1: WraitHUN2021 (500 in chips) 
Seat 2: luckybadoo (500 in chips) 
Seat 3: Mahu2021 (500 in chips) 
luckybadoo: posts small blind 10
Mahu2021: posts big blind 20
*** HOLE CARDS ***
Dealt to Mahu2021 [Ac 3h]
WraitHUN2021: calls 20
luckybadoo: calls 10
Mahu2021: checks 
*** FLOP *** [9s 7d 6c]
luckybadoo: checks 
Mahu2021: checks 
WraitHUN2021: bets 60
luckybadoo: calls 60
Mahu2021: folds 
*** TURN *** [9s 7d 6c] [2s]
luckybadoo: checks 
WraitHUN2021: bets 180
luckybadoo: folds 
Uncalled bet (180) returned to WraitHUN2021
WraitHUN2021 collected 180 from pot
*** SUMMARY ***
Total pot 180 | Rake 0 
Board [9s 7d 6c 2s]
Seat 1: WraitHUN2021 (button) collected (180)
Seat 2: luckybadoo (small blind) folded on the Turn
Seat 3: Mahu2021 (big blind) folded on the Flop



PokerStars Hand #243270866964: Tournament #3581607521, $0.92+$0.08 USD Hold'em No Limit - Level I (10/20) - 2023/04/23 18:24:29 CET [2023/04/23 12:24:29 ET]
Table '3581607521 1' 3-max Seat #2 is the button
Seat 1: WraitHUN2021 (600 in chips) 
Seat 2: luckybadoo (420 in chips) 
Seat 3: Mahu2021 (480 in chips) 
Mahu2021: posts small blind 10
WraitHUN2021: posts big blind 20
*** HOLE CARDS ***
Dealt to Mahu2021 [7s Kh]
luckybadoo: raises 20 to 40
Mahu2021: calls 30
WraitHUN2021: raises 120 to 160
luckybadoo: folds 
Mahu2021: folds 
Uncalled bet (120) returned to WraitHUN2021
WraitHUN2021 collected 120 from pot
*** SUMMARY ***
Total pot 120 | Rake 0 
Seat 1: WraitHUN2021 (big blind) collected (120)
Seat 2: luckybadoo (button) folded before Flop
Seat 3: Mahu2021 (small blind) folded before Flop



PokerStars Hand #243270872372: Tournament #3581607521, $0.92+$0.08 USD Hold'em No Limit - Level I (10/20) - 2023/04/23 18:24:44 CET [2023/04/23 12:24:44 ET]
Table '3581607521 1' 3-max Seat #3 is the button
Seat 1: WraitHUN2021 (680 in chips) 
Seat 2: luckybadoo (380 in chips) 
Seat 3: Mahu2021 (440 in chips) 
WraitHUN2021: posts small blind 10
luckybadoo: posts big blind 20
*** HOLE CARDS ***
Dealt to Mahu2021 [5c Qd]
Mahu2021: folds 
WraitHUN2021: calls 10
luckybadoo: checks 
*** FLOP *** [Qs 8s 2c]
WraitHUN2021: bets 20
luckybadoo: calls 20
*** TURN *** [Qs 8s 2c] [Jd]
WraitHUN2021: bets 20
luckybadoo: calls 20
*** RIVER *** [Qs 8s 2c Jd] [Ac]
WraitHUN2021: bets 20
luckybadoo: raises 160 to 180
WraitHUN2021: folds 
Uncalled bet (160) returned to luckybadoo
luckybadoo collected 160 from pot
luckybadoo: doesn't show hand 
*** SUMMARY ***
Total pot 160 | Rake 0 
Board [Qs 8s 2c Jd Ac]
Seat 1: WraitHUN2021 (small blind) folded on the River
Seat 2: luckybadoo (big blind) collected (160)
Seat 3: Mahu2021 (button) folded before Flop (didn't bet)



PokerStars Hand #243270883796: Tournament #3581607521, $0.92+$0.08 USD Hold'em No Limit - Level I (10/20) - 2023/04/23 18:25:15 CET [2023/04/23 12:25:15 ET]
Table '3581607521 1' 3-max Seat #1 is the button
Seat 1: WraitHUN2021 (600 in chips) 
Seat 2: luckybadoo (460 in chips) 
Seat 3: Mahu2021 (440 in chips) 
luckybadoo: posts small blind 10
Mahu2021: posts big blind 20
*** HOLE CARDS ***
Dealt to Mahu2021 [3h Qh]
WraitHUN2021: folds 
luckybadoo: folds 
Uncalled bet (10) returned to Mahu2021
Mahu2021 collected 20 from pot
Mahu2021: doesn't show hand 
*** SUMMARY ***
Total pot 20 | Rake 0 
Seat 1: WraitHUN2021 (button) folded before Flop (didn't bet)
Seat 2: luckybadoo (small blind) folded before Flop
Seat 3: Mahu2021 (big blind) collected (20)



PokerStars Hand #243270885793: Tournament #3581607521, $0.92+$0.08 USD Hold'em No Limit - Level I (10/20) - 2023/04/23 18:25:21 CET [2023/04/23 12:25:21 ET]
Table '3581607521 1' 3-max Seat #2 is the button
Seat 1: WraitHUN2021 (600 in chips) 
Seat 2: luckybadoo (450 in chips) 
Seat 3: Mahu2021 (450 in chips) 
Mahu2021: posts small blind 10
WraitHUN2021: posts big blind 20
*** HOLE CARDS ***
Dealt to Mahu2021 [7c 9c]
luckybadoo: folds 
Mahu2021: raises 40 to 60
WraitHUN2021: calls 40
*** FLOP *** [Kh Qc Ac]
Mahu2021: bets 120
WraitHUN2021: folds 
Uncalled bet (120) returned to Mahu2021
Mahu2021 collected 120 from pot
Mahu2021: doesn't show hand 
*** SUMMARY ***
Total pot 120 | Rake 0 
Board [Kh Qc Ac]
Seat 1: WraitHUN2021 (big blind) folded on the Flop
Seat 2: luckybadoo (button) folded before Flop (didn't bet)
Seat 3: Mahu2021 (small blind) collected (120)



PokerStars Hand #243270891697: Tournament #3581607521, $0.92+$0.08 USD Hold'em No Limit - Level I (10/20) - 2023/04/23 18:25:37 CET [2023/04/23 12:25:37 ET]
Table '3581607521 1' 3-max Seat #3 is the button
Seat 1: WraitHUN2021 (540 in chips) 
Seat 2: luckybadoo (450 in chips) 
Seat 3: Mahu2021 (510 in chips) 
WraitHUN2021: posts small blind 10
luckybadoo: posts big blind 20
*** HOLE CARDS ***
Dealt to Mahu2021 [Ad Jc]
Mahu2021: raises 40 to 60
WraitHUN2021: folds 
luckybadoo: calls 40
*** FLOP *** [2d 4d Kh]
luckybadoo: checks 
Mahu2021: checks 
*** TURN *** [2d 4d Kh] [As]
luckybadoo: checks 
Mahu2021: bets 60
luckybadoo: raises 80 to 140
Mahu2021: calls 80
*** RIVER *** [2d 4d Kh As] [5c]
luckybadoo: checks 
Mahu2021: checks 
*** SHOW DOWN ***
luckybadoo: shows [7d Jd] (high card Ace)
Mahu2021: shows [Ad Jc] (a pair of Aces)
Mahu2021 collected 410 from pot
*** SUMMARY ***
Total pot 410 | Rake 0 
Board [2d 4d Kh As 5c]
Seat 1: WraitHUN2021 (small blind) folded before Flop
Seat 2: luckybadoo (big blind) showed [7d Jd] and lost with high card Ace
Seat 3: Mahu2021 (button) showed [Ad Jc] and won (410) with a pair of Aces



PokerStars Hand #243270904441: Tournament #3581607521, $0.92+$0.08 USD Hold'em No Limit - Level II (15/30) - 2023/04/23 18:26:11 CET [2023/04/23 12:26:11 ET]
Table '3581607521 1' 3-max Seat #1 is the button
Seat 1: WraitHUN2021 (530 in chips) 
Seat 2: luckybadoo (250 in chips) 
Seat 3: Mahu2021 (720 in chips) 
luckybadoo: posts small blind 15
Mahu2021: posts big blind 30
*** HOLE CARDS ***
Dealt to Mahu2021 [Qc 6d]
WraitHUN2021: raises 30 to 60
luckybadoo: folds 
Mahu2021: calls 30
*** FLOP *** [9c 9s 3s]
Mahu2021: checks 
WraitHUN2021: bets 135
Mahu2021: folds 
Uncalled bet (135) returned to WraitHUN2021
WraitHUN2021 collected 135 from pot
*** SUMMARY ***
Total pot 135 | Rake 0 
Board [9c 9s 3s]
Seat 1: WraitHUN2021 (button) collected (135)
Seat 2: luckybadoo (small blind) folded before Flop
Seat 3: Mahu2021 (big blind) folded on the Flop



PokerStars Hand #243270910067: Tournament #3581607521, $0.92+$0.08 USD Hold'em No Limit - Level II (15/30) - 2023/04/23 18:26:27 CET [2023/04/23 12:26:27 ET]
Table '3581607521 1' 3-max Seat #2 is the button
Seat 1: WraitHUN2021 (605 in chips) 
Seat 2: luckybadoo (235 in chips) 
Seat 3: Mahu2021 (660 in chips) 
Mahu2021: posts small blind 15
WraitHUN2021: posts big blind 30
*** HOLE CARDS ***
Dealt to Mahu2021 [Js As]
luckybadoo: raises 205 to 235 and is all-in
Mahu2021: calls 220
WraitHUN2021: calls 205
*** FLOP *** [8d Qs 4s]
Mahu2021: checks 
WraitHUN2021: bets 180
Mahu2021: raises 245 to 425 and is all-in
WraitHUN2021: calls 190 and is all-in
Uncalled bet (55) returned to Mahu2021
*** TURN *** [8d Qs 4s] [Qc]
*** RIVER *** [8d Qs 4s Qc] [7d]
*** SHOW DOWN ***
Mahu2021: shows [Js As] (a pair of Queens)
WraitHUN2021: shows [Jh 4h] (two pair, Queens and Fours)
WraitHUN2021 collected 740 from side pot
luckybadoo: shows [7s Ad] (two pair, Queens and Sevens)
luckybadoo collected 705 from main pot
*** SUMMARY ***
Total pot 1445 Main pot 705. Side pot 740. | Rake 0 
Board [8d Qs 4s Qc 7d]
Seat 1: WraitHUN2021 (big blind) showed [Jh 4h] and won (740) with two pair, Queens and Fours
Seat 2: luckybadoo (button) showed [7s Ad] and won (705) with two pair, Queens and Sevens
Seat 3: Mahu2021 (small blind) showed [Js As] and lost with a pair of Queens



PokerStars Hand #243270922614: Tournament #3581607521, $0.92+$0.08 USD Hold'em No Limit - Level II (15/30) - 2023/04/23 18:27:01 CET [2023/04/23 12:27:01 ET]
Table '3581607521 1' 3-max Seat #3 is the button
Seat 1: WraitHUN2021 (740 in chips) 
Seat 2: luckybadoo (705 in chips) 
Seat 3: Mahu2021 (55 in chips) 
WraitHUN2021: posts small blind 15
luckybadoo: posts big blind 30
*** HOLE CARDS ***
Dealt to Mahu2021 [Ac 9s]
Mahu2021: raises 25 to 55 and is all-in
WraitHUN2021: calls 40
luckybadoo: calls 25
*** FLOP *** [9h 7s 4d]
WraitHUN2021: checks 
luckybadoo: bets 49
WraitHUN2021: calls 49
*** TURN *** [9h 7s 4d] [4c]
WraitHUN2021: bets 30
luckybadoo: raises 109 to 139
WraitHUN2021: calls 109
*** RIVER *** [9h 7s 4d 4c] [Kc]
WraitHUN2021: bets 271
luckybadoo: folds 
Uncalled bet (271) returned to WraitHUN2021
*** SHOW DOWN ***
WraitHUN2021: shows [Qd Ts] (a pair of Fours)
WraitHUN2021 collected 376 from side pot
Mahu2021: shows [Ac 9s] (two pair, Nines and Fours)
Mahu2021 collected 165 from main pot
*** SUMMARY ***
Total pot 541 Main pot 165. Side pot 376. | Rake 0 
Board [9h 7s 4d 4c Kc]
Seat 1: WraitHUN2021 (small blind) showed [Qd Ts] and won (376) with a pair of Fours
Seat 2: luckybadoo (big blind) folded on the River
Seat 3: Mahu2021 (button) showed [Ac 9s] and won (165) with two pair, Nines and Fours



PokerStars Hand #243270938860: Tournament #3581607521, $0.92+$0.08 USD Hold'em No Limit - Level II (15/30) - 2023/04/23 18:27:45 CET [2023/04/23 12:27:45 ET]
Table '3581607521 1' 3-max Seat #1 is the button
Seat 1: WraitHUN2021 (873 in chips) 
Seat 2: luckybadoo (462 in chips) 
Seat 3: Mahu2021 (165 in chips) 
luckybadoo: posts small blind 15
Mahu2021: posts big blind 30
*** HOLE CARDS ***
Dealt to Mahu2021 [2s 7h]
WraitHUN2021: calls 30
luckybadoo: calls 15
Mahu2021: checks 
*** FLOP *** [Ad Qh Kh]
luckybadoo: checks 
Mahu2021: checks 
WraitHUN2021: bets 90
luckybadoo: folds 
Mahu2021: folds 
Uncalled bet (90) returned to WraitHUN2021
WraitHUN2021 collected 90 from pot
*** SUMMARY ***
Total pot 90 | Rake 0 
Board [Ad Qh Kh]
Seat 1: WraitHUN2021 (button) collected (90)
Seat 2: luckybadoo (small blind) folded on the Flop
Seat 3: Mahu2021 (big blind) folded on the Flop



PokerStars Hand #243270945548: Tournament #3581607521, $0.92+$0.08 USD Hold'em No Limit - Level II (15/30) - 2023/04/23 18:28:03 CET [2023/04/23 12:28:03 ET]
Table '3581607521 1' 3-max Seat #2 is the button
Seat 1: WraitHUN2021 (933 in chips) 
Seat 2: luckybadoo (432 in chips) 
Seat 3: Mahu2021 (135 in chips) 
Mahu2021: posts small blind 15
WraitHUN2021: posts big blind 30
*** HOLE CARDS ***
Dealt to Mahu2021 [9c Kc]
luckybadoo: calls 30
Mahu2021: raises 105 to 135 and is all-in
WraitHUN2021: calls 105
luckybadoo: calls 105
*** FLOP *** [8s 8c Tc]
WraitHUN2021: bets 30
luckybadoo: calls 30
*** TURN *** [8s 8c Tc] [2h]
WraitHUN2021: bets 30
luckybadoo: calls 30
*** RIVER *** [8s 8c Tc 2h] [2c]
WraitHUN2021: bets 30
luckybadoo: calls 30
*** SHOW DOWN ***
WraitHUN2021: shows [4c Ks] (two pair, Eights and Deuces)
luckybadoo: mucks hand 
WraitHUN2021 collected 180 from side pot
Mahu2021: shows [9c Kc] (a flush, King high)
Mahu2021 collected 405 from main pot
*** SUMMARY ***
Total pot 585 Main pot 405. Side pot 180. | Rake 0 
Board [8s 8c Tc 2h 2c]
Seat 1: WraitHUN2021 (big blind) showed [4c Ks] and won (180) with two pair, Eights and Deuces
Seat 2: luckybadoo (button) mucked [Qh 9d]
Seat 3: Mahu2021 (small blind) showed [9c Kc] and won (405) with a flush, King high



PokerStars Hand #243270960267: Tournament #3581607521, $0.92+$0.08 USD Hold'em No Limit - Level III (20/40) - 2023/04/23 18:28:42 CET [2023/04/23 12:28:42 ET]
Table '3581607521 1' 3-max Seat #3 is the button
Seat 1: WraitHUN2021 (888 in chips) 
Seat 2: luckybadoo (207 in chips) 
Seat 3: Mahu2021 (405 in chips) 
WraitHUN2021: posts small blind 20
luckybadoo: posts big blind 40
*** HOLE CARDS ***
Dealt to Mahu2021 [Th Kc]
Mahu2021: folds 
WraitHUN2021: folds 
Uncalled bet (20) returned to luckybadoo
luckybadoo collected 40 from pot
luckybadoo: doesn't show hand 
*** SUMMARY ***
Total pot 40 | Rake 0 
Seat 1: WraitHUN2021 (small blind) folded before Flop
Seat 2: luckybadoo (big blind) collected (40)
Seat 3: Mahu2021 (button) folded before Flop (didn't bet)



PokerStars Hand #243270964581: Tournament #3581607521, $0.92+$0.08 USD Hold'em No Limit - Level III (20/40) - 2023/04/23 18:28:54 CET [2023/04/23 12:28:54 ET]
Table '3581607521 1' 3-max Seat #1 is the button
Seat 1: WraitHUN2021 (868 in chips) 
Seat 2: luckybadoo (227 in chips) 
Seat 3: Mahu2021 (405 in chips) 
luckybadoo: posts small blind 20
Mahu2021: posts big blind 40
*** HOLE CARDS ***
Dealt to Mahu2021 [Qd 5d]
WraitHUN2021: raises 40 to 80
luckybadoo: calls 60
Mahu2021: calls 40
*** FLOP *** [Jh 8c Kh]
luckybadoo: checks 
Mahu2021: checks 
WraitHUN2021: checks 
*** TURN *** [Jh 8c Kh] [Ad]
luckybadoo: checks 
Mahu2021: checks 
WraitHUN2021: bets 40
luckybadoo: folds 
Mahu2021: calls 40
*** RIVER *** [Jh 8c Kh Ad] [2s]
Mahu2021: checks 
WraitHUN2021: bets 320
Mahu2021: folds 
Uncalled bet (320) returned to WraitHUN2021
WraitHUN2021 collected 320 from pot
*** SUMMARY ***
Total pot 320 | Rake 0 
Board [Jh 8c Kh Ad 2s]
Seat 1: WraitHUN2021 (button) collected (320)
Seat 2: luckybadoo (small blind) folded on the Turn
Seat 3: Mahu2021 (big blind) folded on the River



PokerStars Hand #243270976519: Tournament #3581607521, $0.92+$0.08 USD Hold'em No Limit - Level III (20/40) - 2023/04/23 18:29:27 CET [2023/04/23 12:29:27 ET]
Table '3581607521 1' 3-max Seat #2 is the button
Seat 1: WraitHUN2021 (1068 in chips) 
Seat 2: luckybadoo (147 in chips) 
Seat 3: Mahu2021 (285 in chips) 
Mahu2021: posts small blind 20
WraitHUN2021: posts big blind 40
*** HOLE CARDS ***
Dealt to Mahu2021 [Jc 2h]
luckybadoo: raises 107 to 147 and is all-in
Mahu2021: folds 
WraitHUN2021: folds 
Uncalled bet (107) returned to luckybadoo
luckybadoo collected 100 from pot
luckybadoo: doesn't show hand 
*** SUMMARY ***
Total pot 100 | Rake 0 
Seat 1: WraitHUN2021 (big blind) folded before Flop
Seat 2: luckybadoo (button) collected (100)
Seat 3: Mahu2021 (small blind) folded before Flop



PokerStars Hand #243270981291: Tournament #3581607521, $0.92+$0.08 USD Hold'em No Limit - Level III (20/40) - 2023/04/23 18:29:40 CET [2023/04/23 12:29:40 ET]
Table '3581607521 1' 3-max Seat #3 is the button
Seat 1: WraitHUN2021 (1028 in chips) 
Seat 2: luckybadoo (207 in chips) 
Seat 3: Mahu2021 (265 in chips) 
WraitHUN2021: posts small blind 20
luckybadoo: posts big blind 40
*** HOLE CARDS ***
Dealt to Mahu2021 [Js Jh]
Mahu2021: raises 225 to 265 and is all-in
WraitHUN2021: calls 245
luckybadoo: folds 
*** FLOP *** [8s 2d As]
*** TURN *** [8s 2d As] [6c]
*** RIVER *** [8s 2d As 6c] [Kd]
*** SHOW DOWN ***
WraitHUN2021: shows [Jc Ac] (a pair of Aces)
Mahu2021: shows [Js Jh] (a pair of Jacks)
WraitHUN2021 collected 570 from pot
Mahu2021 finished the tournament in 3rd place
*** SUMMARY ***
Total pot 570 | Rake 0 
Board [8s 2d As 6c Kd]
Seat 1: WraitHUN2021 (small blind) showed [Jc Ac] and won (570) with a pair of Aces
Seat 2: luckybadoo (big blind) folded before Flop
Seat 3: Mahu2021 (button) showed [Js Jh] and lost with a pair of Jacks



