PokerStars Hand #253236091323: Tournament #3819649052, $1.84+$0.16 USD Hold'em No Limit - Level I (10/20) - 2024/11/03 18:42:07 CET [2024/11/03 12:42:07 ET]
Table '3819649052 1' 3-max Seat #1 is the button
Seat 1: Adlerfeder (500 in chips) 
Seat 2: Mahu2021 (500 in chips) 
Seat 3: WellMED RJ (500 in chips) 
Mahu2021: posts small blind 10
WellMED RJ: posts big blind 20
*** HOLE CARDS ***
Dealt to Mahu2021 [Ah 6c]
Adlerfeder: calls 20
Mahu2021: calls 10
WellMED RJ: checks 
*** FLOP *** [8h 9s Ts]
Mahu2021: checks 
WellMED RJ: checks 
Adlerfeder: checks 
*** TURN *** [8h 9s Ts] [7s]
Mahu2021: checks 
WellMED RJ: bets 100
Adlerfeder: calls 100
Mahu2021: folds 
*** RIVER *** [8h 9s Ts 7s] [5d]
WellMED RJ: bets 160
Adlerfeder: raises 160 to 320
WellMED RJ: raises 60 to 380 and is all-in
Adlerfeder: calls 60 and is all-in
*** SHOW DOWN ***
WellMED RJ: shows [As Ad] (a pair of Aces)
Adlerfeder: shows [8s Qs] (a flush, Queen high)
Adlerfeder collected 1020 from pot
WellMED RJ finished the tournament in 3rd place
*** SUMMARY ***
Total pot 1020 | Rake 0 
Board [8h 9s Ts 7s 5d]
Seat 1: Adlerfeder (button) showed [8s Qs] and won (1020) with a flush, Queen high
Seat 2: Mahu2021 (small blind) folded on the Turn
Seat 3: WellMED RJ (big blind) showed [As Ad] and lost with a pair of Aces



PokerStars Hand #253236104089: Tournament #3819649052, $1.84+$0.16 USD Hold'em No Limit - Level I (10/20) - 2024/11/03 18:42:48 CET [2024/11/03 12:42:48 ET]
Table '3819649052 1' 3-max Seat #2 is the button
Seat 1: Adlerfeder (1020 in chips) 
Seat 2: Mahu2021 (480 in chips) 
Mahu2021: posts small blind 10
Adlerfeder: posts big blind 20
*** HOLE CARDS ***
Dealt to Mahu2021 [9c 6d]
Mahu2021: folds 
Uncalled bet (10) returned to Adlerfeder
Adlerfeder collected 20 from pot
Adlerfeder: doesn't show hand 
*** SUMMARY ***
Total pot 20 | Rake 0 
Seat 1: Adlerfeder (big blind) collected (20)
Seat 2: Mahu2021 (button) (small blind) folded before Flop



PokerStars Hand #253236105461: Tournament #3819649052, $1.84+$0.16 USD Hold'em No Limit - Level I (10/20) - 2024/11/03 18:42:53 CET [2024/11/03 12:42:53 ET]
Table '3819649052 1' 3-max Seat #1 is the button
Seat 1: Adlerfeder (1030 in chips) 
Seat 2: Mahu2021 (470 in chips) 
Adlerfeder: posts small blind 10
Mahu2021: posts big blind 20
*** HOLE CARDS ***
Dealt to Mahu2021 [Qh 8s]
Adlerfeder: raises 20 to 40
Mahu2021: calls 20
*** FLOP *** [Ks 8d Td]
Mahu2021: checks 
Adlerfeder: checks 
*** TURN *** [Ks 8d Td] [Jh]
Mahu2021: checks 
Adlerfeder: bets 40
Mahu2021: calls 40
*** RIVER *** [Ks 8d Td Jh] [As]
Mahu2021: bets 160
Adlerfeder: calls 160
*** SHOW DOWN ***
Mahu2021: shows [Qh 8s] (a straight, Ten to Ace)
Adlerfeder: mucks hand 
Mahu2021 collected 480 from pot
*** SUMMARY ***
Total pot 480 | Rake 0 
Board [Ks 8d Td Jh As]
Seat 1: Adlerfeder (button) (small blind) mucked [Kd 3s]
Seat 2: Mahu2021 (big blind) showed [Qh 8s] and won (480) with a straight, Ten to Ace



PokerStars Hand #253236110433: Tournament #3819649052, $1.84+$0.16 USD Hold'em No Limit - Level I (10/20) - 2024/11/03 18:43:09 CET [2024/11/03 12:43:09 ET]
Table '3819649052 1' 3-max Seat #2 is the button
Seat 1: Adlerfeder (790 in chips) 
Seat 2: Mahu2021 (710 in chips) 
Mahu2021: posts small blind 10
Adlerfeder: posts big blind 20
*** HOLE CARDS ***
Dealt to Mahu2021 [7h 4s]
Mahu2021: folds 
Uncalled bet (10) returned to Adlerfeder
Adlerfeder collected 20 from pot
Adlerfeder: doesn't show hand 
*** SUMMARY ***
Total pot 20 | Rake 0 
Seat 1: Adlerfeder (big blind) collected (20)
Seat 2: Mahu2021 (button) (small blind) folded before Flop



PokerStars Hand #253236111796: Tournament #3819649052, $1.84+$0.16 USD Hold'em No Limit - Level I (10/20) - 2024/11/03 18:43:13 CET [2024/11/03 12:43:13 ET]
Table '3819649052 1' 3-max Seat #1 is the button
Seat 1: Adlerfeder (800 in chips) 
Seat 2: Mahu2021 (700 in chips) 
Adlerfeder: posts small blind 10
Mahu2021: posts big blind 20
*** HOLE CARDS ***
Dealt to Mahu2021 [5h 7c]
Adlerfeder: calls 10
Mahu2021: checks 
*** FLOP *** [8c 4h 2d]
Mahu2021: checks 
Adlerfeder: bets 30
Mahu2021: folds 
Uncalled bet (30) returned to Adlerfeder
Adlerfeder collected 40 from pot
Adlerfeder: doesn't show hand 
*** SUMMARY ***
Total pot 40 | Rake 0 
Board [8c 4h 2d]
Seat 1: Adlerfeder (button) (small blind) collected (40)
Seat 2: Mahu2021 (big blind) folded on the Flop



PokerStars Hand #253236119064: Tournament #3819649052, $1.84+$0.16 USD Hold'em No Limit - Level I (10/20) - 2024/11/03 18:43:37 CET [2024/11/03 12:43:37 ET]
Table '3819649052 1' 3-max Seat #2 is the button
Seat 1: Adlerfeder (820 in chips) 
Seat 2: Mahu2021 (680 in chips) 
Mahu2021: posts small blind 10
Adlerfeder: posts big blind 20
*** HOLE CARDS ***
Dealt to Mahu2021 [Jh Jd]
Mahu2021: raises 20 to 40
Adlerfeder: calls 20
*** FLOP *** [4h Ad 7h]
Adlerfeder: checks 
Mahu2021: bets 40
Adlerfeder: calls 40
*** TURN *** [4h Ad 7h] [Ts]
Adlerfeder: checks 
Mahu2021: bets 40
Adlerfeder: calls 40
*** RIVER *** [4h Ad 7h Ts] [6s]
Adlerfeder: checks 
Mahu2021: checks 
*** SHOW DOWN ***
Adlerfeder: shows [5s 4s] (a pair of Fours)
Mahu2021: shows [Jh Jd] (a pair of Jacks)
Mahu2021 collected 240 from pot
*** SUMMARY ***
Total pot 240 | Rake 0 
Board [4h Ad 7h Ts 6s]
Seat 1: Adlerfeder (big blind) showed [5s 4s] and lost with a pair of Fours
Seat 2: Mahu2021 (button) (small blind) showed [Jh Jd] and won (240) with a pair of Jacks



PokerStars Hand #253236125502: Tournament #3819649052, $1.84+$0.16 USD Hold'em No Limit - Level I (10/20) - 2024/11/03 18:43:57 CET [2024/11/03 12:43:57 ET]
Table '3819649052 1' 3-max Seat #1 is the button
Seat 1: Adlerfeder (700 in chips) 
Seat 2: Mahu2021 (800 in chips) 
Adlerfeder: posts small blind 10
Mahu2021: posts big blind 20
*** HOLE CARDS ***
Dealt to Mahu2021 [6h 9c]
Adlerfeder: raises 20 to 40
Mahu2021: folds 
Uncalled bet (20) returned to Adlerfeder
Adlerfeder collected 40 from pot
Adlerfeder: doesn't show hand 
*** SUMMARY ***
Total pot 40 | Rake 0 
Seat 1: Adlerfeder (button) (small blind) collected (40)
Seat 2: Mahu2021 (big blind) folded before Flop



PokerStars Hand #253236127310: Tournament #3819649052, $1.84+$0.16 USD Hold'em No Limit - Level I (10/20) - 2024/11/03 18:44:03 CET [2024/11/03 12:44:03 ET]
Table '3819649052 1' 3-max Seat #2 is the button
Seat 1: Adlerfeder (720 in chips) 
Seat 2: Mahu2021 (780 in chips) 
Mahu2021: posts small blind 10
Adlerfeder: posts big blind 20
*** HOLE CARDS ***
Dealt to Mahu2021 [Js 4s]
Mahu2021: calls 10
Adlerfeder: checks 
*** FLOP *** [8c 7d Jd]
Adlerfeder: checks 
Mahu2021: bets 40
Adlerfeder: calls 40
*** TURN *** [8c 7d Jd] [Kd]
Adlerfeder: bets 70
Mahu2021: folds 
Uncalled bet (70) returned to Adlerfeder
Adlerfeder collected 120 from pot
Adlerfeder: doesn't show hand 
*** SUMMARY ***
Total pot 120 | Rake 0 
Board [8c 7d Jd Kd]
Seat 1: Adlerfeder (big blind) collected (120)
Seat 2: Mahu2021 (button) (small blind) folded on the Turn



PokerStars Hand #253236132936: Tournament #3819649052, $1.84+$0.16 USD Hold'em No Limit - Level II (15/30) - 2024/11/03 18:44:21 CET [2024/11/03 12:44:21 ET]
Table '3819649052 1' 3-max Seat #1 is the button
Seat 1: Adlerfeder (780 in chips) 
Seat 2: Mahu2021 (720 in chips) 
Adlerfeder: posts small blind 15
Mahu2021: posts big blind 30
*** HOLE CARDS ***
Dealt to Mahu2021 [5d Kc]
Adlerfeder: raises 30 to 60
Mahu2021: calls 30
*** FLOP *** [2d Qh Ts]
Mahu2021: checks 
Adlerfeder: checks 
*** TURN *** [2d Qh Ts] [Tc]
Mahu2021: bets 60
Adlerfeder: calls 60
*** RIVER *** [2d Qh Ts Tc] [9h]
Mahu2021: checks 
Adlerfeder: checks 
*** SHOW DOWN ***
Mahu2021: shows [5d Kc] (a pair of Tens)
Adlerfeder: shows [6h Ad] (a pair of Tens - Ace kicker)
Adlerfeder collected 240 from pot
*** SUMMARY ***
Total pot 240 | Rake 0 
Board [2d Qh Ts Tc 9h]
Seat 1: Adlerfeder (button) (small blind) showed [6h Ad] and won (240) with a pair of Tens
Seat 2: Mahu2021 (big blind) showed [5d Kc] and lost with a pair of Tens



PokerStars Hand #253236137942: Tournament #3819649052, $1.84+$0.16 USD Hold'em No Limit - Level II (15/30) - 2024/11/03 18:44:37 CET [2024/11/03 12:44:37 ET]
Table '3819649052 1' 3-max Seat #2 is the button
Seat 1: Adlerfeder (900 in chips) 
Seat 2: Mahu2021 (600 in chips) 
Mahu2021: posts small blind 15
Adlerfeder: posts big blind 30
*** HOLE CARDS ***
Dealt to Mahu2021 [9d Kd]
Mahu2021: raises 30 to 60
Adlerfeder: calls 30
*** FLOP *** [5s 7s 2h]
Adlerfeder: checks 
Mahu2021: checks 
*** TURN *** [5s 7s 2h] [Qs]
Adlerfeder: checks 
Mahu2021: checks 
*** RIVER *** [5s 7s 2h Qs] [Ts]
Adlerfeder: bets 60
Mahu2021: folds 
Uncalled bet (60) returned to Adlerfeder
Adlerfeder collected 120 from pot
Adlerfeder: doesn't show hand 
*** SUMMARY ***
Total pot 120 | Rake 0 
Board [5s 7s 2h Qs Ts]
Seat 1: Adlerfeder (big blind) collected (120)
Seat 2: Mahu2021 (button) (small blind) folded on the River



PokerStars Hand #253236143028: Tournament #3819649052, $1.84+$0.16 USD Hold'em No Limit - Level II (15/30) - 2024/11/03 18:44:54 CET [2024/11/03 12:44:54 ET]
Table '3819649052 1' 3-max Seat #1 is the button
Seat 1: Adlerfeder (960 in chips) 
Seat 2: Mahu2021 (540 in chips) 
Adlerfeder: posts small blind 15
Mahu2021: posts big blind 30
*** HOLE CARDS ***
Dealt to Mahu2021 [2c Jd]
Adlerfeder: raises 30 to 60
Mahu2021: folds 
Uncalled bet (30) returned to Adlerfeder
Adlerfeder collected 60 from pot
Adlerfeder: doesn't show hand 
*** SUMMARY ***
Total pot 60 | Rake 0 
Seat 1: Adlerfeder (button) (small blind) collected (60)
Seat 2: Mahu2021 (big blind) folded before Flop



PokerStars Hand #253236144793: Tournament #3819649052, $1.84+$0.16 USD Hold'em No Limit - Level II (15/30) - 2024/11/03 18:44:59 CET [2024/11/03 12:44:59 ET]
Table '3819649052 1' 3-max Seat #2 is the button
Seat 1: Adlerfeder (990 in chips) 
Seat 2: Mahu2021 (510 in chips) 
Mahu2021: posts small blind 15
Adlerfeder: posts big blind 30
*** HOLE CARDS ***
Dealt to Mahu2021 [Qc Tc]
Mahu2021: raises 30 to 60
Adlerfeder: raises 45 to 105
Mahu2021: calls 45
*** FLOP *** [7s 4h Qh]
Adlerfeder: bets 60
Mahu2021: raises 345 to 405 and is all-in
Adlerfeder: folds 
Uncalled bet (345) returned to Mahu2021
Mahu2021 collected 330 from pot
Mahu2021: doesn't show hand 
*** SUMMARY ***
Total pot 330 | Rake 0 
Board [7s 4h Qh]
Seat 1: Adlerfeder (big blind) folded on the Flop
Seat 2: Mahu2021 (button) (small blind) collected (330)



PokerStars Hand #253236149679: Tournament #3819649052, $1.84+$0.16 USD Hold'em No Limit - Level II (15/30) - 2024/11/03 18:45:15 CET [2024/11/03 12:45:15 ET]
Table '3819649052 1' 3-max Seat #1 is the button
Seat 1: Adlerfeder (825 in chips) 
Seat 2: Mahu2021 (675 in chips) 
Adlerfeder: posts small blind 15
Mahu2021: posts big blind 30
*** HOLE CARDS ***
Dealt to Mahu2021 [3d 8h]
Adlerfeder: folds 
Uncalled bet (15) returned to Mahu2021
Mahu2021 collected 30 from pot
Mahu2021: doesn't show hand 
*** SUMMARY ***
Total pot 30 | Rake 0 
Seat 1: Adlerfeder (button) (small blind) folded before Flop
Seat 2: Mahu2021 (big blind) collected (30)



PokerStars Hand #253236650979: Tournament #3819649052, $1.84+$0.16 USD Hold'em No Limit - Level II (15/30) - 2024/11/03 18:45:19 CET [2024/11/03 12:45:19 ET]
Table '3819649052 1' 3-max Seat #2 is the button
Seat 1: Adlerfeder (810 in chips) 
Seat 2: Mahu2021 (690 in chips) 
Mahu2021: posts small blind 15
Adlerfeder: posts big blind 30
*** HOLE CARDS ***
Dealt to Mahu2021 [Qc 2d]
Mahu2021: calls 15
Adlerfeder: raises 30 to 60
Mahu2021: calls 30
*** FLOP *** [6s 3s Qh]
Adlerfeder: checks 
Mahu2021: checks 
*** TURN *** [6s 3s Qh] [Js]
Adlerfeder: bets 75
Mahu2021: calls 75
*** RIVER *** [6s 3s Qh Js] [9c]
Adlerfeder: bets 135
Mahu2021: calls 135
*** SHOW DOWN ***
Adlerfeder: shows [6h 6d] (three of a kind, Sixes)
Mahu2021: mucks hand 
Adlerfeder collected 540 from pot
*** SUMMARY ***
Total pot 540 | Rake 0 
Board [6s 3s Qh Js 9c]
Seat 1: Adlerfeder (big blind) showed [6h 6d] and won (540) with three of a kind, Sixes
Seat 2: Mahu2021 (button) (small blind) mucked [Qc 2d]



PokerStars Hand #253236656920: Tournament #3819649052, $1.84+$0.16 USD Hold'em No Limit - Level II (15/30) - 2024/11/03 18:45:38 CET [2024/11/03 12:45:38 ET]
Table '3819649052 1' 3-max Seat #1 is the button
Seat 1: Adlerfeder (1080 in chips) 
Seat 2: Mahu2021 (420 in chips) 
Adlerfeder: posts small blind 15
Mahu2021: posts big blind 30
*** HOLE CARDS ***
Dealt to Mahu2021 [6d Jd]
Adlerfeder: raises 30 to 60
Mahu2021: calls 30
*** FLOP *** [8h 7c Qd]
Mahu2021: checks 
Adlerfeder: checks 
*** TURN *** [8h 7c Qd] [7h]
Mahu2021: checks 
Adlerfeder: checks 
*** RIVER *** [8h 7c Qd 7h] [5s]
Mahu2021: bets 360 and is all-in
Adlerfeder: calls 360
*** SHOW DOWN ***
Mahu2021: shows [6d Jd] (a pair of Sevens)
Adlerfeder: shows [9h 5c] (two pair, Sevens and Fives)
Adlerfeder collected 840 from pot
Mahu2021 finished the tournament in 2nd place
Adlerfeder wins the tournament and receives $4.00 - congratulations!
*** SUMMARY ***
Total pot 840 | Rake 0 
Board [8h 7c Qd 7h 5s]
Seat 1: Adlerfeder (button) (small blind) showed [9h 5c] and won (840) with two pair, Sevens and Fives
Seat 2: Mahu2021 (big blind) showed [6d Jd] and lost with a pair of Sevens



