PokerStars Hand #251252515504: Tournament #3772404536, $1.84+$0.16 USD Hold'em No Limit - Level I (10/20) - 2024/06/29 21:19:40 CET [2024/06/29 15:19:40 ET]
Table '3772404536 1' 3-max Seat #1 is the button
Seat 1: Mahu2021 (500 in chips) 
Seat 2: BURQUINHO (500 in chips) 
Seat 3: alfredo_rojo (500 in chips) 
BURQUINHO: posts small blind 10
alfredo_rojo: posts big blind 20
*** HOLE CARDS ***
Dealt to Mahu2021 [4d Ad]
Mahu2021: raises 20 to 40
BURQUINHO: folds 
alfredo_rojo: calls 20
*** FLOP *** [2c 5s 3d]
alfredo_rojo: checks 
Mahu2021: bets 40
alfredo_rojo: calls 40
*** TURN *** [2c 5s 3d] [3c]
alfredo_rojo: bets 56
Mahu2021: raises 84 to 140
alfredo_rojo: folds 
Uncalled bet (84) returned to Mahu2021
Mahu2021 collected 282 from pot
Mahu2021: doesn't show hand 
*** SUMMARY ***
Total pot 282 | Rake 0 
Board [2c 5s 3d 3c]
Seat 1: Mahu2021 (button) collected (282)
Seat 2: BURQUINHO (small blind) folded before Flop
Seat 3: alfredo_rojo (big blind) folded on the Turn



PokerStars Hand #251252528582: Tournament #3772404536, $1.84+$0.16 USD Hold'em No Limit - Level I (10/20) - 2024/06/29 21:20:31 CET [2024/06/29 15:20:31 ET]
Table '3772404536 1' 3-max Seat #2 is the button
Seat 1: Mahu2021 (646 in chips) 
Seat 2: BURQUINHO (490 in chips) 
Seat 3: alfredo_rojo (364 in chips) 
alfredo_rojo: posts small blind 10
Mahu2021: posts big blind 20
*** HOLE CARDS ***
Dealt to Mahu2021 [7h Tc]
BURQUINHO: folds 
alfredo_rojo: folds 
Uncalled bet (10) returned to Mahu2021
Mahu2021 collected 20 from pot
Mahu2021: doesn't show hand 
*** SUMMARY ***
Total pot 20 | Rake 0 
Seat 1: Mahu2021 (big blind) collected (20)
Seat 2: BURQUINHO (button) folded before Flop (didn't bet)
Seat 3: alfredo_rojo (small blind) folded before Flop



PokerStars Hand #251252529782: Tournament #3772404536, $1.84+$0.16 USD Hold'em No Limit - Level I (10/20) - 2024/06/29 21:20:36 CET [2024/06/29 15:20:36 ET]
Table '3772404536 1' 3-max Seat #3 is the button
Seat 1: Mahu2021 (656 in chips) 
Seat 2: BURQUINHO (490 in chips) 
Seat 3: alfredo_rojo (354 in chips) 
Mahu2021: posts small blind 10
BURQUINHO: posts big blind 20
*** HOLE CARDS ***
Dealt to Mahu2021 [Jd 5c]
alfredo_rojo: folds 
Mahu2021: folds 
Uncalled bet (10) returned to BURQUINHO
BURQUINHO collected 20 from pot
BURQUINHO: doesn't show hand 
*** SUMMARY ***
Total pot 20 | Rake 0 
Seat 1: Mahu2021 (small blind) folded before Flop
Seat 2: BURQUINHO (big blind) collected (20)
Seat 3: alfredo_rojo (button) folded before Flop (didn't bet)



PokerStars Hand #251252530953: Tournament #3772404536, $1.84+$0.16 USD Hold'em No Limit - Level I (10/20) - 2024/06/29 21:20:41 CET [2024/06/29 15:20:41 ET]
Table '3772404536 1' 3-max Seat #1 is the button
Seat 1: Mahu2021 (646 in chips) 
Seat 2: BURQUINHO (500 in chips) 
Seat 3: alfredo_rojo (354 in chips) 
BURQUINHO: posts small blind 10
alfredo_rojo: posts big blind 20
*** HOLE CARDS ***
Dealt to Mahu2021 [8c Ac]
Mahu2021: raises 20 to 40
BURQUINHO: calls 30
alfredo_rojo: folds 
*** FLOP *** [Qc 3h 5c]
BURQUINHO: checks 
Mahu2021: checks 
*** TURN *** [Qc 3h 5c] [9h]
BURQUINHO: checks 
Mahu2021: checks 
*** RIVER *** [Qc 3h 5c 9h] [6d]
BURQUINHO: bets 58
Mahu2021: folds 
Uncalled bet (58) returned to BURQUINHO
BURQUINHO collected 100 from pot
BURQUINHO: doesn't show hand 
*** SUMMARY ***
Total pot 100 | Rake 0 
Board [Qc 3h 5c 9h 6d]
Seat 1: Mahu2021 (button) folded on the River
Seat 2: BURQUINHO (small blind) collected (100)
Seat 3: alfredo_rojo (big blind) folded before Flop



PokerStars Hand #251252538233: Tournament #3772404536, $1.84+$0.16 USD Hold'em No Limit - Level I (10/20) - 2024/06/29 21:21:10 CET [2024/06/29 15:21:10 ET]
Table '3772404536 1' 3-max Seat #2 is the button
Seat 1: Mahu2021 (606 in chips) 
Seat 2: BURQUINHO (560 in chips) 
Seat 3: alfredo_rojo (334 in chips) 
alfredo_rojo: posts small blind 10
Mahu2021: posts big blind 20
*** HOLE CARDS ***
Dealt to Mahu2021 [6s Jc]
BURQUINHO: folds 
alfredo_rojo: raises 314 to 334 and is all-in
Mahu2021: folds 
Uncalled bet (314) returned to alfredo_rojo
alfredo_rojo collected 40 from pot
*** SUMMARY ***
Total pot 40 | Rake 0 
Seat 1: Mahu2021 (big blind) folded before Flop
Seat 2: BURQUINHO (button) folded before Flop (didn't bet)
Seat 3: alfredo_rojo (small blind) collected (40)



PokerStars Hand #251252541181: Tournament #3772404536, $1.84+$0.16 USD Hold'em No Limit - Level I (10/20) - 2024/06/29 21:21:22 CET [2024/06/29 15:21:22 ET]
Table '3772404536 1' 3-max Seat #3 is the button
Seat 1: Mahu2021 (586 in chips) 
Seat 2: BURQUINHO (560 in chips) 
Seat 3: alfredo_rojo (354 in chips) 
Mahu2021: posts small blind 10
BURQUINHO: posts big blind 20
*** HOLE CARDS ***
Dealt to Mahu2021 [Th Jd]
alfredo_rojo: folds 
Mahu2021: raises 20 to 40
BURQUINHO: folds 
Uncalled bet (20) returned to Mahu2021
Mahu2021 collected 40 from pot
Mahu2021: doesn't show hand 
*** SUMMARY ***
Total pot 40 | Rake 0 
Seat 1: Mahu2021 (small blind) collected (40)
Seat 2: BURQUINHO (big blind) folded before Flop
Seat 3: alfredo_rojo (button) folded before Flop (didn't bet)



PokerStars Hand #251252543186: Tournament #3772404536, $1.84+$0.16 USD Hold'em No Limit - Level I (10/20) - 2024/06/29 21:21:30 CET [2024/06/29 15:21:30 ET]
Table '3772404536 1' 3-max Seat #1 is the button
Seat 1: Mahu2021 (606 in chips) 
Seat 2: BURQUINHO (540 in chips) 
Seat 3: alfredo_rojo (354 in chips) 
BURQUINHO: posts small blind 10
alfredo_rojo: posts big blind 20
*** HOLE CARDS ***
Dealt to Mahu2021 [Ts Jd]
Mahu2021: raises 20 to 40
BURQUINHO: folds 
alfredo_rojo: calls 20
*** FLOP *** [4s Qd 5d]
alfredo_rojo: checks 
Mahu2021: checks 
*** TURN *** [4s Qd 5d] [7s]
alfredo_rojo: bets 80
Mahu2021: folds 
Uncalled bet (80) returned to alfredo_rojo
alfredo_rojo collected 90 from pot
*** SUMMARY ***
Total pot 90 | Rake 0 
Board [4s Qd 5d 7s]
Seat 1: Mahu2021 (button) folded on the Turn
Seat 2: BURQUINHO (small blind) folded before Flop
Seat 3: alfredo_rojo (big blind) collected (90)



PokerStars Hand #251252548465: Tournament #3772404536, $1.84+$0.16 USD Hold'em No Limit - Level II (15/30) - 2024/06/29 21:21:51 CET [2024/06/29 15:21:51 ET]
Table '3772404536 1' 3-max Seat #2 is the button
Seat 1: Mahu2021 (566 in chips) 
Seat 2: BURQUINHO (530 in chips) 
Seat 3: alfredo_rojo (404 in chips) 
alfredo_rojo: posts small blind 15
Mahu2021: posts big blind 30
*** HOLE CARDS ***
Dealt to Mahu2021 [3h Tc]
BURQUINHO: folds 
alfredo_rojo: calls 15
Mahu2021: checks 
*** FLOP *** [Qd 6h 3c]
alfredo_rojo: checks 
Mahu2021: bets 30
alfredo_rojo: folds 
Uncalled bet (30) returned to Mahu2021
Mahu2021 collected 60 from pot
Mahu2021: doesn't show hand 
*** SUMMARY ***
Total pot 60 | Rake 0 
Board [Qd 6h 3c]
Seat 1: Mahu2021 (big blind) collected (60)
Seat 2: BURQUINHO (button) folded before Flop (didn't bet)
Seat 3: alfredo_rojo (small blind) folded on the Flop



PokerStars Hand #251252552395: Tournament #3772404536, $1.84+$0.16 USD Hold'em No Limit - Level II (15/30) - 2024/06/29 21:22:07 CET [2024/06/29 15:22:07 ET]
Table '3772404536 1' 3-max Seat #3 is the button
Seat 1: Mahu2021 (596 in chips) 
Seat 2: BURQUINHO (530 in chips) 
Seat 3: alfredo_rojo (374 in chips) 
Mahu2021: posts small blind 15
BURQUINHO: posts big blind 30
*** HOLE CARDS ***
Dealt to Mahu2021 [3h Qc]
alfredo_rojo: folds 
Mahu2021: folds 
Uncalled bet (15) returned to BURQUINHO
BURQUINHO collected 30 from pot
BURQUINHO: doesn't show hand 
*** SUMMARY ***
Total pot 30 | Rake 0 
Seat 1: Mahu2021 (small blind) folded before Flop
Seat 2: BURQUINHO (big blind) collected (30)
Seat 3: alfredo_rojo (button) folded before Flop (didn't bet)



PokerStars Hand #251252553793: Tournament #3772404536, $1.84+$0.16 USD Hold'em No Limit - Level II (15/30) - 2024/06/29 21:22:12 CET [2024/06/29 15:22:12 ET]
Table '3772404536 1' 3-max Seat #1 is the button
Seat 1: Mahu2021 (581 in chips) 
Seat 2: BURQUINHO (545 in chips) 
Seat 3: alfredo_rojo (374 in chips) 
BURQUINHO: posts small blind 15
alfredo_rojo: posts big blind 30
*** HOLE CARDS ***
Dealt to Mahu2021 [Ks 5c]
Mahu2021: folds 
BURQUINHO: folds 
Uncalled bet (15) returned to alfredo_rojo
alfredo_rojo collected 30 from pot
*** SUMMARY ***
Total pot 30 | Rake 0 
Seat 1: Mahu2021 (button) folded before Flop (didn't bet)
Seat 2: BURQUINHO (small blind) folded before Flop
Seat 3: alfredo_rojo (big blind) collected (30)



PokerStars Hand #251252555279: Tournament #3772404536, $1.84+$0.16 USD Hold'em No Limit - Level II (15/30) - 2024/06/29 21:22:18 CET [2024/06/29 15:22:18 ET]
Table '3772404536 1' 3-max Seat #2 is the button
Seat 1: Mahu2021 (581 in chips) 
Seat 2: BURQUINHO (530 in chips) 
Seat 3: alfredo_rojo (389 in chips) 
alfredo_rojo: posts small blind 15
Mahu2021: posts big blind 30
*** HOLE CARDS ***
Dealt to Mahu2021 [2s Kc]
BURQUINHO: folds 
alfredo_rojo: calls 15
Mahu2021: checks 
*** FLOP *** [8s Jh Qc]
alfredo_rojo: checks 
Mahu2021: checks 
*** TURN *** [8s Jh Qc] [3s]
alfredo_rojo: checks 
Mahu2021: bets 120
alfredo_rojo: folds [5s Ah]
Uncalled bet (120) returned to Mahu2021
Mahu2021 collected 60 from pot
Mahu2021: doesn't show hand 
*** SUMMARY ***
Total pot 60 | Rake 0 
Board [8s Jh Qc 3s]
Seat 1: Mahu2021 (big blind) collected (60)
Seat 2: BURQUINHO (button) folded before Flop (didn't bet)
Seat 3: alfredo_rojo (small blind) folded on the Turn



PokerStars Hand #251252564036: Tournament #3772404536, $1.84+$0.16 USD Hold'em No Limit - Level II (15/30) - 2024/06/29 21:22:53 CET [2024/06/29 15:22:53 ET]
Table '3772404536 1' 3-max Seat #3 is the button
Seat 1: Mahu2021 (611 in chips) 
Seat 2: BURQUINHO (530 in chips) 
Seat 3: alfredo_rojo (359 in chips) 
Mahu2021: posts small blind 15
BURQUINHO: posts big blind 30
*** HOLE CARDS ***
Dealt to Mahu2021 [6s Kc]
alfredo_rojo: raises 329 to 359 and is all-in
Mahu2021: folds 
BURQUINHO: folds 
Uncalled bet (329) returned to alfredo_rojo
alfredo_rojo collected 75 from pot
*** SUMMARY ***
Total pot 75 | Rake 0 
Seat 1: Mahu2021 (small blind) folded before Flop
Seat 2: BURQUINHO (big blind) folded before Flop
Seat 3: alfredo_rojo (button) collected (75)



PokerStars Hand #251252566386: Tournament #3772404536, $1.84+$0.16 USD Hold'em No Limit - Level II (15/30) - 2024/06/29 21:23:02 CET [2024/06/29 15:23:02 ET]
Table '3772404536 1' 3-max Seat #1 is the button
Seat 1: Mahu2021 (596 in chips) 
Seat 2: BURQUINHO (500 in chips) 
Seat 3: alfredo_rojo (404 in chips) 
BURQUINHO: posts small blind 15
alfredo_rojo: posts big blind 30
*** HOLE CARDS ***
Dealt to Mahu2021 [3d 5s]
Mahu2021: folds 
BURQUINHO: raises 470 to 500 and is all-in
alfredo_rojo: folds 
Uncalled bet (470) returned to BURQUINHO
BURQUINHO collected 60 from pot
BURQUINHO: doesn't show hand 
*** SUMMARY ***
Total pot 60 | Rake 0 
Seat 1: Mahu2021 (button) folded before Flop (didn't bet)
Seat 2: BURQUINHO (small blind) collected (60)
Seat 3: alfredo_rojo (big blind) folded before Flop



PokerStars Hand #251252568538: Tournament #3772404536, $1.84+$0.16 USD Hold'em No Limit - Level II (15/30) - 2024/06/29 21:23:11 CET [2024/06/29 15:23:11 ET]
Table '3772404536 1' 3-max Seat #2 is the button
Seat 1: Mahu2021 (596 in chips) 
Seat 2: BURQUINHO (530 in chips) 
Seat 3: alfredo_rojo (374 in chips) 
alfredo_rojo: posts small blind 15
Mahu2021: posts big blind 30
*** HOLE CARDS ***
Dealt to Mahu2021 [4c 6d]
BURQUINHO: folds 
alfredo_rojo: calls 15
Mahu2021: checks 
*** FLOP *** [8c Ks 6s]
alfredo_rojo: checks 
Mahu2021: checks 
*** TURN *** [8c Ks 6s] [3c]
alfredo_rojo: checks 
Mahu2021: checks 
*** RIVER *** [8c Ks 6s 3c] [4h]
alfredo_rojo: checks 
Mahu2021: bets 60
alfredo_rojo: folds 
Uncalled bet (60) returned to Mahu2021
Mahu2021 collected 60 from pot
Mahu2021: doesn't show hand 
*** SUMMARY ***
Total pot 60 | Rake 0 
Board [8c Ks 6s 3c 4h]
Seat 1: Mahu2021 (big blind) collected (60)
Seat 2: BURQUINHO (button) folded before Flop (didn't bet)
Seat 3: alfredo_rojo (small blind) folded on the River



PokerStars Hand #251252574799: Tournament #3772404536, $1.84+$0.16 USD Hold'em No Limit - Level II (15/30) - 2024/06/29 21:23:36 CET [2024/06/29 15:23:36 ET]
Table '3772404536 1' 3-max Seat #3 is the button
Seat 1: Mahu2021 (626 in chips) 
Seat 2: BURQUINHO (530 in chips) 
Seat 3: alfredo_rojo (344 in chips) 
Mahu2021: posts small blind 15
BURQUINHO: posts big blind 30
*** HOLE CARDS ***
Dealt to Mahu2021 [9d 8h]
alfredo_rojo: folds 
Mahu2021: calls 15
BURQUINHO: raises 500 to 530 and is all-in
Mahu2021: folds 
Uncalled bet (500) returned to BURQUINHO
BURQUINHO collected 60 from pot
BURQUINHO: doesn't show hand 
*** SUMMARY ***
Total pot 60 | Rake 0 
Seat 1: Mahu2021 (small blind) folded before Flop
Seat 2: BURQUINHO (big blind) collected (60)
Seat 3: alfredo_rojo (button) folded before Flop (didn't bet)



PokerStars Hand #251252578370: Tournament #3772404536, $1.84+$0.16 USD Hold'em No Limit - Level III (20/40) - 2024/06/29 21:23:51 CET [2024/06/29 15:23:51 ET]
Table '3772404536 1' 3-max Seat #1 is the button
Seat 1: Mahu2021 (596 in chips) 
Seat 2: BURQUINHO (560 in chips) 
Seat 3: alfredo_rojo (344 in chips) 
BURQUINHO: posts small blind 20
alfredo_rojo: posts big blind 40
*** HOLE CARDS ***
Dealt to Mahu2021 [8d Qs]
Mahu2021: folds 
BURQUINHO: raises 520 to 560 and is all-in
alfredo_rojo: folds 
Uncalled bet (520) returned to BURQUINHO
BURQUINHO collected 80 from pot
BURQUINHO: doesn't show hand 
*** SUMMARY ***
Total pot 80 | Rake 0 
Seat 1: Mahu2021 (button) folded before Flop (didn't bet)
Seat 2: BURQUINHO (small blind) collected (80)
Seat 3: alfredo_rojo (big blind) folded before Flop



PokerStars Hand #251252581267: Tournament #3772404536, $1.84+$0.16 USD Hold'em No Limit - Level III (20/40) - 2024/06/29 21:24:02 CET [2024/06/29 15:24:02 ET]
Table '3772404536 1' 3-max Seat #2 is the button
Seat 1: Mahu2021 (596 in chips) 
Seat 2: BURQUINHO (600 in chips) 
Seat 3: alfredo_rojo (304 in chips) 
alfredo_rojo: posts small blind 20
Mahu2021: posts big blind 40
*** HOLE CARDS ***
Dealt to Mahu2021 [Ks 9d]
BURQUINHO: folds 
alfredo_rojo: folds 
Uncalled bet (20) returned to Mahu2021
Mahu2021 collected 40 from pot
Mahu2021: doesn't show hand 
*** SUMMARY ***
Total pot 40 | Rake 0 
Seat 1: Mahu2021 (big blind) collected (40)
Seat 2: BURQUINHO (button) folded before Flop (didn't bet)
Seat 3: alfredo_rojo (small blind) folded before Flop



PokerStars Hand #251252582576: Tournament #3772404536, $1.84+$0.16 USD Hold'em No Limit - Level III (20/40) - 2024/06/29 21:24:07 CET [2024/06/29 15:24:07 ET]
Table '3772404536 1' 3-max Seat #3 is the button
Seat 1: Mahu2021 (616 in chips) 
Seat 2: BURQUINHO (600 in chips) 
Seat 3: alfredo_rojo (284 in chips) 
Mahu2021: posts small blind 20
BURQUINHO: posts big blind 40
*** HOLE CARDS ***
Dealt to Mahu2021 [Jd 2h]
alfredo_rojo: folds 
Mahu2021: calls 20
BURQUINHO: raises 80 to 120
Mahu2021: folds 
Uncalled bet (80) returned to BURQUINHO
BURQUINHO collected 80 from pot
BURQUINHO: doesn't show hand 
*** SUMMARY ***
Total pot 80 | Rake 0 
Seat 1: Mahu2021 (small blind) folded before Flop
Seat 2: BURQUINHO (big blind) collected (80)
Seat 3: alfredo_rojo (button) folded before Flop (didn't bet)



PokerStars Hand #251252586724: Tournament #3772404536, $1.84+$0.16 USD Hold'em No Limit - Level III (20/40) - 2024/06/29 21:24:24 CET [2024/06/29 15:24:24 ET]
Table '3772404536 1' 3-max Seat #1 is the button
Seat 1: Mahu2021 (576 in chips) 
Seat 2: BURQUINHO (640 in chips) 
Seat 3: alfredo_rojo (284 in chips) 
BURQUINHO: posts small blind 20
alfredo_rojo: posts big blind 40
*** HOLE CARDS ***
Dealt to Mahu2021 [As 5h]
Mahu2021: calls 40
BURQUINHO: calls 20
alfredo_rojo: checks 
*** FLOP *** [2d 4s 6s]
BURQUINHO: checks 
alfredo_rojo: checks 
Mahu2021: checks 
*** TURN *** [2d 4s 6s] [7s]
BURQUINHO: bets 40
alfredo_rojo: folds 
Mahu2021: calls 40
*** RIVER *** [2d 4s 6s 7s] [Qh]
BURQUINHO: checks 
Mahu2021: checks 
*** SHOW DOWN ***
BURQUINHO: shows [3d 7d] (a pair of Sevens)
Mahu2021: mucks hand 
BURQUINHO collected 200 from pot
*** SUMMARY ***
Total pot 200 | Rake 0 
Board [2d 4s 6s 7s Qh]
Seat 1: Mahu2021 (button) mucked [As 5h]
Seat 2: BURQUINHO (small blind) showed [3d 7d] and won (200) with a pair of Sevens
Seat 3: alfredo_rojo (big blind) folded on the Turn



PokerStars Hand #251252591979: Tournament #3772404536, $1.84+$0.16 USD Hold'em No Limit - Level III (20/40) - 2024/06/29 21:24:45 CET [2024/06/29 15:24:45 ET]
Table '3772404536 1' 3-max Seat #2 is the button
Seat 1: Mahu2021 (496 in chips) 
Seat 2: BURQUINHO (760 in chips) 
Seat 3: alfredo_rojo (244 in chips) 
alfredo_rojo: posts small blind 20
Mahu2021: posts big blind 40
*** HOLE CARDS ***
Dealt to Mahu2021 [3d 5h]
BURQUINHO: folds 
alfredo_rojo: raises 204 to 244 and is all-in
Mahu2021: folds 
Uncalled bet (204) returned to alfredo_rojo
alfredo_rojo collected 80 from pot
*** SUMMARY ***
Total pot 80 | Rake 0 
Seat 1: Mahu2021 (big blind) folded before Flop
Seat 2: BURQUINHO (button) folded before Flop (didn't bet)
Seat 3: alfredo_rojo (small blind) collected (80)



PokerStars Hand #251252594691: Tournament #3772404536, $1.84+$0.16 USD Hold'em No Limit - Level III (20/40) - 2024/06/29 21:24:56 CET [2024/06/29 15:24:56 ET]
Table '3772404536 1' 3-max Seat #3 is the button
Seat 1: Mahu2021 (456 in chips) 
Seat 2: BURQUINHO (760 in chips) 
Seat 3: alfredo_rojo (284 in chips) 
Mahu2021: posts small blind 20
BURQUINHO: posts big blind 40
*** HOLE CARDS ***
Dealt to Mahu2021 [Qd Qh]
alfredo_rojo: raises 244 to 284 and is all-in
Mahu2021: raises 172 to 456 and is all-in
BURQUINHO: folds 
Uncalled bet (172) returned to Mahu2021
*** FLOP *** [8d 4c Kh]
*** TURN *** [8d 4c Kh] [8c]
*** RIVER *** [8d 4c Kh 8c] [3s]
*** SHOW DOWN ***
Mahu2021: shows [Qd Qh] (two pair, Queens and Eights)
alfredo_rojo: shows [5c 5h] (two pair, Eights and Fives)
Mahu2021 collected 608 from pot
alfredo_rojo finished the tournament in 3rd place
*** SUMMARY ***
Total pot 608 | Rake 0 
Board [8d 4c Kh 8c 3s]
Seat 1: Mahu2021 (small blind) showed [Qd Qh] and won (608) with two pair, Queens and Eights
Seat 2: BURQUINHO (big blind) folded before Flop
Seat 3: alfredo_rojo (button) showed [5c 5h] and lost with two pair, Eights and Fives



PokerStars Hand #251252598529: Tournament #3772404536, $1.84+$0.16 USD Hold'em No Limit - Level III (20/40) - 2024/06/29 21:25:12 CET [2024/06/29 15:25:12 ET]
Table '3772404536 1' 3-max Seat #2 is the button
Seat 1: Mahu2021 (780 in chips) 
Seat 2: BURQUINHO (720 in chips) 
BURQUINHO: posts small blind 20
Mahu2021: posts big blind 40
*** HOLE CARDS ***
Dealt to Mahu2021 [5d Ac]
BURQUINHO: calls 20
Mahu2021: checks 
*** FLOP *** [5c 2s 9c]
Mahu2021: checks 
BURQUINHO: checks 
*** TURN *** [5c 2s 9c] [Kd]
Mahu2021: bets 40
BURQUINHO: folds 
Uncalled bet (40) returned to Mahu2021
Mahu2021 collected 80 from pot
Mahu2021: doesn't show hand 
*** SUMMARY ***
Total pot 80 | Rake 0 
Board [5c 2s 9c Kd]
Seat 1: Mahu2021 (big blind) collected (80)
Seat 2: BURQUINHO (button) (small blind) folded on the Turn



PokerStars Hand #251252601386: Tournament #3772404536, $1.84+$0.16 USD Hold'em No Limit - Level III (20/40) - 2024/06/29 21:25:24 CET [2024/06/29 15:25:24 ET]
Table '3772404536 1' 3-max Seat #1 is the button
Seat 1: Mahu2021 (820 in chips) 
Seat 2: BURQUINHO (680 in chips) 
Mahu2021: posts small blind 20
BURQUINHO: posts big blind 40
*** HOLE CARDS ***
Dealt to Mahu2021 [2c Jh]
Mahu2021: folds 
Uncalled bet (20) returned to BURQUINHO
BURQUINHO collected 40 from pot
BURQUINHO: doesn't show hand 
*** SUMMARY ***
Total pot 40 | Rake 0 
Seat 1: Mahu2021 (button) (small blind) folded before Flop
Seat 2: BURQUINHO (big blind) collected (40)



PokerStars Hand #251252602537: Tournament #3772404536, $1.84+$0.16 USD Hold'em No Limit - Level III (20/40) - 2024/06/29 21:25:28 CET [2024/06/29 15:25:28 ET]
Table '3772404536 1' 3-max Seat #2 is the button
Seat 1: Mahu2021 (800 in chips) 
Seat 2: BURQUINHO (700 in chips) 
BURQUINHO: posts small blind 20
Mahu2021: posts big blind 40
*** HOLE CARDS ***
Dealt to Mahu2021 [Qd 2d]
BURQUINHO: calls 20
Mahu2021: checks 
*** FLOP *** [7s Jc 5c]
Mahu2021: checks 
BURQUINHO: checks 
*** TURN *** [7s Jc 5c] [9d]
Mahu2021: checks 
BURQUINHO: checks 
*** RIVER *** [7s Jc 5c 9d] [2s]
Mahu2021: checks 
BURQUINHO: bets 80
Mahu2021: calls 80
*** SHOW DOWN ***
BURQUINHO: shows [Qs 3s] (high card Queen)
Mahu2021: shows [Qd 2d] (a pair of Deuces)
Mahu2021 collected 240 from pot
*** SUMMARY ***
Total pot 240 | Rake 0 
Board [7s Jc 5c 9d 2s]
Seat 1: Mahu2021 (big blind) showed [Qd 2d] and won (240) with a pair of Deuces
Seat 2: BURQUINHO (button) (small blind) showed [Qs 3s] and lost with high card Queen



PokerStars Hand #251252605390: Tournament #3772404536, $1.84+$0.16 USD Hold'em No Limit - Level III (20/40) - 2024/06/29 21:25:40 CET [2024/06/29 15:25:40 ET]
Table '3772404536 1' 3-max Seat #1 is the button
Seat 1: Mahu2021 (920 in chips) 
Seat 2: BURQUINHO (580 in chips) 
Mahu2021: posts small blind 20
BURQUINHO: posts big blind 40
*** HOLE CARDS ***
Dealt to Mahu2021 [2s 7s]
Mahu2021: folds 
Uncalled bet (20) returned to BURQUINHO
BURQUINHO collected 40 from pot
BURQUINHO: doesn't show hand 
*** SUMMARY ***
Total pot 40 | Rake 0 
Seat 1: Mahu2021 (button) (small blind) folded before Flop
Seat 2: BURQUINHO (big blind) collected (40)



PokerStars Hand #251252607480: Tournament #3772404536, $1.84+$0.16 USD Hold'em No Limit - Level IV (30/60) - 2024/06/29 21:25:49 CET [2024/06/29 15:25:49 ET]
Table '3772404536 1' 3-max Seat #2 is the button
Seat 1: Mahu2021 (900 in chips) 
Seat 2: BURQUINHO (600 in chips) 
BURQUINHO: posts small blind 30
Mahu2021: posts big blind 60
*** HOLE CARDS ***
Dealt to Mahu2021 [8s Kc]
BURQUINHO: calls 30
Mahu2021: checks 
*** FLOP *** [Kh 4h 6h]
Mahu2021: checks 
BURQUINHO: checks 
*** TURN *** [Kh 4h 6h] [Ks]
Mahu2021: checks 
BURQUINHO: bets 60
Mahu2021: raises 180 to 240
BURQUINHO: calls 180
*** RIVER *** [Kh 4h 6h Ks] [Qd]
Mahu2021: checks 
BURQUINHO: checks 
*** SHOW DOWN ***
Mahu2021: shows [8s Kc] (three of a kind, Kings)
BURQUINHO: mucks hand 
Mahu2021 collected 600 from pot
*** SUMMARY ***
Total pot 600 | Rake 0 
Board [Kh 4h 6h Ks Qd]
Seat 1: Mahu2021 (big blind) showed [8s Kc] and won (600) with three of a kind, Kings
Seat 2: BURQUINHO (button) (small blind) mucked [Js 6d]



PokerStars Hand #251252611690: Tournament #3772404536, $1.84+$0.16 USD Hold'em No Limit - Level IV (30/60) - 2024/06/29 21:26:05 CET [2024/06/29 15:26:05 ET]
Table '3772404536 1' 3-max Seat #1 is the button
Seat 1: Mahu2021 (1200 in chips) 
Seat 2: BURQUINHO (300 in chips) 
Mahu2021: posts small blind 30
BURQUINHO: posts big blind 60
*** HOLE CARDS ***
Dealt to Mahu2021 [Tc 6c]
Mahu2021: calls 30
BURQUINHO: checks 
*** FLOP *** [3d Ac 5d]
BURQUINHO: checks 
Mahu2021: bets 60
BURQUINHO: folds 
Uncalled bet (60) returned to Mahu2021
Mahu2021 collected 120 from pot
Mahu2021: doesn't show hand 
*** SUMMARY ***
Total pot 120 | Rake 0 
Board [3d Ac 5d]
Seat 1: Mahu2021 (button) (small blind) collected (120)
Seat 2: BURQUINHO (big blind) folded on the Flop



PokerStars Hand #251252614011: Tournament #3772404536, $1.84+$0.16 USD Hold'em No Limit - Level IV (30/60) - 2024/06/29 21:26:15 CET [2024/06/29 15:26:15 ET]
Table '3772404536 1' 3-max Seat #2 is the button
Seat 1: Mahu2021 (1260 in chips) 
Seat 2: BURQUINHO (240 in chips) 
BURQUINHO: posts small blind 30
Mahu2021: posts big blind 60
*** HOLE CARDS ***
Dealt to Mahu2021 [5h 8s]
BURQUINHO: calls 30
Mahu2021: checks 
*** FLOP *** [5s 9d Ac]
Mahu2021: checks 
BURQUINHO: checks 
*** TURN *** [5s 9d Ac] [2h]
Mahu2021: checks 
BURQUINHO: checks 
*** RIVER *** [5s 9d Ac 2h] [9c]
Mahu2021: bets 60
BURQUINHO: folds 
Uncalled bet (60) returned to Mahu2021
Mahu2021 collected 120 from pot
Mahu2021: doesn't show hand 
*** SUMMARY ***
Total pot 120 | Rake 0 
Board [5s 9d Ac 2h 9c]
Seat 1: Mahu2021 (big blind) collected (120)
Seat 2: BURQUINHO (button) (small blind) folded on the River



PokerStars Hand #251252617250: Tournament #3772404536, $1.84+$0.16 USD Hold'em No Limit - Level IV (30/60) - 2024/06/29 21:26:28 CET [2024/06/29 15:26:28 ET]
Table '3772404536 1' 3-max Seat #1 is the button
Seat 1: Mahu2021 (1320 in chips) 
Seat 2: BURQUINHO (180 in chips) 
Mahu2021: posts small blind 30
BURQUINHO: posts big blind 60
*** HOLE CARDS ***
Dealt to Mahu2021 [Ts 3h]
Mahu2021: folds 
Uncalled bet (30) returned to BURQUINHO
BURQUINHO collected 60 from pot
BURQUINHO: doesn't show hand 
*** SUMMARY ***
Total pot 60 | Rake 0 
Seat 1: Mahu2021 (button) (small blind) folded before Flop
Seat 2: BURQUINHO (big blind) collected (60)



PokerStars Hand #251252618432: Tournament #3772404536, $1.84+$0.16 USD Hold'em No Limit - Level IV (30/60) - 2024/06/29 21:26:33 CET [2024/06/29 15:26:33 ET]
Table '3772404536 1' 3-max Seat #2 is the button
Seat 1: Mahu2021 (1290 in chips) 
Seat 2: BURQUINHO (210 in chips) 
BURQUINHO: posts small blind 30
Mahu2021: posts big blind 60
*** HOLE CARDS ***
Dealt to Mahu2021 [5s 4h]
BURQUINHO: raises 60 to 120
Mahu2021: folds 
Uncalled bet (60) returned to BURQUINHO
BURQUINHO collected 120 from pot
BURQUINHO: doesn't show hand 
*** SUMMARY ***
Total pot 120 | Rake 0 
Seat 1: Mahu2021 (big blind) folded before Flop
Seat 2: BURQUINHO (button) (small blind) collected (120)



PokerStars Hand #251252620416: Tournament #3772404536, $1.84+$0.16 USD Hold'em No Limit - Level IV (30/60) - 2024/06/29 21:26:41 CET [2024/06/29 15:26:41 ET]
Table '3772404536 1' 3-max Seat #1 is the button
Seat 1: Mahu2021 (1230 in chips) 
Seat 2: BURQUINHO (270 in chips) 
Mahu2021: posts small blind 30
BURQUINHO: posts big blind 60
*** HOLE CARDS ***
Dealt to Mahu2021 [7h 4s]
Mahu2021: folds 
Uncalled bet (30) returned to BURQUINHO
BURQUINHO collected 60 from pot
BURQUINHO: doesn't show hand 
*** SUMMARY ***
Total pot 60 | Rake 0 
Seat 1: Mahu2021 (button) (small blind) folded before Flop
Seat 2: BURQUINHO (big blind) collected (60)



PokerStars Hand #251252621566: Tournament #3772404536, $1.84+$0.16 USD Hold'em No Limit - Level IV (30/60) - 2024/06/29 21:26:45 CET [2024/06/29 15:26:45 ET]
Table '3772404536 1' 3-max Seat #2 is the button
Seat 1: Mahu2021 (1200 in chips) 
Seat 2: BURQUINHO (300 in chips) 
BURQUINHO: posts small blind 30
Mahu2021: posts big blind 60
*** HOLE CARDS ***
Dealt to Mahu2021 [Ts 3c]
BURQUINHO: raises 240 to 300 and is all-in
Mahu2021: folds 
Uncalled bet (240) returned to BURQUINHO
BURQUINHO collected 120 from pot
BURQUINHO: doesn't show hand 
*** SUMMARY ***
Total pot 120 | Rake 0 
Seat 1: Mahu2021 (big blind) folded before Flop
Seat 2: BURQUINHO (button) (small blind) collected (120)



PokerStars Hand #251252622715: Tournament #3772404536, $1.84+$0.16 USD Hold'em No Limit - Level IV (30/60) - 2024/06/29 21:26:50 CET [2024/06/29 15:26:50 ET]
Table '3772404536 1' 3-max Seat #1 is the button
Seat 1: Mahu2021 (1140 in chips) 
Seat 2: BURQUINHO (360 in chips) 
Mahu2021: posts small blind 30
BURQUINHO: posts big blind 60
*** HOLE CARDS ***
Dealt to Mahu2021 [Jc 3c]
Mahu2021: raises 60 to 120
BURQUINHO: raises 60 to 180
Mahu2021: calls 60
*** FLOP *** [Kc Jh Ah]
BURQUINHO: bets 180 and is all-in
Mahu2021: calls 180
*** TURN *** [Kc Jh Ah] [5h]
*** RIVER *** [Kc Jh Ah 5h] [2h]
*** SHOW DOWN ***
BURQUINHO: shows [Qc Qd] (a pair of Queens)
Mahu2021: shows [Jc 3c] (a pair of Jacks)
BURQUINHO collected 720 from pot
*** SUMMARY ***
Total pot 720 | Rake 0 
Board [Kc Jh Ah 5h 2h]
Seat 1: Mahu2021 (button) (small blind) showed [Jc 3c] and lost with a pair of Jacks
Seat 2: BURQUINHO (big blind) showed [Qc Qd] and won (720) with a pair of Queens



PokerStars Hand #251252626434: Tournament #3772404536, $1.84+$0.16 USD Hold'em No Limit - Level IV (30/60) - 2024/06/29 21:27:05 CET [2024/06/29 15:27:05 ET]
Table '3772404536 1' 3-max Seat #2 is the button
Seat 1: Mahu2021 (780 in chips) 
Seat 2: BURQUINHO (720 in chips) 
BURQUINHO: posts small blind 30
Mahu2021: posts big blind 60
*** HOLE CARDS ***
Dealt to Mahu2021 [7c Qs]
BURQUINHO: calls 30
Mahu2021: checks 
*** FLOP *** [Kc 6c 8s]
Mahu2021: checks 
BURQUINHO: checks 
*** TURN *** [Kc 6c 8s] [Kd]
Mahu2021: bets 60
BURQUINHO: folds 
Uncalled bet (60) returned to Mahu2021
Mahu2021 collected 120 from pot
Mahu2021: doesn't show hand 
*** SUMMARY ***
Total pot 120 | Rake 0 
Board [Kc 6c 8s Kd]
Seat 1: Mahu2021 (big blind) collected (120)
Seat 2: BURQUINHO (button) (small blind) folded on the Turn



PokerStars Hand #251252630493: Tournament #3772404536, $1.84+$0.16 USD Hold'em No Limit - Level IV (30/60) - 2024/06/29 21:27:21 CET [2024/06/29 15:27:21 ET]
Table '3772404536 1' 3-max Seat #1 is the button
Seat 1: Mahu2021 (840 in chips) 
Seat 2: BURQUINHO (660 in chips) 
Mahu2021: posts small blind 30
BURQUINHO: posts big blind 60
*** HOLE CARDS ***
Dealt to Mahu2021 [5c 5s]
Mahu2021: raises 780 to 840 and is all-in
BURQUINHO: folds 
Uncalled bet (780) returned to Mahu2021
Mahu2021 collected 120 from pot
Mahu2021: doesn't show hand 
*** SUMMARY ***
Total pot 120 | Rake 0 
Seat 1: Mahu2021 (button) (small blind) collected (120)
Seat 2: BURQUINHO (big blind) folded before Flop



PokerStars Hand #251252632442: Tournament #3772404536, $1.84+$0.16 USD Hold'em No Limit - Level IV (30/60) - 2024/06/29 21:27:29 CET [2024/06/29 15:27:29 ET]
Table '3772404536 1' 3-max Seat #2 is the button
Seat 1: Mahu2021 (900 in chips) 
Seat 2: BURQUINHO (600 in chips) 
BURQUINHO: posts small blind 30
Mahu2021: posts big blind 60
*** HOLE CARDS ***
Dealt to Mahu2021 [7s 5d]
BURQUINHO: calls 30
Mahu2021: checks 
*** FLOP *** [Ks As Ac]
Mahu2021: checks 
BURQUINHO: checks 
*** TURN *** [Ks As Ac] [9s]
Mahu2021: checks 
BURQUINHO: checks 
*** RIVER *** [Ks As Ac 9s] [8s]
Mahu2021: bets 120
BURQUINHO: folds 
Uncalled bet (120) returned to Mahu2021
Mahu2021 collected 120 from pot
Mahu2021: doesn't show hand 
*** SUMMARY ***
Total pot 120 | Rake 0 
Board [Ks As Ac 9s 8s]
Seat 1: Mahu2021 (big blind) collected (120)
Seat 2: BURQUINHO (button) (small blind) folded on the River



PokerStars Hand #251252639978: Tournament #3772404536, $1.84+$0.16 USD Hold'em No Limit - Level V (40/80) - 2024/06/29 21:27:59 CET [2024/06/29 15:27:59 ET]
Table '3772404536 1' 3-max Seat #1 is the button
Seat 1: Mahu2021 (960 in chips) 
Seat 2: BURQUINHO (540 in chips) 
Mahu2021: posts small blind 40
BURQUINHO: posts big blind 80
*** HOLE CARDS ***
Dealt to Mahu2021 [6c Jc]
Mahu2021: calls 40
BURQUINHO: raises 160 to 240
Mahu2021: calls 160
*** FLOP *** [Qd 5d 3c]
BURQUINHO: bets 300 and is all-in
Mahu2021: folds 
Uncalled bet (300) returned to BURQUINHO
BURQUINHO collected 480 from pot
BURQUINHO: doesn't show hand 
*** SUMMARY ***
Total pot 480 | Rake 0 
Board [Qd 5d 3c]
Seat 1: Mahu2021 (button) (small blind) folded on the Flop
Seat 2: BURQUINHO (big blind) collected (480)



PokerStars Hand #251252643152: Tournament #3772404536, $1.84+$0.16 USD Hold'em No Limit - Level V (40/80) - 2024/06/29 21:28:12 CET [2024/06/29 15:28:12 ET]
Table '3772404536 1' 3-max Seat #2 is the button
Seat 1: Mahu2021 (720 in chips) 
Seat 2: BURQUINHO (780 in chips) 
BURQUINHO: posts small blind 40
Mahu2021: posts big blind 80
*** HOLE CARDS ***
Dealt to Mahu2021 [Ts 3d]
BURQUINHO: calls 40
Mahu2021: checks 
*** FLOP *** [Ks 8d 8h]
Mahu2021: checks 
BURQUINHO: checks 
*** TURN *** [Ks 8d 8h] [2h]
Mahu2021: checks 
BURQUINHO: checks 
*** RIVER *** [Ks 8d 8h 2h] [8c]
Mahu2021: checks 
BURQUINHO: bets 80
Mahu2021: folds 
Uncalled bet (80) returned to BURQUINHO
BURQUINHO collected 160 from pot
BURQUINHO: doesn't show hand 
*** SUMMARY ***
Total pot 160 | Rake 0 
Board [Ks 8d 8h 2h 8c]
Seat 1: Mahu2021 (big blind) folded on the River
Seat 2: BURQUINHO (button) (small blind) collected (160)



PokerStars Hand #251252646335: Tournament #3772404536, $1.84+$0.16 USD Hold'em No Limit - Level V (40/80) - 2024/06/29 21:28:25 CET [2024/06/29 15:28:25 ET]
Table '3772404536 1' 3-max Seat #1 is the button
Seat 1: Mahu2021 (640 in chips) 
Seat 2: BURQUINHO (860 in chips) 
Mahu2021: posts small blind 40
BURQUINHO: posts big blind 80
*** HOLE CARDS ***
Dealt to Mahu2021 [Ad 2s]
Mahu2021: raises 560 to 640 and is all-in
BURQUINHO: folds 
Uncalled bet (560) returned to Mahu2021
Mahu2021 collected 160 from pot
Mahu2021: doesn't show hand 
*** SUMMARY ***
Total pot 160 | Rake 0 
Seat 1: Mahu2021 (button) (small blind) collected (160)
Seat 2: BURQUINHO (big blind) folded before Flop



PokerStars Hand #251252648068: Tournament #3772404536, $1.84+$0.16 USD Hold'em No Limit - Level V (40/80) - 2024/06/29 21:28:31 CET [2024/06/29 15:28:31 ET]
Table '3772404536 1' 3-max Seat #2 is the button
Seat 1: Mahu2021 (720 in chips) 
Seat 2: BURQUINHO (780 in chips) 
BURQUINHO: posts small blind 40
Mahu2021: posts big blind 80
*** HOLE CARDS ***
Dealt to Mahu2021 [5s 8h]
BURQUINHO: folds 
Uncalled bet (40) returned to Mahu2021
Mahu2021 collected 80 from pot
Mahu2021: doesn't show hand 
*** SUMMARY ***
Total pot 80 | Rake 0 
Seat 1: Mahu2021 (big blind) collected (80)
Seat 2: BURQUINHO (button) (small blind) folded before Flop



PokerStars Hand #251252649069: Tournament #3772404536, $1.84+$0.16 USD Hold'em No Limit - Level V (40/80) - 2024/06/29 21:28:35 CET [2024/06/29 15:28:35 ET]
Table '3772404536 1' 3-max Seat #1 is the button
Seat 1: Mahu2021 (760 in chips) 
Seat 2: BURQUINHO (740 in chips) 
Mahu2021: posts small blind 40
BURQUINHO: posts big blind 80
*** HOLE CARDS ***
Dealt to Mahu2021 [3c 7d]
Mahu2021: folds 
Uncalled bet (40) returned to BURQUINHO
BURQUINHO collected 80 from pot
BURQUINHO: doesn't show hand 
*** SUMMARY ***
Total pot 80 | Rake 0 
Seat 1: Mahu2021 (button) (small blind) folded before Flop
Seat 2: BURQUINHO (big blind) collected (80)



PokerStars Hand #251252650187: Tournament #3772404536, $1.84+$0.16 USD Hold'em No Limit - Level V (40/80) - 2024/06/29 21:28:40 CET [2024/06/29 15:28:40 ET]
Table '3772404536 1' 3-max Seat #2 is the button
Seat 1: Mahu2021 (720 in chips) 
Seat 2: BURQUINHO (780 in chips) 
BURQUINHO: posts small blind 40
Mahu2021: posts big blind 80
*** HOLE CARDS ***
Dealt to Mahu2021 [4d 7h]
BURQUINHO: raises 700 to 780 and is all-in
Mahu2021: folds 
Uncalled bet (700) returned to BURQUINHO
BURQUINHO collected 160 from pot
BURQUINHO: doesn't show hand 
*** SUMMARY ***
Total pot 160 | Rake 0 
Seat 1: Mahu2021 (big blind) folded before Flop
Seat 2: BURQUINHO (button) (small blind) collected (160)



PokerStars Hand #251252651599: Tournament #3772404536, $1.84+$0.16 USD Hold'em No Limit - Level V (40/80) - 2024/06/29 21:28:45 CET [2024/06/29 15:28:45 ET]
Table '3772404536 1' 3-max Seat #1 is the button
Seat 1: Mahu2021 (640 in chips) 
Seat 2: BURQUINHO (860 in chips) 
Mahu2021: posts small blind 40
BURQUINHO: posts big blind 80
*** HOLE CARDS ***
Dealt to Mahu2021 [8c 7s]
Mahu2021: calls 40
BURQUINHO: raises 780 to 860 and is all-in
Mahu2021: folds 
Uncalled bet (780) returned to BURQUINHO
BURQUINHO collected 160 from pot
BURQUINHO: doesn't show hand 
*** SUMMARY ***
Total pot 160 | Rake 0 
Seat 1: Mahu2021 (button) (small blind) folded before Flop
Seat 2: BURQUINHO (big blind) collected (160)



PokerStars Hand #251252653432: Tournament #3772404536, $1.84+$0.16 USD Hold'em No Limit - Level V (40/80) - 2024/06/29 21:28:52 CET [2024/06/29 15:28:52 ET]
Table '3772404536 1' 3-max Seat #2 is the button
Seat 1: Mahu2021 (560 in chips) 
Seat 2: BURQUINHO (940 in chips) 
BURQUINHO: posts small blind 40
Mahu2021: posts big blind 80
*** HOLE CARDS ***
Dealt to Mahu2021 [9h Ac]
BURQUINHO: folds 
Uncalled bet (40) returned to Mahu2021
Mahu2021 collected 80 from pot
Mahu2021: doesn't show hand 
*** SUMMARY ***
Total pot 80 | Rake 0 
Seat 1: Mahu2021 (big blind) collected (80)
Seat 2: BURQUINHO (button) (small blind) folded before Flop



PokerStars Hand #251252654521: Tournament #3772404536, $1.84+$0.16 USD Hold'em No Limit - Level V (40/80) - 2024/06/29 21:28:57 CET [2024/06/29 15:28:57 ET]
Table '3772404536 1' 3-max Seat #1 is the button
Seat 1: Mahu2021 (600 in chips) 
Seat 2: BURQUINHO (900 in chips) 
Mahu2021: posts small blind 40
BURQUINHO: posts big blind 80
*** HOLE CARDS ***
Dealt to Mahu2021 [4h 2c]
Mahu2021: folds 
Uncalled bet (40) returned to BURQUINHO
BURQUINHO collected 80 from pot
BURQUINHO: doesn't show hand 
*** SUMMARY ***
Total pot 80 | Rake 0 
Seat 1: Mahu2021 (button) (small blind) folded before Flop
Seat 2: BURQUINHO (big blind) collected (80)



PokerStars Hand #251252655607: Tournament #3772404536, $1.84+$0.16 USD Hold'em No Limit - Level V (40/80) - 2024/06/29 21:29:01 CET [2024/06/29 15:29:01 ET]
Table '3772404536 1' 3-max Seat #2 is the button
Seat 1: Mahu2021 (560 in chips) 
Seat 2: BURQUINHO (940 in chips) 
BURQUINHO: posts small blind 40
Mahu2021: posts big blind 80
*** HOLE CARDS ***
Dealt to Mahu2021 [9s 6s]
BURQUINHO: folds 
Uncalled bet (40) returned to Mahu2021
Mahu2021 collected 80 from pot
Mahu2021: doesn't show hand 
*** SUMMARY ***
Total pot 80 | Rake 0 
Seat 1: Mahu2021 (big blind) collected (80)
Seat 2: BURQUINHO (button) (small blind) folded before Flop



PokerStars Hand #251252656633: Tournament #3772404536, $1.84+$0.16 USD Hold'em No Limit - Level V (40/80) - 2024/06/29 21:29:05 CET [2024/06/29 15:29:05 ET]
Table '3772404536 1' 3-max Seat #1 is the button
Seat 1: Mahu2021 (600 in chips) 
Seat 2: BURQUINHO (900 in chips) 
Mahu2021: posts small blind 40
BURQUINHO: posts big blind 80
*** HOLE CARDS ***
Dealt to Mahu2021 [8d 5c]
Mahu2021: folds 
Uncalled bet (40) returned to BURQUINHO
BURQUINHO collected 80 from pot
BURQUINHO: doesn't show hand 
*** SUMMARY ***
Total pot 80 | Rake 0 
Seat 1: Mahu2021 (button) (small blind) folded before Flop
Seat 2: BURQUINHO (big blind) collected (80)



PokerStars Hand #251252657698: Tournament #3772404536, $1.84+$0.16 USD Hold'em No Limit - Level V (40/80) - 2024/06/29 21:29:09 CET [2024/06/29 15:29:09 ET]
Table '3772404536 1' 3-max Seat #2 is the button
Seat 1: Mahu2021 (560 in chips) 
Seat 2: BURQUINHO (940 in chips) 
BURQUINHO: posts small blind 40
Mahu2021: posts big blind 80
*** HOLE CARDS ***
Dealt to Mahu2021 [Jc Tc]
BURQUINHO: calls 40
Mahu2021: raises 240 to 320
BURQUINHO: folds 
Uncalled bet (240) returned to Mahu2021
Mahu2021 collected 160 from pot
Mahu2021: doesn't show hand 
*** SUMMARY ***
Total pot 160 | Rake 0 
Seat 1: Mahu2021 (big blind) collected (160)
Seat 2: BURQUINHO (button) (small blind) folded before Flop



PokerStars Hand #251252660158: Tournament #3772404536, $1.84+$0.16 USD Hold'em No Limit - Level V (40/80) - 2024/06/29 21:29:19 CET [2024/06/29 15:29:19 ET]
Table '3772404536 1' 3-max Seat #1 is the button
Seat 1: Mahu2021 (640 in chips) 
Seat 2: BURQUINHO (860 in chips) 
Mahu2021: posts small blind 40
BURQUINHO: posts big blind 80
*** HOLE CARDS ***
Dealt to Mahu2021 [7d 9c]
Mahu2021: folds 
Uncalled bet (40) returned to BURQUINHO
BURQUINHO collected 80 from pot
BURQUINHO: doesn't show hand 
*** SUMMARY ***
Total pot 80 | Rake 0 
Seat 1: Mahu2021 (button) (small blind) folded before Flop
Seat 2: BURQUINHO (big blind) collected (80)



PokerStars Hand #251252661329: Tournament #3772404536, $1.84+$0.16 USD Hold'em No Limit - Level V (40/80) - 2024/06/29 21:29:24 CET [2024/06/29 15:29:24 ET]
Table '3772404536 1' 3-max Seat #2 is the button
Seat 1: Mahu2021 (600 in chips) 
Seat 2: BURQUINHO (900 in chips) 
BURQUINHO: posts small blind 40
Mahu2021: posts big blind 80
*** HOLE CARDS ***
Dealt to Mahu2021 [5d Kc]
BURQUINHO: raises 820 to 900 and is all-in
Mahu2021: folds 
Uncalled bet (820) returned to BURQUINHO
BURQUINHO collected 160 from pot
BURQUINHO: doesn't show hand 
*** SUMMARY ***
Total pot 160 | Rake 0 
Seat 1: Mahu2021 (big blind) folded before Flop
Seat 2: BURQUINHO (button) (small blind) collected (160)



PokerStars Hand #251252663568: Tournament #3772404536, $1.84+$0.16 USD Hold'em No Limit - Level V (40/80) - 2024/06/29 21:29:33 CET [2024/06/29 15:29:33 ET]
Table '3772404536 1' 3-max Seat #1 is the button
Seat 1: Mahu2021 (520 in chips) 
Seat 2: BURQUINHO (980 in chips) 
Mahu2021: posts small blind 40
BURQUINHO: posts big blind 80
*** HOLE CARDS ***
Dealt to Mahu2021 [6d Jd]
Mahu2021: calls 40
BURQUINHO: raises 900 to 980 and is all-in
Mahu2021: folds 
Uncalled bet (900) returned to BURQUINHO
BURQUINHO collected 160 from pot
BURQUINHO: doesn't show hand 
*** SUMMARY ***
Total pot 160 | Rake 0 
Seat 1: Mahu2021 (button) (small blind) folded before Flop
Seat 2: BURQUINHO (big blind) collected (160)



PokerStars Hand #251252666564: Tournament #3772404536, $1.84+$0.16 USD Hold'em No Limit - Level VI (50/100) - 2024/06/29 21:29:45 CET [2024/06/29 15:29:45 ET]
Table '3772404536 1' 3-max Seat #2 is the button
Seat 1: Mahu2021 (440 in chips) 
Seat 2: BURQUINHO (1060 in chips) 
BURQUINHO: posts small blind 50
Mahu2021: posts big blind 100
*** HOLE CARDS ***
Dealt to Mahu2021 [4h Ks]
BURQUINHO: raises 960 to 1060 and is all-in
Mahu2021: calls 340 and is all-in
Uncalled bet (620) returned to BURQUINHO
*** FLOP *** [Ts 9h 6c]
*** TURN *** [Ts 9h 6c] [7s]
*** RIVER *** [Ts 9h 6c 7s] [2c]
*** SHOW DOWN ***
Mahu2021: shows [4h Ks] (high card King)
BURQUINHO: shows [4c Kh] (high card King)
Mahu2021 collected 440 from pot
BURQUINHO collected 440 from pot
*** SUMMARY ***
Total pot 880 | Rake 0 
Board [Ts 9h 6c 7s 2c]
Seat 1: Mahu2021 (big blind) showed [4h Ks] and won (440) with high card King
Seat 2: BURQUINHO (button) (small blind) showed [4c Kh] and won (440) with high card King



PokerStars Hand #251252670891: Tournament #3772404536, $1.84+$0.16 USD Hold'em No Limit - Level VI (50/100) - 2024/06/29 21:30:02 CET [2024/06/29 15:30:02 ET]
Table '3772404536 1' 3-max Seat #1 is the button
Seat 1: Mahu2021 (440 in chips) 
Seat 2: BURQUINHO (1060 in chips) 
Mahu2021: posts small blind 50
BURQUINHO: posts big blind 100
*** HOLE CARDS ***
Dealt to Mahu2021 [6d Tc]
Mahu2021: folds 
Uncalled bet (50) returned to BURQUINHO
BURQUINHO collected 100 from pot
BURQUINHO: doesn't show hand 
*** SUMMARY ***
Total pot 100 | Rake 0 
Seat 1: Mahu2021 (button) (small blind) folded before Flop
Seat 2: BURQUINHO (big blind) collected (100)



PokerStars Hand #251252672035: Tournament #3772404536, $1.84+$0.16 USD Hold'em No Limit - Level VI (50/100) - 2024/06/29 21:30:07 CET [2024/06/29 15:30:07 ET]
Table '3772404536 1' 3-max Seat #2 is the button
Seat 1: Mahu2021 (390 in chips) 
Seat 2: BURQUINHO (1110 in chips) 
BURQUINHO: posts small blind 50
Mahu2021: posts big blind 100
*** HOLE CARDS ***
Dealt to Mahu2021 [2h Kd]
BURQUINHO: raises 1010 to 1110 and is all-in
Mahu2021: calls 290 and is all-in
Uncalled bet (720) returned to BURQUINHO
*** FLOP *** [7h 2c 7c]
*** TURN *** [7h 2c 7c] [Ac]
*** RIVER *** [7h 2c 7c Ac] [Tc]
*** SHOW DOWN ***
Mahu2021: shows [2h Kd] (two pair, Sevens and Deuces)
BURQUINHO: shows [5s Kc] (a flush, Ace high)
BURQUINHO collected 780 from pot
Mahu2021 finished the tournament in 2nd place
BURQUINHO wins the tournament and receives $4.00 - congratulations!
*** SUMMARY ***
Total pot 780 | Rake 0 
Board [7h 2c 7c Ac Tc]
Seat 1: Mahu2021 (big blind) showed [2h Kd] and lost with two pair, Sevens and Deuces
Seat 2: BURQUINHO (button) (small blind) showed [5s Kc] and won (780) with a flush, Ace high



