PokerStars Zoom Hand #254562657418:  Hold'em No Limit ($0.05/$0.10) - 2025/01/26 16:48:46 CET [2025/01/26 10:48:46 ET]
Table 'Aludra' 6-max Seat #1 is the button
Seat 1: klevinjer ($24.14 in chips) 
Seat 2: youngmin5034 ($11.79 in chips) 
Seat 3: Mahu2021 ($10 in chips) 
Seat 4: ak1t02 ($18.21 in chips) 
Seat 5: jawcheek ($11.14 in chips) 
Seat 6: basshunter87 ($12.17 in chips) 
youngmin5034: posts small blind $0.05
Mahu2021: posts big blind $0.10
*** HOLE CARDS ***
Dealt to Mahu2021 [8c 3c]
ak1t02: folds 
jawcheek: folds 
basshunter87: folds 
klevinjer: raises $0.15 to $0.25
youngmin5034: folds 
Mahu2021: folds 
Uncalled bet ($0.15) returned to klevinjer
klevinjer collected $0.25 from pot
klevinjer: doesn't show hand 
*** SUMMARY ***
Total pot $0.25 | Rake $0 
Seat 1: klevinjer (button) collected ($0.25)
Seat 2: youngmin5034 (small blind) folded before Flop
Seat 3: Mahu2021 (big blind) folded before Flop
Seat 4: ak1t02 folded before Flop (didn't bet)
Seat 5: jawcheek folded before Flop (didn't bet)
Seat 6: basshunter87 folded before Flop (didn't bet)



PokerStars Zoom Hand #254562659550:  Hold'em No Limit ($0.05/$0.10) - 2025/01/26 16:48:55 CET [2025/01/26 10:48:55 ET]
Table 'Aludra' 6-max Seat #1 is the button
Seat 1: honEybOOx ($12.70 in chips) 
Seat 2: Mahu2021 ($9.90 in chips) 
Seat 3: Titsamach ($10.17 in chips) 
Seat 4: Karsa1 ($12.71 in chips) 
Seat 5: gefilltefisch ($19.27 in chips) 
Seat 6: GAEMRYSIUS ($8.41 in chips) 
Mahu2021: posts small blind $0.05
Titsamach: posts big blind $0.10
*** HOLE CARDS ***
Dealt to Mahu2021 [2d Kd]
Karsa1: folds 
gefilltefisch: folds 
GAEMRYSIUS: folds 
honEybOOx: raises $0.12 to $0.22
Mahu2021: calls $0.17
Titsamach: calls $0.12
*** FLOP *** [5d 8d Qd]
Mahu2021: checks 
Titsamach: checks 
honEybOOx: bets $0.19
Mahu2021: calls $0.19
Titsamach: calls $0.19
*** TURN *** [5d 8d Qd] [4c]
Mahu2021: checks 
Titsamach: checks 
honEybOOx: bets $0.88
Mahu2021: raises $8.61 to $9.49 and is all-in
Titsamach: folds 
honEybOOx: calls $8.61
*** RIVER *** [5d 8d Qd 4c] [4d]
*** SHOW DOWN ***
Mahu2021: shows [2d Kd] (a flush, King high)
honEybOOx: shows [Qc Ad] (a flush, Ace high)
honEybOOx collected $19.07 from pot
Mahu2021 cashed out the hand for $15.91 | Cash Out Fee $0.32
*** SUMMARY ***
Total pot $20.21 | Rake $1.14 
Board [5d 8d Qd 4c 4d]
Seat 1: honEybOOx (button) showed [Qc Ad] and won ($19.07) with a flush, Ace high
Seat 2: Mahu2021 (small blind) showed [2d Kd] and lost with a flush, King high (cashed out).
Seat 3: Titsamach (big blind) folded on the Turn
Seat 4: Karsa1 folded before Flop (didn't bet)
Seat 5: gefilltefisch folded before Flop (didn't bet)
Seat 6: GAEMRYSIUS folded before Flop (didn't bet)



