PokerStars Hand #249105813499: Tournament #3721476514, $1.84+$0.16 USD Hold'em No Limit - Level I (10/20) - 2024/02/26 16:44:56 CET [2024/02/26 10:44:56 ET]
Table '3721476514 1' 3-max Seat #1 is the button
Seat 1: Mahu2021 (500 in chips) 
Seat 2: AL 23RD (500 in chips) 
Seat 3: ntneng (500 in chips) 
AL 23RD: posts small blind 10
ntneng: posts big blind 20
*** HOLE CARDS ***
Dealt to Mahu2021 [Js 5h]
Mahu2021: folds 
AL 23RD: calls 10
ntneng: checks 
*** FLOP *** [Qs 3d 6d]
AL 23RD: bets 40
ntneng: folds 
Uncalled bet (40) returned to AL 23RD
AL 23RD collected 40 from pot
*** SUMMARY ***
Total pot 40 | Rake 0 
Board [Qs 3d 6d]
Seat 1: Mahu2021 (button) folded before Flop (didn't bet)
Seat 2: AL 23RD (small blind) collected (40)
Seat 3: ntneng (big blind) folded on the Flop



PokerStars Hand #249105817359: Tournament #3721476514, $1.84+$0.16 USD Hold'em No Limit - Level I (10/20) - 2024/02/26 16:45:11 CET [2024/02/26 10:45:11 ET]
Table '3721476514 1' 3-max Seat #2 is the button
Seat 1: Mahu2021 (500 in chips) 
Seat 2: AL 23RD (520 in chips) 
Seat 3: ntneng (480 in chips) 
ntneng: posts small blind 10
Mahu2021: posts big blind 20
*** HOLE CARDS ***
Dealt to Mahu2021 [4s 8c]
AL 23RD: folds 
ntneng: folds 
Uncalled bet (10) returned to Mahu2021
Mahu2021 collected 20 from pot
Mahu2021: doesn't show hand 
*** SUMMARY ***
Total pot 20 | Rake 0 
Seat 1: Mahu2021 (big blind) collected (20)
Seat 2: AL 23RD (button) folded before Flop (didn't bet)
Seat 3: ntneng (small blind) folded before Flop



PokerStars Hand #249105818644: Tournament #3721476514, $1.84+$0.16 USD Hold'em No Limit - Level I (10/20) - 2024/02/26 16:45:16 CET [2024/02/26 10:45:16 ET]
Table '3721476514 1' 3-max Seat #3 is the button
Seat 1: Mahu2021 (510 in chips) 
Seat 2: AL 23RD (520 in chips) 
Seat 3: ntneng (470 in chips) 
Mahu2021: posts small blind 10
AL 23RD: posts big blind 20
*** HOLE CARDS ***
Dealt to Mahu2021 [Ad 8c]
ntneng: raises 20 to 40
Mahu2021: calls 30
AL 23RD: calls 20
*** FLOP *** [3s Qs As]
Mahu2021: checks 
AL 23RD: checks 
ntneng: checks 
*** TURN *** [3s Qs As] [4h]
Mahu2021: checks 
AL 23RD: checks 
ntneng: checks 
*** RIVER *** [3s Qs As 4h] [5s]
Mahu2021: checks 
AL 23RD: bets 120
ntneng: folds 
Mahu2021: folds 
Uncalled bet (120) returned to AL 23RD
AL 23RD collected 120 from pot
*** SUMMARY ***
Total pot 120 | Rake 0 
Board [3s Qs As 4h 5s]
Seat 1: Mahu2021 (small blind) folded on the River
Seat 2: AL 23RD (big blind) collected (120)
Seat 3: ntneng (button) folded on the River



PokerStars Hand #249105826082: Tournament #3721476514, $1.84+$0.16 USD Hold'em No Limit - Level I (10/20) - 2024/02/26 16:45:45 CET [2024/02/26 10:45:45 ET]
Table '3721476514 1' 3-max Seat #1 is the button
Seat 1: Mahu2021 (470 in chips) 
Seat 2: AL 23RD (600 in chips) 
Seat 3: ntneng (430 in chips) 
AL 23RD: posts small blind 10
ntneng: posts big blind 20
*** HOLE CARDS ***
Dealt to Mahu2021 [3h As]
Mahu2021: calls 20
AL 23RD: calls 10
ntneng: checks 
*** FLOP *** [Ah 9h Qd]
AL 23RD: checks 
ntneng: checks 
Mahu2021: bets 20
AL 23RD: calls 20
ntneng: calls 20
*** TURN *** [Ah 9h Qd] [8h]
AL 23RD: checks 
ntneng: checks 
Mahu2021: checks 
*** RIVER *** [Ah 9h Qd 8h] [6s]
AL 23RD: checks 
ntneng: bets 40
Mahu2021: calls 40
AL 23RD: folds 
*** SHOW DOWN ***
ntneng: shows [Qh 5d] (a pair of Queens)
Mahu2021: shows [3h As] (a pair of Aces)
Mahu2021 collected 200 from pot
*** SUMMARY ***
Total pot 200 | Rake 0 
Board [Ah 9h Qd 8h 6s]
Seat 1: Mahu2021 (button) showed [3h As] and won (200) with a pair of Aces
Seat 2: AL 23RD (small blind) folded on the River
Seat 3: ntneng (big blind) showed [Qh 5d] and lost with a pair of Queens



PokerStars Hand #249105833522: Tournament #3721476514, $1.84+$0.16 USD Hold'em No Limit - Level I (10/20) - 2024/02/26 16:46:15 CET [2024/02/26 10:46:15 ET]
Table '3721476514 1' 3-max Seat #2 is the button
Seat 1: Mahu2021 (590 in chips) 
Seat 2: AL 23RD (560 in chips) 
Seat 3: ntneng (350 in chips) 
ntneng: posts small blind 10
Mahu2021: posts big blind 20
*** HOLE CARDS ***
Dealt to Mahu2021 [Ts Td]
AL 23RD: calls 20
ntneng: raises 40 to 60
Mahu2021: calls 40
AL 23RD: calls 40
*** FLOP *** [Kc 7d 5c]
ntneng: bets 60
Mahu2021: folds 
AL 23RD: raises 440 to 500 and is all-in
ntneng: calls 230 and is all-in
Uncalled bet (210) returned to AL 23RD
*** TURN *** [Kc 7d 5c] [Js]
*** RIVER *** [Kc 7d 5c Js] [7c]
*** SHOW DOWN ***
ntneng: shows [Ac Ah] (two pair, Aces and Sevens)
AL 23RD: shows [Ks Qs] (two pair, Kings and Sevens)
ntneng collected 760 from pot
*** SUMMARY ***
Total pot 760 | Rake 0 
Board [Kc 7d 5c Js 7c]
Seat 1: Mahu2021 (big blind) folded on the Flop
Seat 2: AL 23RD (button) showed [Ks Qs] and lost with two pair, Kings and Sevens
Seat 3: ntneng (small blind) showed [Ac Ah] and won (760) with two pair, Aces and Sevens



PokerStars Hand #249105839372: Tournament #3721476514, $1.84+$0.16 USD Hold'em No Limit - Level I (10/20) - 2024/02/26 16:46:38 CET [2024/02/26 10:46:38 ET]
Table '3721476514 1' 3-max Seat #3 is the button
Seat 1: Mahu2021 (530 in chips) 
Seat 2: AL 23RD (210 in chips) 
Seat 3: ntneng (760 in chips) 
Mahu2021: posts small blind 10
AL 23RD: posts big blind 20
*** HOLE CARDS ***
Dealt to Mahu2021 [6d Tc]
ntneng: folds 
Mahu2021: folds 
Uncalled bet (10) returned to AL 23RD
AL 23RD collected 20 from pot
*** SUMMARY ***
Total pot 20 | Rake 0 
Seat 1: Mahu2021 (small blind) folded before Flop
Seat 2: AL 23RD (big blind) collected (20)
Seat 3: ntneng (button) folded before Flop (didn't bet)



PokerStars Hand #249105840646: Tournament #3721476514, $1.84+$0.16 USD Hold'em No Limit - Level I (10/20) - 2024/02/26 16:46:43 CET [2024/02/26 10:46:43 ET]
Table '3721476514 1' 3-max Seat #1 is the button
Seat 1: Mahu2021 (520 in chips) 
Seat 2: AL 23RD (220 in chips) 
Seat 3: ntneng (760 in chips) 
AL 23RD: posts small blind 10
ntneng: posts big blind 20
*** HOLE CARDS ***
Dealt to Mahu2021 [Js As]
Mahu2021: raises 20 to 40
AL 23RD: calls 30
ntneng: folds 
*** FLOP *** [5c 5d 9d]
AL 23RD: bets 100
Mahu2021: folds 
Uncalled bet (100) returned to AL 23RD
AL 23RD collected 100 from pot
*** SUMMARY ***
Total pot 100 | Rake 0 
Board [5c 5d 9d]
Seat 1: Mahu2021 (button) folded on the Flop
Seat 2: AL 23RD (small blind) collected (100)
Seat 3: ntneng (big blind) folded before Flop



PokerStars Hand #249105846403: Tournament #3721476514, $1.84+$0.16 USD Hold'em No Limit - Level I (10/20) - 2024/02/26 16:47:05 CET [2024/02/26 10:47:05 ET]
Table '3721476514 1' 3-max Seat #2 is the button
Seat 1: Mahu2021 (480 in chips) 
Seat 2: AL 23RD (280 in chips) 
Seat 3: ntneng (740 in chips) 
ntneng: posts small blind 10
Mahu2021: posts big blind 20
*** HOLE CARDS ***
Dealt to Mahu2021 [3c Qh]
AL 23RD: folds 
ntneng: raises 20 to 40
Mahu2021: folds 
Uncalled bet (20) returned to ntneng
ntneng collected 40 from pot
*** SUMMARY ***
Total pot 40 | Rake 0 
Seat 1: Mahu2021 (big blind) folded before Flop
Seat 2: AL 23RD (button) folded before Flop (didn't bet)
Seat 3: ntneng (small blind) collected (40)



PokerStars Hand #249105848566: Tournament #3721476514, $1.84+$0.16 USD Hold'em No Limit - Level I (10/20) - 2024/02/26 16:47:13 CET [2024/02/26 10:47:13 ET]
Table '3721476514 1' 3-max Seat #3 is the button
Seat 1: Mahu2021 (460 in chips) 
Seat 2: AL 23RD (280 in chips) 
Seat 3: ntneng (760 in chips) 
Mahu2021: posts small blind 10
AL 23RD: posts big blind 20
*** HOLE CARDS ***
Dealt to Mahu2021 [5d 9h]
ntneng: raises 20 to 40
Mahu2021: folds 
AL 23RD: calls 20
*** FLOP *** [8c 6c Jc]
AL 23RD: bets 20
ntneng: raises 60 to 80
AL 23RD: calls 60
*** TURN *** [8c 6c Jc] [Ad]
AL 23RD: checks 
ntneng: bets 250
AL 23RD: calls 160 and is all-in
Uncalled bet (90) returned to ntneng
*** RIVER *** [8c 6c Jc Ad] [Qs]
*** SHOW DOWN ***
AL 23RD: shows [4d Kc] (high card Ace)
ntneng: shows [7d Ac] (a pair of Aces)
ntneng collected 570 from pot
AL 23RD finished the tournament in 3rd place
*** SUMMARY ***
Total pot 570 | Rake 0 
Board [8c 6c Jc Ad Qs]
Seat 1: Mahu2021 (small blind) folded before Flop
Seat 2: AL 23RD (big blind) showed [4d Kc] and lost with high card Ace
Seat 3: ntneng (button) showed [7d Ac] and won (570) with a pair of Aces



PokerStars Hand #249105854986: Tournament #3721476514, $1.84+$0.16 USD Hold'em No Limit - Level I (10/20) - 2024/02/26 16:47:39 CET [2024/02/26 10:47:39 ET]
Table '3721476514 1' 3-max Seat #1 is the button
Seat 1: Mahu2021 (450 in chips) 
Seat 3: ntneng (1050 in chips) 
Mahu2021: posts small blind 10
ntneng: posts big blind 20
*** HOLE CARDS ***
Dealt to Mahu2021 [Td 4h]
Mahu2021: folds 
Uncalled bet (10) returned to ntneng
ntneng collected 20 from pot
*** SUMMARY ***
Total pot 20 | Rake 0 
Seat 1: Mahu2021 (button) (small blind) folded before Flop
Seat 3: ntneng (big blind) collected (20)



PokerStars Hand #249105856297: Tournament #3721476514, $1.84+$0.16 USD Hold'em No Limit - Level I (10/20) - 2024/02/26 16:47:44 CET [2024/02/26 10:47:44 ET]
Table '3721476514 1' 3-max Seat #3 is the button
Seat 1: Mahu2021 (440 in chips) 
Seat 3: ntneng (1060 in chips) 
ntneng: posts small blind 10
Mahu2021: posts big blind 20
*** HOLE CARDS ***
Dealt to Mahu2021 [As 9c]
ntneng: raises 20 to 40
Mahu2021: calls 20
*** FLOP *** [Ad 3h 4d]
Mahu2021: checks 
ntneng: bets 40
Mahu2021: calls 40
*** TURN *** [Ad 3h 4d] [Ac]
Mahu2021: checks 
ntneng: bets 100
Mahu2021: calls 100
*** RIVER *** [Ad 3h 4d Ac] [5d]
Mahu2021: checks 
ntneng: checks 
*** SHOW DOWN ***
Mahu2021: shows [As 9c] (three of a kind, Aces)
ntneng: mucks hand 
Mahu2021 collected 360 from pot
*** SUMMARY ***
Total pot 360 | Rake 0 
Board [Ad 3h 4d Ac 5d]
Seat 1: Mahu2021 (big blind) showed [As 9c] and won (360) with three of a kind, Aces
Seat 3: ntneng (button) (small blind) mucked [Qc Qh]



PokerStars Hand #249105862227: Tournament #3721476514, $1.84+$0.16 USD Hold'em No Limit - Level II (15/30) - 2024/02/26 16:48:07 CET [2024/02/26 10:48:07 ET]
Table '3721476514 1' 3-max Seat #1 is the button
Seat 1: Mahu2021 (620 in chips) 
Seat 3: ntneng (880 in chips) 
Mahu2021: posts small blind 15
ntneng: posts big blind 30
*** HOLE CARDS ***
Dealt to Mahu2021 [6d 8d]
Mahu2021: raises 30 to 60
ntneng: calls 30
*** FLOP *** [4c 6s 5s]
ntneng: checks 
Mahu2021: bets 120
ntneng: folds 
Uncalled bet (120) returned to Mahu2021
Mahu2021 collected 120 from pot
Mahu2021: doesn't show hand 
*** SUMMARY ***
Total pot 120 | Rake 0 
Board [4c 6s 5s]
Seat 1: Mahu2021 (button) (small blind) collected (120)
Seat 3: ntneng (big blind) folded on the Flop



PokerStars Hand #249105865350: Tournament #3721476514, $1.84+$0.16 USD Hold'em No Limit - Level II (15/30) - 2024/02/26 16:48:19 CET [2024/02/26 10:48:19 ET]
Table '3721476514 1' 3-max Seat #3 is the button
Seat 1: Mahu2021 (680 in chips) 
Seat 3: ntneng (820 in chips) 
ntneng: posts small blind 15
Mahu2021: posts big blind 30
*** HOLE CARDS ***
Dealt to Mahu2021 [5s Kc]
ntneng: raises 790 to 820 and is all-in
Mahu2021: folds 
Uncalled bet (790) returned to ntneng
ntneng collected 60 from pot
*** SUMMARY ***
Total pot 60 | Rake 0 
Seat 1: Mahu2021 (big blind) folded before Flop
Seat 3: ntneng (button) (small blind) collected (60)



PokerStars Hand #249105867209: Tournament #3721476514, $1.84+$0.16 USD Hold'em No Limit - Level II (15/30) - 2024/02/26 16:48:26 CET [2024/02/26 10:48:26 ET]
Table '3721476514 1' 3-max Seat #1 is the button
Seat 1: Mahu2021 (650 in chips) 
Seat 3: ntneng (850 in chips) 
Mahu2021: posts small blind 15
ntneng: posts big blind 30
*** HOLE CARDS ***
Dealt to Mahu2021 [Ts 5d]
Mahu2021: folds 
Uncalled bet (15) returned to ntneng
ntneng collected 30 from pot
*** SUMMARY ***
Total pot 30 | Rake 0 
Seat 1: Mahu2021 (button) (small blind) folded before Flop
Seat 3: ntneng (big blind) collected (30)



PokerStars Hand #249105868402: Tournament #3721476514, $1.84+$0.16 USD Hold'em No Limit - Level II (15/30) - 2024/02/26 16:48:31 CET [2024/02/26 10:48:31 ET]
Table '3721476514 1' 3-max Seat #3 is the button
Seat 1: Mahu2021 (635 in chips) 
Seat 3: ntneng (865 in chips) 
ntneng: posts small blind 15
Mahu2021: posts big blind 30
*** HOLE CARDS ***
Dealt to Mahu2021 [8h Tc]
ntneng: calls 15
Mahu2021: checks 
*** FLOP *** [8s 8c Kc]
Mahu2021: checks 
ntneng: checks 
*** TURN *** [8s 8c Kc] [7s]
Mahu2021: checks 
ntneng: bets 30
Mahu2021: raises 30 to 60
ntneng: calls 30
*** RIVER *** [8s 8c Kc 7s] [Ks]
Mahu2021: bets 180
ntneng: calls 180
*** SHOW DOWN ***
Mahu2021: shows [8h Tc] (a full house, Eights full of Kings)
ntneng: mucks hand 
Mahu2021 collected 540 from pot
*** SUMMARY ***
Total pot 540 | Rake 0 
Board [8s 8c Kc 7s Ks]
Seat 1: Mahu2021 (big blind) showed [8h Tc] and won (540) with a full house, Eights full of Kings
Seat 3: ntneng (button) (small blind) mucked [Ah 7h]



PokerStars Hand #249105874721: Tournament #3721476514, $1.84+$0.16 USD Hold'em No Limit - Level II (15/30) - 2024/02/26 16:48:56 CET [2024/02/26 10:48:56 ET]
Table '3721476514 1' 3-max Seat #1 is the button
Seat 1: Mahu2021 (905 in chips) 
Seat 3: ntneng (595 in chips) 
Mahu2021: posts small blind 15
ntneng: posts big blind 30
*** HOLE CARDS ***
Dealt to Mahu2021 [4c 3d]
Mahu2021: calls 15
ntneng: raises 60 to 90
Mahu2021: folds 
Uncalled bet (60) returned to ntneng
ntneng collected 60 from pot
*** SUMMARY ***
Total pot 60 | Rake 0 
Seat 1: Mahu2021 (button) (small blind) folded before Flop
Seat 3: ntneng (big blind) collected (60)



PokerStars Hand #249105877015: Tournament #3721476514, $1.84+$0.16 USD Hold'em No Limit - Level II (15/30) - 2024/02/26 16:49:05 CET [2024/02/26 10:49:05 ET]
Table '3721476514 1' 3-max Seat #3 is the button
Seat 1: Mahu2021 (875 in chips) 
Seat 3: ntneng (625 in chips) 
ntneng: posts small blind 15
Mahu2021: posts big blind 30
*** HOLE CARDS ***
Dealt to Mahu2021 [Ad 7h]
ntneng: calls 15
Mahu2021: raises 845 to 875 and is all-in
ntneng: folds 
Uncalled bet (845) returned to Mahu2021
Mahu2021 collected 60 from pot
Mahu2021: doesn't show hand 
*** SUMMARY ***
Total pot 60 | Rake 0 
Seat 1: Mahu2021 (big blind) collected (60)
Seat 3: ntneng (button) (small blind) folded before Flop



PokerStars Hand #249105879169: Tournament #3721476514, $1.84+$0.16 USD Hold'em No Limit - Level II (15/30) - 2024/02/26 16:49:13 CET [2024/02/26 10:49:13 ET]
Table '3721476514 1' 3-max Seat #1 is the button
Seat 1: Mahu2021 (905 in chips) 
Seat 3: ntneng (595 in chips) 
Mahu2021: posts small blind 15
ntneng: posts big blind 30
*** HOLE CARDS ***
Dealt to Mahu2021 [2d 6d]
Mahu2021: raises 30 to 60
ntneng: calls 30
*** FLOP *** [9s Ks 8s]
ntneng: checks 
Mahu2021: bets 60
ntneng: folds 
Uncalled bet (60) returned to Mahu2021
Mahu2021 collected 120 from pot
Mahu2021: doesn't show hand 
*** SUMMARY ***
Total pot 120 | Rake 0 
Board [9s Ks 8s]
Seat 1: Mahu2021 (button) (small blind) collected (120)
Seat 3: ntneng (big blind) folded on the Flop



PokerStars Hand #249105882458: Tournament #3721476514, $1.84+$0.16 USD Hold'em No Limit - Level II (15/30) - 2024/02/26 16:49:26 CET [2024/02/26 10:49:26 ET]
Table '3721476514 1' 3-max Seat #3 is the button
Seat 1: Mahu2021 (965 in chips) 
Seat 3: ntneng (535 in chips) 
ntneng: posts small blind 15
Mahu2021: posts big blind 30
*** HOLE CARDS ***
Dealt to Mahu2021 [Ks 5h]
ntneng: raises 30 to 60
Mahu2021: calls 30
*** FLOP *** [Jc 5d 9d]
Mahu2021: checks 
ntneng: checks 
*** TURN *** [Jc 5d 9d] [8c]
Mahu2021: checks 
ntneng: checks 
*** RIVER *** [Jc 5d 9d 8c] [7d]
Mahu2021: checks 
ntneng: bets 120
Mahu2021: folds 
Uncalled bet (120) returned to ntneng
ntneng collected 120 from pot
*** SUMMARY ***
Total pot 120 | Rake 0 
Board [Jc 5d 9d 8c 7d]
Seat 1: Mahu2021 (big blind) folded on the River
Seat 3: ntneng (button) (small blind) collected (120)



PokerStars Hand #249105887501: Tournament #3721476514, $1.84+$0.16 USD Hold'em No Limit - Level II (15/30) - 2024/02/26 16:49:46 CET [2024/02/26 10:49:46 ET]
Table '3721476514 1' 3-max Seat #1 is the button
Seat 1: Mahu2021 (905 in chips) 
Seat 3: ntneng (595 in chips) 
Mahu2021: posts small blind 15
ntneng: posts big blind 30
*** HOLE CARDS ***
Dealt to Mahu2021 [Jd Js]
Mahu2021: raises 875 to 905 and is all-in
ntneng: folds 
Uncalled bet (875) returned to Mahu2021
Mahu2021 collected 60 from pot
Mahu2021: doesn't show hand 
*** SUMMARY ***
Total pot 60 | Rake 0 
Seat 1: Mahu2021 (button) (small blind) collected (60)
Seat 3: ntneng (big blind) folded before Flop



PokerStars Hand #249105889294: Tournament #3721476514, $1.84+$0.16 USD Hold'em No Limit - Level II (15/30) - 2024/02/26 16:49:53 CET [2024/02/26 10:49:53 ET]
Table '3721476514 1' 3-max Seat #3 is the button
Seat 1: Mahu2021 (935 in chips) 
Seat 3: ntneng (565 in chips) 
ntneng: posts small blind 15
Mahu2021: posts big blind 30
*** HOLE CARDS ***
Dealt to Mahu2021 [9c Ah]
ntneng: folds 
Uncalled bet (15) returned to Mahu2021
Mahu2021 collected 30 from pot
Mahu2021: doesn't show hand 
*** SUMMARY ***
Total pot 30 | Rake 0 
Seat 1: Mahu2021 (big blind) collected (30)
Seat 3: ntneng (button) (small blind) folded before Flop



PokerStars Hand #249105890417: Tournament #3721476514, $1.84+$0.16 USD Hold'em No Limit - Level II (15/30) - 2024/02/26 16:49:58 CET [2024/02/26 10:49:58 ET]
Table '3721476514 1' 3-max Seat #1 is the button
Seat 1: Mahu2021 (950 in chips) 
Seat 3: ntneng (550 in chips) 
Mahu2021: posts small blind 15
ntneng: posts big blind 30
*** HOLE CARDS ***
Dealt to Mahu2021 [9h 6c]
Mahu2021: calls 15
ntneng: checks 
*** FLOP *** [Jh 4c 6h]
ntneng: checks 
Mahu2021: bets 30
ntneng: folds 
Uncalled bet (30) returned to Mahu2021
Mahu2021 collected 60 from pot
Mahu2021: doesn't show hand 
*** SUMMARY ***
Total pot 60 | Rake 0 
Board [Jh 4c 6h]
Seat 1: Mahu2021 (button) (small blind) collected (60)
Seat 3: ntneng (big blind) folded on the Flop



PokerStars Hand #249105893666: Tournament #3721476514, $1.84+$0.16 USD Hold'em No Limit - Level II (15/30) - 2024/02/26 16:50:11 CET [2024/02/26 10:50:11 ET]
Table '3721476514 1' 3-max Seat #3 is the button
Seat 1: Mahu2021 (980 in chips) 
Seat 3: ntneng (520 in chips) 
ntneng: posts small blind 15
Mahu2021: posts big blind 30
*** HOLE CARDS ***
Dealt to Mahu2021 [7h Jd]
ntneng: raises 490 to 520 and is all-in
Mahu2021: folds 
Uncalled bet (490) returned to ntneng
ntneng collected 60 from pot
*** SUMMARY ***
Total pot 60 | Rake 0 
Seat 1: Mahu2021 (big blind) folded before Flop
Seat 3: ntneng (button) (small blind) collected (60)



PokerStars Hand #249105895624: Tournament #3721476514, $1.84+$0.16 USD Hold'em No Limit - Level II (15/30) - 2024/02/26 16:50:18 CET [2024/02/26 10:50:18 ET]
Table '3721476514 1' 3-max Seat #1 is the button
Seat 1: Mahu2021 (950 in chips) 
Seat 3: ntneng (550 in chips) 
Mahu2021: posts small blind 15
ntneng: posts big blind 30
*** HOLE CARDS ***
Dealt to Mahu2021 [5d 2d]
Mahu2021: calls 15
ntneng: raises 90 to 120
Mahu2021: folds 
Uncalled bet (90) returned to ntneng
ntneng collected 60 from pot
*** SUMMARY ***
Total pot 60 | Rake 0 
Seat 1: Mahu2021 (button) (small blind) folded before Flop
Seat 3: ntneng (big blind) collected (60)



PokerStars Hand #249105897936: Tournament #3721476514, $1.84+$0.16 USD Hold'em No Limit - Level II (15/30) - 2024/02/26 16:50:28 CET [2024/02/26 10:50:28 ET]
Table '3721476514 1' 3-max Seat #3 is the button
Seat 1: Mahu2021 (920 in chips) 
Seat 3: ntneng (580 in chips) 
ntneng: posts small blind 15
Mahu2021: posts big blind 30
*** HOLE CARDS ***
Dealt to Mahu2021 [3d Jc]
ntneng: calls 15
Mahu2021: checks 
*** FLOP *** [7c Kc 6c]
Mahu2021: checks 
ntneng: bets 30
Mahu2021: calls 30
*** TURN *** [7c Kc 6c] [Ad]
Mahu2021: checks 
ntneng: checks 
*** RIVER *** [7c Kc 6c Ad] [Kh]
Mahu2021: bets 60
ntneng: raises 460 to 520 and is all-in
Mahu2021: folds 
Uncalled bet (460) returned to ntneng
ntneng collected 240 from pot
*** SUMMARY ***
Total pot 240 | Rake 0 
Board [7c Kc 6c Ad Kh]
Seat 1: Mahu2021 (big blind) folded on the River
Seat 3: ntneng (button) (small blind) collected (240)



PokerStars Hand #249105903242: Tournament #3721476514, $1.84+$0.16 USD Hold'em No Limit - Level II (15/30) - 2024/02/26 16:50:49 CET [2024/02/26 10:50:49 ET]
Table '3721476514 1' 3-max Seat #1 is the button
Seat 1: Mahu2021 (800 in chips) 
Seat 3: ntneng (700 in chips) 
Mahu2021: posts small blind 15
ntneng: posts big blind 30
*** HOLE CARDS ***
Dealt to Mahu2021 [2c 4h]
Mahu2021: folds 
Uncalled bet (15) returned to ntneng
ntneng collected 30 from pot
*** SUMMARY ***
Total pot 30 | Rake 0 
Seat 1: Mahu2021 (button) (small blind) folded before Flop
Seat 3: ntneng (big blind) collected (30)



PokerStars Hand #249105904506: Tournament #3721476514, $1.84+$0.16 USD Hold'em No Limit - Level II (15/30) - 2024/02/26 16:50:53 CET [2024/02/26 10:50:53 ET]
Table '3721476514 1' 3-max Seat #3 is the button
Seat 1: Mahu2021 (785 in chips) 
Seat 3: ntneng (715 in chips) 
ntneng: posts small blind 15
Mahu2021: posts big blind 30
*** HOLE CARDS ***
Dealt to Mahu2021 [3h Jh]
ntneng: calls 15
Mahu2021: checks 
*** FLOP *** [Kc 5h 7h]
Mahu2021: checks 
ntneng: checks 
*** TURN *** [Kc 5h 7h] [6s]
Mahu2021: checks 
ntneng: checks 
*** RIVER *** [Kc 5h 7h 6s] [3c]
Mahu2021: bets 60
ntneng: folds 
Uncalled bet (60) returned to Mahu2021
Mahu2021 collected 60 from pot
Mahu2021: doesn't show hand 
*** SUMMARY ***
Total pot 60 | Rake 0 
Board [Kc 5h 7h 6s 3c]
Seat 1: Mahu2021 (big blind) collected (60)
Seat 3: ntneng (button) (small blind) folded on the River



PokerStars Hand #249105908995: Tournament #3721476514, $1.84+$0.16 USD Hold'em No Limit - Level III (20/40) - 2024/02/26 16:51:11 CET [2024/02/26 10:51:11 ET]
Table '3721476514 1' 3-max Seat #1 is the button
Seat 1: Mahu2021 (815 in chips) 
Seat 3: ntneng (685 in chips) 
Mahu2021: posts small blind 20
ntneng: posts big blind 40
*** HOLE CARDS ***
Dealt to Mahu2021 [Ts Ac]
Mahu2021: raises 40 to 80
ntneng: calls 40
*** FLOP *** [Qd 6h 8c]
ntneng: checks 
Mahu2021: checks 
*** TURN *** [Qd 6h 8c] [As]
ntneng: checks 
Mahu2021: bets 80
ntneng: calls 80
*** RIVER *** [Qd 6h 8c As] [5h]
ntneng: checks 
Mahu2021: checks 
*** SHOW DOWN ***
ntneng: shows [7h 8h] (a pair of Eights)
Mahu2021: shows [Ts Ac] (a pair of Aces)
Mahu2021 collected 320 from pot
*** SUMMARY ***
Total pot 320 | Rake 0 
Board [Qd 6h 8c As 5h]
Seat 1: Mahu2021 (button) (small blind) showed [Ts Ac] and won (320) with a pair of Aces
Seat 3: ntneng (big blind) showed [7h 8h] and lost with a pair of Eights



PokerStars Hand #249105915164: Tournament #3721476514, $1.84+$0.16 USD Hold'em No Limit - Level III (20/40) - 2024/02/26 16:51:35 CET [2024/02/26 10:51:35 ET]
Table '3721476514 1' 3-max Seat #3 is the button
Seat 1: Mahu2021 (975 in chips) 
Seat 3: ntneng (525 in chips) 
ntneng: posts small blind 20
Mahu2021: posts big blind 40
*** HOLE CARDS ***
Dealt to Mahu2021 [Kd 2s]
ntneng: raises 40 to 80
Mahu2021: calls 40
*** FLOP *** [3h Kc Jh]
Mahu2021: bets 895 and is all-in
ntneng: folds 
Uncalled bet (895) returned to Mahu2021
Mahu2021 collected 160 from pot
Mahu2021: doesn't show hand 
*** SUMMARY ***
Total pot 160 | Rake 0 
Board [3h Kc Jh]
Seat 1: Mahu2021 (big blind) collected (160)
Seat 3: ntneng (button) (small blind) folded on the Flop



PokerStars Hand #249105918378: Tournament #3721476514, $1.84+$0.16 USD Hold'em No Limit - Level III (20/40) - 2024/02/26 16:51:48 CET [2024/02/26 10:51:48 ET]
Table '3721476514 1' 3-max Seat #1 is the button
Seat 1: Mahu2021 (1055 in chips) 
Seat 3: ntneng (445 in chips) 
Mahu2021: posts small blind 20
ntneng: posts big blind 40
*** HOLE CARDS ***
Dealt to Mahu2021 [3c Kh]
Mahu2021: calls 20
ntneng: raises 405 to 445 and is all-in
Mahu2021: folds 
Uncalled bet (405) returned to ntneng
ntneng collected 80 from pot
*** SUMMARY ***
Total pot 80 | Rake 0 
Seat 1: Mahu2021 (button) (small blind) folded before Flop
Seat 3: ntneng (big blind) collected (80)



PokerStars Hand #249105920790: Tournament #3721476514, $1.84+$0.16 USD Hold'em No Limit - Level III (20/40) - 2024/02/26 16:51:58 CET [2024/02/26 10:51:58 ET]
Table '3721476514 1' 3-max Seat #3 is the button
Seat 1: Mahu2021 (1015 in chips) 
Seat 3: ntneng (485 in chips) 
ntneng: posts small blind 20
Mahu2021: posts big blind 40
*** HOLE CARDS ***
Dealt to Mahu2021 [9h Kc]
ntneng: folds 
Uncalled bet (20) returned to Mahu2021
Mahu2021 collected 40 from pot
Mahu2021: doesn't show hand 
*** SUMMARY ***
Total pot 40 | Rake 0 
Seat 1: Mahu2021 (big blind) collected (40)
Seat 3: ntneng (button) (small blind) folded before Flop



PokerStars Hand #249105921980: Tournament #3721476514, $1.84+$0.16 USD Hold'em No Limit - Level III (20/40) - 2024/02/26 16:52:03 CET [2024/02/26 10:52:03 ET]
Table '3721476514 1' 3-max Seat #1 is the button
Seat 1: Mahu2021 (1035 in chips) 
Seat 3: ntneng (465 in chips) 
Mahu2021: posts small blind 20
ntneng: posts big blind 40
*** HOLE CARDS ***
Dealt to Mahu2021 [5c 2s]
Mahu2021: folds 
Uncalled bet (20) returned to ntneng
ntneng collected 40 from pot
*** SUMMARY ***
Total pot 40 | Rake 0 
Seat 1: Mahu2021 (button) (small blind) folded before Flop
Seat 3: ntneng (big blind) collected (40)



PokerStars Hand #249105923160: Tournament #3721476514, $1.84+$0.16 USD Hold'em No Limit - Level III (20/40) - 2024/02/26 16:52:07 CET [2024/02/26 10:52:07 ET]
Table '3721476514 1' 3-max Seat #3 is the button
Seat 1: Mahu2021 (1015 in chips) 
Seat 3: ntneng (485 in chips) 
ntneng: posts small blind 20
Mahu2021: posts big blind 40
*** HOLE CARDS ***
Dealt to Mahu2021 [Td 3d]
ntneng: folds 
Uncalled bet (20) returned to Mahu2021
Mahu2021 collected 40 from pot
Mahu2021: doesn't show hand 
*** SUMMARY ***
Total pot 40 | Rake 0 
Seat 1: Mahu2021 (big blind) collected (40)
Seat 3: ntneng (button) (small blind) folded before Flop



PokerStars Hand #249105924327: Tournament #3721476514, $1.84+$0.16 USD Hold'em No Limit - Level III (20/40) - 2024/02/26 16:52:12 CET [2024/02/26 10:52:12 ET]
Table '3721476514 1' 3-max Seat #1 is the button
Seat 1: Mahu2021 (1035 in chips) 
Seat 3: ntneng (465 in chips) 
Mahu2021: posts small blind 20
ntneng: posts big blind 40
*** HOLE CARDS ***
Dealt to Mahu2021 [Jh Qs]
Mahu2021: raises 80 to 120
ntneng: folds 
Uncalled bet (80) returned to Mahu2021
Mahu2021 collected 80 from pot
Mahu2021: doesn't show hand 
*** SUMMARY ***
Total pot 80 | Rake 0 
Seat 1: Mahu2021 (button) (small blind) collected (80)
Seat 3: ntneng (big blind) folded before Flop



PokerStars Hand #249105926063: Tournament #3721476514, $1.84+$0.16 USD Hold'em No Limit - Level III (20/40) - 2024/02/26 16:52:19 CET [2024/02/26 10:52:19 ET]
Table '3721476514 1' 3-max Seat #3 is the button
Seat 1: Mahu2021 (1075 in chips) 
Seat 3: ntneng (425 in chips) 
ntneng: posts small blind 20
Mahu2021: posts big blind 40
*** HOLE CARDS ***
Dealt to Mahu2021 [2s 8c]
ntneng: raises 40 to 80
Mahu2021: folds 
Uncalled bet (40) returned to ntneng
ntneng collected 80 from pot
*** SUMMARY ***
Total pot 80 | Rake 0 
Seat 1: Mahu2021 (big blind) folded before Flop
Seat 3: ntneng (button) (small blind) collected (80)



PokerStars Hand #249105927665: Tournament #3721476514, $1.84+$0.16 USD Hold'em No Limit - Level III (20/40) - 2024/02/26 16:52:25 CET [2024/02/26 10:52:25 ET]
Table '3721476514 1' 3-max Seat #1 is the button
Seat 1: Mahu2021 (1035 in chips) 
Seat 3: ntneng (465 in chips) 
Mahu2021: posts small blind 20
ntneng: posts big blind 40
*** HOLE CARDS ***
Dealt to Mahu2021 [Ts 5d]
Mahu2021: folds 
Uncalled bet (20) returned to ntneng
ntneng collected 40 from pot
*** SUMMARY ***
Total pot 40 | Rake 0 
Seat 1: Mahu2021 (button) (small blind) folded before Flop
Seat 3: ntneng (big blind) collected (40)



PokerStars Hand #249105928861: Tournament #3721476514, $1.84+$0.16 USD Hold'em No Limit - Level III (20/40) - 2024/02/26 16:52:30 CET [2024/02/26 10:52:30 ET]
Table '3721476514 1' 3-max Seat #3 is the button
Seat 1: Mahu2021 (1015 in chips) 
Seat 3: ntneng (485 in chips) 
ntneng: posts small blind 20
Mahu2021: posts big blind 40
*** HOLE CARDS ***
Dealt to Mahu2021 [Td Jh]
ntneng: raises 445 to 485 and is all-in
Mahu2021: folds 
Uncalled bet (445) returned to ntneng
ntneng collected 80 from pot
*** SUMMARY ***
Total pot 80 | Rake 0 
Seat 1: Mahu2021 (big blind) folded before Flop
Seat 3: ntneng (button) (small blind) collected (80)



PokerStars Hand #249105930540: Tournament #3721476514, $1.84+$0.16 USD Hold'em No Limit - Level III (20/40) - 2024/02/26 16:52:37 CET [2024/02/26 10:52:37 ET]
Table '3721476514 1' 3-max Seat #1 is the button
Seat 1: Mahu2021 (975 in chips) 
Seat 3: ntneng (525 in chips) 
Mahu2021: posts small blind 20
ntneng: posts big blind 40
*** HOLE CARDS ***
Dealt to Mahu2021 [7s 2c]
Mahu2021: folds 
Uncalled bet (20) returned to ntneng
ntneng collected 40 from pot
*** SUMMARY ***
Total pot 40 | Rake 0 
Seat 1: Mahu2021 (button) (small blind) folded before Flop
Seat 3: ntneng (big blind) collected (40)



PokerStars Hand #249105931710: Tournament #3721476514, $1.84+$0.16 USD Hold'em No Limit - Level III (20/40) - 2024/02/26 16:52:41 CET [2024/02/26 10:52:41 ET]
Table '3721476514 1' 3-max Seat #3 is the button
Seat 1: Mahu2021 (955 in chips) 
Seat 3: ntneng (545 in chips) 
ntneng: posts small blind 20
Mahu2021: posts big blind 40
*** HOLE CARDS ***
Dealt to Mahu2021 [3d 7d]
ntneng: raises 40 to 80
Mahu2021: folds 
Uncalled bet (40) returned to ntneng
ntneng collected 80 from pot
*** SUMMARY ***
Total pot 80 | Rake 0 
Seat 1: Mahu2021 (big blind) folded before Flop
Seat 3: ntneng (button) (small blind) collected (80)



PokerStars Hand #249105932947: Tournament #3721476514, $1.84+$0.16 USD Hold'em No Limit - Level III (20/40) - 2024/02/26 16:52:46 CET [2024/02/26 10:52:46 ET]
Table '3721476514 1' 3-max Seat #1 is the button
Seat 1: Mahu2021 (915 in chips) 
Seat 3: ntneng (585 in chips) 
Mahu2021: posts small blind 20
ntneng: posts big blind 40
*** HOLE CARDS ***
Dealt to Mahu2021 [Kd 4c]
Mahu2021: calls 20
ntneng: checks 
*** FLOP *** [Qh 8h 8d]
ntneng: checks 
Mahu2021: checks 
*** TURN *** [Qh 8h 8d] [4d]
ntneng: checks 
Mahu2021: bets 40
ntneng: calls 40
*** RIVER *** [Qh 8h 8d 4d] [Qs]
ntneng: checks 
Mahu2021: checks 
*** SHOW DOWN ***
ntneng: shows [7h 4s] (two pair, Queens and Eights)
Mahu2021: shows [Kd 4c] (two pair, Queens and Eights - King kicker)
Mahu2021 collected 160 from pot
*** SUMMARY ***
Total pot 160 | Rake 0 
Board [Qh 8h 8d 4d Qs]
Seat 1: Mahu2021 (button) (small blind) showed [Kd 4c] and won (160) with two pair, Queens and Eights
Seat 3: ntneng (big blind) showed [7h 4s] and lost with two pair, Queens and Eights



PokerStars Hand #249105937283: Tournament #3721476514, $1.84+$0.16 USD Hold'em No Limit - Level III (20/40) - 2024/02/26 16:53:03 CET [2024/02/26 10:53:03 ET]
Table '3721476514 1' 3-max Seat #3 is the button
Seat 1: Mahu2021 (995 in chips) 
Seat 3: ntneng (505 in chips) 
ntneng: posts small blind 20
Mahu2021: posts big blind 40
*** HOLE CARDS ***
Dealt to Mahu2021 [As 7d]
ntneng: raises 40 to 80
Mahu2021: raises 915 to 995 and is all-in
ntneng: calls 425 and is all-in
Uncalled bet (490) returned to Mahu2021
*** FLOP *** [6d Ac Th]
*** TURN *** [6d Ac Th] [Td]
*** RIVER *** [6d Ac Th Td] [8d]
*** SHOW DOWN ***
Mahu2021: shows [As 7d] (two pair, Aces and Tens)
ntneng: shows [9d Qc] (a pair of Tens)
Mahu2021 collected 1010 from pot
ntneng finished the tournament in 2nd place
Mahu2021 wins the tournament and receives $8.00 - congratulations!
*** SUMMARY ***
Total pot 1010 | Rake 0 
Board [6d Ac Th Td 8d]
Seat 1: Mahu2021 (big blind) showed [As 7d] and won (1010) with two pair, Aces and Tens
Seat 3: ntneng (button) (small blind) showed [9d Qc] and lost with a pair of Tens



