PokerStars Hand #243233268902: Tournament #3580769693, $0.92+$0.08 USD Hold'em No Limit - Level I (10/20) - 2023/04/21 21:52:36 CET [2023/04/21 15:52:36 ET]
Table '3580769693 1' 3-max Seat #1 is the button
Seat 1: TheLootPinata (500 in chips) 
Seat 2: Mahu2021 (500 in chips) 
Seat 3: funky40 (500 in chips) 
Mahu2021: posts small blind 10
funky40: posts big blind 20
*** HOLE CARDS ***
Dealt to Mahu2021 [Jd 8d]
TheLootPinata: calls 20
Mahu2021: calls 10
funky40: checks 
*** FLOP *** [Kh 2d As]
Mahu2021: checks 
funky40: checks 
TheLootPinata: checks 
*** TURN *** [Kh 2d As] [6s]
Mahu2021: checks 
funky40: checks 
TheLootPinata: checks 
*** RIVER *** [Kh 2d As 6s] [Qd]
Mahu2021: checks 
funky40: checks 
TheLootPinata: checks 
*** SHOW DOWN ***
Mahu2021: shows [Jd 8d] (high card Ace)
funky40: mucks hand 
TheLootPinata: shows [9d Qs] (a pair of Queens)
TheLootPinata collected 60 from pot
*** SUMMARY ***
Total pot 60 | Rake 0 
Board [Kh 2d As 6s Qd]
Seat 1: TheLootPinata (button) showed [9d Qs] and won (60) with a pair of Queens
Seat 2: Mahu2021 (small blind) showed [Jd 8d] and lost with high card Ace
Seat 3: funky40 (big blind) mucked [9s 5h]



PokerStars Hand #243233284677: Tournament #3580769693, $0.92+$0.08 USD Hold'em No Limit - Level I (10/20) - 2023/04/21 21:53:16 CET [2023/04/21 15:53:16 ET]
Table '3580769693 1' 3-max Seat #2 is the button
Seat 1: TheLootPinata (540 in chips) 
Seat 2: Mahu2021 (480 in chips) 
Seat 3: funky40 (480 in chips) 
funky40: posts small blind 10
TheLootPinata: posts big blind 20
*** HOLE CARDS ***
Dealt to Mahu2021 [2h 2c]
Mahu2021: raises 40 to 60
funky40: calls 50
TheLootPinata: calls 40
*** FLOP *** [Jd 5d 8c]
funky40: checks 
TheLootPinata: bets 40
Mahu2021: folds 
funky40: raises 380 to 420 and is all-in
TheLootPinata: calls 380
*** TURN *** [Jd 5d 8c] [Ac]
*** RIVER *** [Jd 5d 8c Ac] [3h]
*** SHOW DOWN ***
funky40: shows [9s 9d] (a pair of Nines)
TheLootPinata: shows [Kh Jh] (a pair of Jacks)
TheLootPinata collected 1020 from pot
funky40 finished the tournament in 3rd place
*** SUMMARY ***
Total pot 1020 | Rake 0 
Board [Jd 5d 8c Ac 3h]
Seat 1: TheLootPinata (big blind) showed [Kh Jh] and won (1020) with a pair of Jacks
Seat 2: Mahu2021 (button) folded on the Flop
Seat 3: funky40 (small blind) showed [9s 9d] and lost with a pair of Nines



PokerStars Hand #243233297555: Tournament #3580769693, $0.92+$0.08 USD Hold'em No Limit - Level I (10/20) - 2023/04/21 21:53:48 CET [2023/04/21 15:53:48 ET]
Table '3580769693 1' 3-max Seat #1 is the button
Seat 1: TheLootPinata (1080 in chips) 
Seat 2: Mahu2021 (420 in chips) 
TheLootPinata: posts small blind 10
Mahu2021: posts big blind 20
*** HOLE CARDS ***
Dealt to Mahu2021 [Js 4d]
TheLootPinata: raises 20 to 40
Mahu2021: folds 
Uncalled bet (20) returned to TheLootPinata
TheLootPinata collected 40 from pot
TheLootPinata: doesn't show hand 
*** SUMMARY ***
Total pot 40 | Rake 0 
Seat 1: TheLootPinata (button) (small blind) collected (40)
Seat 2: Mahu2021 (big blind) folded before Flop



PokerStars Hand #243233301217: Tournament #3580769693, $0.92+$0.08 USD Hold'em No Limit - Level I (10/20) - 2023/04/21 21:53:57 CET [2023/04/21 15:53:57 ET]
Table '3580769693 1' 3-max Seat #2 is the button
Seat 1: TheLootPinata (1100 in chips) 
Seat 2: Mahu2021 (400 in chips) 
Mahu2021: posts small blind 10
TheLootPinata: posts big blind 20
*** HOLE CARDS ***
Dealt to Mahu2021 [8c 9h]
Mahu2021: calls 10
TheLootPinata: checks 
*** FLOP *** [Qh 8s 7h]
TheLootPinata: checks 
Mahu2021: bets 40
TheLootPinata: calls 40
*** TURN *** [Qh 8s 7h] [As]
TheLootPinata: checks 
Mahu2021: checks 
*** RIVER *** [Qh 8s 7h As] [4c]
TheLootPinata: checks 
Mahu2021: checks 
*** SHOW DOWN ***
TheLootPinata: shows [Kc 2d] (high card Ace)
Mahu2021: shows [8c 9h] (a pair of Eights)
Mahu2021 collected 120 from pot
*** SUMMARY ***
Total pot 120 | Rake 0 
Board [Qh 8s 7h As 4c]
Seat 1: TheLootPinata (big blind) showed [Kc 2d] and lost with high card Ace
Seat 2: Mahu2021 (button) (small blind) showed [8c 9h] and won (120) with a pair of Eights



PokerStars Hand #243233313772: Tournament #3580769693, $0.92+$0.08 USD Hold'em No Limit - Level I (10/20) - 2023/04/21 21:54:29 CET [2023/04/21 15:54:29 ET]
Table '3580769693 1' 3-max Seat #1 is the button
Seat 1: TheLootPinata (1040 in chips) 
Seat 2: Mahu2021 (460 in chips) 
TheLootPinata: posts small blind 10
Mahu2021: posts big blind 20
*** HOLE CARDS ***
Dealt to Mahu2021 [6s Th]
TheLootPinata: calls 10
Mahu2021: checks 
*** FLOP *** [6d 8c 2s]
Mahu2021: checks 
TheLootPinata: checks 
*** TURN *** [6d 8c 2s] [2h]
Mahu2021: bets 40
TheLootPinata: raises 40 to 80
Mahu2021: calls 40
*** RIVER *** [6d 8c 2s 2h] [Js]
Mahu2021: checks 
TheLootPinata: checks 
*** SHOW DOWN ***
Mahu2021: shows [6s Th] (two pair, Sixes and Deuces)
TheLootPinata: shows [5c 6c] (two pair, Sixes and Deuces)
Mahu2021 collected 100 from pot
TheLootPinata collected 100 from pot
*** SUMMARY ***
Total pot 200 | Rake 0 
Board [6d 8c 2s 2h Js]
Seat 1: TheLootPinata (button) (small blind) showed [5c 6c] and won (100) with two pair, Sixes and Deuces
Seat 2: Mahu2021 (big blind) showed [6s Th] and won (100) with two pair, Sixes and Deuces



PokerStars Hand #243233325311: Tournament #3580769693, $0.92+$0.08 USD Hold'em No Limit - Level II (15/30) - 2023/04/21 21:54:57 CET [2023/04/21 15:54:57 ET]
Table '3580769693 1' 3-max Seat #2 is the button
Seat 1: TheLootPinata (1040 in chips) 
Seat 2: Mahu2021 (460 in chips) 
Mahu2021: posts small blind 15
TheLootPinata: posts big blind 30
*** HOLE CARDS ***
Dealt to Mahu2021 [Qs 4s]
Mahu2021: calls 15
TheLootPinata: checks 
*** FLOP *** [Jh 5h 5c]
TheLootPinata: checks 
Mahu2021: checks 
*** TURN *** [Jh 5h 5c] [Qh]
TheLootPinata: checks 
Mahu2021: bets 60
TheLootPinata: folds 
Uncalled bet (60) returned to Mahu2021
Mahu2021 collected 60 from pot
Mahu2021: doesn't show hand 
*** SUMMARY ***
Total pot 60 | Rake 0 
Board [Jh 5h 5c Qh]
Seat 1: TheLootPinata (big blind) folded on the Turn
Seat 2: Mahu2021 (button) (small blind) collected (60)



PokerStars Hand #243233334972: Tournament #3580769693, $0.92+$0.08 USD Hold'em No Limit - Level II (15/30) - 2023/04/21 21:55:31 CET [2023/04/21 15:55:31 ET]
Table '3580769693 1' 3-max Seat #1 is the button
Seat 1: TheLootPinata (1010 in chips) 
Seat 2: Mahu2021 (490 in chips) 
TheLootPinata: posts small blind 15
Mahu2021: posts big blind 30
*** HOLE CARDS ***
Dealt to Mahu2021 [3d 9s]
TheLootPinata: calls 15
Mahu2021: checks 
*** FLOP *** [6h 7d 8d]
Mahu2021: checks 
TheLootPinata: checks 
*** TURN *** [6h 7d 8d] [2d]
Mahu2021: checks 
TheLootPinata: checks 
*** RIVER *** [6h 7d 8d 2d] [Kc]
Mahu2021: checks 
TheLootPinata: checks 
*** SHOW DOWN ***
Mahu2021: shows [3d 9s] (high card King)
TheLootPinata: shows [3s Th] (high card King - Ten kicker)
TheLootPinata collected 60 from pot
*** SUMMARY ***
Total pot 60 | Rake 0 
Board [6h 7d 8d 2d Kc]
Seat 1: TheLootPinata (button) (small blind) showed [3s Th] and won (60) with high card King
Seat 2: Mahu2021 (big blind) showed [3d 9s] and lost with high card King



PokerStars Hand #243233343216: Tournament #3580769693, $0.92+$0.08 USD Hold'em No Limit - Level II (15/30) - 2023/04/21 21:56:00 CET [2023/04/21 15:56:00 ET]
Table '3580769693 1' 3-max Seat #2 is the button
Seat 1: TheLootPinata (1040 in chips) 
Seat 2: Mahu2021 (460 in chips) 
Mahu2021: posts small blind 15
TheLootPinata: posts big blind 30
*** HOLE CARDS ***
Dealt to Mahu2021 [8d Jd]
Mahu2021: calls 15
TheLootPinata: raises 30 to 60
Mahu2021: calls 30
*** FLOP *** [Qc 7s 6s]
TheLootPinata: checks 
Mahu2021: checks 
*** TURN *** [Qc 7s 6s] [4c]
TheLootPinata: checks 
Mahu2021: checks 
*** RIVER *** [Qc 7s 6s 4c] [9d]
TheLootPinata: checks 
Mahu2021: checks 
*** SHOW DOWN ***
TheLootPinata: shows [8s Td] (a straight, Six to Ten)
Mahu2021: mucks hand 
TheLootPinata collected 120 from pot
*** SUMMARY ***
Total pot 120 | Rake 0 
Board [Qc 7s 6s 4c 9d]
Seat 1: TheLootPinata (big blind) showed [8s Td] and won (120) with a straight, Six to Ten
Seat 2: Mahu2021 (button) (small blind) mucked [8d Jd]



PokerStars Hand #243233352603: Tournament #3580769693, $0.92+$0.08 USD Hold'em No Limit - Level II (15/30) - 2023/04/21 21:56:34 CET [2023/04/21 15:56:34 ET]
Table '3580769693 1' 3-max Seat #1 is the button
Seat 1: TheLootPinata (1100 in chips) 
Seat 2: Mahu2021 (400 in chips) 
TheLootPinata: posts small blind 15
Mahu2021: posts big blind 30
*** HOLE CARDS ***
Dealt to Mahu2021 [6c Tc]
TheLootPinata: raises 30 to 60
Mahu2021: calls 30
*** FLOP *** [5c 8h 8c]
Mahu2021: bets 340 and is all-in
TheLootPinata: folds 
Uncalled bet (340) returned to Mahu2021
Mahu2021 collected 120 from pot
Mahu2021: doesn't show hand 
*** SUMMARY ***
Total pot 120 | Rake 0 
Board [5c 8h 8c]
Seat 1: TheLootPinata (button) (small blind) folded on the Flop
Seat 2: Mahu2021 (big blind) collected (120)



PokerStars Hand #243233358187: Tournament #3580769693, $0.92+$0.08 USD Hold'em No Limit - Level III (20/40) - 2023/04/21 21:56:54 CET [2023/04/21 15:56:54 ET]
Table '3580769693 1' 3-max Seat #2 is the button
Seat 1: TheLootPinata (1040 in chips) 
Seat 2: Mahu2021 (460 in chips) 
Mahu2021: posts small blind 20
TheLootPinata: posts big blind 40
*** HOLE CARDS ***
Dealt to Mahu2021 [7s Jd]
Mahu2021: calls 20
TheLootPinata: checks 
*** FLOP *** [9h Ah 4h]
TheLootPinata: checks 
Mahu2021: bets 80
TheLootPinata: folds 
Uncalled bet (80) returned to Mahu2021
Mahu2021 collected 80 from pot
Mahu2021: doesn't show hand 
*** SUMMARY ***
Total pot 80 | Rake 0 
Board [9h Ah 4h]
Seat 1: TheLootPinata (big blind) folded on the Flop
Seat 2: Mahu2021 (button) (small blind) collected (80)



PokerStars Hand #243233362272: Tournament #3580769693, $0.92+$0.08 USD Hold'em No Limit - Level III (20/40) - 2023/04/21 21:57:09 CET [2023/04/21 15:57:09 ET]
Table '3580769693 1' 3-max Seat #1 is the button
Seat 1: TheLootPinata (1000 in chips) 
Seat 2: Mahu2021 (500 in chips) 
TheLootPinata: posts small blind 20
Mahu2021: posts big blind 40
*** HOLE CARDS ***
Dealt to Mahu2021 [2d 7c]
TheLootPinata: calls 20
Mahu2021: checks 
*** FLOP *** [7h Td 9d]
Mahu2021: checks 
TheLootPinata: checks 
*** TURN *** [7h Td 9d] [9h]
Mahu2021: bets 80
TheLootPinata: folds 
Uncalled bet (80) returned to Mahu2021
Mahu2021 collected 80 from pot
Mahu2021: doesn't show hand 
*** SUMMARY ***
Total pot 80 | Rake 0 
Board [7h Td 9d 9h]
Seat 1: TheLootPinata (button) (small blind) folded on the Turn
Seat 2: Mahu2021 (big blind) collected (80)



PokerStars Hand #243233369894: Tournament #3580769693, $0.92+$0.08 USD Hold'em No Limit - Level III (20/40) - 2023/04/21 21:57:36 CET [2023/04/21 15:57:36 ET]
Table '3580769693 1' 3-max Seat #2 is the button
Seat 1: TheLootPinata (960 in chips) 
Seat 2: Mahu2021 (540 in chips) 
Mahu2021: posts small blind 20
TheLootPinata: posts big blind 40
*** HOLE CARDS ***
Dealt to Mahu2021 [4h 4s]
Mahu2021: raises 500 to 540 and is all-in
TheLootPinata: folds 
Uncalled bet (500) returned to Mahu2021
Mahu2021 collected 80 from pot
Mahu2021: doesn't show hand 
*** SUMMARY ***
Total pot 80 | Rake 0 
Seat 1: TheLootPinata (big blind) folded before Flop
Seat 2: Mahu2021 (button) (small blind) collected (80)



PokerStars Hand #243233371867: Tournament #3580769693, $0.92+$0.08 USD Hold'em No Limit - Level III (20/40) - 2023/04/21 21:57:43 CET [2023/04/21 15:57:43 ET]
Table '3580769693 1' 3-max Seat #1 is the button
Seat 1: TheLootPinata (920 in chips) 
Seat 2: Mahu2021 (580 in chips) 
TheLootPinata: posts small blind 20
Mahu2021: posts big blind 40
*** HOLE CARDS ***
Dealt to Mahu2021 [9c 6s]
TheLootPinata: calls 20
Mahu2021: checks 
*** FLOP *** [Qd 9s 9h]
Mahu2021: checks 
TheLootPinata: checks 
*** TURN *** [Qd 9s 9h] [4s]
Mahu2021: checks 
TheLootPinata: bets 40
Mahu2021: calls 40
*** RIVER *** [Qd 9s 9h 4s] [Jh]
Mahu2021: bets 40
TheLootPinata: raises 40 to 80
Mahu2021: raises 420 to 500 and is all-in
TheLootPinata: calls 420
*** SHOW DOWN ***
Mahu2021: shows [9c 6s] (three of a kind, Nines)
TheLootPinata: shows [7h 9d] (three of a kind, Nines)
Mahu2021 collected 580 from pot
TheLootPinata collected 580 from pot
*** SUMMARY ***
Total pot 1160 | Rake 0 
Board [Qd 9s 9h 4s Jh]
Seat 1: TheLootPinata (button) (small blind) showed [7h 9d] and won (580) with three of a kind, Nines
Seat 2: Mahu2021 (big blind) showed [9c 6s] and won (580) with three of a kind, Nines



PokerStars Hand #243233379086: Tournament #3580769693, $0.92+$0.08 USD Hold'em No Limit - Level III (20/40) - 2023/04/21 21:58:09 CET [2023/04/21 15:58:09 ET]
Table '3580769693 1' 3-max Seat #2 is the button
Seat 1: TheLootPinata (920 in chips) 
Seat 2: Mahu2021 (580 in chips) 
Mahu2021: posts small blind 20
TheLootPinata: posts big blind 40
*** HOLE CARDS ***
Dealt to Mahu2021 [Qh Qs]
Mahu2021: raises 540 to 580 and is all-in
TheLootPinata: folds 
Uncalled bet (540) returned to Mahu2021
Mahu2021 collected 80 from pot
Mahu2021: doesn't show hand 
*** SUMMARY ***
Total pot 80 | Rake 0 
Seat 1: TheLootPinata (big blind) folded before Flop
Seat 2: Mahu2021 (button) (small blind) collected (80)



PokerStars Hand #243233381105: Tournament #3580769693, $0.92+$0.08 USD Hold'em No Limit - Level III (20/40) - 2023/04/21 21:58:17 CET [2023/04/21 15:58:17 ET]
Table '3580769693 1' 3-max Seat #1 is the button
Seat 1: TheLootPinata (880 in chips) 
Seat 2: Mahu2021 (620 in chips) 
TheLootPinata: posts small blind 20
Mahu2021: posts big blind 40
*** HOLE CARDS ***
Dealt to Mahu2021 [7c 8s]
TheLootPinata: raises 40 to 80
Mahu2021: calls 40
*** FLOP *** [7d Js 8d]
Mahu2021: checks 
TheLootPinata: bets 40
Mahu2021: calls 40
*** TURN *** [7d Js 8d] [4c]
Mahu2021: checks 
TheLootPinata: bets 40
Mahu2021: calls 40
*** RIVER *** [7d Js 8d 4c] [6h]
Mahu2021: checks 
TheLootPinata: bets 40
Mahu2021: calls 40
*** SHOW DOWN ***
TheLootPinata: shows [Tc Ts] (a pair of Tens)
Mahu2021: shows [7c 8s] (two pair, Eights and Sevens)
Mahu2021 collected 400 from pot
*** SUMMARY ***
Total pot 400 | Rake 0 
Board [7d Js 8d 4c 6h]
Seat 1: TheLootPinata (button) (small blind) showed [Tc Ts] and lost with a pair of Tens
Seat 2: Mahu2021 (big blind) showed [7c 8s] and won (400) with two pair, Eights and Sevens



PokerStars Hand #243233386747: Tournament #3580769693, $0.92+$0.08 USD Hold'em No Limit - Level III (20/40) - 2023/04/21 21:58:37 CET [2023/04/21 15:58:37 ET]
Table '3580769693 1' 3-max Seat #2 is the button
Seat 1: TheLootPinata (680 in chips) 
Seat 2: Mahu2021 (820 in chips) 
Mahu2021: posts small blind 20
TheLootPinata: posts big blind 40
*** HOLE CARDS ***
Dealt to Mahu2021 [9d 5h]
Mahu2021: folds 
Uncalled bet (20) returned to TheLootPinata
TheLootPinata collected 40 from pot
TheLootPinata: doesn't show hand 
*** SUMMARY ***
Total pot 40 | Rake 0 
Seat 1: TheLootPinata (big blind) collected (40)
Seat 2: Mahu2021 (button) (small blind) folded before Flop



PokerStars Hand #243233389166: Tournament #3580769693, $0.92+$0.08 USD Hold'em No Limit - Level IV (30/60) - 2023/04/21 21:58:45 CET [2023/04/21 15:58:45 ET]
Table '3580769693 1' 3-max Seat #1 is the button
Seat 1: TheLootPinata (700 in chips) 
Seat 2: Mahu2021 (800 in chips) 
TheLootPinata: posts small blind 30
Mahu2021: posts big blind 60
*** HOLE CARDS ***
Dealt to Mahu2021 [4h 4d]
TheLootPinata: folds 
Uncalled bet (30) returned to Mahu2021
Mahu2021 collected 60 from pot
Mahu2021: doesn't show hand 
*** SUMMARY ***
Total pot 60 | Rake 0 
Seat 1: TheLootPinata (button) (small blind) folded before Flop
Seat 2: Mahu2021 (big blind) collected (60)



PokerStars Hand #243233390908: Tournament #3580769693, $0.92+$0.08 USD Hold'em No Limit - Level IV (30/60) - 2023/04/21 21:58:51 CET [2023/04/21 15:58:51 ET]
Table '3580769693 1' 3-max Seat #2 is the button
Seat 1: TheLootPinata (670 in chips) 
Seat 2: Mahu2021 (830 in chips) 
Mahu2021: posts small blind 30
TheLootPinata: posts big blind 60
*** HOLE CARDS ***
Dealt to Mahu2021 [7c 8c]
Mahu2021: calls 30
TheLootPinata: checks 
*** FLOP *** [Ad Qs Kh]
TheLootPinata: checks 
Mahu2021: bets 120
TheLootPinata: calls 120
*** TURN *** [Ad Qs Kh] [7d]
TheLootPinata: checks 
Mahu2021: checks 
*** RIVER *** [Ad Qs Kh 7d] [8h]
TheLootPinata: checks 
Mahu2021: bets 360
TheLootPinata: folds 
Uncalled bet (360) returned to Mahu2021
Mahu2021 collected 360 from pot
Mahu2021: doesn't show hand 
*** SUMMARY ***
Total pot 360 | Rake 0 
Board [Ad Qs Kh 7d 8h]
Seat 1: TheLootPinata (big blind) folded on the River
Seat 2: Mahu2021 (button) (small blind) collected (360)



PokerStars Hand #243233405880: Tournament #3580769693, $0.92+$0.08 USD Hold'em No Limit - Level IV (30/60) - 2023/04/21 21:59:44 CET [2023/04/21 15:59:44 ET]
Table '3580769693 1' 3-max Seat #1 is the button
Seat 1: TheLootPinata (490 in chips) 
Seat 2: Mahu2021 (1010 in chips) 
TheLootPinata: posts small blind 30
Mahu2021: posts big blind 60
*** HOLE CARDS ***
Dealt to Mahu2021 [Th 7s]
TheLootPinata: folds 
Uncalled bet (30) returned to Mahu2021
Mahu2021 collected 60 from pot
Mahu2021: doesn't show hand 
*** SUMMARY ***
Total pot 60 | Rake 0 
Seat 1: TheLootPinata (button) (small blind) folded before Flop
Seat 2: Mahu2021 (big blind) collected (60)



PokerStars Hand #243233407312: Tournament #3580769693, $0.92+$0.08 USD Hold'em No Limit - Level IV (30/60) - 2023/04/21 21:59:49 CET [2023/04/21 15:59:49 ET]
Table '3580769693 1' 3-max Seat #2 is the button
Seat 1: TheLootPinata (460 in chips) 
Seat 2: Mahu2021 (1040 in chips) 
Mahu2021: posts small blind 30
TheLootPinata: posts big blind 60
*** HOLE CARDS ***
Dealt to Mahu2021 [7c Jh]
Mahu2021: calls 30
TheLootPinata: checks 
*** FLOP *** [Th 4d 6c]
TheLootPinata: checks 
Mahu2021: checks 
*** TURN *** [Th 4d 6c] [Qc]
TheLootPinata: checks 
Mahu2021: checks 
*** RIVER *** [Th 4d 6c Qc] [3c]
TheLootPinata: checks 
Mahu2021: checks 
*** SHOW DOWN ***
TheLootPinata: shows [Kc 2h] (high card King)
Mahu2021: mucks hand 
TheLootPinata collected 120 from pot
*** SUMMARY ***
Total pot 120 | Rake 0 
Board [Th 4d 6c Qc 3c]
Seat 1: TheLootPinata (big blind) showed [Kc 2h] and won (120) with high card King
Seat 2: Mahu2021 (button) (small blind) mucked [7c Jh]



PokerStars Hand #243233420166: Tournament #3580769693, $0.92+$0.08 USD Hold'em No Limit - Level IV (30/60) - 2023/04/21 22:00:33 CET [2023/04/21 16:00:33 ET]
Table '3580769693 1' 3-max Seat #1 is the button
Seat 1: TheLootPinata (520 in chips) 
Seat 2: Mahu2021 (980 in chips) 
TheLootPinata: posts small blind 30
Mahu2021: posts big blind 60
*** HOLE CARDS ***
Dealt to Mahu2021 [8s 4h]
TheLootPinata: folds 
Uncalled bet (30) returned to Mahu2021
Mahu2021 collected 60 from pot
Mahu2021: doesn't show hand 
*** SUMMARY ***
Total pot 60 | Rake 0 
Seat 1: TheLootPinata (button) (small blind) folded before Flop
Seat 2: Mahu2021 (big blind) collected (60)



PokerStars Hand #243233426522: Tournament #3580769693, $0.92+$0.08 USD Hold'em No Limit - Level V (40/80) - 2023/04/21 22:00:53 CET [2023/04/21 16:00:53 ET]
Table '3580769693 1' 3-max Seat #2 is the button
Seat 1: TheLootPinata (490 in chips) 
Seat 2: Mahu2021 (1010 in chips) 
Mahu2021: posts small blind 40
TheLootPinata: posts big blind 80
*** HOLE CARDS ***
Dealt to Mahu2021 [7h 7s]
Mahu2021: raises 930 to 1010 and is all-in
TheLootPinata: folds 
Uncalled bet (930) returned to Mahu2021
Mahu2021 collected 160 from pot
Mahu2021: doesn't show hand 
*** SUMMARY ***
Total pot 160 | Rake 0 
Seat 1: TheLootPinata (big blind) folded before Flop
Seat 2: Mahu2021 (button) (small blind) collected (160)



PokerStars Hand #243233428679: Tournament #3580769693, $0.92+$0.08 USD Hold'em No Limit - Level V (40/80) - 2023/04/21 22:01:00 CET [2023/04/21 16:01:00 ET]
Table '3580769693 1' 3-max Seat #1 is the button
Seat 1: TheLootPinata (410 in chips) 
Seat 2: Mahu2021 (1090 in chips) 
TheLootPinata: posts small blind 40
Mahu2021: posts big blind 80
*** HOLE CARDS ***
Dealt to Mahu2021 [7d 9h]
TheLootPinata: calls 40
Mahu2021: checks 
*** FLOP *** [Td 7s 6d]
Mahu2021: checks 
TheLootPinata: checks 
*** TURN *** [Td 7s 6d] [5h]
Mahu2021: bets 80
TheLootPinata: folds 
Uncalled bet (80) returned to Mahu2021
Mahu2021 collected 160 from pot
Mahu2021: doesn't show hand 
*** SUMMARY ***
Total pot 160 | Rake 0 
Board [Td 7s 6d 5h]
Seat 1: TheLootPinata (button) (small blind) folded on the Turn
Seat 2: Mahu2021 (big blind) collected (160)



PokerStars Hand #243233438947: Tournament #3580769693, $0.92+$0.08 USD Hold'em No Limit - Level V (40/80) - 2023/04/21 22:01:30 CET [2023/04/21 16:01:30 ET]
Table '3580769693 1' 3-max Seat #2 is the button
Seat 1: TheLootPinata (330 in chips) 
Seat 2: Mahu2021 (1170 in chips) 
Mahu2021: posts small blind 40
TheLootPinata: posts big blind 80
*** HOLE CARDS ***
Dealt to Mahu2021 [8h Ts]
Mahu2021: calls 40
TheLootPinata: checks 
*** FLOP *** [5h 2s Ah]
TheLootPinata: bets 80
Mahu2021: folds 
Uncalled bet (80) returned to TheLootPinata
TheLootPinata collected 160 from pot
TheLootPinata: doesn't show hand 
*** SUMMARY ***
Total pot 160 | Rake 0 
Board [5h 2s Ah]
Seat 1: TheLootPinata (big blind) collected (160)
Seat 2: Mahu2021 (button) (small blind) folded on the Flop



PokerStars Hand #243233443649: Tournament #3580769693, $0.92+$0.08 USD Hold'em No Limit - Level V (40/80) - 2023/04/21 22:01:43 CET [2023/04/21 16:01:43 ET]
Table '3580769693 1' 3-max Seat #1 is the button
Seat 1: TheLootPinata (410 in chips) 
Seat 2: Mahu2021 (1090 in chips) 
TheLootPinata: posts small blind 40
Mahu2021: posts big blind 80
*** HOLE CARDS ***
Dealt to Mahu2021 [7d Ah]
TheLootPinata: raises 80 to 160
Mahu2021: raises 930 to 1090 and is all-in
TheLootPinata: calls 250 and is all-in
Uncalled bet (680) returned to Mahu2021
*** FLOP *** [9c Qs 9d]
*** TURN *** [9c Qs 9d] [9h]
*** RIVER *** [9c Qs 9d 9h] [6c]
*** SHOW DOWN ***
Mahu2021: shows [7d Ah] (three of a kind, Nines)
TheLootPinata: shows [Ks Tc] (three of a kind, Nines - lower kicker)
Mahu2021 collected 820 from pot
TheLootPinata finished the tournament in 2nd place
Mahu2021 wins the tournament and receives $2.00 - congratulations!
*** SUMMARY ***
Total pot 820 | Rake 0 
Board [9c Qs 9d 9h 6c]
Seat 1: TheLootPinata (button) (small blind) showed [Ks Tc] and lost with three of a kind, Nines
Seat 2: Mahu2021 (big blind) showed [7d Ah] and won (820) with three of a kind, Nines



