PokerStars Hand #249719000236: Tournament #3735856520, $1.84+$0.16 USD Hold'em No Limit - Level I (10/20) - 2024/03/31 10:37:08 CET [2024/03/31 4:37:08 ET]
Table '3735856520 1' 3-max Seat #1 is the button
Seat 1: Mahu2021 (500 in chips) 
Seat 2: Roxday1805 (500 in chips) 
Seat 3: Philipp Gaud (500 in chips) 
Roxday1805: posts small blind 10
Philipp Gaud: posts big blind 20
*** HOLE CARDS ***
Dealt to Mahu2021 [Th Kd]
Mahu2021: calls 20
Roxday1805: calls 10
Philipp Gaud: checks 
*** FLOP *** [Ac 2h Qc]
Roxday1805: checks 
Philipp Gaud: checks 
Mahu2021: bets 60
Roxday1805: calls 60
Philipp Gaud: folds 
*** TURN *** [Ac 2h Qc] [Kc]
Roxday1805: checks 
Mahu2021: checks 
*** RIVER *** [Ac 2h Qc Kc] [4h]
Roxday1805: checks 
Mahu2021: bets 180
Roxday1805: folds 
Uncalled bet (180) returned to Mahu2021
Mahu2021 collected 180 from pot
Mahu2021: doesn't show hand 
*** SUMMARY ***
Total pot 180 | Rake 0 
Board [Ac 2h Qc Kc 4h]
Seat 1: Mahu2021 (button) collected (180)
Seat 2: Roxday1805 (small blind) folded on the River
Seat 3: Philipp Gaud (big blind) folded on the Flop



PokerStars Hand #249719003150: Tournament #3735856520, $1.84+$0.16 USD Hold'em No Limit - Level I (10/20) - 2024/03/31 10:37:34 CET [2024/03/31 4:37:34 ET]
Table '3735856520 1' 3-max Seat #2 is the button
Seat 1: Mahu2021 (600 in chips) 
Seat 2: Roxday1805 (420 in chips) 
Seat 3: Philipp Gaud (480 in chips) 
Philipp Gaud: posts small blind 10
Mahu2021: posts big blind 20
*** HOLE CARDS ***
Dealt to Mahu2021 [8d 9d]
Roxday1805: calls 20
Philipp Gaud: calls 10
Mahu2021: checks 
*** FLOP *** [Kh 9s Ks]
Philipp Gaud: checks 
Mahu2021: bets 20
Roxday1805: calls 20
Philipp Gaud: folds 
*** TURN *** [Kh 9s Ks] [Ac]
Mahu2021: checks 
Roxday1805: checks 
*** RIVER *** [Kh 9s Ks Ac] [8c]
Mahu2021: checks 
Roxday1805: checks 
*** SHOW DOWN ***
Mahu2021: shows [8d 9d] (two pair, Kings and Nines)
Roxday1805: mucks hand 
Mahu2021 collected 100 from pot
*** SUMMARY ***
Total pot 100 | Rake 0 
Board [Kh 9s Ks Ac 8c]
Seat 1: Mahu2021 (big blind) showed [8d 9d] and won (100) with two pair, Kings and Nines
Seat 2: Roxday1805 (button) mucked [6c Qd]
Seat 3: Philipp Gaud (small blind) folded on the Flop



PokerStars Hand #249719005536: Tournament #3735856520, $1.84+$0.16 USD Hold'em No Limit - Level I (10/20) - 2024/03/31 10:37:55 CET [2024/03/31 4:37:55 ET]
Table '3735856520 1' 3-max Seat #3 is the button
Seat 1: Mahu2021 (660 in chips) 
Seat 2: Roxday1805 (380 in chips) 
Seat 3: Philipp Gaud (460 in chips) 
Mahu2021: posts small blind 10
Roxday1805: posts big blind 20
*** HOLE CARDS ***
Dealt to Mahu2021 [9s Kd]
Philipp Gaud: folds 
Mahu2021: raises 20 to 40
Roxday1805: calls 20
*** FLOP *** [Js 7d 2d]
Mahu2021: checks 
Roxday1805: checks 
*** TURN *** [Js 7d 2d] [Ks]
Mahu2021: bets 40
Roxday1805: raises 40 to 80
Mahu2021: calls 40
*** RIVER *** [Js 7d 2d Ks] [Kh]
Mahu2021: checks 
Roxday1805: bets 20
Mahu2021: raises 60 to 80
Roxday1805: raises 60 to 140
Mahu2021: calls 60
*** SHOW DOWN ***
Roxday1805: shows [Kc 5c] (three of a kind, Kings)
Mahu2021: shows [9s Kd] (three of a kind, Kings - Jack+Nine kicker)
Mahu2021 collected 520 from pot
*** SUMMARY ***
Total pot 520 | Rake 0 
Board [Js 7d 2d Ks Kh]
Seat 1: Mahu2021 (small blind) showed [9s Kd] and won (520) with three of a kind, Kings
Seat 2: Roxday1805 (big blind) showed [Kc 5c] and lost with three of a kind, Kings
Seat 3: Philipp Gaud (button) folded before Flop (didn't bet)



PokerStars Hand #249719008276: Tournament #3735856520, $1.84+$0.16 USD Hold'em No Limit - Level I (10/20) - 2024/03/31 10:38:20 CET [2024/03/31 4:38:20 ET]
Table '3735856520 1' 3-max Seat #1 is the button
Seat 1: Mahu2021 (920 in chips) 
Seat 2: Roxday1805 (120 in chips) 
Seat 3: Philipp Gaud (460 in chips) 
Roxday1805: posts small blind 10
Philipp Gaud: posts big blind 20
*** HOLE CARDS ***
Dealt to Mahu2021 [5c Qh]
Mahu2021: folds 
Roxday1805: raises 20 to 40
Philipp Gaud: folds 
Uncalled bet (20) returned to Roxday1805
Roxday1805 collected 40 from pot
*** SUMMARY ***
Total pot 40 | Rake 0 
Seat 1: Mahu2021 (button) folded before Flop (didn't bet)
Seat 2: Roxday1805 (small blind) collected (40)
Seat 3: Philipp Gaud (big blind) folded before Flop



PokerStars Hand #249719009179: Tournament #3735856520, $1.84+$0.16 USD Hold'em No Limit - Level I (10/20) - 2024/03/31 10:38:28 CET [2024/03/31 4:38:28 ET]
Table '3735856520 1' 3-max Seat #2 is the button
Seat 1: Mahu2021 (920 in chips) 
Seat 2: Roxday1805 (140 in chips) 
Seat 3: Philipp Gaud (440 in chips) 
Philipp Gaud: posts small blind 10
Mahu2021: posts big blind 20
*** HOLE CARDS ***
Dealt to Mahu2021 [Tc Th]
Roxday1805: raises 120 to 140 and is all-in
Philipp Gaud: calls 130
Mahu2021: raises 780 to 920 and is all-in
Philipp Gaud: calls 300 and is all-in
Uncalled bet (480) returned to Mahu2021
*** FLOP *** [Ad 7s 5h]
*** TURN *** [Ad 7s 5h] [5s]
*** RIVER *** [Ad 7s 5h 5s] [6h]
*** SHOW DOWN ***
Philipp Gaud: shows [Jc Qc] (a pair of Fives)
Mahu2021: shows [Tc Th] (two pair, Tens and Fives)
Mahu2021 collected 600 from side pot
Roxday1805: shows [8s 2h] (a pair of Fives)
Mahu2021 collected 420 from main pot
Philipp Gaud finished the tournament in 2nd place
Roxday1805 finished the tournament in 3rd place
Mahu2021 wins the tournament and receives $4.00 - congratulations!
*** SUMMARY ***
Total pot 1020 Main pot 420. Side pot 600. | Rake 0 
Board [Ad 7s 5h 5s 6h]
Seat 1: Mahu2021 (big blind) showed [Tc Th] and won (1020) with two pair, Tens and Fives
Seat 2: Roxday1805 (button) showed [8s 2h] and lost with a pair of Fives
Seat 3: Philipp Gaud (small blind) showed [Jc Qc] and lost with a pair of Fives



