PokerStars Hand #253442131548: Tournament #3824429751, $1.84+$0.16 USD Hold'em No Limit - Level I (10/20) - 2024/11/17 10:45:55 CET [2024/11/17 4:45:55 ET]
Table '3824429751 1' 3-max Seat #1 is the button
Seat 1: Bgpokermiro (500 in chips) 
Seat 2: skym (500 in chips) 
Seat 3: Mahu2021 (500 in chips) 
skym: posts small blind 10
Mahu2021: posts big blind 20
*** HOLE CARDS ***
Dealt to Mahu2021 [Ts 6s]
Bgpokermiro: folds 
skym: calls 10
Mahu2021: checks 
*** FLOP *** [2h 3d 3h]
skym: checks 
Mahu2021: checks 
*** TURN *** [2h 3d 3h] [Ks]
skym: bets 40
Mahu2021: folds 
Uncalled bet (40) returned to skym
skym collected 40 from pot
skym: doesn't show hand 
*** SUMMARY ***
Total pot 40 | Rake 0 
Board [2h 3d 3h Ks]
Seat 1: Bgpokermiro (button) folded before Flop (didn't bet)
Seat 2: skym (small blind) collected (40)
Seat 3: Mahu2021 (big blind) folded on the Turn



PokerStars Hand #253442133123: Tournament #3824429751, $1.84+$0.16 USD Hold'em No Limit - Level I (10/20) - 2024/11/17 10:46:09 CET [2024/11/17 4:46:09 ET]
Table '3824429751 1' 3-max Seat #2 is the button
Seat 1: Bgpokermiro (500 in chips) 
Seat 2: skym (520 in chips) 
Seat 3: Mahu2021 (480 in chips) 
Mahu2021: posts small blind 10
Bgpokermiro: posts big blind 20
*** HOLE CARDS ***
Dealt to Mahu2021 [Qd 8d]
skym: folds 
Mahu2021: raises 40 to 60
Bgpokermiro: calls 40
*** FLOP *** [Ad 2d Ac]
Mahu2021: bets 60
Bgpokermiro: raises 60 to 120
Mahu2021: calls 60
*** TURN *** [Ad 2d Ac] [4d]
Mahu2021: checks 
Bgpokermiro: bets 320 and is all-in
Mahu2021: calls 300 and is all-in
Uncalled bet (20) returned to Bgpokermiro
*** RIVER *** [Ad 2d Ac 4d] [Js]
*** SHOW DOWN ***
Mahu2021: shows [Qd 8d] (a flush, Ace high)
Bgpokermiro: shows [4c As] (a full house, Aces full of Fours)
Bgpokermiro collected 960 from pot
Mahu2021 finished the tournament in 3rd place
*** SUMMARY ***
Total pot 960 | Rake 0 
Board [Ad 2d Ac 4d Js]
Seat 1: Bgpokermiro (big blind) showed [4c As] and won (960) with a full house, Aces full of Fours
Seat 2: skym (button) folded before Flop (didn't bet)
Seat 3: Mahu2021 (small blind) showed [Qd 8d] and lost with a flush, Ace high



