PokerStars Hand #248298051667: Tournament #3701613867, $1.84+$0.16 USD Hold'em No Limit - Level I (10/20) - 2024/01/15 22:18:27 CET [2024/01/15 16:18:27 ET]
Table '3701613867 1' 3-max Seat #1 is the button
Seat 1: mike2322484 (500 in chips) 
Seat 2: Qassen (500 in chips) 
Seat 3: Mahu2021 (500 in chips) 
Qassen: posts small blind 10
Mahu2021: posts big blind 20
*** HOLE CARDS ***
Dealt to Mahu2021 [As 6c]
mike2322484: folds 
Qassen: folds 
Uncalled bet (10) returned to Mahu2021
Mahu2021 collected 20 from pot
Mahu2021: doesn't show hand 
*** SUMMARY ***
Total pot 20 | Rake 0 
Seat 1: mike2322484 (button) folded before Flop (didn't bet)
Seat 2: Qassen (small blind) folded before Flop
Seat 3: Mahu2021 (big blind) collected (20)



PokerStars Hand #248298055821: Tournament #3701613867, $1.84+$0.16 USD Hold'em No Limit - Level I (10/20) - 2024/01/15 22:18:36 CET [2024/01/15 16:18:36 ET]
Table '3701613867 1' 3-max Seat #2 is the button
Seat 1: mike2322484 (500 in chips) 
Seat 2: Qassen (490 in chips) 
Seat 3: Mahu2021 (510 in chips) 
Mahu2021: posts small blind 10
mike2322484: posts big blind 20
*** HOLE CARDS ***
Dealt to Mahu2021 [Ts Ac]
Qassen: folds 
Mahu2021: raises 20 to 40
mike2322484: calls 20
*** FLOP *** [Ah Qh As]
Mahu2021: checks 
mike2322484: bets 60
Mahu2021: calls 60
*** TURN *** [Ah Qh As] [9c]
Mahu2021: checks 
mike2322484: checks 
*** RIVER *** [Ah Qh As 9c] [Qc]
Mahu2021: bets 200
mike2322484: folds 
Uncalled bet (200) returned to Mahu2021
Mahu2021 collected 200 from pot
Mahu2021: doesn't show hand 
*** SUMMARY ***
Total pot 200 | Rake 0 
Board [Ah Qh As 9c Qc]
Seat 1: mike2322484 (big blind) folded on the River
Seat 2: Qassen (button) folded before Flop (didn't bet)
Seat 3: Mahu2021 (small blind) collected (200)



PokerStars Hand #248298070224: Tournament #3701613867, $1.84+$0.16 USD Hold'em No Limit - Level I (10/20) - 2024/01/15 22:19:10 CET [2024/01/15 16:19:10 ET]
Table '3701613867 1' 3-max Seat #3 is the button
Seat 1: mike2322484 (400 in chips) 
Seat 2: Qassen (490 in chips) 
Seat 3: Mahu2021 (610 in chips) 
mike2322484: posts small blind 10
Qassen: posts big blind 20
*** HOLE CARDS ***
Dealt to Mahu2021 [Js Qc]
Mahu2021: calls 20
mike2322484: calls 10
Qassen: checks 
*** FLOP *** [7c Ah Th]
mike2322484: checks 
Qassen: checks 
Mahu2021: checks 
*** TURN *** [7c Ah Th] [8h]
mike2322484: checks 
Qassen: bets 30
Mahu2021: calls 30
mike2322484: calls 30
*** RIVER *** [7c Ah Th 8h] [Kh]
mike2322484: checks 
Qassen: checks 
Mahu2021: checks 
*** SHOW DOWN ***
mike2322484: shows [Qh 3d] (a flush, Ace high)
Qassen: mucks hand 
Mahu2021: mucks hand 
mike2322484 collected 150 from pot
*** SUMMARY ***
Total pot 150 | Rake 0 
Board [7c Ah Th 8h Kh]
Seat 1: mike2322484 (small blind) showed [Qh 3d] and won (150) with a flush, Ace high
Seat 2: Qassen (big blind) mucked [8s Td]
Seat 3: Mahu2021 (button) mucked [Js Qc]



PokerStars Hand #248298084382: Tournament #3701613867, $1.84+$0.16 USD Hold'em No Limit - Level I (10/20) - 2024/01/15 22:19:43 CET [2024/01/15 16:19:43 ET]
Table '3701613867 1' 3-max Seat #1 is the button
Seat 1: mike2322484 (500 in chips) 
Seat 2: Qassen (440 in chips) 
Seat 3: Mahu2021 (560 in chips) 
Qassen: posts small blind 10
Mahu2021: posts big blind 20
*** HOLE CARDS ***
Dealt to Mahu2021 [8s Kc]
mike2322484: calls 20
Qassen: calls 10
Mahu2021: checks 
*** FLOP *** [8h Ah Qh]
Qassen: checks 
Mahu2021: checks 
mike2322484: bets 60
Qassen: folds 
Mahu2021: folds 
Uncalled bet (60) returned to mike2322484
mike2322484 collected 60 from pot
mike2322484: doesn't show hand 
*** SUMMARY ***
Total pot 60 | Rake 0 
Board [8h Ah Qh]
Seat 1: mike2322484 (button) collected (60)
Seat 2: Qassen (small blind) folded on the Flop
Seat 3: Mahu2021 (big blind) folded on the Flop



PokerStars Hand #248298094168: Tournament #3701613867, $1.84+$0.16 USD Hold'em No Limit - Level I (10/20) - 2024/01/15 22:20:05 CET [2024/01/15 16:20:05 ET]
Table '3701613867 1' 3-max Seat #2 is the button
Seat 1: mike2322484 (540 in chips) 
Seat 2: Qassen (420 in chips) 
Seat 3: Mahu2021 (540 in chips) 
Mahu2021: posts small blind 10
mike2322484: posts big blind 20
*** HOLE CARDS ***
Dealt to Mahu2021 [7d 7c]
Qassen: folds 
Mahu2021: raises 20 to 40
mike2322484: calls 20
*** FLOP *** [7h 2h 9d]
Mahu2021: checks 
mike2322484: bets 60
Mahu2021: calls 60
*** TURN *** [7h 2h 9d] [5s]
Mahu2021: checks 
mike2322484: bets 40
Mahu2021: raises 400 to 440 and is all-in
mike2322484: folds 
Uncalled bet (400) returned to Mahu2021
Mahu2021 collected 280 from pot
Mahu2021: doesn't show hand 
*** SUMMARY ***
Total pot 280 | Rake 0 
Board [7h 2h 9d 5s]
Seat 1: mike2322484 (big blind) folded on the Turn
Seat 2: Qassen (button) folded before Flop (didn't bet)
Seat 3: Mahu2021 (small blind) collected (280)



PokerStars Hand #248298107659: Tournament #3701613867, $1.84+$0.16 USD Hold'em No Limit - Level I (10/20) - 2024/01/15 22:20:37 CET [2024/01/15 16:20:37 ET]
Table '3701613867 1' 3-max Seat #3 is the button
Seat 1: mike2322484 (400 in chips) 
Seat 2: Qassen (420 in chips) 
Seat 3: Mahu2021 (680 in chips) 
mike2322484: posts small blind 10
Qassen: posts big blind 20
*** HOLE CARDS ***
Dealt to Mahu2021 [Td Qs]
Mahu2021: calls 20
mike2322484: calls 10
Qassen: checks 
*** FLOP *** [4h 4s 8d]
mike2322484: checks 
Qassen: checks 
Mahu2021: checks 
*** TURN *** [4h 4s 8d] [Js]
mike2322484: bets 100
Qassen: folds 
Mahu2021: folds 
Uncalled bet (100) returned to mike2322484
mike2322484 collected 60 from pot
mike2322484: doesn't show hand 
*** SUMMARY ***
Total pot 60 | Rake 0 
Board [4h 4s 8d Js]
Seat 1: mike2322484 (small blind) collected (60)
Seat 2: Qassen (big blind) folded on the Turn
Seat 3: Mahu2021 (button) folded on the Turn



PokerStars Hand #248298122974: Tournament #3701613867, $1.84+$0.16 USD Hold'em No Limit - Level I (10/20) - 2024/01/15 22:21:13 CET [2024/01/15 16:21:13 ET]
Table '3701613867 1' 3-max Seat #1 is the button
Seat 1: mike2322484 (440 in chips) 
Seat 2: Qassen (400 in chips) 
Seat 3: Mahu2021 (660 in chips) 
Qassen: posts small blind 10
Mahu2021: posts big blind 20
*** HOLE CARDS ***
Dealt to Mahu2021 [9h Ac]
mike2322484: folds 
Qassen: folds 
Uncalled bet (10) returned to Mahu2021
Mahu2021 collected 20 from pot
Mahu2021: doesn't show hand 
*** SUMMARY ***
Total pot 20 | Rake 0 
Seat 1: mike2322484 (button) folded before Flop (didn't bet)
Seat 2: Qassen (small blind) folded before Flop
Seat 3: Mahu2021 (big blind) collected (20)



PokerStars Hand #248298126256: Tournament #3701613867, $1.84+$0.16 USD Hold'em No Limit - Level I (10/20) - 2024/01/15 22:21:21 CET [2024/01/15 16:21:21 ET]
Table '3701613867 1' 3-max Seat #2 is the button
Seat 1: mike2322484 (440 in chips) 
Seat 2: Qassen (390 in chips) 
Seat 3: Mahu2021 (670 in chips) 
Mahu2021: posts small blind 10
mike2322484: posts big blind 20
*** HOLE CARDS ***
Dealt to Mahu2021 [Kc 9h]
Qassen: folds 
Mahu2021: calls 10
mike2322484: checks 
*** FLOP *** [2h Qd 9s]
Mahu2021: bets 20
mike2322484: folds 
Uncalled bet (20) returned to Mahu2021
Mahu2021 collected 40 from pot
Mahu2021: doesn't show hand 
*** SUMMARY ***
Total pot 40 | Rake 0 
Board [2h Qd 9s]
Seat 1: mike2322484 (big blind) folded on the Flop
Seat 2: Qassen (button) folded before Flop (didn't bet)
Seat 3: Mahu2021 (small blind) collected (40)



PokerStars Hand #248298133141: Tournament #3701613867, $1.84+$0.16 USD Hold'em No Limit - Level II (15/30) - 2024/01/15 22:21:37 CET [2024/01/15 16:21:37 ET]
Table '3701613867 1' 3-max Seat #3 is the button
Seat 1: mike2322484 (420 in chips) 
Seat 2: Qassen (390 in chips) 
Seat 3: Mahu2021 (690 in chips) 
mike2322484: posts small blind 15
Qassen: posts big blind 30
*** HOLE CARDS ***
Dealt to Mahu2021 [Qs Jd]
Mahu2021: calls 30
mike2322484: calls 15
Qassen: raises 90 to 120
Mahu2021: folds 
mike2322484: calls 90
*** FLOP *** [7d 9h Qh]
mike2322484: checks 
Qassen: bets 270 and is all-in
mike2322484: calls 270
*** TURN *** [7d 9h Qh] [7s]
*** RIVER *** [7d 9h Qh 7s] [Ac]
*** SHOW DOWN ***
mike2322484: shows [Kh Jc] (a pair of Sevens)
Qassen: shows [7c Td] (three of a kind, Sevens)
Qassen collected 810 from pot
*** SUMMARY ***
Total pot 810 | Rake 0 
Board [7d 9h Qh 7s Ac]
Seat 1: mike2322484 (small blind) showed [Kh Jc] and lost with a pair of Sevens
Seat 2: Qassen (big blind) showed [7c Td] and won (810) with three of a kind, Sevens
Seat 3: Mahu2021 (button) folded before Flop



PokerStars Hand #248298152470: Tournament #3701613867, $1.84+$0.16 USD Hold'em No Limit - Level II (15/30) - 2024/01/15 22:22:22 CET [2024/01/15 16:22:22 ET]
Table '3701613867 1' 3-max Seat #1 is the button
Seat 1: mike2322484 (30 in chips) 
Seat 2: Qassen (810 in chips) 
Seat 3: Mahu2021 (660 in chips) 
Qassen: posts small blind 15
Mahu2021: posts big blind 30
*** HOLE CARDS ***
Dealt to Mahu2021 [7c 3d]
mike2322484: folds 
Qassen: raises 45 to 75
Mahu2021: folds 
Uncalled bet (45) returned to Qassen
Qassen collected 60 from pot
Qassen: doesn't show hand 
*** SUMMARY ***
Total pot 60 | Rake 0 
Seat 1: mike2322484 (button) folded before Flop (didn't bet)
Seat 2: Qassen (small blind) collected (60)
Seat 3: Mahu2021 (big blind) folded before Flop



PokerStars Hand #248298155463: Tournament #3701613867, $1.84+$0.16 USD Hold'em No Limit - Level II (15/30) - 2024/01/15 22:22:29 CET [2024/01/15 16:22:29 ET]
Table '3701613867 1' 3-max Seat #2 is the button
Seat 1: mike2322484 (30 in chips) 
Seat 2: Qassen (840 in chips) 
Seat 3: Mahu2021 (630 in chips) 
Mahu2021: posts small blind 15
mike2322484: posts big blind 30 and is all-in
*** HOLE CARDS ***
Dealt to Mahu2021 [3s 6s]
Qassen: folds 
Mahu2021: calls 15
*** FLOP *** [6h 8s Ks]
*** TURN *** [6h 8s Ks] [7h]
*** RIVER *** [6h 8s Ks 7h] [Ad]
*** SHOW DOWN ***
Mahu2021: shows [3s 6s] (a pair of Sixes)
mike2322484: shows [2s 5c] (high card Ace)
Mahu2021 collected 60 from pot
mike2322484 finished the tournament in 3rd place
*** SUMMARY ***
Total pot 60 | Rake 0 
Board [6h 8s Ks 7h Ad]
Seat 1: mike2322484 (big blind) showed [2s 5c] and lost with high card Ace
Seat 2: Qassen (button) folded before Flop (didn't bet)
Seat 3: Mahu2021 (small blind) showed [3s 6s] and won (60) with a pair of Sixes



PokerStars Hand #248298164513: Tournament #3701613867, $1.84+$0.16 USD Hold'em No Limit - Level II (15/30) - 2024/01/15 22:22:50 CET [2024/01/15 16:22:50 ET]
Table '3701613867 1' 3-max Seat #3 is the button
Seat 2: Qassen (840 in chips) 
Seat 3: Mahu2021 (660 in chips) 
Mahu2021: posts small blind 15
Qassen: posts big blind 30
*** HOLE CARDS ***
Dealt to Mahu2021 [3c 9c]
Mahu2021: calls 15
Qassen: checks 
*** FLOP *** [Ad 6h 7d]
Qassen: checks 
Mahu2021: bets 30
Qassen: calls 30
*** TURN *** [Ad 6h 7d] [4d]
Qassen: checks 
Mahu2021: checks 
*** RIVER *** [Ad 6h 7d 4d] [Ac]
Qassen: checks 
Mahu2021: checks 
*** SHOW DOWN ***
Qassen: shows [Kh 6s] (two pair, Aces and Sixes)
Mahu2021: mucks hand 
Qassen collected 120 from pot
*** SUMMARY ***
Total pot 120 | Rake 0 
Board [Ad 6h 7d 4d Ac]
Seat 2: Qassen (big blind) showed [Kh 6s] and won (120) with two pair, Aces and Sixes
Seat 3: Mahu2021 (button) (small blind) mucked [3c 9c]



PokerStars Hand #248298172814: Tournament #3701613867, $1.84+$0.16 USD Hold'em No Limit - Level II (15/30) - 2024/01/15 22:23:10 CET [2024/01/15 16:23:10 ET]
Table '3701613867 1' 3-max Seat #2 is the button
Seat 2: Qassen (900 in chips) 
Seat 3: Mahu2021 (600 in chips) 
Qassen: posts small blind 15
Mahu2021: posts big blind 30
*** HOLE CARDS ***
Dealt to Mahu2021 [2h 8s]
Qassen: calls 15
Mahu2021: checks 
*** FLOP *** [Ac Qd Jh]
Mahu2021: checks 
Qassen: bets 30
Mahu2021: folds 
Uncalled bet (30) returned to Qassen
Qassen collected 60 from pot
Qassen: doesn't show hand 
*** SUMMARY ***
Total pot 60 | Rake 0 
Board [Ac Qd Jh]
Seat 2: Qassen (button) (small blind) collected (60)
Seat 3: Mahu2021 (big blind) folded on the Flop



PokerStars Hand #248298178922: Tournament #3701613867, $1.84+$0.16 USD Hold'em No Limit - Level II (15/30) - 2024/01/15 22:23:24 CET [2024/01/15 16:23:24 ET]
Table '3701613867 1' 3-max Seat #3 is the button
Seat 2: Qassen (930 in chips) 
Seat 3: Mahu2021 (570 in chips) 
Mahu2021: posts small blind 15
Qassen: posts big blind 30
*** HOLE CARDS ***
Dealt to Mahu2021 [8d 3c]
Mahu2021: folds 
Uncalled bet (15) returned to Qassen
Qassen collected 30 from pot
Qassen: doesn't show hand 
*** SUMMARY ***
Total pot 30 | Rake 0 
Seat 2: Qassen (big blind) collected (30)
Seat 3: Mahu2021 (button) (small blind) folded before Flop



PokerStars Hand #248298180790: Tournament #3701613867, $1.84+$0.16 USD Hold'em No Limit - Level II (15/30) - 2024/01/15 22:23:29 CET [2024/01/15 16:23:29 ET]
Table '3701613867 1' 3-max Seat #2 is the button
Seat 2: Qassen (945 in chips) 
Seat 3: Mahu2021 (555 in chips) 
Qassen: posts small blind 15
Mahu2021: posts big blind 30
*** HOLE CARDS ***
Dealt to Mahu2021 [3c Ts]
Qassen: calls 15
Mahu2021: checks 
*** FLOP *** [7h 8s Qh]
Mahu2021: checks 
Qassen: bets 30
Mahu2021: folds 
Uncalled bet (30) returned to Qassen
Qassen collected 60 from pot
Qassen: doesn't show hand 
*** SUMMARY ***
Total pot 60 | Rake 0 
Board [7h 8s Qh]
Seat 2: Qassen (button) (small blind) collected (60)
Seat 3: Mahu2021 (big blind) folded on the Flop



PokerStars Hand #248298186521: Tournament #3701613867, $1.84+$0.16 USD Hold'em No Limit - Level II (15/30) - 2024/01/15 22:23:42 CET [2024/01/15 16:23:42 ET]
Table '3701613867 1' 3-max Seat #3 is the button
Seat 2: Qassen (975 in chips) 
Seat 3: Mahu2021 (525 in chips) 
Mahu2021: posts small blind 15
Qassen: posts big blind 30
*** HOLE CARDS ***
Dealt to Mahu2021 [3h Ts]
Mahu2021: folds 
Uncalled bet (15) returned to Qassen
Qassen collected 30 from pot
Qassen: doesn't show hand 
*** SUMMARY ***
Total pot 30 | Rake 0 
Seat 2: Qassen (big blind) collected (30)
Seat 3: Mahu2021 (button) (small blind) folded before Flop



PokerStars Hand #248298188332: Tournament #3701613867, $1.84+$0.16 USD Hold'em No Limit - Level II (15/30) - 2024/01/15 22:23:46 CET [2024/01/15 16:23:46 ET]
Table '3701613867 1' 3-max Seat #2 is the button
Seat 2: Qassen (990 in chips) 
Seat 3: Mahu2021 (510 in chips) 
Qassen: posts small blind 15
Mahu2021: posts big blind 30
*** HOLE CARDS ***
Dealt to Mahu2021 [Jc Th]
Qassen: calls 15
Mahu2021: checks 
*** FLOP *** [8s 5h Qh]
Mahu2021: checks 
Qassen: bets 30
Mahu2021: calls 30
*** TURN *** [8s 5h Qh] [9d]
Mahu2021: checks 
Qassen: bets 102
Mahu2021: calls 102
*** RIVER *** [8s 5h Qh 9d] [Kc]
Mahu2021: bets 60
Qassen: raises 768 to 828 and is all-in
Mahu2021: calls 288 and is all-in
Uncalled bet (480) returned to Qassen
*** SHOW DOWN ***
Qassen: shows [6h Js] (high card King)
Mahu2021: shows [Jc Th] (a straight, Nine to King)
Mahu2021 collected 1020 from pot
*** SUMMARY ***
Total pot 1020 | Rake 0 
Board [8s 5h Qh 9d Kc]
Seat 2: Qassen (button) (small blind) showed [6h Js] and lost with high card King
Seat 3: Mahu2021 (big blind) showed [Jc Th] and won (1020) with a straight, Nine to King



PokerStars Hand #248298204746: Tournament #3701613867, $1.84+$0.16 USD Hold'em No Limit - Level II (15/30) - 2024/01/15 22:24:25 CET [2024/01/15 16:24:25 ET]
Table '3701613867 1' 3-max Seat #3 is the button
Seat 2: Qassen (480 in chips) 
Seat 3: Mahu2021 (1020 in chips) 
Mahu2021: posts small blind 15
Qassen: posts big blind 30
*** HOLE CARDS ***
Dealt to Mahu2021 [Qh 5s]
Mahu2021: folds 
Uncalled bet (15) returned to Qassen
Qassen collected 30 from pot
Qassen: doesn't show hand 
*** SUMMARY ***
Total pot 30 | Rake 0 
Seat 2: Qassen (big blind) collected (30)
Seat 3: Mahu2021 (button) (small blind) folded before Flop



PokerStars Hand #248298207953: Tournament #3701613867, $1.84+$0.16 USD Hold'em No Limit - Level III (20/40) - 2024/01/15 22:24:32 CET [2024/01/15 16:24:32 ET]
Table '3701613867 1' 3-max Seat #2 is the button
Seat 2: Qassen (495 in chips) 
Seat 3: Mahu2021 (1005 in chips) 
Qassen: posts small blind 20
Mahu2021: posts big blind 40
*** HOLE CARDS ***
Dealt to Mahu2021 [Ks 2c]
Qassen: calls 20
Mahu2021: checks 
*** FLOP *** [Kh 3s Js]
Mahu2021: checks 
Qassen: bets 40
Mahu2021: calls 40
*** TURN *** [Kh 3s Js] [Ts]
Mahu2021: checks 
Qassen: bets 100
Mahu2021: raises 825 to 925 and is all-in
Qassen: folds 
Uncalled bet (825) returned to Mahu2021
Mahu2021 collected 360 from pot
Mahu2021: doesn't show hand 
*** SUMMARY ***
Total pot 360 | Rake 0 
Board [Kh 3s Js Ts]
Seat 2: Qassen (button) (small blind) folded on the Turn
Seat 3: Mahu2021 (big blind) collected (360)



PokerStars Hand #248298214320: Tournament #3701613867, $1.84+$0.16 USD Hold'em No Limit - Level III (20/40) - 2024/01/15 22:24:47 CET [2024/01/15 16:24:47 ET]
Table '3701613867 1' 3-max Seat #3 is the button
Seat 2: Qassen (315 in chips) 
Seat 3: Mahu2021 (1185 in chips) 
Mahu2021: posts small blind 20
Qassen: posts big blind 40
*** HOLE CARDS ***
Dealt to Mahu2021 [Ad Jc]
Mahu2021: raises 80 to 120
Qassen: raises 120 to 240
Mahu2021: raises 945 to 1185 and is all-in
Qassen: calls 75 and is all-in
Uncalled bet (870) returned to Mahu2021
*** FLOP *** [8c 2s 7s]
*** TURN *** [8c 2s 7s] [9h]
*** RIVER *** [8c 2s 7s 9h] [4c]
*** SHOW DOWN ***
Qassen: shows [Th Kd] (high card King)
Mahu2021: shows [Ad Jc] (high card Ace)
Mahu2021 collected 630 from pot
Qassen finished the tournament in 2nd place
Mahu2021 wins the tournament and receives $8.00 - congratulations!
*** SUMMARY ***
Total pot 630 | Rake 0 
Board [8c 2s 7s 9h 4c]
Seat 2: Qassen (big blind) showed [Th Kd] and lost with high card King
Seat 3: Mahu2021 (button) (small blind) showed [Ad Jc] and won (630) with high card Ace



