PokerStars Zoom Hand #254174564207:  Hold'em No Limit ($0.05/$0.10) - 2025/01/03 19:15:31 CET [2025/01/03 13:15:31 ET]
Table 'Aludra' 6-max Seat #1 is the button
Seat 1: Flexilexei ($5.42 in chips) 
Seat 2: popteam ($10.64 in chips) 
Seat 3: Mahu2021 ($10 in chips) 
Seat 4: WolcharaAP ($20.43 in chips) 
Seat 5: B0SSD3M ($9.65 in chips) 
Seat 6: GoodGame1989 ($10 in chips) 
popteam: posts small blind $0.05
Mahu2021: posts big blind $0.10
*** HOLE CARDS ***
Dealt to Mahu2021 [Ac Jc]
WolcharaAP: folds 
B0SSD3M: raises $0.10 to $0.20
GoodGame1989: folds 
Flexilexei: raises $0.10 to $0.30
popteam: folds 
Mahu2021: calls $0.20
B0SSD3M: calls $0.10
*** FLOP *** [2h 9s 7s]
Mahu2021: checks 
B0SSD3M: checks 
Flexilexei: bets $0.46
Mahu2021: calls $0.46
B0SSD3M: folds 
*** TURN *** [2h 9s 7s] [9d]
Mahu2021: checks 
Flexilexei: checks 
*** RIVER *** [2h 9s 7s 9d] [7d]
Mahu2021: checks 
Flexilexei: checks 
*** SHOW DOWN ***
Mahu2021: shows [Ac Jc] (two pair, Nines and Sevens)
Flexilexei: mucks hand 
Mahu2021 collected $1.79 from pot
*** SUMMARY ***
Total pot $1.87 | Rake $0.08 
Board [2h 9s 7s 9d 7d]
Seat 1: Flexilexei (button) mucked [5h 5s]
Seat 2: popteam (small blind) folded before Flop
Seat 3: Mahu2021 (big blind) showed [Ac Jc] and won ($1.79) with two pair, Nines and Sevens
Seat 4: WolcharaAP folded before Flop (didn't bet)
Seat 5: B0SSD3M folded on the Flop
Seat 6: GoodGame1989 folded before Flop (didn't bet)



PokerStars Zoom Hand #254174582219:  Hold'em No Limit ($0.05/$0.10) - 2025/01/03 19:16:28 CET [2025/01/03 13:16:28 ET]
Table 'Aludra' 6-max Seat #1 is the button
Seat 1: humo97 ($10 in chips) 
Seat 2: Mace F1 ($5.64 in chips) 
Seat 3: Wulverate87 ($9.37 in chips) 
Seat 4: Danny Yar ($7.76 in chips) 
Seat 5: Axel Logan ($10.26 in chips) 
Seat 6: Mahu2021 ($10.98 in chips) 
Mace F1: posts small blind $0.05
Wulverate87: posts big blind $0.10
*** HOLE CARDS ***
Dealt to Mahu2021 [Ah 4c]
Danny Yar: folds 
Axel Logan: folds 
Mahu2021: folds 
humo97: raises $0.10 to $0.20
Mace F1: folds 
Wulverate87: folds 
Uncalled bet ($0.10) returned to humo97
humo97 collected $0.25 from pot
humo97: doesn't show hand 
*** SUMMARY ***
Total pot $0.25 | Rake $0 
Seat 1: humo97 (button) collected ($0.25)
Seat 2: Mace F1 (small blind) folded before Flop
Seat 3: Wulverate87 (big blind) folded before Flop
Seat 4: Danny Yar folded before Flop (didn't bet)
Seat 5: Axel Logan folded before Flop (didn't bet)
Seat 6: Mahu2021 folded before Flop (didn't bet)



PokerStars Zoom Hand #254174578217:  Hold'em No Limit ($0.05/$0.10) - 2025/01/03 19:16:16 CET [2025/01/03 13:16:16 ET]
Table 'Aludra' 6-max Seat #1 is the button
Seat 1: ElDelfin38 ($10 in chips) 
Seat 2: Mahu2021 ($11.03 in chips) 
Seat 3: 8ujn ($10 in chips) 
Seat 4: GoodGame1989 ($10 in chips) 
Seat 5: garimegane ($10.94 in chips) 
Seat 6: Flexilexei ($4.66 in chips) 
Mahu2021: posts small blind $0.05
8ujn: posts big blind $0.10
*** HOLE CARDS ***
Dealt to Mahu2021 [As 8c]
GoodGame1989: folds 
garimegane: folds 
Flexilexei: calls $0.10
ElDelfin38: raises $0.20 to $0.30
Mahu2021: folds 
8ujn: folds 
Flexilexei: calls $0.20
*** FLOP *** [Ad 8s 7h]
Flexilexei: bets $0.10
ElDelfin38: raises $0.40 to $0.50
Flexilexei: calls $0.40
*** TURN *** [Ad 8s 7h] [4s]
Flexilexei: checks 
ElDelfin38: checks 
*** RIVER *** [Ad 8s 7h 4s] [4c]
Flexilexei: checks 
ElDelfin38: checks 
*** SHOW DOWN ***
Flexilexei: shows [8d 3c] (two pair, Eights and Fours)
ElDelfin38: mucks hand 
Flexilexei collected $1.67 from pot
*** SUMMARY ***
Total pot $1.75 | Rake $0.08 
Board [Ad 8s 7h 4s 4c]
Seat 1: ElDelfin38 (button) mucked [9s Kc]
Seat 2: Mahu2021 (small blind) folded before Flop
Seat 3: 8ujn (big blind) folded before Flop
Seat 4: GoodGame1989 folded before Flop (didn't bet)
Seat 5: garimegane folded before Flop (didn't bet)
Seat 6: Flexilexei showed [8d 3c] and won ($1.67) with two pair, Eights and Fours



PokerStars Zoom Hand #254174584074:  Hold'em No Limit ($0.05/$0.10) - 2025/01/03 19:16:34 CET [2025/01/03 13:16:34 ET]
Table 'Aludra' 6-max Seat #1 is the button
Seat 1: Mahu2021 ($10.98 in chips) 
Seat 2: dsanchez11 ($10 in chips) 
Seat 3: Axel Logan ($11.01 in chips) 
Seat 4: Alejandro85s ($9.55 in chips) 
Seat 5: Ruselllll ($10.41 in chips) 
Seat 6: COVEIROANCAP ($17.45 in chips) 
dsanchez11: posts small blind $0.05
Axel Logan: posts big blind $0.10
*** HOLE CARDS ***
Dealt to Mahu2021 [Ad 9c]
Alejandro85s: raises $0.20 to $0.30
Ruselllll: folds 
COVEIROANCAP: folds 
Mahu2021: calls $0.30
dsanchez11: folds 
Axel Logan: folds 
*** FLOP *** [5h 3s Ah]
Alejandro85s: bets $0.27
Mahu2021: calls $0.27
*** TURN *** [5h 3s Ah] [3d]
Alejandro85s: checks 
Mahu2021: checks 
*** RIVER *** [5h 3s Ah 3d] [8s]
Alejandro85s: checks 
Mahu2021: bets $0.20
Alejandro85s: calls $0.20
*** SHOW DOWN ***
Mahu2021: shows [Ad 9c] (two pair, Aces and Threes)
Alejandro85s: mucks hand 
Mahu2021 collected $1.61 from pot
*** SUMMARY ***
Total pot $1.69 | Rake $0.08 
Board [5h 3s Ah 3d 8s]
Seat 1: Mahu2021 (button) showed [Ad 9c] and won ($1.61) with two pair, Aces and Threes
Seat 2: dsanchez11 (small blind) folded before Flop
Seat 3: Axel Logan (big blind) folded before Flop
Seat 4: Alejandro85s mucked [Th Td]
Seat 5: Ruselllll folded before Flop (didn't bet)
Seat 6: COVEIROANCAP folded before Flop (didn't bet)



PokerStars Zoom Hand #254174591623:  Hold'em No Limit ($0.05/$0.10) - 2025/01/03 19:16:59 CET [2025/01/03 13:16:59 ET]
Table 'Aludra' 6-max Seat #1 is the button
Seat 1: Ruselllll ($10.26 in chips) 
Seat 2: Extecoetter25 ($10.25 in chips) 
Seat 3: Gal4krond ($12.53 in chips) 
Seat 4: ElJosen'10 ($10 in chips) 
Seat 5: Mahu2021 ($11.82 in chips) 
Seat 6: humo97 ($10.30 in chips) 
Extecoetter25: posts small blind $0.05
Gal4krond: posts big blind $0.10
*** HOLE CARDS ***
Dealt to Mahu2021 [6h Ad]
ElJosen'10: folds 
Mahu2021: folds 
humo97: folds 
Ruselllll: folds 
Extecoetter25: raises $0.25 to $0.35
Gal4krond: folds 
Uncalled bet ($0.25) returned to Extecoetter25
Extecoetter25 collected $0.20 from pot
Extecoetter25: doesn't show hand 
*** SUMMARY ***
Total pot $0.20 | Rake $0 
Seat 1: Ruselllll (button) folded before Flop (didn't bet)
Seat 2: Extecoetter25 (small blind) collected ($0.20)
Seat 3: Gal4krond (big blind) folded before Flop
Seat 4: ElJosen'10 folded before Flop (didn't bet)
Seat 5: Mahu2021 folded before Flop (didn't bet)
Seat 6: humo97 folded before Flop (didn't bet)



PokerStars Zoom Hand #254174599726:  Hold'em No Limit ($0.05/$0.10) - 2025/01/03 19:17:25 CET [2025/01/03 13:17:25 ET]
Table 'Aludra' 6-max Seat #1 is the button
Seat 1: DenFedeDreng ($18.04 in chips) 
Seat 2: Poker *ymka14* ($16.89 in chips) 
Seat 3: 8ujn ($9.60 in chips) 
Seat 4: Mace F1 ($7.09 in chips) 
Seat 5: VoltaireReplica ($11.37 in chips) 
Seat 6: Mahu2021 ($11.67 in chips) 
Poker *ymka14*: posts small blind $0.05
8ujn: posts big blind $0.10
*** HOLE CARDS ***
Dealt to Mahu2021 [Jc 6h]
Mace F1: folds 
VoltaireReplica: folds 
Mahu2021: folds 
DenFedeDreng: folds 
Poker *ymka14*: calls $0.05
8ujn: checks 
*** FLOP *** [4h Kd Ac]
Poker *ymka14*: bets $0.10
8ujn: folds 
Uncalled bet ($0.10) returned to Poker *ymka14*
Poker *ymka14* collected $0.19 from pot
Poker *ymka14*: doesn't show hand 
*** SUMMARY ***
Total pot $0.20 | Rake $0.01 
Board [4h Kd Ac]
Seat 1: DenFedeDreng (button) folded before Flop (didn't bet)
Seat 2: Poker *ymka14* (small blind) collected ($0.19)
Seat 3: 8ujn (big blind) folded on the Flop
Seat 4: Mace F1 folded before Flop (didn't bet)
Seat 5: VoltaireReplica folded before Flop (didn't bet)
Seat 6: Mahu2021 folded before Flop (didn't bet)



PokerStars Zoom Hand #254174601232:  Hold'em No Limit ($0.05/$0.10) - 2025/01/03 19:17:30 CET [2025/01/03 13:17:30 ET]
Table 'Aludra' 6-max Seat #1 is the button
Seat 1: Mahu2021 ($11.67 in chips) 
Seat 2: Master205 ($14.42 in chips) 
Seat 3: finale888 ($10 in chips) 
Seat 4: zarpapis ($10.15 in chips) 
Seat 5: Mc4Bet ($67.19 in chips) 
Seat 6: Alejandro85s ($9.10 in chips) 
Master205: posts small blind $0.05
finale888: posts big blind $0.10
*** HOLE CARDS ***
Dealt to Mahu2021 [Kc Tc]
zarpapis: folds 
Mc4Bet: folds 
Alejandro85s: folds 
Mahu2021: raises $0.20 to $0.30
Master205: folds 
finale888: folds 
Uncalled bet ($0.20) returned to Mahu2021
Mahu2021 collected $0.25 from pot
Mahu2021: doesn't show hand 
*** SUMMARY ***
Total pot $0.25 | Rake $0 
Seat 1: Mahu2021 (button) collected ($0.25)
Seat 2: Master205 (small blind) folded before Flop
Seat 3: finale888 (big blind) folded before Flop
Seat 4: zarpapis folded before Flop (didn't bet)
Seat 5: Mc4Bet folded before Flop (didn't bet)
Seat 6: Alejandro85s folded before Flop (didn't bet)



PokerStars Zoom Hand #254174592972:  Hold'em No Limit ($0.05/$0.10) - 2025/01/03 19:17:03 CET [2025/01/03 13:17:03 ET]
Table 'Aludra' 6-max Seat #1 is the button
Seat 1: Axel Logan ($10.86 in chips) 
Seat 2: Teflonmemory ($10 in chips) 
Seat 3: garimegane ($11.27 in chips) 
Seat 4: Mahu2021 ($11.82 in chips) 
Seat 5: lelo122310 ($17.93 in chips) 
Seat 6: skifuchs ($11.88 in chips) 
Teflonmemory: posts small blind $0.05
garimegane: posts big blind $0.10
*** HOLE CARDS ***
Dealt to Mahu2021 [Jd 6h]
Mahu2021: folds 
lelo122310: calls $0.10
skifuchs: folds 
Axel Logan: folds 
Teflonmemory: folds 
garimegane: raises $0.20 to $0.30
lelo122310: calls $0.20
*** FLOP *** [Td Qc 9c]
garimegane: bets $0.31
lelo122310: folds 
Uncalled bet ($0.31) returned to garimegane
garimegane collected $0.62 from pot
garimegane: doesn't show hand 
*** SUMMARY ***
Total pot $0.65 | Rake $0.03 
Board [Td Qc 9c]
Seat 1: Axel Logan (button) folded before Flop (didn't bet)
Seat 2: Teflonmemory (small blind) folded before Flop
Seat 3: garimegane (big blind) collected ($0.62)
Seat 4: Mahu2021 folded before Flop (didn't bet)
Seat 5: lelo122310 folded on the Flop
Seat 6: skifuchs folded before Flop (didn't bet)



PokerStars Zoom Hand #254174596038:  Hold'em No Limit ($0.05/$0.10) - 2025/01/03 19:17:13 CET [2025/01/03 13:17:13 ET]
Table 'Aludra' 6-max Seat #1 is the button
Seat 1: Extecoetter25 ($10.35 in chips) 
Seat 2: Mahu2021 ($11.82 in chips) 
Seat 3: hiding.by ($10.92 in chips) 
Seat 4: alan01954 ($8.46 in chips) 
Seat 5: popteam ($14.44 in chips) 
Seat 6: GoodGame1989 ($10.30 in chips) 
Mahu2021: posts small blind $0.05
hiding.by: posts big blind $0.10
*** HOLE CARDS ***
Dealt to Mahu2021 [Td 8s]
alan01954: folds 
popteam: folds 
GoodGame1989: folds 
Extecoetter25: raises $0.15 to $0.25
Mahu2021: folds 
hiding.by: calls $0.15
*** FLOP *** [Tc Qc Kd]
hiding.by: checks 
Extecoetter25: bets $0.66
hiding.by: folds 
Uncalled bet ($0.66) returned to Extecoetter25
Extecoetter25 collected $0.53 from pot
Extecoetter25: doesn't show hand 
*** SUMMARY ***
Total pot $0.55 | Rake $0.02 
Board [Tc Qc Kd]
Seat 1: Extecoetter25 (button) collected ($0.53)
Seat 2: Mahu2021 (small blind) folded before Flop
Seat 3: hiding.by (big blind) folded on the Flop
Seat 4: alan01954 folded before Flop (didn't bet)
Seat 5: popteam folded before Flop (didn't bet)
Seat 6: GoodGame1989 folded before Flop (didn't bet)



PokerStars Zoom Hand #254174606571:  Hold'em No Limit ($0.05/$0.10) - 2025/01/03 19:17:47 CET [2025/01/03 13:17:47 ET]
Table 'Aludra' 6-max Seat #1 is the button
Seat 1: B1ackwaterPark ($25.42 in chips) 
Seat 2: Gal4krond ($12.28 in chips) 
Seat 3: Die8 ($11.93 in chips) 
Seat 4: Teflonmemory ($10 in chips) 
Seat 5: Mahu2021 ($11.82 in chips) 
Seat 6: looser00091 ($21.66 in chips) 
Gal4krond: posts small blind $0.05
Die8: posts big blind $0.10
*** HOLE CARDS ***
Dealt to Mahu2021 [7h Qc]
Teflonmemory: folds 
Mahu2021: folds 
looser00091: raises $0.15 to $0.25
B1ackwaterPark: folds 
Gal4krond: folds 
Die8: folds 
Uncalled bet ($0.15) returned to looser00091
looser00091 collected $0.25 from pot
looser00091: doesn't show hand 
*** SUMMARY ***
Total pot $0.25 | Rake $0 
Seat 1: B1ackwaterPark (button) folded before Flop (didn't bet)
Seat 2: Gal4krond (small blind) folded before Flop
Seat 3: Die8 (big blind) folded before Flop
Seat 4: Teflonmemory folded before Flop (didn't bet)
Seat 5: Mahu2021 folded before Flop (didn't bet)
Seat 6: looser00091 collected ($0.25)



PokerStars Zoom Hand #254174609008:  Hold'em No Limit ($0.05/$0.10) - 2025/01/03 19:17:55 CET [2025/01/03 13:17:55 ET]
Table 'Aludra' 6-max Seat #1 is the button
Seat 1: Wulverate87 ($9.50 in chips) 
Seat 2: gabrieltxk ($11.24 in chips) 
Seat 3: Mahu2021 ($11.82 in chips) 
Seat 4: D4widHH ($12.13 in chips) 
Seat 5: Aruce1 ($37.12 in chips) 
Seat 6: UNKNOWN_x_13 ($6.07 in chips) 
gabrieltxk: posts small blind $0.05
Mahu2021: posts big blind $0.10
*** HOLE CARDS ***
Dealt to Mahu2021 [2c Qh]
D4widHH: calls $0.10
Aruce1: folds 
UNKNOWN_x_13: folds 
Wulverate87: folds 
gabrieltxk: calls $0.05
Mahu2021: checks 
*** FLOP *** [Tc 4d 4c]
gabrieltxk: checks 
Mahu2021: checks 
D4widHH: checks 
*** TURN *** [Tc 4d 4c] [8s]
gabrieltxk: checks 
Mahu2021: checks 
D4widHH: checks 
*** RIVER *** [Tc 4d 4c 8s] [Qc]
gabrieltxk: checks 
Mahu2021: bets $0.20
D4widHH: folds 
gabrieltxk: folds 
Uncalled bet ($0.20) returned to Mahu2021
Mahu2021 collected $0.29 from pot
Mahu2021: doesn't show hand 
*** SUMMARY ***
Total pot $0.30 | Rake $0.01 
Board [Tc 4d 4c 8s Qc]
Seat 1: Wulverate87 (button) folded before Flop (didn't bet)
Seat 2: gabrieltxk (small blind) folded on the River
Seat 3: Mahu2021 (big blind) collected ($0.29)
Seat 4: D4widHH folded on the River
Seat 5: Aruce1 folded before Flop (didn't bet)
Seat 6: UNKNOWN_x_13 folded before Flop (didn't bet)



PokerStars Zoom Hand #254174607778:  Hold'em No Limit ($0.05/$0.10) - 2025/01/03 19:17:51 CET [2025/01/03 13:17:51 ET]
Table 'Aludra' 6-max Seat #1 is the button
Seat 1: B0SSD3M ($9.52 in chips) 
Seat 2: lelo122310 ($17.63 in chips) 
Seat 3: patendas100 ($14.26 in chips) 
Seat 4: Mahu2021 ($11.82 in chips) 
Seat 5: Hoe_Jyland69 ($6.38 in chips) 
Seat 6: Mace F1 ($6.99 in chips) 
lelo122310: posts small blind $0.05
patendas100: posts big blind $0.10
*** HOLE CARDS ***
Dealt to Mahu2021 [Ts Qh]
Mahu2021: folds 
Hoe_Jyland69: calls $0.10
Mace F1: folds 
B0SSD3M: raises $0.35 to $0.45
lelo122310: folds 
patendas100: calls $0.35
Hoe_Jyland69: calls $0.35
*** FLOP *** [5s Kh 4h]
patendas100: checks 
Hoe_Jyland69: checks 
B0SSD3M: bets $0.67
patendas100: calls $0.67
Hoe_Jyland69: folds 
*** TURN *** [5s Kh 4h] [5d]
patendas100: checks 
B0SSD3M: checks 
*** RIVER *** [5s Kh 4h 5d] [2h]
patendas100: bets $1.31
B0SSD3M: folds 
Uncalled bet ($1.31) returned to patendas100
patendas100 collected $2.62 from pot
patendas100: doesn't show hand 
*** SUMMARY ***
Total pot $2.74 | Rake $0.12 
Board [5s Kh 4h 5d 2h]
Seat 1: B0SSD3M (button) folded on the River
Seat 2: lelo122310 (small blind) folded before Flop
Seat 3: patendas100 (big blind) collected ($2.62)
Seat 4: Mahu2021 folded before Flop (didn't bet)
Seat 5: Hoe_Jyland69 folded on the Flop
Seat 6: Mace F1 folded before Flop (didn't bet)



PokerStars Zoom Hand #254174619464:  Hold'em No Limit ($0.05/$0.10) - 2025/01/03 19:18:29 CET [2025/01/03 13:18:29 ET]
Table 'Aludra' 6-max Seat #1 is the button
Seat 1: looser00091 ($19.14 in chips) 
Seat 2: Mahu2021 ($12.01 in chips) 
Seat 3: COVEIROANCAP ($16.55 in chips) 
Seat 4: Hoe_Jyland69 ($5.93 in chips) 
Seat 5: WolcharaAP ($19.87 in chips) 
Seat 6: ElDelfin38 ($10.15 in chips) 
Mahu2021: posts small blind $0.05
COVEIROANCAP: posts big blind $0.10
*** HOLE CARDS ***
Dealt to Mahu2021 [4c Jc]
Hoe_Jyland69: folds 
WolcharaAP: folds 
ElDelfin38: folds 
looser00091: folds 
Mahu2021: raises $0.20 to $0.30
COVEIROANCAP: folds 
Uncalled bet ($0.20) returned to Mahu2021
Mahu2021 collected $0.20 from pot
Mahu2021: doesn't show hand 
*** SUMMARY ***
Total pot $0.20 | Rake $0 
Seat 1: looser00091 (button) folded before Flop (didn't bet)
Seat 2: Mahu2021 (small blind) collected ($0.20)
Seat 3: COVEIROANCAP (big blind) folded before Flop
Seat 4: Hoe_Jyland69 folded before Flop (didn't bet)
Seat 5: WolcharaAP folded before Flop (didn't bet)
Seat 6: ElDelfin38 folded before Flop (didn't bet)



PokerStars Zoom Hand #254174597582:  Hold'em No Limit ($0.05/$0.10) - 2025/01/03 19:17:18 CET [2025/01/03 13:17:18 ET]
Table 'Aludra' 6-max Seat #1 is the button
Seat 1: ivoli1983 ($9.88 in chips) 
Seat 2: royacht ($10.75 in chips) 
Seat 3: Mahu2021 ($11.77 in chips) 
Seat 4: dsanchez11 ($10 in chips) 
Seat 5: Panda_Pooh_od ($10.51 in chips) 
Seat 6: Axel Logan ($10.86 in chips) 
royacht: posts small blind $0.05
Mahu2021: posts big blind $0.10
*** HOLE CARDS ***
Dealt to Mahu2021 [Qs 8h]
dsanchez11: raises $0.15 to $0.25
Panda_Pooh_od: folds 
Axel Logan: folds 
ivoli1983: calls $0.25
royacht: calls $0.20
Mahu2021: folds 
*** FLOP *** [Jc 2c 8s]
royacht: checks 
dsanchez11: bets $0.26
ivoli1983: calls $0.26
royacht: calls $0.26
*** TURN *** [Jc 2c 8s] [Tc]
royacht: checks 
dsanchez11: checks 
ivoli1983: bets $0.20
royacht: calls $0.20
dsanchez11: calls $0.20
*** RIVER *** [Jc 2c 8s Tc] [Kc]
royacht: checks 
dsanchez11: bets $1.53
ivoli1983: folds 
royacht: folds 
Uncalled bet ($1.53) returned to dsanchez11
dsanchez11 collected $2.13 from pot
dsanchez11: doesn't show hand 
*** SUMMARY ***
Total pot $2.23 | Rake $0.10 
Board [Jc 2c 8s Tc Kc]
Seat 1: ivoli1983 (button) folded on the River
Seat 2: royacht (small blind) folded on the River
Seat 3: Mahu2021 (big blind) folded before Flop
Seat 4: dsanchez11 collected ($2.13)
Seat 5: Panda_Pooh_od folded before Flop (didn't bet)
Seat 6: Axel Logan folded before Flop (didn't bet)



PokerStars Zoom Hand #254174624751:  Hold'em No Limit ($0.05/$0.10) - 2025/01/03 19:18:46 CET [2025/01/03 13:18:46 ET]
Table 'Aludra' 6-max Seat #1 is the button
Seat 1: COVEIROANCAP ($16.45 in chips) 
Seat 2: Extecoetter25 ($10.33 in chips) 
Seat 3: xgolyx ($18.28 in chips) 
Seat 4: rlfehd ($10 in chips) 
Seat 5: stand123 ($10.53 in chips) 
Seat 6: Mahu2021 ($12.11 in chips) 
Extecoetter25: posts small blind $0.05
xgolyx: posts big blind $0.10
*** HOLE CARDS ***
Dealt to Mahu2021 [3s Kc]
rlfehd: folds 
stand123: folds 
Mahu2021: folds 
COVEIROANCAP: folds 
Extecoetter25: raises $0.25 to $0.35
xgolyx: calls $0.25
*** FLOP *** [4s 5h 3d]
Extecoetter25: checks 
xgolyx: bets $0.38
Extecoetter25: calls $0.38
*** TURN *** [4s 5h 3d] [2h]
Extecoetter25: checks 
xgolyx: checks 
*** RIVER *** [4s 5h 3d 2h] [8s]
Extecoetter25: checks 
xgolyx: checks 
*** SHOW DOWN ***
Extecoetter25: shows [4h Kh] (a pair of Fours)
xgolyx: shows [7d 8d] (a pair of Eights)
xgolyx collected $1.39 from pot
*** SUMMARY ***
Total pot $1.46 | Rake $0.07 
Board [4s 5h 3d 2h 8s]
Seat 1: COVEIROANCAP (button) folded before Flop (didn't bet)
Seat 2: Extecoetter25 (small blind) showed [4h Kh] and lost with a pair of Fours
Seat 3: xgolyx (big blind) showed [7d 8d] and won ($1.39) with a pair of Eights
Seat 4: rlfehd folded before Flop (didn't bet)
Seat 5: stand123 folded before Flop (didn't bet)
Seat 6: Mahu2021 folded before Flop (didn't bet)



PokerStars Zoom Hand #254174626010:  Hold'em No Limit ($0.05/$0.10) - 2025/01/03 19:18:50 CET [2025/01/03 13:18:50 ET]
Table 'Aludra' 6-max Seat #1 is the button
Seat 1: Mahu2021 ($12.11 in chips) 
Seat 2: garimegane ($11.36 in chips) 
Seat 3: stand123 ($10.53 in chips) 
Seat 4: pitzymecanic ($16.29 in chips) 
Seat 5: kris_bjork ($10.10 in chips) 
Seat 6: Ruselllll ($10 in chips) 
garimegane: posts small blind $0.05
stand123: posts big blind $0.10
*** HOLE CARDS ***
Dealt to Mahu2021 [5d 3d]
pitzymecanic: calls $0.10
kris_bjork: folds 
Ruselllll: folds 
Mahu2021: calls $0.10
garimegane: raises $0.40 to $0.50
stand123: folds 
pitzymecanic: folds 
Mahu2021: folds 
Uncalled bet ($0.40) returned to garimegane
garimegane collected $0.40 from pot
garimegane: doesn't show hand 
*** SUMMARY ***
Total pot $0.40 | Rake $0 
Seat 1: Mahu2021 (button) folded before Flop
Seat 2: garimegane (small blind) collected ($0.40)
Seat 3: stand123 (big blind) folded before Flop
Seat 4: pitzymecanic folded before Flop
Seat 5: kris_bjork folded before Flop (didn't bet)
Seat 6: Ruselllll folded before Flop (didn't bet)



PokerStars Zoom Hand #254174637647:  Hold'em No Limit ($0.05/$0.10) - 2025/01/03 19:19:28 CET [2025/01/03 13:19:28 ET]
Table 'Aludra' 6-max Seat #1 is the button
Seat 1: popteam ($10 in chips) 
Seat 2: stand123 ($10.43 in chips) 
Seat 3: Alejandro85s ($9.32 in chips) 
Seat 4: seignior ($10 in chips) 
Seat 5: Mahu2021 ($12.01 in chips) 
Seat 6: GoodGame1989 ($10.05 in chips) 
stand123: posts small blind $0.05
Alejandro85s: posts big blind $0.10
*** HOLE CARDS ***
Dealt to Mahu2021 [Ac 3c]
seignior: raises $0.14 to $0.24
Mahu2021: calls $0.24
GoodGame1989: folds 
popteam: folds 
stand123: folds 
Alejandro85s: calls $0.14
*** FLOP *** [2s 7d 9c]
Alejandro85s: checks 
seignior: checks 
Mahu2021: checks 
*** TURN *** [2s 7d 9c] [Qs]
Alejandro85s: checks 
seignior: bets $0.24
Mahu2021: folds 
Alejandro85s: calls $0.24
*** RIVER *** [2s 7d 9c Qs] [7c]
Alejandro85s: bets $0.44
seignior: folds 
Uncalled bet ($0.44) returned to Alejandro85s
Alejandro85s collected $1.19 from pot
Alejandro85s: doesn't show hand 
*** SUMMARY ***
Total pot $1.25 | Rake $0.06 
Board [2s 7d 9c Qs 7c]
Seat 1: popteam (button) folded before Flop (didn't bet)
Seat 2: stand123 (small blind) folded before Flop
Seat 3: Alejandro85s (big blind) collected ($1.19)
Seat 4: seignior folded on the River
Seat 5: Mahu2021 folded on the Turn
Seat 6: GoodGame1989 folded before Flop (didn't bet)



PokerStars Zoom Hand #254174644394:  Hold'em No Limit ($0.05/$0.10) - 2025/01/03 19:19:50 CET [2025/01/03 13:19:50 ET]
Table 'Aludra' 6-max Seat #1 is the button
Seat 1: solareclipse24 ($7.24 in chips) 
Seat 2: dsanchez11 ($11.20 in chips) 
Seat 3: popteam ($10 in chips) 
Seat 4: Mahu2021 ($11.77 in chips) 
Seat 5: limz ($18.85 in chips) 
Seat 6: openymir ($10.43 in chips) 
dsanchez11: posts small blind $0.05
popteam: posts big blind $0.10
*** HOLE CARDS ***
Dealt to Mahu2021 [5d Ad]
Mahu2021: raises $0.20 to $0.30
limz: folds 
openymir: folds 
solareclipse24: folds 
dsanchez11: folds 
popteam: folds 
Uncalled bet ($0.20) returned to Mahu2021
Mahu2021 collected $0.25 from pot
Mahu2021: doesn't show hand 
*** SUMMARY ***
Total pot $0.25 | Rake $0 
Seat 1: solareclipse24 (button) folded before Flop (didn't bet)
Seat 2: dsanchez11 (small blind) folded before Flop
Seat 3: popteam (big blind) folded before Flop
Seat 4: Mahu2021 collected ($0.25)
Seat 5: limz folded before Flop (didn't bet)
Seat 6: openymir folded before Flop (didn't bet)



PokerStars Zoom Hand #254174650934:  Hold'em No Limit ($0.05/$0.10) - 2025/01/03 19:20:12 CET [2025/01/03 13:20:12 ET]
Table 'Aludra' 6-max Seat #1 is the button
Seat 1: Panda_Pooh_od ($14.34 in chips) 
Seat 2: Bur1k ($5.40 in chips) 
Seat 3: Mahu2021 ($11.92 in chips) 
Seat 4: Axel Logan ($10 in chips) 
Seat 5: iceballantyne ($11.89 in chips) 
Seat 6: NizoDivart ($35.47 in chips) 
Bur1k: posts small blind $0.05
Mahu2021: posts big blind $0.10
*** HOLE CARDS ***
Dealt to Mahu2021 [Jh 3s]
Axel Logan: folds 
iceballantyne: raises $0.10 to $0.20
NizoDivart: folds 
Panda_Pooh_od: folds 
Bur1k: folds 
Mahu2021: calls $0.10
*** FLOP *** [5c 4s 6d]
Mahu2021: checks 
iceballantyne: checks 
*** TURN *** [5c 4s 6d] [5h]
Mahu2021: checks 
iceballantyne: bets $0.30
Mahu2021: calls $0.30
*** RIVER *** [5c 4s 6d 5h] [8h]
Mahu2021: checks 
iceballantyne: checks 
*** SHOW DOWN ***
Mahu2021: shows [Jh 3s] (a pair of Fives)
iceballantyne: shows [Kh Qh] (a pair of Fives - King kicker)
iceballantyne collected $1 from pot
*** SUMMARY ***
Total pot $1.05 | Rake $0.05 
Board [5c 4s 6d 5h 8h]
Seat 1: Panda_Pooh_od (button) folded before Flop (didn't bet)
Seat 2: Bur1k (small blind) folded before Flop
Seat 3: Mahu2021 (big blind) showed [Jh 3s] and lost with a pair of Fives
Seat 4: Axel Logan folded before Flop (didn't bet)
Seat 5: iceballantyne showed [Kh Qh] and won ($1) with a pair of Fives
Seat 6: NizoDivart folded before Flop (didn't bet)



PokerStars Zoom Hand #254174649916:  Hold'em No Limit ($0.05/$0.10) - 2025/01/03 19:20:08 CET [2025/01/03 13:20:08 ET]
Table 'Aludra' 6-max Seat #1 is the button
Seat 1: HakuBD ($34.34 in chips) 
Seat 2: Axel Logan ($10 in chips) 
Seat 3: VoltaireReplica ($20.74 in chips) 
Seat 4: Mahu2021 ($11.92 in chips) 
Seat 5: Panda_Pooh_od ($14.34 in chips) 
Seat 6: mrfreaky1989 ($10.49 in chips) 
Axel Logan: posts small blind $0.05
VoltaireReplica: posts big blind $0.10
*** HOLE CARDS ***
Dealt to Mahu2021 [9h 3d]
Mahu2021: folds 
Panda_Pooh_od: folds 
mrfreaky1989: raises $0.15 to $0.25
HakuBD: folds 
Axel Logan: raises $0.95 to $1.20
VoltaireReplica: folds 
mrfreaky1989: calls $0.95
*** FLOP *** [4s 4d 5h]
Axel Logan: bets $1.29
mrfreaky1989: calls $1.29
*** TURN *** [4s 4d 5h] [Jh]
Axel Logan: bets $3.79
mrfreaky1989: folds 
Uncalled bet ($3.79) returned to Axel Logan
Axel Logan collected $4.85 from pot
Axel Logan: doesn't show hand 
*** SUMMARY ***
Total pot $5.08 | Rake $0.23 
Board [4s 4d 5h Jh]
Seat 1: HakuBD (button) folded before Flop (didn't bet)
Seat 2: Axel Logan (small blind) collected ($4.85)
Seat 3: VoltaireReplica (big blind) folded before Flop
Seat 4: Mahu2021 folded before Flop (didn't bet)
Seat 5: Panda_Pooh_od folded before Flop (didn't bet)
Seat 6: mrfreaky1989 folded on the Turn



PokerStars Zoom Hand #254174668704:  Hold'em No Limit ($0.05/$0.10) - 2025/01/03 19:21:08 CET [2025/01/03 13:21:08 ET]
Table 'Aludra' 6-max Seat #1 is the button
Seat 1: dsanchez11 ($10.65 in chips) 
Seat 2: Mahu2021 ($11.42 in chips) 
Seat 3: mrfreaky1989 ($10 in chips) 
Seat 4: Bur1k ($5.35 in chips) 
Seat 5: zarpapis ($10.02 in chips) 
Seat 6: Extecoetter25 ($10 in chips) 
Mahu2021: posts small blind $0.05
mrfreaky1989: posts big blind $0.10
*** HOLE CARDS ***
Dealt to Mahu2021 [3d 2s]
Bur1k: raises $0.20 to $0.30
zarpapis: folds 
Extecoetter25: folds 
dsanchez11: raises $0.50 to $0.80
Mahu2021: folds 
mrfreaky1989: folds 
Bur1k: folds 
Uncalled bet ($0.50) returned to dsanchez11
dsanchez11 collected $0.75 from pot
dsanchez11: doesn't show hand 
*** SUMMARY ***
Total pot $0.75 | Rake $0 
Seat 1: dsanchez11 (button) collected ($0.75)
Seat 2: Mahu2021 (small blind) folded before Flop
Seat 3: mrfreaky1989 (big blind) folded before Flop
Seat 4: Bur1k folded before Flop
Seat 5: zarpapis folded before Flop (didn't bet)
Seat 6: Extecoetter25 folded before Flop (didn't bet)



PokerStars Zoom Hand #254174670200:  Hold'em No Limit ($0.05/$0.10) - 2025/01/03 19:21:13 CET [2025/01/03 13:21:13 ET]
Table 'Aludra' 6-max Seat #1 is the button
Seat 1: GoodGame1989 ($11.43 in chips) 
Seat 2: popteam ($12.32 in chips) 
Seat 3: Aruce1 ($10 in chips) 
Seat 4: Teflonmemory ($10.54 in chips) 
Seat 5: WolcharaAP ($19.74 in chips) 
Seat 6: Mahu2021 ($11.37 in chips) 
popteam: posts small blind $0.05
Aruce1: posts big blind $0.10
*** HOLE CARDS ***
Dealt to Mahu2021 [Qh Jc]
Teflonmemory: folds 
WolcharaAP: raises $0.20 to $0.30
Mahu2021: calls $0.30
GoodGame1989: folds 
popteam: raises $0.95 to $1.25
Aruce1: folds 
WolcharaAP: folds 
Mahu2021: folds 
Uncalled bet ($0.95) returned to popteam
popteam collected $1 from pot
popteam: doesn't show hand 
*** SUMMARY ***
Total pot $1 | Rake $0 
Seat 1: GoodGame1989 (button) folded before Flop (didn't bet)
Seat 2: popteam (small blind) collected ($1)
Seat 3: Aruce1 (big blind) folded before Flop
Seat 4: Teflonmemory folded before Flop (didn't bet)
Seat 5: WolcharaAP folded before Flop
Seat 6: Mahu2021 folded before Flop



PokerStars Zoom Hand #254174681592:  Hold'em No Limit ($0.05/$0.10) - 2025/01/03 19:21:50 CET [2025/01/03 13:21:50 ET]
Table 'Aludra' 6-max Seat #1 is the button
Seat 1: Mahu2021 ($11.07 in chips) 
Seat 2: B1ackwaterPark ($25.91 in chips) 
Seat 3: kris_bjork ($10 in chips) 
Seat 4: mrfreaky1989 ($10.49 in chips) 
Seat 5: SCY7HE99 ($56.45 in chips) 
Seat 6: MasterVBM ($5.23 in chips) 
B1ackwaterPark: posts small blind $0.05
kris_bjork: posts big blind $0.10
*** HOLE CARDS ***
Dealt to Mahu2021 [5d As]
mrfreaky1989: folds 
SCY7HE99: folds 
MasterVBM: raises $0.10 to $0.20
Mahu2021: calls $0.20
B1ackwaterPark: folds 
kris_bjork: folds 
*** FLOP *** [Qs 3s 4s]
MasterVBM: bets $0.30
Mahu2021: calls $0.30
*** TURN *** [Qs 3s 4s] [Tc]
MasterVBM: bets $0.30
Mahu2021: calls $0.30
*** RIVER *** [Qs 3s 4s Tc] [8d]
MasterVBM: checks 
Mahu2021: bets $1.67
MasterVBM: calls $1.67
*** SHOW DOWN ***
Mahu2021: shows [5d As] (high card Ace)
MasterVBM: shows [Qh Jd] (a pair of Queens)
MasterVBM collected $4.86 from pot
*** SUMMARY ***
Total pot $5.09 | Rake $0.23 
Board [Qs 3s 4s Tc 8d]
Seat 1: Mahu2021 (button) showed [5d As] and lost with high card Ace
Seat 2: B1ackwaterPark (small blind) folded before Flop
Seat 3: kris_bjork (big blind) folded before Flop
Seat 4: mrfreaky1989 folded before Flop (didn't bet)
Seat 5: SCY7HE99 folded before Flop (didn't bet)
Seat 6: MasterVBM showed [Qh Jd] and won ($4.86) with a pair of Queens



PokerStars Zoom Hand #254174689321:  Hold'em No Limit ($0.05/$0.10) - 2025/01/03 19:22:14 CET [2025/01/03 13:22:14 ET]
Table 'Aludra' 6-max Seat #1 is the button
Seat 1: Wesleynigth ($15.74 in chips) 
Seat 2: NizoDivart ($33.90 in chips) 
Seat 3: MasterVBM ($7.62 in chips) 
Seat 4: hong0627 ($10.73 in chips) 
Seat 5: Mahu2021 ($8.60 in chips) 
Seat 6: Tommg49 ($9.40 in chips) 
NizoDivart: posts small blind $0.05
MasterVBM: posts big blind $0.10
*** HOLE CARDS ***
Dealt to Mahu2021 [2h 4h]
hong0627: folds 
Mahu2021: folds 
Tommg49: folds 
Wesleynigth: folds 
NizoDivart: raises $0.20 to $0.30
MasterVBM: folds 
Uncalled bet ($0.20) returned to NizoDivart
NizoDivart collected $0.20 from pot
NizoDivart: doesn't show hand 
*** SUMMARY ***
Total pot $0.20 | Rake $0 
Seat 1: Wesleynigth (button) folded before Flop (didn't bet)
Seat 2: NizoDivart (small blind) collected ($0.20)
Seat 3: MasterVBM (big blind) folded before Flop
Seat 4: hong0627 folded before Flop (didn't bet)
Seat 5: Mahu2021 folded before Flop (didn't bet)
Seat 6: Tommg49 folded before Flop (didn't bet)



PokerStars Zoom Hand #254174692380:  Hold'em No Limit ($0.05/$0.10) - 2025/01/03 19:22:24 CET [2025/01/03 13:22:24 ET]
Table 'Aludra' 6-max Seat #1 is the button
Seat 1: cghap ($10 in chips) 
Seat 2: Mace F1 ($5.58 in chips) 
Seat 3: Mahu2021 ($8.60 in chips) 
Seat 4: Wesleynigth ($15.74 in chips) 
Seat 5: Danny Yar ($9.49 in chips) 
Seat 6: mrfreaky1989 ($10.44 in chips) 
Mace F1: posts small blind $0.05
Mahu2021: posts big blind $0.10
*** HOLE CARDS ***
Dealt to Mahu2021 [6c 5s]
Wesleynigth: folds 
Danny Yar: folds 
mrfreaky1989: folds 
cghap: raises $0.15 to $0.25
Mace F1: folds 
Mahu2021: calls $0.15
*** FLOP *** [3h 3s 7s]
Mahu2021: checks 
cghap: bets $0.19
Mahu2021: calls $0.19
*** TURN *** [3h 3s 7s] [Kc]
Mahu2021: checks 
cghap: bets $0.45
Mahu2021: folds 
Uncalled bet ($0.45) returned to cghap
cghap collected $0.89 from pot
cghap: doesn't show hand 
*** SUMMARY ***
Total pot $0.93 | Rake $0.04 
Board [3h 3s 7s Kc]
Seat 1: cghap (button) collected ($0.89)
Seat 2: Mace F1 (small blind) folded before Flop
Seat 3: Mahu2021 (big blind) folded on the Turn
Seat 4: Wesleynigth folded before Flop (didn't bet)
Seat 5: Danny Yar folded before Flop (didn't bet)
Seat 6: mrfreaky1989 folded before Flop (didn't bet)



PokerStars Zoom Hand #254174701322:  Hold'em No Limit ($0.05/$0.10) - 2025/01/03 19:22:52 CET [2025/01/03 13:22:52 ET]
Table 'Aludra' 6-max Seat #1 is the button
Seat 1: stand123 ($9.54 in chips) 
Seat 2: Mahu2021 ($8.16 in chips) 
Seat 3: viking_ro ($17.68 in chips) 
Seat 4: ksd23 ($23.38 in chips) 
Seat 5: pitzymecanic ($6.64 in chips) 
Seat 6: popteam ($10.18 in chips) 
Mahu2021: posts small blind $0.05
viking_ro: posts big blind $0.10
*** HOLE CARDS ***
Dealt to Mahu2021 [6s 2c]
ksd23: folds 
pitzymecanic: folds 
popteam: folds 
stand123: folds 
Mahu2021: folds 
Uncalled bet ($0.05) returned to viking_ro
viking_ro collected $0.10 from pot
viking_ro: doesn't show hand 
*** SUMMARY ***
Total pot $0.10 | Rake $0 
Seat 1: stand123 (button) folded before Flop (didn't bet)
Seat 2: Mahu2021 (small blind) folded before Flop
Seat 3: viking_ro (big blind) collected ($0.10)
Seat 4: ksd23 folded before Flop (didn't bet)
Seat 5: pitzymecanic folded before Flop (didn't bet)
Seat 6: popteam folded before Flop (didn't bet)



PokerStars Zoom Hand #254174702545:  Hold'em No Limit ($0.05/$0.10) - 2025/01/03 19:22:56 CET [2025/01/03 13:22:56 ET]
Table 'Aludra' 6-max Seat #1 is the button
Seat 1: Guziks ($10.57 in chips) 
Seat 2: mrfreaky1989 ($10.34 in chips) 
Seat 3: Master205 ($11.05 in chips) 
Seat 4: garimegane ($11.20 in chips) 
Seat 5: 8ujn ($10.83 in chips) 
Seat 6: Mahu2021 ($8.11 in chips) 
mrfreaky1989: posts small blind $0.05
Master205: posts big blind $0.10
*** HOLE CARDS ***
Dealt to Mahu2021 [Kd Qc]
garimegane: folds 
8ujn: folds 
Mahu2021: raises $0.20 to $0.30
Guziks: folds 
mrfreaky1989: folds 
Master205: folds 
Uncalled bet ($0.20) returned to Mahu2021
Mahu2021 collected $0.25 from pot
Mahu2021: doesn't show hand 
*** SUMMARY ***
Total pot $0.25 | Rake $0 
Seat 1: Guziks (button) folded before Flop (didn't bet)
Seat 2: mrfreaky1989 (small blind) folded before Flop
Seat 3: Master205 (big blind) folded before Flop
Seat 4: garimegane folded before Flop (didn't bet)
Seat 5: 8ujn folded before Flop (didn't bet)
Seat 6: Mahu2021 collected ($0.25)



PokerStars Zoom Hand #254174691173:  Hold'em No Limit ($0.05/$0.10) - 2025/01/03 19:22:20 CET [2025/01/03 13:22:20 ET]
Table 'Aludra' 6-max Seat #1 is the button
Seat 1: Master205 ($11.73 in chips) 
Seat 2: patendas100 ($18.09 in chips) 
Seat 3: B1ackwaterPark ($31.29 in chips) 
Seat 4: ksd23 ($23.58 in chips) 
Seat 5: Mahu2021 ($8.60 in chips) 
Seat 6: UNKNOWN_x_13 ($5.65 in chips) 
patendas100: posts small blind $0.05
B1ackwaterPark: posts big blind $0.10
*** HOLE CARDS ***
Dealt to Mahu2021 [Td 6s]
ksd23: folds 
Mahu2021: folds 
UNKNOWN_x_13: folds 
Master205: raises $0.15 to $0.25
patendas100: folds 
B1ackwaterPark: calls $0.15
*** FLOP *** [Ac 4h Kd]
B1ackwaterPark: checks 
Master205: bets $0.30
B1ackwaterPark: calls $0.30
*** TURN *** [Ac 4h Kd] [Qs]
B1ackwaterPark: checks 
Master205: checks 
*** RIVER *** [Ac 4h Kd Qs] [Kc]
B1ackwaterPark: checks 
Master205: checks 
*** SHOW DOWN ***
B1ackwaterPark: shows [Ad Jc] (two pair, Aces and Kings)
Master205: shows [Ah 3h] (two pair, Aces and Kings)
B1ackwaterPark collected $0.55 from pot
Master205 collected $0.55 from pot
*** SUMMARY ***
Total pot $1.15 | Rake $0.05 
Board [Ac 4h Kd Qs Kc]
Seat 1: Master205 (button) showed [Ah 3h] and won ($0.55) with two pair, Aces and Kings
Seat 2: patendas100 (small blind) folded before Flop
Seat 3: B1ackwaterPark (big blind) showed [Ad Jc] and won ($0.55) with two pair, Aces and Kings
Seat 4: ksd23 folded before Flop (didn't bet)
Seat 5: Mahu2021 folded before Flop (didn't bet)
Seat 6: UNKNOWN_x_13 folded before Flop (didn't bet)



PokerStars Zoom Hand #254175088299:  Hold'em No Limit ($0.05/$0.10) - 2025/01/03 19:43:09 CET [2025/01/03 13:43:09 ET]
Table 'Aludra' 6-max Seat #1 is the button
Seat 1: Mahu2021 ($8.26 in chips) 
Seat 2: catastrevas ($10 in chips) 
Seat 3: OoJohnStevensoO ($10 in chips) 
Seat 4: Titsamach ($14.85 in chips) 
Seat 5: Vicktorio ($13.83 in chips) 
Seat 6: NicBrotzu ($10.25 in chips) 
catastrevas: posts small blind $0.05
OoJohnStevensoO: posts big blind $0.10
*** HOLE CARDS ***
Dealt to Mahu2021 [Ts 9c]
Titsamach: folds 
Vicktorio: raises $0.15 to $0.25
NicBrotzu: folds 
Mahu2021: calls $0.25
catastrevas: folds 
OoJohnStevensoO: calls $0.15
*** FLOP *** [3s Qs 2h]
OoJohnStevensoO: checks 
Vicktorio: bets $0.61
Mahu2021: folds 
OoJohnStevensoO: folds 
Uncalled bet ($0.61) returned to Vicktorio
Vicktorio collected $0.76 from pot
Vicktorio: doesn't show hand 
*** SUMMARY ***
Total pot $0.80 | Rake $0.04 
Board [3s Qs 2h]
Seat 1: Mahu2021 (button) folded on the Flop
Seat 2: catastrevas (small blind) folded before Flop
Seat 3: OoJohnStevensoO (big blind) folded on the Flop
Seat 4: Titsamach folded before Flop (didn't bet)
Seat 5: Vicktorio collected ($0.76)
Seat 6: NicBrotzu folded before Flop (didn't bet)



PokerStars Zoom Hand #254175096832:  Hold'em No Limit ($0.05/$0.10) - 2025/01/03 19:43:36 CET [2025/01/03 13:43:36 ET]
Table 'Aludra' 6-max Seat #1 is the button
Seat 1: WideMonkaW ($10.15 in chips) 
Seat 2: VitorArj ($10.65 in chips) 
Seat 3: GKallai ($14.93 in chips) 
Seat 4: LarZone5 ($12.43 in chips) 
Seat 5: Mahu2021 ($8.01 in chips) 
Seat 6: iceballantyne ($30.03 in chips) 
VitorArj: posts small blind $0.05
GKallai: posts big blind $0.10
*** HOLE CARDS ***
Dealt to Mahu2021 [Ks 7d]
LarZone5: folds 
Mahu2021: folds 
iceballantyne: raises $0.15 to $0.25
WideMonkaW: folds 
VitorArj: folds 
GKallai: folds 
Uncalled bet ($0.15) returned to iceballantyne
iceballantyne collected $0.25 from pot
iceballantyne: doesn't show hand 
*** SUMMARY ***
Total pot $0.25 | Rake $0 
Seat 1: WideMonkaW (button) folded before Flop (didn't bet)
Seat 2: VitorArj (small blind) folded before Flop
Seat 3: GKallai (big blind) folded before Flop
Seat 4: LarZone5 folded before Flop (didn't bet)
Seat 5: Mahu2021 folded before Flop (didn't bet)
Seat 6: iceballantyne collected ($0.25)



PokerStars Zoom Hand #254175100397:  Hold'em No Limit ($0.05/$0.10) - 2025/01/03 19:43:48 CET [2025/01/03 13:43:48 ET]
Table 'Aludra' 6-max Seat #1 is the button
Seat 1: Die8 ($14.44 in chips) 
Seat 2: GoodGame1989 ($11.97 in chips) 
Seat 3: Mahu2021 ($8.01 in chips) 
Seat 4: cghap ($11.12 in chips) 
Seat 5: iceballantyne ($30.18 in chips) 
Seat 6: julle112 ($11.34 in chips) 
GoodGame1989: posts small blind $0.05
Mahu2021: posts big blind $0.10
*** HOLE CARDS ***
Dealt to Mahu2021 [Th 6c]
cghap: folds 
iceballantyne: folds 
julle112: folds 
Die8: raises $0.16 to $0.26
GoodGame1989: folds 
Mahu2021: folds 
Uncalled bet ($0.16) returned to Die8
Die8 collected $0.25 from pot
Die8: doesn't show hand 
*** SUMMARY ***
Total pot $0.25 | Rake $0 
Seat 1: Die8 (button) collected ($0.25)
Seat 2: GoodGame1989 (small blind) folded before Flop
Seat 3: Mahu2021 (big blind) folded before Flop
Seat 4: cghap folded before Flop (didn't bet)
Seat 5: iceballantyne folded before Flop (didn't bet)
Seat 6: julle112 folded before Flop (didn't bet)



PokerStars Zoom Hand #254175095613:  Hold'em No Limit ($0.05/$0.10) - 2025/01/03 19:43:32 CET [2025/01/03 13:43:32 ET]
Table 'Aludra' 6-max Seat #1 is the button
Seat 1: Mace F1 ($12.24 in chips) 
Seat 2: argyenfant ($9.17 in chips) 
Seat 3: limz ($17.07 in chips) 
Seat 4: Mahu2021 ($8.01 in chips) 
Seat 5: Mc4Bet ($67.42 in chips) 
Seat 6: humo97 ($16.80 in chips) 
argyenfant: posts small blind $0.05
limz: posts big blind $0.10
*** HOLE CARDS ***
Dealt to Mahu2021 [8d Ac]
Mahu2021: folds 
Mc4Bet: folds 
humo97: folds 
Mace F1: raises $0.10 to $0.20
argyenfant: calls $0.15
limz: raises $1.20 to $1.40
Mace F1: folds 
argyenfant: folds 
Uncalled bet ($1.20) returned to limz
limz collected $0.60 from pot
limz: doesn't show hand 
*** SUMMARY ***
Total pot $0.60 | Rake $0 
Seat 1: Mace F1 (button) folded before Flop
Seat 2: argyenfant (small blind) folded before Flop
Seat 3: limz (big blind) collected ($0.60)
Seat 4: Mahu2021 folded before Flop (didn't bet)
Seat 5: Mc4Bet folded before Flop (didn't bet)
Seat 6: humo97 folded before Flop (didn't bet)



PokerStars Zoom Hand #254175103589:  Hold'em No Limit ($0.05/$0.10) - 2025/01/03 19:43:58 CET [2025/01/03 13:43:58 ET]
Table 'Aludra' 6-max Seat #1 is the button
Seat 1: argyenfant ($8.97 in chips) 
Seat 2: stoik83 ($12.28 in chips) 
Seat 3: puffy5555 ($12.73 in chips) 
Seat 4: Mahu2021 ($7.86 in chips) 
Seat 5: WideMonkaW ($10.10 in chips) 
Seat 6: snuottanLA ($4.14 in chips) 
stoik83: posts small blind $0.05
puffy5555: posts big blind $0.10
*** HOLE CARDS ***
Dealt to Mahu2021 [Jh 8h]
Mahu2021: folds 
WideMonkaW: folds 
snuottanLA: folds 
argyenfant: folds 
stoik83: raises $0.20 to $0.30
puffy5555: folds 
Uncalled bet ($0.20) returned to stoik83
stoik83 collected $0.20 from pot
stoik83: doesn't show hand 
*** SUMMARY ***
Total pot $0.20 | Rake $0 
Seat 1: argyenfant (button) folded before Flop (didn't bet)
Seat 2: stoik83 (small blind) collected ($0.20)
Seat 3: puffy5555 (big blind) folded before Flop
Seat 4: Mahu2021 folded before Flop (didn't bet)
Seat 5: WideMonkaW folded before Flop (didn't bet)
Seat 6: snuottanLA folded before Flop (didn't bet)



PokerStars Zoom Hand #254175102176:  Hold'em No Limit ($0.05/$0.10) - 2025/01/03 19:43:53 CET [2025/01/03 13:43:53 ET]
Table 'Aludra' 6-max Seat #1 is the button
Seat 1: stoik83 ($12.28 in chips) 
Seat 2: Mahu2021 ($7.91 in chips) 
Seat 3: 61kiwi ($10 in chips) 
Seat 4: Panda_Pooh_od ($10 in chips) 
Seat 5: Tommg49 ($15.66 in chips) 
Seat 6: Axel Logan ($10 in chips) 
Mahu2021: posts small blind $0.05
61kiwi: posts big blind $0.10
*** HOLE CARDS ***
Dealt to Mahu2021 [4s Kh]
Panda_Pooh_od: folds 
Tommg49: calls $0.10
Axel Logan: folds 
stoik83: folds 
Mahu2021: folds 
61kiwi: checks 
*** FLOP *** [6s 7c 8d]
61kiwi: checks 
Tommg49: bets $0.12
61kiwi: folds 
Uncalled bet ($0.12) returned to Tommg49
Tommg49 collected $0.24 from pot
Tommg49: doesn't show hand 
*** SUMMARY ***
Total pot $0.25 | Rake $0.01 
Board [6s 7c 8d]
Seat 1: stoik83 (button) folded before Flop (didn't bet)
Seat 2: Mahu2021 (small blind) folded before Flop
Seat 3: 61kiwi (big blind) folded on the Flop
Seat 4: Panda_Pooh_od folded before Flop (didn't bet)
Seat 5: Tommg49 collected ($0.24)
Seat 6: Axel Logan folded before Flop (didn't bet)



PokerStars Zoom Hand #254175098135:  Hold'em No Limit ($0.05/$0.10) - 2025/01/03 19:43:40 CET [2025/01/03 13:43:40 ET]
Table 'Aludra' 6-max Seat #1 is the button
Seat 1: catastrevas ($11.17 in chips) 
Seat 2: WideMonkaW ($10.15 in chips) 
Seat 3: ntinale ($2.54 in chips) 
Seat 4: SCY7HE99 ($12.76 in chips) 
Seat 5: stoik83 ($10.10 in chips) 
Seat 6: Mahu2021 ($8.01 in chips) 
WideMonkaW: posts small blind $0.05
ntinale: posts big blind $0.10
*** HOLE CARDS ***
Dealt to Mahu2021 [9s 6d]
SCY7HE99: raises $0.15 to $0.25
stoik83: folds 
Mahu2021: folds 
catastrevas: raises $0.50 to $0.75
WideMonkaW: folds 
ntinale: folds 
SCY7HE99: raises $1.65 to $2.40
catastrevas: folds 
Uncalled bet ($1.65) returned to SCY7HE99
SCY7HE99 collected $1.65 from pot
SCY7HE99: doesn't show hand 
*** SUMMARY ***
Total pot $1.65 | Rake $0 
Seat 1: catastrevas (button) folded before Flop
Seat 2: WideMonkaW (small blind) folded before Flop
Seat 3: ntinale (big blind) folded before Flop
Seat 4: SCY7HE99 collected ($1.65)
Seat 5: stoik83 folded before Flop (didn't bet)
Seat 6: Mahu2021 folded before Flop (didn't bet)



PokerStars Zoom Hand #254175099388:  Hold'em No Limit ($0.05/$0.10) - 2025/01/03 19:43:44 CET [2025/01/03 13:43:44 ET]
Table 'Aludra' 6-max Seat #1 is the button
Seat 1: Alejandro85s ($3.93 in chips) 
Seat 2: crooser7 ($3.93 in chips) 
Seat 3: Axel Logan ($10 in chips) 
Seat 4: Mahu2021 ($8.01 in chips) 
Seat 5: HakuBD ($39.71 in chips) 
Seat 6: COVEIROANCAP ($12.32 in chips) 
crooser7: posts small blind $0.05
Axel Logan: posts big blind $0.10
*** HOLE CARDS ***
Dealt to Mahu2021 [6h Qs]
Mahu2021: folds 
HakuBD: raises $0.15 to $0.25
COVEIROANCAP: folds 
Alejandro85s: folds 
crooser7: calls $0.20
Axel Logan: folds 
*** FLOP *** [4d Qd Td]
crooser7: checks 
HakuBD: bets $0.10
crooser7: calls $0.10
*** TURN *** [4d Qd Td] [As]
crooser7: bets $0.30
HakuBD: calls $0.30
*** RIVER *** [4d Qd Td As] [4h]
crooser7: bets $0.40
HakuBD: folds 
Uncalled bet ($0.40) returned to crooser7
crooser7 collected $1.32 from pot
crooser7: doesn't show hand 
*** SUMMARY ***
Total pot $1.40 | Rake $0.08 
Board [4d Qd Td As 4h]
Seat 1: Alejandro85s (button) folded before Flop (didn't bet)
Seat 2: crooser7 (small blind) collected ($1.32)
Seat 3: Axel Logan (big blind) folded before Flop
Seat 4: Mahu2021 folded before Flop (didn't bet)
Seat 5: HakuBD folded on the River
Seat 6: COVEIROANCAP folded before Flop (didn't bet)



PokerStars Zoom Hand #254175104772:  Hold'em No Limit ($0.05/$0.10) - 2025/01/03 19:44:01 CET [2025/01/03 13:44:01 ET]
Table 'Aludra' 6-max Seat #1 is the button
Seat 1: Mahu2021 ($7.86 in chips) 
Seat 2: dsanchez11 ($13.50 in chips) 
Seat 3: Poker *ymka14* ($8.15 in chips) 
Seat 4: abelive22 ($11.64 in chips) 
Seat 5: musntfold ($16.97 in chips) 
Seat 6: JH Guga # ($7.61 in chips) 
dsanchez11: posts small blind $0.05
Poker *ymka14*: posts big blind $0.10
*** HOLE CARDS ***
Dealt to Mahu2021 [Kd Kh]
abelive22: folds 
musntfold: folds 
JH Guga #: folds 
Mahu2021: raises $0.30 to $0.40
dsanchez11: folds 
Poker *ymka14*: calls $0.30
*** FLOP *** [Jh Jd 7s]
Poker *ymka14*: checks 
Mahu2021: bets $7.46 and is all-in
Poker *ymka14*: folds 
Uncalled bet ($7.46) returned to Mahu2021
Mahu2021 collected $0.81 from pot
Mahu2021: doesn't show hand 
*** SUMMARY ***
Total pot $0.85 | Rake $0.04 
Board [Jh Jd 7s]
Seat 1: Mahu2021 (button) collected ($0.81)
Seat 2: dsanchez11 (small blind) folded before Flop
Seat 3: Poker *ymka14* (big blind) folded on the Flop
Seat 4: abelive22 folded before Flop (didn't bet)
Seat 5: musntfold folded before Flop (didn't bet)
Seat 6: JH Guga # folded before Flop (didn't bet)



PokerStars Zoom Hand #254175113347:  Hold'em No Limit ($0.05/$0.10) - 2025/01/03 19:44:28 CET [2025/01/03 13:44:28 ET]
Table 'Aludra' 6-max Seat #1 is the button
Seat 1: Titsamach ($13.75 in chips) 
Seat 2: Mahu2021 ($8.27 in chips) 
Seat 3: puffy5555 ($12.58 in chips) 
Seat 4: crooser7 ($4.60 in chips) 
Seat 5: GoodGame1989 ($12.07 in chips) 
Seat 6: NicBrotzu ($10.61 in chips) 
Mahu2021: posts small blind $0.05
puffy5555: posts big blind $0.10
*** HOLE CARDS ***
Dealt to Mahu2021 [Td As]
crooser7: folds 
GoodGame1989: raises $0.11 to $0.21
NicBrotzu: folds 
Titsamach: folds 
Mahu2021: raises $0.59 to $0.80
puffy5555: folds 
GoodGame1989: folds 
Uncalled bet ($0.59) returned to Mahu2021
Mahu2021 collected $0.52 from pot
Mahu2021: doesn't show hand 
*** SUMMARY ***
Total pot $0.52 | Rake $0 
Seat 1: Titsamach (button) folded before Flop (didn't bet)
Seat 2: Mahu2021 (small blind) collected ($0.52)
Seat 3: puffy5555 (big blind) folded before Flop
Seat 4: crooser7 folded before Flop (didn't bet)
Seat 5: GoodGame1989 folded before Flop
Seat 6: NicBrotzu folded before Flop (didn't bet)



PokerStars Zoom Hand #254175124543:  Hold'em No Limit ($0.05/$0.10) - 2025/01/03 19:45:03 CET [2025/01/03 13:45:03 ET]
Table 'Aludra' 6-max Seat #1 is the button
Seat 1: kalle76 ($10.23 in chips) 
Seat 2: Mc4Bet ($66.79 in chips) 
Seat 3: Mahu2021 ($8.58 in chips) 
Seat 4: BonnyFlash ($11.37 in chips) 
Seat 5: Panda_Pooh_od ($10.62 in chips) 
Seat 6: cz83 ($10.40 in chips) 
Mc4Bet: posts small blind $0.05
Mahu2021: posts big blind $0.10
*** HOLE CARDS ***
Dealt to Mahu2021 [5c 2d]
BonnyFlash: folds 
Panda_Pooh_od: folds 
cz83: folds 
kalle76: folds 
Mc4Bet: folds 
Uncalled bet ($0.05) returned to Mahu2021
Mahu2021 collected $0.10 from pot
Mahu2021: doesn't show hand 
*** SUMMARY ***
Total pot $0.10 | Rake $0 
Seat 1: kalle76 (button) folded before Flop (didn't bet)
Seat 2: Mc4Bet (small blind) folded before Flop
Seat 3: Mahu2021 (big blind) collected ($0.10)
Seat 4: BonnyFlash folded before Flop (didn't bet)
Seat 5: Panda_Pooh_od folded before Flop (didn't bet)
Seat 6: cz83 folded before Flop (didn't bet)



PokerStars Zoom Hand #254175773912:  Hold'em No Limit ($0.05/$0.10) - 2025/01/03 20:21:24 CET [2025/01/03 14:21:24 ET]
Table 'Aludra' 6-max Seat #1 is the button
Seat 1: stoik83 ($11.05 in chips) 
Seat 2: Die8 ($11.11 in chips) 
Seat 3: openymir ($21.92 in chips) 
Seat 4: NüssliNici94 ($10 in chips) 
Seat 5: Mahu2021 ($8.63 in chips) 
Seat 6: OoJohnStevensoO ($20.77 in chips) 
Die8: posts small blind $0.05
openymir: posts big blind $0.10
*** HOLE CARDS ***
Dealt to Mahu2021 [7h 9h]
NüssliNici94: folds 
Mahu2021: folds 
OoJohnStevensoO: folds 
stoik83: raises $0.10 to $0.20
Die8: folds 
openymir: folds 
Uncalled bet ($0.10) returned to stoik83
stoik83 collected $0.25 from pot
stoik83: doesn't show hand 
*** SUMMARY ***
Total pot $0.25 | Rake $0 
Seat 1: stoik83 (button) collected ($0.25)
Seat 2: Die8 (small blind) folded before Flop
Seat 3: openymir (big blind) folded before Flop
Seat 4: NüssliNici94 folded before Flop (didn't bet)
Seat 5: Mahu2021 folded before Flop (didn't bet)
Seat 6: OoJohnStevensoO folded before Flop (didn't bet)



PokerStars Zoom Hand #254175772640:  Hold'em No Limit ($0.05/$0.10) - 2025/01/03 20:21:20 CET [2025/01/03 14:21:20 ET]
Table 'Aludra' 6-max Seat #1 is the button
Seat 1: Bur1k ($10 in chips) 
Seat 2: Chestiefol ($19.83 in chips) 
Seat 3: agusdecarca ($38.99 in chips) 
Seat 4: NoLuck090909 ($2.42 in chips) 
Seat 5: NüssliNici94 ($13.69 in chips) 
Seat 6: Mahu2021 ($8.63 in chips) 
Chestiefol: posts small blind $0.05
agusdecarca: posts big blind $0.10
*** HOLE CARDS ***
Dealt to Mahu2021 [8h 4s]
NoLuck090909: raises $0.10 to $0.20
NüssliNici94: folds 
Mahu2021: folds 
Bur1k: folds 
Chestiefol: folds 
agusdecarca: folds 
Uncalled bet ($0.10) returned to NoLuck090909
NoLuck090909 collected $0.25 from pot
NoLuck090909: doesn't show hand 
*** SUMMARY ***
Total pot $0.25 | Rake $0 
Seat 1: Bur1k (button) folded before Flop (didn't bet)
Seat 2: Chestiefol (small blind) folded before Flop
Seat 3: agusdecarca (big blind) folded before Flop
Seat 4: NoLuck090909 collected ($0.25)
Seat 5: NüssliNici94 folded before Flop (didn't bet)
Seat 6: Mahu2021 folded before Flop (didn't bet)



PokerStars Zoom Hand #254175771033:  Hold'em No Limit ($0.05/$0.10) - 2025/01/03 20:21:15 CET [2025/01/03 14:21:15 ET]
Table 'Aludra' 6-max Seat #1 is the button
Seat 1: Mahu2021 ($8.63 in chips) 
Seat 2: aamsantos ($9.87 in chips) 
Seat 3: Jhanr ($10.55 in chips) 
Seat 4: crackhead 37 ($10 in chips) 
Seat 5: kolaskaFF ($17.95 in chips) 
Seat 6: mrfreaky1989 ($10.22 in chips) 
aamsantos: posts small blind $0.05
Jhanr: posts big blind $0.10
*** HOLE CARDS ***
Dealt to Mahu2021 [3h 8h]
crackhead 37: folds 
kolaskaFF: folds 
mrfreaky1989: folds 
Mahu2021: folds 
aamsantos: raises $0.15 to $0.25
Jhanr: raises $0.85 to $1.10
aamsantos: folds 
Uncalled bet ($0.85) returned to Jhanr
Jhanr collected $0.50 from pot
Jhanr: doesn't show hand 
*** SUMMARY ***
Total pot $0.50 | Rake $0 
Seat 1: Mahu2021 (button) folded before Flop (didn't bet)
Seat 2: aamsantos (small blind) folded before Flop
Seat 3: Jhanr (big blind) collected ($0.50)
Seat 4: crackhead 37 folded before Flop (didn't bet)
Seat 5: kolaskaFF folded before Flop (didn't bet)
Seat 6: mrfreaky1989 folded before Flop (didn't bet)



PokerStars Zoom Hand #254175775034:  Hold'em No Limit ($0.05/$0.10) - 2025/01/03 20:21:28 CET [2025/01/03 14:21:28 ET]
Table 'Aludra' 6-max Seat #1 is the button
Seat 1: masiavip ($7.29 in chips) 
Seat 2: mrfreaky1989 ($10.14 in chips) 
Seat 3: 8ujn ($13.13 in chips) 
Seat 4: OoJohnStevensoO ($20.77 in chips) 
Seat 5: Dom2112 ($9.93 in chips) 
Seat 6: Mahu2021 ($8.63 in chips) 
mrfreaky1989: posts small blind $0.05
8ujn: posts big blind $0.10
*** HOLE CARDS ***
Dealt to Mahu2021 [Ad Qc]
OoJohnStevensoO: folds 
Dom2112: folds 
Mahu2021: raises $0.20 to $0.30
masiavip: folds 
mrfreaky1989: folds 
8ujn: folds 
Uncalled bet ($0.20) returned to Mahu2021
Mahu2021 collected $0.25 from pot
Mahu2021: doesn't show hand 
*** SUMMARY ***
Total pot $0.25 | Rake $0 
Seat 1: masiavip (button) folded before Flop (didn't bet)
Seat 2: mrfreaky1989 (small blind) folded before Flop
Seat 3: 8ujn (big blind) folded before Flop
Seat 4: OoJohnStevensoO folded before Flop (didn't bet)
Seat 5: Dom2112 folded before Flop (didn't bet)
Seat 6: Mahu2021 collected ($0.25)



PokerStars Zoom Hand #254175779623:  Hold'em No Limit ($0.05/$0.10) - 2025/01/03 20:21:42 CET [2025/01/03 14:21:42 ET]
Table 'Aludra' 6-max Seat #1 is the button
Seat 1: humo97 ($13.91 in chips) 
Seat 2: NizoDivart ($34.98 in chips) 
Seat 3: thorindorf ($9.45 in chips) 
Seat 4: NicBrotzu ($9.92 in chips) 
Seat 5: Mahu2021 ($8.78 in chips) 
Seat 6: putzkedudu ($14.18 in chips) 
NizoDivart: posts small blind $0.05
thorindorf: posts big blind $0.10
*** HOLE CARDS ***
Dealt to Mahu2021 [Ad Qh]
NicBrotzu: folds 
Mahu2021: raises $0.20 to $0.30
putzkedudu: folds 
humo97: folds 
NizoDivart: folds 
thorindorf: folds 
Uncalled bet ($0.20) returned to Mahu2021
Mahu2021 collected $0.25 from pot
Mahu2021: doesn't show hand 
*** SUMMARY ***
Total pot $0.25 | Rake $0 
Seat 1: humo97 (button) folded before Flop (didn't bet)
Seat 2: NizoDivart (small blind) folded before Flop
Seat 3: thorindorf (big blind) folded before Flop
Seat 4: NicBrotzu folded before Flop (didn't bet)
Seat 5: Mahu2021 collected ($0.25)
Seat 6: putzkedudu folded before Flop (didn't bet)



PokerStars Zoom Hand #254175783842:  Hold'em No Limit ($0.05/$0.10) - 2025/01/03 20:21:55 CET [2025/01/03 14:21:55 ET]
Table 'Aludra' 6-max Seat #1 is the button
Seat 1: zarpapis ($14.23 in chips) 
Seat 2: Mahu2021 ($8.93 in chips) 
Seat 3: Dimon_55_77 ($11.73 in chips) 
Seat 4: 8ujn ($10.85 in chips) 
Seat 5: Chestiefol ($10 in chips) 
Seat 6: WinAllDay KQ ($10.69 in chips) 
Mahu2021: posts small blind $0.05
Dimon_55_77: posts big blind $0.10
*** HOLE CARDS ***
Dealt to Mahu2021 [5c Ad]
8ujn: folds 
Chestiefol: folds 
WinAllDay KQ: folds 
zarpapis: raises $0.15 to $0.25
Mahu2021: calls $0.20
Dimon_55_77: folds 
*** FLOP *** [5h 2s Tc]
Mahu2021: checks 
zarpapis: checks 
*** TURN *** [5h 2s Tc] [9c]
Mahu2021: checks 
zarpapis: checks 
*** RIVER *** [5h 2s Tc 9c] [5d]
Mahu2021: bets $0.57
zarpapis: calls $0.57
*** SHOW DOWN ***
Mahu2021: shows [5c Ad] (three of a kind, Fives)
zarpapis: mucks hand 
Mahu2021 collected $1.66 from pot
*** SUMMARY ***
Total pot $1.74 | Rake $0.08 
Board [5h 2s Tc 9c 5d]
Seat 1: zarpapis (button) mucked [Ac Qs]
Seat 2: Mahu2021 (small blind) showed [5c Ad] and won ($1.66) with three of a kind, Fives
Seat 3: Dimon_55_77 (big blind) folded before Flop
Seat 4: 8ujn folded before Flop (didn't bet)
Seat 5: Chestiefol folded before Flop (didn't bet)
Seat 6: WinAllDay KQ folded before Flop (didn't bet)



PokerStars Zoom Hand #254175796232:  Hold'em No Limit ($0.05/$0.10) - 2025/01/03 20:22:34 CET [2025/01/03 14:22:34 ET]
Table 'Aludra' 6-max Seat #1 is the button
Seat 1: NicBrotzu ($10.75 in chips) 
Seat 2: zarpapis ($13.41 in chips) 
Seat 3: Mahu2021 ($9.77 in chips) 
Seat 4: WinAllDay KQ ($16.99 in chips) 
Seat 5: 8ujn ($10.75 in chips) 
Seat 6: Bur1k ($5.85 in chips) 
zarpapis: posts small blind $0.05
Mahu2021: posts big blind $0.10
*** HOLE CARDS ***
Dealt to Mahu2021 [6h 4s]
WinAllDay KQ: folds 
8ujn: folds 
Bur1k: raises $0.14 to $0.24
NicBrotzu: folds 
zarpapis: folds 
Mahu2021: folds 
Uncalled bet ($0.14) returned to Bur1k
Bur1k collected $0.25 from pot
Bur1k: doesn't show hand 
*** SUMMARY ***
Total pot $0.25 | Rake $0 
Seat 1: NicBrotzu (button) folded before Flop (didn't bet)
Seat 2: zarpapis (small blind) folded before Flop
Seat 3: Mahu2021 (big blind) folded before Flop
Seat 4: WinAllDay KQ folded before Flop (didn't bet)
Seat 5: 8ujn folded before Flop (didn't bet)
Seat 6: Bur1k collected ($0.25)



PokerStars Zoom Hand #254176502874:  Hold'em No Limit ($0.05/$0.10) - 2025/01/03 21:01:04 CET [2025/01/03 15:01:04 ET]
Table 'Aludra' 6-max Seat #1 is the button
Seat 1: Mahu2021 ($9.67 in chips) 
Seat 2: jwpwml ($11.58 in chips) 
Seat 3: oocs ($10.30 in chips) 
Seat 4: OoJohnStevensoO ($19.07 in chips) 
Seat 5: farouk7 ($13.06 in chips) 
Seat 6: Die8 ($16.83 in chips) 
jwpwml: posts small blind $0.05
oocs: posts big blind $0.10
*** HOLE CARDS ***
Dealt to Mahu2021 [8h Ks]
OoJohnStevensoO: folds 
farouk7: raises $0.10 to $0.20
Die8: folds 
Mahu2021: folds 
jwpwml: folds 
oocs: folds 
Uncalled bet ($0.10) returned to farouk7
farouk7 collected $0.25 from pot
farouk7: doesn't show hand 
*** SUMMARY ***
Total pot $0.25 | Rake $0 
Seat 1: Mahu2021 (button) folded before Flop (didn't bet)
Seat 2: jwpwml (small blind) folded before Flop
Seat 3: oocs (big blind) folded before Flop
Seat 4: OoJohnStevensoO folded before Flop (didn't bet)
Seat 5: farouk7 collected ($0.25)
Seat 6: Die8 folded before Flop (didn't bet)



PokerStars Zoom Hand #254176505264:  Hold'em No Limit ($0.05/$0.10) - 2025/01/03 21:01:13 CET [2025/01/03 15:01:13 ET]
Table 'Aludra' 6-max Seat #1 is the button
Seat 1: xcrexisx ($10 in chips) 
Seat 2: #201311# ($10.05 in chips) 
Seat 3: lexy615 ($11.77 in chips) 
Seat 4: aamsantos ($11.38 in chips) 
Seat 5: dewrden ($9.69 in chips) 
Seat 6: Mahu2021 ($9.67 in chips) 
#201311#: posts small blind $0.05
lexy615: posts big blind $0.10
*** HOLE CARDS ***
Dealt to Mahu2021 [Ts 5d]
aamsantos: folds 
dewrden: folds 
Mahu2021: folds 
xcrexisx: folds 
#201311#: raises $0.10 to $0.20
lexy615: folds 
Uncalled bet ($0.10) returned to #201311#
#201311# collected $0.20 from pot
#201311#: doesn't show hand 
*** SUMMARY ***
Total pot $0.20 | Rake $0 
Seat 1: xcrexisx (button) folded before Flop (didn't bet)
Seat 2: #201311# (small blind) collected ($0.20)
Seat 3: lexy615 (big blind) folded before Flop
Seat 4: aamsantos folded before Flop (didn't bet)
Seat 5: dewrden folded before Flop (didn't bet)
Seat 6: Mahu2021 folded before Flop (didn't bet)



PokerStars Zoom Hand #254176507659:  Hold'em No Limit ($0.05/$0.10) - 2025/01/03 21:01:21 CET [2025/01/03 15:01:21 ET]
Table 'Aludra' 6-max Seat #1 is the button
Seat 1: Mirkchief ($19.34 in chips) 
Seat 2: Mahu2021 ($9.67 in chips) 
Seat 3: catastrevas ($10 in chips) 
Seat 4: AHEADU ($10.57 in chips) 
Seat 5: kotaraka1312 ($13.67 in chips) 
Seat 6: moe@home ($9.95 in chips) 
Mahu2021: posts small blind $0.05
catastrevas: posts big blind $0.10
*** HOLE CARDS ***
Dealt to Mahu2021 [Jc Js]
AHEADU: folds 
kotaraka1312: folds 
moe@home: folds 
Mirkchief: raises $0.15 to $0.25
Mahu2021: raises $0.65 to $0.90
catastrevas: folds 
Mirkchief: calls $0.65
*** FLOP *** [Td 3s Tc]
Mahu2021: bets $8.77 and is all-in
Mirkchief: folds 
Uncalled bet ($8.77) returned to Mahu2021
Mahu2021 collected $1.81 from pot
Mahu2021: doesn't show hand 
*** SUMMARY ***
Total pot $1.90 | Rake $0.09 
Board [Td 3s Tc]
Seat 1: Mirkchief (button) folded on the Flop
Seat 2: Mahu2021 (small blind) collected ($1.81)
Seat 3: catastrevas (big blind) folded before Flop
Seat 4: AHEADU folded before Flop (didn't bet)
Seat 5: kotaraka1312 folded before Flop (didn't bet)
Seat 6: moe@home folded before Flop (didn't bet)



PokerStars Zoom Hand #254176504142:  Hold'em No Limit ($0.05/$0.10) - 2025/01/03 21:01:08 CET [2025/01/03 15:01:08 ET]
Table 'Aludra' 6-max Seat #1 is the button
Seat 1: putzkedudu ($13.80 in chips) 
Seat 2: Horstl4 ($4.40 in chips) 
Seat 3: kiks220272 ($10.24 in chips) 
Seat 4: NüssliNici94 ($10.05 in chips) 
Seat 5: Mahu2021 ($9.67 in chips) 
Seat 6: phenomeno691 ($10.13 in chips) 
Horstl4: posts small blind $0.05
kiks220272: posts big blind $0.10
*** HOLE CARDS ***
Dealt to Mahu2021 [Qd Ts]
NüssliNici94: folds 
Mahu2021: folds 
phenomeno691: folds 
putzkedudu: folds 
Horstl4: calls $0.05
kiks220272: raises $0.20 to $0.30
Horstl4: calls $0.20
*** FLOP *** [8d 7d 5s]
Horstl4: checks 
kiks220272: bets $0.30
Horstl4: raises $0.30 to $0.60
kiks220272: calls $0.30
*** TURN *** [8d 7d 5s] [Qh]
Horstl4: bets $0.30
kiks220272: calls $0.30
*** RIVER *** [8d 7d 5s Qh] [Tc]
Horstl4: bets $1.15
kiks220272: folds 
Uncalled bet ($1.15) returned to Horstl4
Horstl4 collected $2.26 from pot
Horstl4: doesn't show hand 
*** SUMMARY ***
Total pot $2.40 | Rake $0.14 
Board [8d 7d 5s Qh Tc]
Seat 1: putzkedudu (button) folded before Flop (didn't bet)
Seat 2: Horstl4 (small blind) collected ($2.26)
Seat 3: kiks220272 (big blind) folded on the River
Seat 4: NüssliNici94 folded before Flop (didn't bet)
Seat 5: Mahu2021 folded before Flop (didn't bet)
Seat 6: phenomeno691 folded before Flop (didn't bet)



PokerStars Zoom Hand #254176517509:  Hold'em No Limit ($0.05/$0.10) - 2025/01/03 21:01:56 CET [2025/01/03 15:01:56 ET]
Table 'Aludra' 6-max Seat #1 is the button
Seat 1: Allvisa ($17.86 in chips) 
Seat 2: Flongers131 ($9.82 in chips) 
Seat 3: mrprocurement ($10.83 in chips) 
Seat 4: Mahu2021 ($10.58 in chips) 
Seat 5: likeapimp123 ($14.36 in chips) 
Seat 6: 2ater ($18.55 in chips) 
Flongers131: posts small blind $0.05
mrprocurement: posts big blind $0.10
*** HOLE CARDS ***
Dealt to Mahu2021 [2c 8c]
Mahu2021: folds 
likeapimp123: folds 
2ater: folds 
Allvisa: folds 
Flongers131: calls $0.05
mrprocurement: raises $10.73 to $10.83 and is all-in
Flongers131: folds 
Uncalled bet ($10.73) returned to mrprocurement
mrprocurement collected $0.20 from pot
mrprocurement: doesn't show hand 
*** SUMMARY ***
Total pot $0.20 | Rake $0 
Seat 1: Allvisa (button) folded before Flop (didn't bet)
Seat 2: Flongers131 (small blind) folded before Flop
Seat 3: mrprocurement (big blind) collected ($0.20)
Seat 4: Mahu2021 folded before Flop (didn't bet)
Seat 5: likeapimp123 folded before Flop (didn't bet)
Seat 6: 2ater folded before Flop (didn't bet)



PokerStars Zoom Hand #254176518770:  Hold'em No Limit ($0.05/$0.10) - 2025/01/03 21:02:00 CET [2025/01/03 15:02:00 ET]
Table 'Aludra' 6-max Seat #1 is the button
Seat 1: cz83 ($10.75 in chips) 
Seat 2: totway ($16.67 in chips) 
Seat 3: Mahu2021 ($10.58 in chips) 
Seat 4: 10Leteec10 ($13.66 in chips) 
Seat 5: tilen1243 ($10.11 in chips) 
Seat 6: Scorpionem ($10 in chips) 
totway: posts small blind $0.05
Mahu2021: posts big blind $0.10
*** HOLE CARDS ***
Dealt to Mahu2021 [Js Td]
10Leteec10: folds 
tilen1243: folds 
Scorpionem: folds 
cz83: folds 
totway: raises $0.20 to $0.30
Mahu2021: calls $0.20
*** FLOP *** [3d 5d 8h]
totway: checks 
Mahu2021: checks 
*** TURN *** [3d 5d 8h] [9h]
totway: bets $0.80
Mahu2021: calls $0.80
*** RIVER *** [3d 5d 8h 9h] [9s]
totway: checks 
Mahu2021: checks 
*** SHOW DOWN ***
totway: shows [Qd 4d] (a pair of Nines)
Mahu2021: mucks hand 
totway collected $2.10 from pot
*** SUMMARY ***
Total pot $2.20 | Rake $0.10 
Board [3d 5d 8h 9h 9s]
Seat 1: cz83 (button) folded before Flop (didn't bet)
Seat 2: totway (small blind) showed [Qd 4d] and won ($2.10) with a pair of Nines
Seat 3: Mahu2021 (big blind) mucked [Js Td]
Seat 4: 10Leteec10 folded before Flop (didn't bet)
Seat 5: tilen1243 folded before Flop (didn't bet)
Seat 6: Scorpionem folded before Flop (didn't bet)



PokerStars Zoom Hand #254176533415:  Hold'em No Limit ($0.05/$0.10) - 2025/01/03 21:02:47 CET [2025/01/03 15:02:47 ET]
Table 'Aludra' 6-max Seat #1 is the button
Seat 1: mensebes ($6.36 in chips) 
Seat 2: joee84 ($10 in chips) 
Seat 3: NicBrotzu ($17.47 in chips) 
Seat 4: Mahu2021 ($9.48 in chips) 
Seat 5: Windows 21xp ($15.14 in chips) 
Seat 6: km1883 ($10.84 in chips) 
joee84: posts small blind $0.05
NicBrotzu: posts big blind $0.10
*** HOLE CARDS ***
Dealt to Mahu2021 [8h 7d]
Mahu2021: folds 
Windows 21xp: folds 
km1883: folds 
mensebes: folds 
joee84: folds 
Uncalled bet ($0.05) returned to NicBrotzu
NicBrotzu collected $0.10 from pot
NicBrotzu: doesn't show hand 
*** SUMMARY ***
Total pot $0.10 | Rake $0 
Seat 1: mensebes (button) folded before Flop (didn't bet)
Seat 2: joee84 (small blind) folded before Flop
Seat 3: NicBrotzu (big blind) collected ($0.10)
Seat 4: Mahu2021 folded before Flop (didn't bet)
Seat 5: Windows 21xp folded before Flop (didn't bet)
Seat 6: km1883 folded before Flop (didn't bet)



PokerStars Zoom Hand #254176529819:  Hold'em No Limit ($0.05/$0.10) - 2025/01/03 21:02:37 CET [2025/01/03 15:02:37 ET]
Table 'Aludra' 6-max Seat #1 is the button
Seat 1: Mahu2021 ($9.48 in chips) 
Seat 2: beas7m0de ($10.25 in chips) 
Seat 3: sonyks2007 ($8.31 in chips) 
Seat 4: mundurjon ($30.16 in chips) 
Seat 5: Die8 ($17.27 in chips) 
Seat 6: 8ujn ($9.75 in chips) 
beas7m0de: posts small blind $0.05
sonyks2007: posts big blind $0.10
*** HOLE CARDS ***
Dealt to Mahu2021 [9h 3d]
mundurjon: raises $0.15 to $0.25
Die8: folds 
8ujn: folds 
Mahu2021: folds 
beas7m0de: folds 
sonyks2007: calls $0.15
*** FLOP *** [Qd 4c 6d]
sonyks2007: checks 
mundurjon: bets $0.17
sonyks2007: calls $0.17
*** TURN *** [Qd 4c 6d] [Kc]
sonyks2007: checks 
mundurjon: bets $0.56
sonyks2007: folds 
Uncalled bet ($0.56) returned to mundurjon
mundurjon collected $0.85 from pot
mundurjon: doesn't show hand 
*** SUMMARY ***
Total pot $0.89 | Rake $0.04 
Board [Qd 4c 6d Kc]
Seat 1: Mahu2021 (button) folded before Flop (didn't bet)
Seat 2: beas7m0de (small blind) folded before Flop
Seat 3: sonyks2007 (big blind) folded on the Turn
Seat 4: mundurjon collected ($0.85)
Seat 5: Die8 folded before Flop (didn't bet)
Seat 6: 8ujn folded before Flop (didn't bet)



PokerStars Zoom Hand #254176534355:  Hold'em No Limit ($0.05/$0.10) - 2025/01/03 21:02:50 CET [2025/01/03 15:02:50 ET]
Table 'Aludra' 6-max Seat #1 is the button
Seat 1: Titsamach ($25.57 in chips) 
Seat 2: mensebes ($6.36 in chips) 
Seat 3: Mahu2021 ($9.48 in chips) 
Seat 4: sssangha90 ($4.78 in chips) 
Seat 5: Dimon_55_77 ($15.84 in chips) 
Seat 6: mrprocurement ($10.73 in chips) 
mensebes: posts small blind $0.05
Mahu2021: posts big blind $0.10
*** HOLE CARDS ***
Dealt to Mahu2021 [9d Jh]
sssangha90: folds 
Dimon_55_77: folds 
mrprocurement: raises $0.20 to $0.30
Titsamach: folds 
mensebes: calls $0.25
Mahu2021: calls $0.20
*** FLOP *** [Js 4c 2d]
mensebes: checks 
Mahu2021: bets $0.30
mrprocurement: calls $0.30
mensebes: calls $0.30
*** TURN *** [Js 4c 2d] [As]
mensebes: checks 
Mahu2021: checks 
mrprocurement: checks 
*** RIVER *** [Js 4c 2d As] [6d]
mensebes: checks 
Mahu2021: checks 
mrprocurement: checks 
*** SHOW DOWN ***
mensebes: shows [8s 8c] (a pair of Eights)
Mahu2021: shows [9d Jh] (a pair of Jacks)
mrprocurement: mucks hand 
Mahu2021 collected $1.72 from pot
*** SUMMARY ***
Total pot $1.80 | Rake $0.08 
Board [Js 4c 2d As 6d]
Seat 1: Titsamach (button) folded before Flop (didn't bet)
Seat 2: mensebes (small blind) showed [8s 8c] and lost with a pair of Eights
Seat 3: Mahu2021 (big blind) showed [9d Jh] and won ($1.72) with a pair of Jacks
Seat 4: sssangha90 folded before Flop (didn't bet)
Seat 5: Dimon_55_77 folded before Flop (didn't bet)
Seat 6: mrprocurement mucked [7d 7h]



PokerStars Zoom Hand #254176531840:  Hold'em No Limit ($0.05/$0.10) - 2025/01/03 21:02:43 CET [2025/01/03 15:02:43 ET]
Table 'Aludra' 6-max Seat #1 is the button
Seat 1: 2.147b ($14.10 in chips) 
Seat 2: vogiatzis97 ($10 in chips) 
Seat 3: JoaozinDaMAssa ($5.16 in chips) 
Seat 4: Mahu2021 ($9.48 in chips) 
Seat 5: Titsamach ($10.13 in chips) 
Seat 6: oocs ($11.51 in chips) 
vogiatzis97: posts small blind $0.05
JoaozinDaMAssa: posts big blind $0.10
*** HOLE CARDS ***
Dealt to Mahu2021 [2d 5s]
Mahu2021: folds 
Titsamach: folds 
oocs: folds 
2.147b: raises $0.10 to $0.20
vogiatzis97: folds 
JoaozinDaMAssa: raises $0.10 to $0.30
2.147b: calls $0.10
*** FLOP *** [Kh 5d 6s]
JoaozinDaMAssa: bets $4.86 and is all-in
2.147b: folds 
Uncalled bet ($4.86) returned to JoaozinDaMAssa
JoaozinDaMAssa collected $0.62 from pot
JoaozinDaMAssa: doesn't show hand 
*** SUMMARY ***
Total pot $0.65 | Rake $0.03 
Board [Kh 5d 6s]
Seat 1: 2.147b (button) folded on the Flop
Seat 2: vogiatzis97 (small blind) folded before Flop
Seat 3: JoaozinDaMAssa (big blind) collected ($0.62)
Seat 4: Mahu2021 folded before Flop (didn't bet)
Seat 5: Titsamach folded before Flop (didn't bet)
Seat 6: oocs folded before Flop (didn't bet)



PokerStars Zoom Hand #254176541894:  Hold'em No Limit ($0.05/$0.10) - 2025/01/03 21:03:14 CET [2025/01/03 15:03:14 ET]
Table 'Aludra' 6-max Seat #1 is the button
Seat 1: phenomeno691 ($8.73 in chips) 
Seat 2: Mahu2021 ($10.60 in chips) 
Seat 3: DonkeyKong1960 ($10 in chips) 
Seat 4: Bur1k ($5.74 in chips) 
Seat 5: zarpapis ($30.80 in chips) 
Seat 6: nasser7 ($9.17 in chips) 
Mahu2021: posts small blind $0.05
DonkeyKong1960: posts big blind $0.10
*** HOLE CARDS ***
Dealt to Mahu2021 [6s 7s]
Bur1k: folds 
zarpapis: folds 
nasser7: folds 
phenomeno691: raises $0.15 to $0.25
Mahu2021: calls $0.20
DonkeyKong1960: folds 
*** FLOP *** [6c 7h Kd]
Mahu2021: bets $0.30
phenomeno691: folds 
Uncalled bet ($0.30) returned to Mahu2021
Mahu2021 collected $0.57 from pot
Mahu2021: doesn't show hand 
*** SUMMARY ***
Total pot $0.60 | Rake $0.03 
Board [6c 7h Kd]
Seat 1: phenomeno691 (button) folded on the Flop
Seat 2: Mahu2021 (small blind) collected ($0.57)
Seat 3: DonkeyKong1960 (big blind) folded before Flop
Seat 4: Bur1k folded before Flop (didn't bet)
Seat 5: zarpapis folded before Flop (didn't bet)
Seat 6: nasser7 folded before Flop (didn't bet)



PokerStars Zoom Hand #254176548508:  Hold'em No Limit ($0.05/$0.10) - 2025/01/03 21:03:35 CET [2025/01/03 15:03:35 ET]
Table 'Aludra' 6-max Seat #1 is the button
Seat 1: Dimon_55_77 ($12.50 in chips) 
Seat 2: moe@home ($10.67 in chips) 
Seat 3: Chestiefol ($18.16 in chips) 
Seat 4: sonyks2007 ($10.76 in chips) 
Seat 5: Mahu2021 ($10.92 in chips) 
Seat 6: JBFunk777 ($8.02 in chips) 
moe@home: posts small blind $0.05
Chestiefol: posts big blind $0.10
*** HOLE CARDS ***
Dealt to Mahu2021 [5h 6s]
sonyks2007: folds 
Mahu2021: folds 
JBFunk777: folds 
Dimon_55_77: raises $0.20 to $0.30
moe@home: folds 
Chestiefol: folds 
Uncalled bet ($0.20) returned to Dimon_55_77
Dimon_55_77 collected $0.25 from pot
Dimon_55_77: doesn't show hand 
*** SUMMARY ***
Total pot $0.25 | Rake $0 
Seat 1: Dimon_55_77 (button) collected ($0.25)
Seat 2: moe@home (small blind) folded before Flop
Seat 3: Chestiefol (big blind) folded before Flop
Seat 4: sonyks2007 folded before Flop (didn't bet)
Seat 5: Mahu2021 folded before Flop (didn't bet)
Seat 6: JBFunk777 folded before Flop (didn't bet)



PokerStars Zoom Hand #254176550054:  Hold'em No Limit ($0.05/$0.10) - 2025/01/03 21:03:40 CET [2025/01/03 15:03:40 ET]
Table 'Aludra' 6-max Seat #1 is the button
Seat 1: Mahu2021 ($10.92 in chips) 
Seat 2: 2ater ($18.38 in chips) 
Seat 3: xcrexisx ($10 in chips) 
Seat 4: adambuddy2 ($10 in chips) 
Seat 5: OoJohnStevensoO ($13.29 in chips) 
Seat 6: beas7m0de ($14.37 in chips) 
2ater: posts small blind $0.05
xcrexisx: posts big blind $0.10
*** HOLE CARDS ***
Dealt to Mahu2021 [Js Jd]
adambuddy2: folds 
OoJohnStevensoO: folds 
beas7m0de: folds 
Mahu2021: raises $0.20 to $0.30
2ater: folds 
xcrexisx: folds 
Uncalled bet ($0.20) returned to Mahu2021
Mahu2021 collected $0.25 from pot
Mahu2021: doesn't show hand 
*** SUMMARY ***
Total pot $0.25 | Rake $0 
Seat 1: Mahu2021 (button) collected ($0.25)
Seat 2: 2ater (small blind) folded before Flop
Seat 3: xcrexisx (big blind) folded before Flop
Seat 4: adambuddy2 folded before Flop (didn't bet)
Seat 5: OoJohnStevensoO folded before Flop (didn't bet)
Seat 6: beas7m0de folded before Flop (didn't bet)



PokerStars Zoom Hand #254176547352:  Hold'em No Limit ($0.05/$0.10) - 2025/01/03 21:03:32 CET [2025/01/03 15:03:32 ET]
Table 'Aludra' 6-max Seat #1 is the button
Seat 1: giannissapk ($14.64 in chips) 
Seat 2: JBFunk777 ($8.07 in chips) 
Seat 3: cris_civil ($10.67 in chips) 
Seat 4: Bur1k ($5.74 in chips) 
Seat 5: mensebes ($5.81 in chips) 
Seat 6: Mahu2021 ($10.92 in chips) 
JBFunk777: posts small blind $0.05
cris_civil: posts big blind $0.10
*** HOLE CARDS ***
Dealt to Mahu2021 [2d 7c]
Bur1k: folds 
mensebes: raises $0.10 to $0.20
Mahu2021: folds 
giannissapk: folds 
JBFunk777: folds 
cris_civil: calls $0.10
*** FLOP *** [Jh 6c As]
cris_civil: checks 
mensebes: bets $0.30
cris_civil: calls $0.30
*** TURN *** [Jh 6c As] [2h]
cris_civil: checks 
mensebes: bets $0.30
cris_civil: folds 
Uncalled bet ($0.30) returned to mensebes
mensebes collected $0.99 from pot
mensebes: doesn't show hand 
*** SUMMARY ***
Total pot $1.05 | Rake $0.06 
Board [Jh 6c As 2h]
Seat 1: giannissapk (button) folded before Flop (didn't bet)
Seat 2: JBFunk777 (small blind) folded before Flop
Seat 3: cris_civil (big blind) folded on the Turn
Seat 4: Bur1k folded before Flop (didn't bet)
Seat 5: mensebes collected ($0.99)
Seat 6: Mahu2021 folded before Flop (didn't bet)



PokerStars Zoom Hand #254176560715:  Hold'em No Limit ($0.05/$0.10) - 2025/01/03 21:04:13 CET [2025/01/03 15:04:13 ET]
Table 'Aludra' 6-max Seat #1 is the button
Seat 1: Wulverate87 ($8.61 in chips) 
Seat 2: oocs ($24.20 in chips) 
Seat 3: Mahu2021 ($11.02 in chips) 
Seat 4: vitalik-kz ($21.71 in chips) 
Seat 5: sonyks2007 ($25.38 in chips) 
Seat 6: adambuddy2 ($16.07 in chips) 
oocs: posts small blind $0.05
Mahu2021: posts big blind $0.10
*** HOLE CARDS ***
Dealt to Mahu2021 [Ah Qs]
vitalik-kz: folds 
sonyks2007: folds 
adambuddy2: folds 
Wulverate87: raises $0.15 to $0.25
oocs: folds 
Mahu2021: raises $0.55 to $0.80
Wulverate87: calls $0.55
*** FLOP *** [9h 4c Td]
Mahu2021: checks 
Wulverate87: bets $0.79
Mahu2021: folds 
Uncalled bet ($0.79) returned to Wulverate87
Wulverate87 collected $1.58 from pot
Wulverate87: doesn't show hand 
*** SUMMARY ***
Total pot $1.65 | Rake $0.07 
Board [9h 4c Td]
Seat 1: Wulverate87 (button) collected ($1.58)
Seat 2: oocs (small blind) folded before Flop
Seat 3: Mahu2021 (big blind) folded on the Flop
Seat 4: vitalik-kz folded before Flop (didn't bet)
Seat 5: sonyks2007 folded before Flop (didn't bet)
Seat 6: adambuddy2 folded before Flop (didn't bet)



PokerStars Zoom Hand #254176556980:  Hold'em No Limit ($0.05/$0.10) - 2025/01/03 21:04:01 CET [2025/01/03 15:04:01 ET]
Table 'Aludra' 6-max Seat #1 is the button
Seat 1: 8ujn ($12.45 in chips) 
Seat 2: sssangha90 ($2.99 in chips) 
Seat 3: foili ($14.20 in chips) 
Seat 4: aalewee56 ($21.22 in chips) 
Seat 5: vogiatzis97 ($10.26 in chips) 
Seat 6: Mahu2021 ($11.07 in chips) 
sssangha90: posts small blind $0.05
foili: posts big blind $0.10
*** HOLE CARDS ***
Dealt to Mahu2021 [Th 7h]
aalewee56: folds 
vogiatzis97: folds 
Mahu2021: folds 
8ujn: raises $0.20 to $0.30
sssangha90: folds 
foili: calls $0.20
*** FLOP *** [As 2d 3h]
foili: checks 
8ujn: checks 
*** TURN *** [As 2d 3h] [8d]
foili: checks 
8ujn: bets $0.31
foili: folds 
Uncalled bet ($0.31) returned to 8ujn
8ujn collected $0.62 from pot
8ujn: doesn't show hand 
*** SUMMARY ***
Total pot $0.65 | Rake $0.03 
Board [As 2d 3h 8d]
Seat 1: 8ujn (button) collected ($0.62)
Seat 2: sssangha90 (small blind) folded before Flop
Seat 3: foili (big blind) folded on the Turn
Seat 4: aalewee56 folded before Flop (didn't bet)
Seat 5: vogiatzis97 folded before Flop (didn't bet)
Seat 6: Mahu2021 folded before Flop (didn't bet)



PokerStars Zoom Hand #254176558541:  Hold'em No Limit ($0.05/$0.10) - 2025/01/03 21:04:06 CET [2025/01/03 15:04:06 ET]
Table 'Aludra' 6-max Seat #1 is the button
Seat 1: JBOo2b ($20.30 in chips) 
Seat 2: Mahu2021 ($11.07 in chips) 
Seat 3: GoodGame1989 ($11.07 in chips) 
Seat 4: DonkeyKong1960 ($10.05 in chips) 
Seat 5: humo97 ($11.28 in chips) 
Seat 6: sssangha90 ($2.94 in chips) 
Mahu2021: posts small blind $0.05
GoodGame1989: posts big blind $0.10
*** HOLE CARDS ***
Dealt to Mahu2021 [6c 2d]
DonkeyKong1960: folds 
humo97: folds 
sssangha90: folds 
JBOo2b: raises $0.10 to $0.20
Mahu2021: folds 
GoodGame1989: calls $0.10
*** FLOP *** [Jc 8c 8h]
GoodGame1989: checks 
JBOo2b: checks 
*** TURN *** [Jc 8c 8h] [Ah]
GoodGame1989: checks 
JBOo2b: bets $0.20
GoodGame1989: folds 
Uncalled bet ($0.20) returned to JBOo2b
JBOo2b collected $0.43 from pot
JBOo2b: doesn't show hand 
*** SUMMARY ***
Total pot $0.45 | Rake $0.02 
Board [Jc 8c 8h Ah]
Seat 1: JBOo2b (button) collected ($0.43)
Seat 2: Mahu2021 (small blind) folded before Flop
Seat 3: GoodGame1989 (big blind) folded on the Turn
Seat 4: DonkeyKong1960 folded before Flop (didn't bet)
Seat 5: humo97 folded before Flop (didn't bet)
Seat 6: sssangha90 folded before Flop (didn't bet)



PokerStars Zoom Hand #254176559613:  Hold'em No Limit ($0.05/$0.10) - 2025/01/03 21:04:09 CET [2025/01/03 15:04:09 ET]
Table 'Aludra' 6-max Seat #1 is the button
Seat 1: sssangha90 ($2.94 in chips) 
Seat 2: tycegracs101 ($10.05 in chips) 
Seat 3: mrprocurement ($10.38 in chips) 
Seat 4: kolaskaFF ($20.66 in chips) 
Seat 5: cghap ($13.86 in chips) 
Seat 6: Mahu2021 ($11.02 in chips) 
tycegracs101: posts small blind $0.05
mrprocurement: posts big blind $0.10
*** HOLE CARDS ***
Dealt to Mahu2021 [9h 3d]
kolaskaFF: folds 
cghap: raises $0.15 to $0.25
Mahu2021: folds 
sssangha90: calls $0.25
tycegracs101: folds 
mrprocurement: folds 
*** FLOP *** [Qh 7c Jh]
cghap: checks 
sssangha90: bets $0.62
cghap: calls $0.62
*** TURN *** [Qh 7c Jh] [3c]
cghap: checks 
sssangha90: bets $2.07 and is all-in
cghap: calls $2.07
*** RIVER *** [Qh 7c Jh 3c] [9c]
*** SHOW DOWN ***
cghap: shows [3h Ah] (a pair of Threes)
sssangha90: shows [As Qc] (a pair of Queens)
sssangha90 collected $5.76 from pot
*** SUMMARY ***
Total pot $6.03 | Rake $0.27 
Board [Qh 7c Jh 3c 9c]
Seat 1: sssangha90 (button) showed [As Qc] and won ($5.76) with a pair of Queens
Seat 2: tycegracs101 (small blind) folded before Flop
Seat 3: mrprocurement (big blind) folded before Flop
Seat 4: kolaskaFF folded before Flop (didn't bet)
Seat 5: cghap showed [3h Ah] and lost with a pair of Threes
Seat 6: Mahu2021 folded before Flop (didn't bet)



PokerStars Zoom Hand #254176567621:  Hold'em No Limit ($0.05/$0.10) - 2025/01/03 21:04:34 CET [2025/01/03 15:04:34 ET]
Table 'Aludra' 6-max Seat #1 is the button
Seat 1: Mahu2021 ($10.22 in chips) 
Seat 2: sonyks2007 ($25.28 in chips) 
Seat 3: A-materasu7777 ($10.15 in chips) 
Seat 4: catastrevas ($12.66 in chips) 
Seat 5: ElDelfin38 ($15.79 in chips) 
Seat 6: xcrexisx ($11.81 in chips) 
sonyks2007: posts small blind $0.05
A-materasu7777: posts big blind $0.10
*** HOLE CARDS ***
Dealt to Mahu2021 [Kh Qh]
catastrevas: folds 
ElDelfin38: folds 
xcrexisx: raises $0.20 to $0.30
Mahu2021: calls $0.30
sonyks2007: folds 
A-materasu7777: calls $0.20
*** FLOP *** [8h 6h 5c]
A-materasu7777: checks 
xcrexisx: bets $0.46
Mahu2021: calls $0.46
A-materasu7777: raises $0.94 to $1.40
xcrexisx: calls $0.94
Mahu2021: calls $0.94
*** TURN *** [8h 6h 5c] [Kc]
A-materasu7777: bets $2.46
xcrexisx: calls $2.46
Mahu2021: raises $6.06 to $8.52 and is all-in
A-materasu7777: calls $5.99 and is all-in
xcrexisx: folds 
Uncalled bet ($0.07) returned to Mahu2021
*** RIVER *** [8h 6h 5c Kc] [Js]
*** SHOW DOWN ***
A-materasu7777: shows [7d 9d] (a straight, Five to Nine)
Mahu2021: shows [Kh Qh] (a pair of Kings)
A-materasu7777 collected $23.41 from pot
*** SUMMARY ***
Total pot $24.51 | Rake $1.10 
Board [8h 6h 5c Kc Js]
Seat 1: Mahu2021 (button) showed [Kh Qh] and lost with a pair of Kings
Seat 2: sonyks2007 (small blind) folded before Flop
Seat 3: A-materasu7777 (big blind) showed [7d 9d] and won ($23.41) with a straight, Five to Nine
Seat 4: catastrevas folded before Flop (didn't bet)
Seat 5: ElDelfin38 folded before Flop (didn't bet)
Seat 6: xcrexisx folded on the Turn



PokerStars Zoom Hand #254176590176:  Hold'em No Limit ($0.05/$0.10) - 2025/01/03 21:05:39 CET [2025/01/03 15:05:39 ET]
Table 'Aludra' 6-max Seat #1 is the button
Seat 1: #201311# ($15.22 in chips) 
Seat 2: Mahu2021 ($10 in chips) 
Seat 3: giannissapk ($15.68 in chips) 
Seat 4: xcrexisx ($10 in chips) 
Seat 5: jwpwml ($10 in chips) 
Seat 6: Chestiefol ($17.96 in chips) 
Mahu2021: posts small blind $0.05
giannissapk: posts big blind $0.10
*** HOLE CARDS ***
Dealt to Mahu2021 [Td Jd]
xcrexisx: folds 
jwpwml: folds 
Chestiefol: folds 
#201311#: folds 
Mahu2021: raises $0.20 to $0.30
giannissapk: folds 
Uncalled bet ($0.20) returned to Mahu2021
Mahu2021 collected $0.20 from pot
Mahu2021: doesn't show hand 
*** SUMMARY ***
Total pot $0.20 | Rake $0 
Seat 1: #201311# (button) folded before Flop (didn't bet)
Seat 2: Mahu2021 (small blind) collected ($0.20)
Seat 3: giannissapk (big blind) folded before Flop
Seat 4: xcrexisx folded before Flop (didn't bet)
Seat 5: jwpwml folded before Flop (didn't bet)
Seat 6: Chestiefol folded before Flop (didn't bet)



PokerStars Zoom Hand #254176597019:  Hold'em No Limit ($0.05/$0.10) - 2025/01/03 21:05:58 CET [2025/01/03 15:05:58 ET]
Table 'Aludra' 6-max Seat #1 is the button
Seat 1: Chestiefol ($31.02 in chips) 
Seat 2: KingLui19839 ($2.44 in chips) 
Seat 3: beas7m0de ($10.83 in chips) 
Seat 4: Mahu2021 ($10.10 in chips) 
Seat 5: Allvisa ($15.84 in chips) 
Seat 6: 2ater ($15.79 in chips) 
KingLui19839: posts small blind $0.05
beas7m0de: posts big blind $0.10
*** HOLE CARDS ***
Dealt to Mahu2021 [9d 2d]
Mahu2021: folds 
Allvisa: folds 
2ater: folds 
Chestiefol: folds 
KingLui19839: folds 
Uncalled bet ($0.05) returned to beas7m0de
beas7m0de collected $0.10 from pot
beas7m0de: doesn't show hand 
*** SUMMARY ***
Total pot $0.10 | Rake $0 
Seat 1: Chestiefol (button) folded before Flop (didn't bet)
Seat 2: KingLui19839 (small blind) folded before Flop
Seat 3: beas7m0de (big blind) collected ($0.10)
Seat 4: Mahu2021 folded before Flop (didn't bet)
Seat 5: Allvisa folded before Flop (didn't bet)
Seat 6: 2ater folded before Flop (didn't bet)



PokerStars Zoom Hand #254176555920:  Hold'em No Limit ($0.05/$0.10) - 2025/01/03 21:03:58 CET [2025/01/03 15:03:58 ET]
Table 'Aludra' 6-max Seat #1 is the button
Seat 1: kiks220272 ($10.05 in chips) 
Seat 2: Zonizo ($21.41 in chips) 
Seat 3: alcemyr ($10 in chips) 
Seat 4: Mahu2021 ($11.07 in chips) 
Seat 5: hong0627 ($14.91 in chips) 
Seat 6: shortstackpro ($5.96 in chips) 
Zonizo: posts small blind $0.05
alcemyr: posts big blind $0.10
*** HOLE CARDS ***
Dealt to Mahu2021 [Ts 8s]
Mahu2021: folds 
hong0627: folds 
shortstackpro: raises $0.10 to $0.20
kiks220272: calls $0.20
Zonizo: folds 
alcemyr: calls $0.10
*** FLOP *** [Js As Ks]
alcemyr: checks 
shortstackpro: checks 
kiks220272: checks 
*** TURN *** [Js As Ks] [3d]
alcemyr: checks 
shortstackpro: checks 
kiks220272: checks 
*** RIVER *** [Js As Ks 3d] [7h]
alcemyr has timed out
alcemyr: checks 
shortstackpro: bets $0.31
alcemyr is disconnected 
kiks220272: folds 
alcemyr has timed out while disconnected
alcemyr: folds 
Uncalled bet ($0.31) returned to shortstackpro
shortstackpro collected $0.62 from pot
shortstackpro: doesn't show hand 
*** SUMMARY ***
Total pot $0.65 | Rake $0.03 
Board [Js As Ks 3d 7h]
Seat 1: kiks220272 (button) folded on the River
Seat 2: Zonizo (small blind) folded before Flop
Seat 3: alcemyr (big blind) folded on the River
Seat 4: Mahu2021 folded before Flop (didn't bet)
Seat 5: hong0627 folded before Flop (didn't bet)
Seat 6: shortstackpro collected ($0.62)



PokerStars Zoom Hand #254176598789:  Hold'em No Limit ($0.05/$0.10) - 2025/01/03 21:06:03 CET [2025/01/03 15:06:03 ET]
Table 'Aludra' 6-max Seat #1 is the button
Seat 1: Gev47 ($15.37 in chips) 
Seat 2: cris_civil ($10.05 in chips) 
Seat 3: Mahu2021 ($10.10 in chips) 
Seat 4: thuani98 ($13.10 in chips) 
Seat 5: Mirkchief ($25.06 in chips) 
Seat 6: Master205 ($11.20 in chips) 
cris_civil: posts small blind $0.05
Mahu2021: posts big blind $0.10
*** HOLE CARDS ***
Dealt to Mahu2021 [Jd 6d]
thuani98: folds 
Mirkchief: folds 
Master205: folds 
Gev47: raises $0.34 to $0.44
cris_civil: folds 
Mahu2021: calls $0.34
*** FLOP *** [Qs 9h 4c]
Mahu2021: checks 
Gev47: bets $0.77
Mahu2021: folds 
Uncalled bet ($0.77) returned to Gev47
Gev47 collected $0.89 from pot
Gev47: doesn't show hand 
*** SUMMARY ***
Total pot $0.93 | Rake $0.04 
Board [Qs 9h 4c]
Seat 1: Gev47 (button) collected ($0.89)
Seat 2: cris_civil (small blind) folded before Flop
Seat 3: Mahu2021 (big blind) folded on the Flop
Seat 4: thuani98 folded before Flop (didn't bet)
Seat 5: Mirkchief folded before Flop (didn't bet)
Seat 6: Master205 folded before Flop (didn't bet)



PokerStars Zoom Hand #254176615570:  Hold'em No Limit ($0.05/$0.10) - 2025/01/03 21:06:51 CET [2025/01/03 15:06:51 ET]
Table 'Aludra' 6-max Seat #1 is the button
Seat 1: dewrden ($5 in chips) 
Seat 2: Master205 ($10.95 in chips) 
Seat 3: hong0627 ($19.53 in chips) 
Seat 4: xcrexisx ($10 in chips) 
Seat 5: phenomeno691 ($7.56 in chips) 
Seat 6: Mahu2021 ($9.66 in chips) 
Master205: posts small blind $0.05
hong0627: posts big blind $0.10
*** HOLE CARDS ***
Dealt to Mahu2021 [3h 6s]
xcrexisx: folds 
phenomeno691: folds 
Mahu2021: folds 
dewrden: folds 
Master205: folds 
Uncalled bet ($0.05) returned to hong0627
hong0627 collected $0.10 from pot
hong0627: doesn't show hand 
*** SUMMARY ***
Total pot $0.10 | Rake $0 
Seat 1: dewrden (button) folded before Flop (didn't bet)
Seat 2: Master205 (small blind) folded before Flop
Seat 3: hong0627 (big blind) collected ($0.10)
Seat 4: xcrexisx folded before Flop (didn't bet)
Seat 5: phenomeno691 folded before Flop (didn't bet)
Seat 6: Mahu2021 folded before Flop (didn't bet)



PokerStars Zoom Hand #254176616653:  Hold'em No Limit ($0.05/$0.10) - 2025/01/03 21:06:54 CET [2025/01/03 15:06:54 ET]
Table 'Aludra' 6-max Seat #1 is the button
Seat 1: vitalik-kz ($21.53 in chips) 
Seat 2: openymir ($9.52 in chips) 
Seat 3: al1481 ($8.74 in chips) 
Seat 4: GregoryStyle_92 ($2.31 in chips) 
Seat 5: Mahu2021 ($9.66 in chips) 
Seat 6: limz ($10.88 in chips) 
openymir: posts small blind $0.05
al1481: posts big blind $0.10
*** HOLE CARDS ***
Dealt to Mahu2021 [7s 9c]
GregoryStyle_92: folds 
Mahu2021: folds 
limz: raises $0.12 to $0.22
vitalik-kz: folds 
openymir: folds 
al1481: folds 
Uncalled bet ($0.12) returned to limz
limz collected $0.25 from pot
limz: doesn't show hand 
*** SUMMARY ***
Total pot $0.25 | Rake $0 
Seat 1: vitalik-kz (button) folded before Flop (didn't bet)
Seat 2: openymir (small blind) folded before Flop
Seat 3: al1481 (big blind) folded before Flop
Seat 4: GregoryStyle_92 folded before Flop (didn't bet)
Seat 5: Mahu2021 folded before Flop (didn't bet)
Seat 6: limz collected ($0.25)



PokerStars Zoom Hand #254176617749:  Hold'em No Limit ($0.05/$0.10) - 2025/01/03 21:06:57 CET [2025/01/03 15:06:57 ET]
Table 'Aludra' 6-max Seat #1 is the button
Seat 1: Mace F1 ($7.51 in chips) 
Seat 2: Mahu2021 ($9.66 in chips) 
Seat 3: mundurjon ($30.97 in chips) 
Seat 4: neukrocen ($17.86 in chips) 
Seat 5: vogiatzis97 ($11.14 in chips) 
Seat 6: Baratrum777 ($10 in chips) 
Mahu2021: posts small blind $0.05
mundurjon: posts big blind $0.10
*** HOLE CARDS ***
Dealt to Mahu2021 [8c Js]
neukrocen: raises $0.15 to $0.25
vogiatzis97: folds 
Baratrum777: folds 
Mace F1: folds 
Mahu2021: calls $0.20
mundurjon: folds 
*** FLOP *** [2s Tc Ks]
Mahu2021: checks 
neukrocen: bets $0.19
Mahu2021: calls $0.19
*** TURN *** [2s Tc Ks] [3h]
Mahu2021: checks 
neukrocen: bets $1.13
Mahu2021: folds 
Uncalled bet ($1.13) returned to neukrocen
neukrocen collected $0.94 from pot
neukrocen: doesn't show hand 
*** SUMMARY ***
Total pot $0.98 | Rake $0.04 
Board [2s Tc Ks 3h]
Seat 1: Mace F1 (button) folded before Flop (didn't bet)
Seat 2: Mahu2021 (small blind) folded on the Turn
Seat 3: mundurjon (big blind) folded before Flop
Seat 4: neukrocen collected ($0.94)
Seat 5: vogiatzis97 folded before Flop (didn't bet)
Seat 6: Baratrum777 folded before Flop (didn't bet)



PokerStars Zoom Hand #254176614119:  Hold'em No Limit ($0.05/$0.10) - 2025/01/03 21:06:47 CET [2025/01/03 15:06:47 ET]
Table 'Aludra' 6-max Seat #1 is the button
Seat 1: Mahu2021 ($9.66 in chips) 
Seat 2: BulletBaz ($8.17 in chips) 
Seat 3: Wulverate87 ($9.82 in chips) 
Seat 4: mundurjon ($30.97 in chips) 
Seat 5: farouk7 ($14.65 in chips) 
Seat 6: catastrevas ($15.34 in chips) 
BulletBaz: posts small blind $0.05
Wulverate87: posts big blind $0.10
*** HOLE CARDS ***
Dealt to Mahu2021 [2s Qc]
mundurjon: folds 
farouk7: raises $0.10 to $0.20
catastrevas: raises $0.50 to $0.70
Mahu2021: folds 
BulletBaz: folds 
Wulverate87: folds 
farouk7: calls $0.50
*** FLOP *** [6h 8c 3h]
farouk7: checks 
catastrevas: bets $0.49
farouk7: calls $0.49
*** TURN *** [6h 8c 3h] [6c]
farouk7: checks 
catastrevas: checks 
*** RIVER *** [6h 8c 3h 6c] [8d]
farouk7: checks 
catastrevas: checks 
*** SHOW DOWN ***
farouk7: shows [3d Kd] (two pair, Eights and Sixes)
catastrevas: shows [Ah Kc] (two pair, Eights and Sixes - Ace kicker)
catastrevas collected $2.42 from pot
*** SUMMARY ***
Total pot $2.53 | Rake $0.11 
Board [6h 8c 3h 6c 8d]
Seat 1: Mahu2021 (button) folded before Flop (didn't bet)
Seat 2: BulletBaz (small blind) folded before Flop
Seat 3: Wulverate87 (big blind) folded before Flop
Seat 4: mundurjon folded before Flop (didn't bet)
Seat 5: farouk7 showed [3d Kd] and lost with two pair, Eights and Sixes
Seat 6: catastrevas showed [Ah Kc] and won ($2.42) with two pair, Eights and Sixes



PokerStars Zoom Hand #254176595512:  Hold'em No Limit ($0.05/$0.10) - 2025/01/03 21:05:54 CET [2025/01/03 15:05:54 ET]
Table 'Aludra' 6-max Seat #1 is the button
Seat 1: Pinkmnn ($9.30 in chips) 
Seat 2: Chestiefol ($10 in chips) 
Seat 3: WideMonkaW ($10.02 in chips) 
Seat 4: reentrygod ($10.19 in chips) 
Seat 5: Mahu2021 ($10.10 in chips) 
Seat 6: kolaskaFF ($15.89 in chips) 
Chestiefol: posts small blind $0.05
WideMonkaW: posts big blind $0.10
*** HOLE CARDS ***
Dealt to Mahu2021 [4h 3c]
reentrygod: folds 
Mahu2021: folds 
kolaskaFF: raises $0.10 to $0.20
Pinkmnn: folds 
Chestiefol: folds 
WideMonkaW: calls $0.10
*** FLOP *** [Js 6d Tc]
WideMonkaW: checks 
kolaskaFF: bets $0.13
WideMonkaW: raises $0.51 to $0.64
kolaskaFF: calls $0.51
*** TURN *** [Js 6d Tc] [3s]
WideMonkaW: bets $1.10
kolaskaFF: calls $1.10
*** RIVER *** [Js 6d Tc 3s] [9h]
WideMonkaW: checks 
kolaskaFF: bets $2.81
WideMonkaW: folds 
Uncalled bet ($2.81) returned to kolaskaFF
kolaskaFF collected $3.75 from pot
kolaskaFF: doesn't show hand 
*** SUMMARY ***
Total pot $3.93 | Rake $0.18 
Board [Js 6d Tc 3s 9h]
Seat 1: Pinkmnn (button) folded before Flop (didn't bet)
Seat 2: Chestiefol (small blind) folded before Flop
Seat 3: WideMonkaW (big blind) folded on the River
Seat 4: reentrygod folded before Flop (didn't bet)
Seat 5: Mahu2021 folded before Flop (didn't bet)
Seat 6: kolaskaFF collected ($3.75)



PokerStars Zoom Hand #254176627869:  Hold'em No Limit ($0.05/$0.10) - 2025/01/03 21:07:26 CET [2025/01/03 15:07:26 ET]
Table 'Aludra' 6-max Seat #1 is the button
Seat 1: NüssliNici94 ($16.27 in chips) 
Seat 2: zarpapis ($10 in chips) 
Seat 3: Scorpionem ($14.31 in chips) 
Seat 4: Mahu2021 ($9.22 in chips) 
Seat 5: Limksfuss54 ($12.31 in chips) 
Seat 6: mensebes ($6.10 in chips) 
zarpapis: posts small blind $0.05
Scorpionem: posts big blind $0.10
*** HOLE CARDS ***
Dealt to Mahu2021 [Kh 8h]
Mahu2021: raises $0.20 to $0.30
Limksfuss54: raises $0.40 to $0.70
mensebes: folds 
NüssliNici94: folds 
zarpapis: folds 
Scorpionem: folds 
Mahu2021: calls $0.40
*** FLOP *** [7s Th 5s]
Mahu2021: checks 
Limksfuss54: bets $1
Mahu2021: folds 
Uncalled bet ($1) returned to Limksfuss54
Limksfuss54 collected $1.46 from pot
Limksfuss54: doesn't show hand 
*** SUMMARY ***
Total pot $1.55 | Rake $0.09 
Board [7s Th 5s]
Seat 1: NüssliNici94 (button) folded before Flop (didn't bet)
Seat 2: zarpapis (small blind) folded before Flop
Seat 3: Scorpionem (big blind) folded before Flop
Seat 4: Mahu2021 folded on the Flop
Seat 5: Limksfuss54 collected ($1.46)
Seat 6: mensebes folded before Flop (didn't bet)



PokerStars Zoom Hand #254176638810:  Hold'em No Limit ($0.05/$0.10) - 2025/01/03 21:07:58 CET [2025/01/03 15:07:58 ET]
Table 'Aludra' 6-max Seat #1 is the button
Seat 1: limz ($10 in chips) 
Seat 2: sonyks2007 ($24.03 in chips) 
Seat 3: Chestiefol ($25.89 in chips) 
Seat 4: Mahu2021 ($8.52 in chips) 
Seat 5: NizoDivart ($30.26 in chips) 
Seat 6: Aruce1 ($41.91 in chips) 
sonyks2007: posts small blind $0.05
Chestiefol: posts big blind $0.10
*** HOLE CARDS ***
Dealt to Mahu2021 [7d 4h]
Mahu2021: folds 
NizoDivart: folds 
Aruce1: folds 
limz: folds 
sonyks2007: raises $0.20 to $0.30
Chestiefol: folds 
Uncalled bet ($0.20) returned to sonyks2007
sonyks2007 collected $0.20 from pot
sonyks2007: doesn't show hand 
*** SUMMARY ***
Total pot $0.20 | Rake $0 
Seat 1: limz (button) folded before Flop (didn't bet)
Seat 2: sonyks2007 (small blind) collected ($0.20)
Seat 3: Chestiefol (big blind) folded before Flop
Seat 4: Mahu2021 folded before Flop (didn't bet)
Seat 5: NizoDivart folded before Flop (didn't bet)
Seat 6: Aruce1 folded before Flop (didn't bet)



PokerStars Zoom Hand #254176639953:  Hold'em No Limit ($0.05/$0.10) - 2025/01/03 21:08:01 CET [2025/01/03 15:08:01 ET]
Table 'Aludra' 6-max Seat #1 is the button
Seat 1: Dimon_55_77 ($16.68 in chips) 
Seat 2: giannissapk ($14.70 in chips) 
Seat 3: Mahu2021 ($8.52 in chips) 
Seat 4: mundurjon ($30.27 in chips) 
Seat 5: SuperLogico87 ($14.16 in chips) 
Seat 6: cghap ($20.61 in chips) 
giannissapk: posts small blind $0.05
Mahu2021: posts big blind $0.10
*** HOLE CARDS ***
Dealt to Mahu2021 [4c 5h]
mundurjon: folds 
SuperLogico87: folds 
cghap: folds 
Dimon_55_77: raises $0.20 to $0.30
giannissapk: folds 
Mahu2021: calls $0.20
*** FLOP *** [Qc Ts Ad]
Mahu2021: checks 
Dimon_55_77: bets $0.20
Mahu2021: folds 
Uncalled bet ($0.20) returned to Dimon_55_77
Dimon_55_77 collected $0.62 from pot
Dimon_55_77: doesn't show hand 
*** SUMMARY ***
Total pot $0.65 | Rake $0.03 
Board [Qc Ts Ad]
Seat 1: Dimon_55_77 (button) collected ($0.62)
Seat 2: giannissapk (small blind) folded before Flop
Seat 3: Mahu2021 (big blind) folded on the Flop
Seat 4: mundurjon folded before Flop (didn't bet)
Seat 5: SuperLogico87 folded before Flop (didn't bet)
Seat 6: cghap folded before Flop (didn't bet)



PokerStars Zoom Hand #254176650432:  Hold'em No Limit ($0.05/$0.10) - 2025/01/03 21:08:31 CET [2025/01/03 15:08:31 ET]
Table 'Aludra' 6-max Seat #1 is the button
Seat 1: kmnfst ($23.72 in chips) 
Seat 2: vitalik-kz ($21.43 in chips) 
Seat 3: openymir ($8.89 in chips) 
Seat 4: foili ($13.53 in chips) 
Seat 5: Aruce1 ($29.77 in chips) 
Seat 6: Mahu2021 ($8.22 in chips) 
vitalik-kz: posts small blind $0.05
openymir: posts big blind $0.10
*** HOLE CARDS ***
Dealt to Mahu2021 [9c Ad]
foili: folds 
Aruce1: folds 
Mahu2021: raises $0.20 to $0.30
kmnfst: folds 
vitalik-kz: folds 
openymir: folds 
Uncalled bet ($0.20) returned to Mahu2021
Mahu2021 collected $0.25 from pot
Mahu2021: doesn't show hand 
*** SUMMARY ***
Total pot $0.25 | Rake $0 
Seat 1: kmnfst (button) folded before Flop (didn't bet)
Seat 2: vitalik-kz (small blind) folded before Flop
Seat 3: openymir (big blind) folded before Flop
Seat 4: foili folded before Flop (didn't bet)
Seat 5: Aruce1 folded before Flop (didn't bet)
Seat 6: Mahu2021 collected ($0.25)



PokerStars Zoom Hand #254176663391:  Hold'em No Limit ($0.05/$0.10) - 2025/01/03 21:09:09 CET [2025/01/03 15:09:09 ET]
Table 'Aludra' 6-max Seat #1 is the button
Seat 1: farouk7 ($13.55 in chips) 
Seat 2: Mahu2021 ($8.37 in chips) 
Seat 3: al1481 ($15.23 in chips) 
Seat 4: MRwasaty ($12.91 in chips) 
Seat 5: lucasdorre ($12.98 in chips) 
Seat 6: km1883 ($13.96 in chips) 
Mahu2021: posts small blind $0.05
al1481: posts big blind $0.10
*** HOLE CARDS ***
Dealt to Mahu2021 [5c Qd]
MRwasaty: folds 
lucasdorre: raises $0.12 to $0.22
km1883: folds 
farouk7: folds 
Mahu2021: folds 
al1481: folds 
Uncalled bet ($0.12) returned to lucasdorre
lucasdorre collected $0.25 from pot
lucasdorre: doesn't show hand 
*** SUMMARY ***
Total pot $0.25 | Rake $0 
Seat 1: farouk7 (button) folded before Flop (didn't bet)
Seat 2: Mahu2021 (small blind) folded before Flop
Seat 3: al1481 (big blind) folded before Flop
Seat 4: MRwasaty folded before Flop (didn't bet)
Seat 5: lucasdorre collected ($0.25)
Seat 6: km1883 folded before Flop (didn't bet)



PokerStars Zoom Hand #254176666555:  Hold'em No Limit ($0.05/$0.10) - 2025/01/03 21:09:18 CET [2025/01/03 15:09:18 ET]
Table 'Aludra' 6-max Seat #1 is the button
Seat 1: NicBrotzu ($11.84 in chips) 
Seat 2: Limksfuss54 ($11.44 in chips) 
Seat 3: #201311# ($14.79 in chips) 
Seat 4: lexy615 ($6.74 in chips) 
Seat 5: Mahu2021 ($8.22 in chips) 
Seat 6: hong0627 ($39.01 in chips) 
Limksfuss54: posts small blind $0.05
#201311#: posts big blind $0.10
*** HOLE CARDS ***
Dealt to Mahu2021 [7c Ad]
lexy615: folds 
Mahu2021: folds 
hong0627: folds 
NicBrotzu: folds 
Limksfuss54: folds 
Uncalled bet ($0.05) returned to #201311#
#201311# collected $0.10 from pot
#201311#: doesn't show hand 
*** SUMMARY ***
Total pot $0.10 | Rake $0 
Seat 1: NicBrotzu (button) folded before Flop (didn't bet)
Seat 2: Limksfuss54 (small blind) folded before Flop
Seat 3: #201311# (big blind) collected ($0.10)
Seat 4: lexy615 folded before Flop (didn't bet)
Seat 5: Mahu2021 folded before Flop (didn't bet)
Seat 6: hong0627 folded before Flop (didn't bet)



PokerStars Zoom Hand #254176667882:  Hold'em No Limit ($0.05/$0.10) - 2025/01/03 21:09:22 CET [2025/01/03 15:09:22 ET]
Table 'Aludra' 6-max Seat #1 is the button
Seat 1: GoodGame1989 ($10 in chips) 
Seat 2: gabu005 ($11.80 in chips) 
Seat 3: xcrexisx ($10.74 in chips) 
Seat 4: Mahu2021 ($8.22 in chips) 
Seat 5: NüssliNici94 ($15.82 in chips) 
Seat 6: lucasdorre ($12.12 in chips) 
gabu005: posts small blind $0.05
xcrexisx: posts big blind $0.10
*** HOLE CARDS ***
Dealt to Mahu2021 [4h 3d]
Mahu2021: folds 
NüssliNici94: folds 
lucasdorre: folds 
GoodGame1989: raises $0.15 to $0.25
gabu005: folds 
xcrexisx: folds 
Uncalled bet ($0.15) returned to GoodGame1989
GoodGame1989 collected $0.25 from pot
GoodGame1989: doesn't show hand 
*** SUMMARY ***
Total pot $0.25 | Rake $0 
Seat 1: GoodGame1989 (button) collected ($0.25)
Seat 2: gabu005 (small blind) folded before Flop
Seat 3: xcrexisx (big blind) folded before Flop
Seat 4: Mahu2021 folded before Flop (didn't bet)
Seat 5: NüssliNici94 folded before Flop (didn't bet)
Seat 6: lucasdorre folded before Flop (didn't bet)



PokerStars Zoom Hand #254176664781:  Hold'em No Limit ($0.05/$0.10) - 2025/01/03 21:09:13 CET [2025/01/03 15:09:13 ET]
Table 'Aludra' 6-max Seat #1 is the button
Seat 1: n.mani ($21.14 in chips) 
Seat 2: Windows 21xp ($16.31 in chips) 
Seat 3: Mahu2021 ($8.32 in chips) 
Seat 4: Master205 ($12.19 in chips) 
Seat 5: beas7m0de ($10.33 in chips) 
Seat 6: Mace F1 ($5 in chips) 
Windows 21xp: posts small blind $0.05
Mahu2021: posts big blind $0.10
*** HOLE CARDS ***
Dealt to Mahu2021 [2d 8s]
Master205: raises $0.10 to $0.20
beas7m0de: folds 
Mace F1: folds 
n.mani: calls $0.20
Windows 21xp: folds 
Mahu2021: folds 
*** FLOP *** [Ah Qh 4s]
Master205: bets $0.40
n.mani: folds 
Uncalled bet ($0.40) returned to Master205
Master205 collected $0.53 from pot
Master205: doesn't show hand 
*** SUMMARY ***
Total pot $0.55 | Rake $0.02 
Board [Ah Qh 4s]
Seat 1: n.mani (button) folded on the Flop
Seat 2: Windows 21xp (small blind) folded before Flop
Seat 3: Mahu2021 (big blind) folded before Flop
Seat 4: Master205 collected ($0.53)
Seat 5: beas7m0de folded before Flop (didn't bet)
Seat 6: Mace F1 folded before Flop (didn't bet)



PokerStars Zoom Hand #254176668919:  Hold'em No Limit ($0.05/$0.10) - 2025/01/03 21:09:25 CET [2025/01/03 15:09:25 ET]
Table 'Aludra' 6-max Seat #1 is the button
Seat 1: Mahu2021 ($8.22 in chips) 
Seat 2: Mace F1 ($7.69 in chips) 
Seat 3: foili ($10 in chips) 
Seat 4: Shakawka ($10 in chips) 
Seat 5: dewrden ($5.37 in chips) 
Seat 6: HyperBete ($9.83 in chips) 
Mace F1: posts small blind $0.05
foili: posts big blind $0.10
*** HOLE CARDS ***
Dealt to Mahu2021 [5h 9d]
Shakawka: raises $0.10 to $0.20
dewrden: folds 
HyperBete: folds 
Mahu2021: folds 
Mace F1: folds 
foili: folds 
Uncalled bet ($0.10) returned to Shakawka
Shakawka collected $0.25 from pot
Shakawka: doesn't show hand 
*** SUMMARY ***
Total pot $0.25 | Rake $0 
Seat 1: Mahu2021 (button) folded before Flop (didn't bet)
Seat 2: Mace F1 (small blind) folded before Flop
Seat 3: foili (big blind) folded before Flop
Seat 4: Shakawka collected ($0.25)
Seat 5: dewrden folded before Flop (didn't bet)
Seat 6: HyperBete folded before Flop (didn't bet)



PokerStars Zoom Hand #254176661878:  Hold'em No Limit ($0.05/$0.10) - 2025/01/03 21:09:05 CET [2025/01/03 15:09:05 ET]
Table 'Aludra' 6-max Seat #1 is the button
Seat 1: Mahu2021 ($8.37 in chips) 
Seat 2: wujaszek ($12.23 in chips) 
Seat 3: Master205 ($12.35 in chips) 
Seat 4: foili ($13.53 in chips) 
Seat 5: jwpwml ($10.30 in chips) 
Seat 6: Mirkchief ($24.56 in chips) 
wujaszek: posts small blind $0.05
Master205: posts big blind $0.10
*** HOLE CARDS ***
Dealt to Mahu2021 [3c 9d]
foili: folds 
jwpwml: folds 
Mirkchief: raises $0.15 to $0.25
Mahu2021: folds 
wujaszek: folds 
Master205: calls $0.15
*** FLOP *** [Jh 4d 2s]
Master205: checks 
Mirkchief: checks 
*** TURN *** [Jh 4d 2s] [5d]
Master205: bets $0.40
Mirkchief: folds 
Uncalled bet ($0.40) returned to Master205
Master205 collected $0.53 from pot
Master205: doesn't show hand 
*** SUMMARY ***
Total pot $0.55 | Rake $0.02 
Board [Jh 4d 2s 5d]
Seat 1: Mahu2021 (button) folded before Flop (didn't bet)
Seat 2: wujaszek (small blind) folded before Flop
Seat 3: Master205 (big blind) collected ($0.53)
Seat 4: foili folded before Flop (didn't bet)
Seat 5: jwpwml folded before Flop (didn't bet)
Seat 6: Mirkchief folded on the Turn



PokerStars Zoom Hand #254176672078:  Hold'em No Limit ($0.05/$0.10) - 2025/01/03 21:09:34 CET [2025/01/03 15:09:34 ET]
Table 'Aludra' 6-max Seat #1 is the button
Seat 1: A-materasu7777 ($17.97 in chips) 
Seat 2: Mahu2021 ($8.22 in chips) 
Seat 3: aamsantos ($11.14 in chips) 
Seat 4: mand333 ($19.04 in chips) 
Seat 5: HyperBete ($9.78 in chips) 
Seat 6: WideMonkaW ($11.08 in chips) 
Mahu2021: posts small blind $0.05
aamsantos: posts big blind $0.10
*** HOLE CARDS ***
Dealt to Mahu2021 [Tc 6s]
mand333: folds 
HyperBete: folds 
WideMonkaW: folds 
A-materasu7777: folds 
Mahu2021: folds 
Uncalled bet ($0.05) returned to aamsantos
aamsantos collected $0.10 from pot
aamsantos: doesn't show hand 
*** SUMMARY ***
Total pot $0.10 | Rake $0 
Seat 1: A-materasu7777 (button) folded before Flop (didn't bet)
Seat 2: Mahu2021 (small blind) folded before Flop
Seat 3: aamsantos (big blind) collected ($0.10)
Seat 4: mand333 folded before Flop (didn't bet)
Seat 5: HyperBete folded before Flop (didn't bet)
Seat 6: WideMonkaW folded before Flop (didn't bet)



PokerStars Zoom Hand #254176675760:  Hold'em No Limit ($0.05/$0.10) - 2025/01/03 21:09:45 CET [2025/01/03 15:09:45 ET]
Table 'Aludra' 6-max Seat #1 is the button
Seat 1: giannissapk ($12.10 in chips) 
Seat 2: V888NON ($16.06 in chips) 
Seat 3: MasterVBM ($5.37 in chips) 
Seat 4: chenchezzle ($13.96 in chips) 
Seat 5: Mahu2021 ($8.17 in chips) 
Seat 6: catastrevas ($12.17 in chips) 
V888NON: posts small blind $0.05
MasterVBM: posts big blind $0.10
*** HOLE CARDS ***
Dealt to Mahu2021 [Ac Jh]
chenchezzle: folds 
Mahu2021: raises $0.20 to $0.30
catastrevas: folds 
giannissapk: folds 
V888NON: folds 
MasterVBM: folds 
Uncalled bet ($0.20) returned to Mahu2021
Mahu2021 collected $0.25 from pot
Mahu2021: doesn't show hand 
*** SUMMARY ***
Total pot $0.25 | Rake $0 
Seat 1: giannissapk (button) folded before Flop (didn't bet)
Seat 2: V888NON (small blind) folded before Flop
Seat 3: MasterVBM (big blind) folded before Flop
Seat 4: chenchezzle folded before Flop (didn't bet)
Seat 5: Mahu2021 collected ($0.25)
Seat 6: catastrevas folded before Flop (didn't bet)



PokerStars Zoom Hand #254176670696:  Hold'em No Limit ($0.05/$0.10) - 2025/01/03 21:09:30 CET [2025/01/03 15:09:30 ET]
Table 'Aludra' 6-max Seat #1 is the button
Seat 1: catastrevas ($16.37 in chips) 
Seat 2: Aruce1 ($41.71 in chips) 
Seat 3: kotaraka1312 ($10.86 in chips) 
Seat 4: cris_civil ($10.39 in chips) 
Seat 5: Jhanr ($10.48 in chips) 
Seat 6: Mahu2021 ($8.22 in chips) 
Aruce1: posts small blind $0.05
kotaraka1312: posts big blind $0.10
*** HOLE CARDS ***
Dealt to Mahu2021 [7d Js]
cris_civil: folds 
Jhanr: raises $0.13 to $0.23
Mahu2021: folds 
catastrevas: folds 
Aruce1: folds 
kotaraka1312: calls $0.13
*** FLOP *** [Td 6s 9d]
kotaraka1312: checks 
Jhanr: bets $0.32
kotaraka1312: folds 
Uncalled bet ($0.32) returned to Jhanr
Jhanr collected $0.49 from pot
Jhanr: doesn't show hand 
*** SUMMARY ***
Total pot $0.51 | Rake $0.02 
Board [Td 6s 9d]
Seat 1: catastrevas (button) folded before Flop (didn't bet)
Seat 2: Aruce1 (small blind) folded before Flop
Seat 3: kotaraka1312 (big blind) folded on the Flop
Seat 4: cris_civil folded before Flop (didn't bet)
Seat 5: Jhanr collected ($0.49)
Seat 6: Mahu2021 folded before Flop (didn't bet)



PokerStars Zoom Hand #254176674149:  Hold'em No Limit ($0.05/$0.10) - 2025/01/03 21:09:40 CET [2025/01/03 15:09:40 ET]
Table 'Aludra' 6-max Seat #1 is the button
Seat 1: lexy615 ($6.64 in chips) 
Seat 2: Shakawka ($12.76 in chips) 
Seat 3: Tbts10 ($14.89 in chips) 
Seat 4: cris_civil ($10.15 in chips) 
Seat 5: Mahu2021 ($8.17 in chips) 
Seat 6: vogiatzis97 ($11.32 in chips) 
Shakawka: posts small blind $0.05
Tbts10: posts big blind $0.10
*** HOLE CARDS ***
Dealt to Mahu2021 [2d 2s]
cris_civil: folds 
Mahu2021: folds 
vogiatzis97: raises $0.15 to $0.25
lexy615: folds 
Shakawka: folds 
Tbts10: folds 
Uncalled bet ($0.15) returned to vogiatzis97
vogiatzis97 collected $0.25 from pot
vogiatzis97: doesn't show hand 
*** SUMMARY ***
Total pot $0.25 | Rake $0 
Seat 1: lexy615 (button) folded before Flop (didn't bet)
Seat 2: Shakawka (small blind) folded before Flop
Seat 3: Tbts10 (big blind) folded before Flop
Seat 4: cris_civil folded before Flop (didn't bet)
Seat 5: Mahu2021 folded before Flop (didn't bet)
Seat 6: vogiatzis97 collected ($0.25)



PokerStars Zoom Hand #254176679662:  Hold'em No Limit ($0.05/$0.10) - 2025/01/03 21:09:56 CET [2025/01/03 15:09:56 ET]
Table 'Aludra' 6-max Seat #1 is the button
Seat 1: NoLuck090909 ($8.56 in chips) 
Seat 2: kiks220272 ($10.45 in chips) 
Seat 3: Mahu2021 ($8.32 in chips) 
Seat 4: Zonizo ($21.65 in chips) 
Seat 5: Aruce1 ($29.77 in chips) 
Seat 6: catastrevas ($12.07 in chips) 
kiks220272: posts small blind $0.05
Mahu2021: posts big blind $0.10
*** HOLE CARDS ***
Dealt to Mahu2021 [3c 8h]
Zonizo: folds 
Aruce1: folds 
catastrevas: folds 
NoLuck090909: raises $0.30 to $0.40
kiks220272: folds 
Mahu2021: folds 
Uncalled bet ($0.30) returned to NoLuck090909
NoLuck090909 collected $0.25 from pot
NoLuck090909: doesn't show hand 
*** SUMMARY ***
Total pot $0.25 | Rake $0 
Seat 1: NoLuck090909 (button) collected ($0.25)
Seat 2: kiks220272 (small blind) folded before Flop
Seat 3: Mahu2021 (big blind) folded before Flop
Seat 4: Zonizo folded before Flop (didn't bet)
Seat 5: Aruce1 folded before Flop (didn't bet)
Seat 6: catastrevas folded before Flop (didn't bet)



PokerStars Zoom Hand #254176683442:  Hold'em No Limit ($0.05/$0.10) - 2025/01/03 21:10:07 CET [2025/01/03 15:10:07 ET]
Table 'Aludra' 6-max Seat #1 is the button
Seat 1: Mahu2021 ($8.17 in chips) 
Seat 2: foili ($10 in chips) 
Seat 3: mundurjon ($29.53 in chips) 
Seat 4: hong0627 ($18.79 in chips) 
Seat 5: Master205 ($11.13 in chips) 
Seat 6: thasos4ever ($12.56 in chips) 
foili: posts small blind $0.05
mundurjon: posts big blind $0.10
*** HOLE CARDS ***
Dealt to Mahu2021 [Td Ad]
hong0627: raises $0.10 to $0.20
Master205: folds 
thasos4ever: calls $0.20
Mahu2021: calls $0.20
foili: folds 
mundurjon: folds 
*** FLOP *** [Th 7c 6c]
hong0627: checks 
thasos4ever: checks 
Mahu2021: bets $0.72
hong0627: folds 
thasos4ever: folds 
Uncalled bet ($0.72) returned to Mahu2021
Mahu2021 collected $0.72 from pot
Mahu2021: doesn't show hand 
*** SUMMARY ***
Total pot $0.75 | Rake $0.03 
Board [Th 7c 6c]
Seat 1: Mahu2021 (button) collected ($0.72)
Seat 2: foili (small blind) folded before Flop
Seat 3: mundurjon (big blind) folded before Flop
Seat 4: hong0627 folded on the Flop
Seat 5: Master205 folded before Flop (didn't bet)
Seat 6: thasos4ever folded on the Flop



PokerStars Zoom Hand #254176682171:  Hold'em No Limit ($0.05/$0.10) - 2025/01/03 21:10:03 CET [2025/01/03 15:10:03 ET]
Table 'Aludra' 6-max Seat #1 is the button
Seat 1: Wulverate87 ($10.07 in chips) 
Seat 2: Mahu2021 ($8.22 in chips) 
Seat 3: WideMonkaW ($13.95 in chips) 
Seat 4: kotaraka1312 ($10.58 in chips) 
Seat 5: xcrexisx ($10.59 in chips) 
Seat 6: OoJohnStevensoO ($12.83 in chips) 
Mahu2021: posts small blind $0.05
WideMonkaW: posts big blind $0.10
*** HOLE CARDS ***
Dealt to Mahu2021 [7h Ts]
kotaraka1312: folds 
xcrexisx: folds 
OoJohnStevensoO: folds 
Wulverate87: raises $0.20 to $0.30
Mahu2021: folds 
WideMonkaW: calls $0.20
*** FLOP *** [6d 7c 2c]
WideMonkaW: checks 
Wulverate87: bets $0.31
WideMonkaW: calls $0.31
*** TURN *** [6d 7c 2c] [4d]
WideMonkaW: checks 
Wulverate87: checks 
*** RIVER *** [6d 7c 2c 4d] [9c]
WideMonkaW: checks 
Wulverate87: bets $0.81
WideMonkaW: calls $0.81
*** SHOW DOWN ***
Wulverate87: shows [Ac Ks] (high card Ace)
WideMonkaW: shows [9s 8s] (a pair of Nines)
WideMonkaW collected $2.76 from pot
*** SUMMARY ***
Total pot $2.89 | Rake $0.13 
Board [6d 7c 2c 4d 9c]
Seat 1: Wulverate87 (button) showed [Ac Ks] and lost with high card Ace
Seat 2: Mahu2021 (small blind) folded before Flop
Seat 3: WideMonkaW (big blind) showed [9s 8s] and won ($2.76) with a pair of Nines
Seat 4: kotaraka1312 folded before Flop (didn't bet)
Seat 5: xcrexisx folded before Flop (didn't bet)
Seat 6: OoJohnStevensoO folded before Flop (didn't bet)



PokerStars Zoom Hand #254176691756:  Hold'em No Limit ($0.05/$0.10) - 2025/01/03 21:10:31 CET [2025/01/03 15:10:31 ET]
Table 'Aludra' 6-max Seat #1 is the button
Seat 1: durugica10 ($11.41 in chips) 
Seat 2: JakkeLew ($15.83 in chips) 
Seat 3: Scorpionem ($13.81 in chips) 
Seat 4: Mahu2021 ($8.69 in chips) 
Seat 5: aalewee56 ($20.91 in chips) 
Seat 6: NoLuck090909 ($8.71 in chips) 
JakkeLew: posts small blind $0.05
Scorpionem: posts big blind $0.10
*** HOLE CARDS ***
Dealt to Mahu2021 [2d 9s]
Mahu2021: folds 
aalewee56: folds 
NoLuck090909: folds 
durugica10: raises $0.12 to $0.22
JakkeLew: folds 
Scorpionem: raises $0.73 to $0.95
durugica10: folds 
Uncalled bet ($0.73) returned to Scorpionem
Scorpionem collected $0.49 from pot
Scorpionem: doesn't show hand 
*** SUMMARY ***
Total pot $0.49 | Rake $0 
Seat 1: durugica10 (button) folded before Flop
Seat 2: JakkeLew (small blind) folded before Flop
Seat 3: Scorpionem (big blind) collected ($0.49)
Seat 4: Mahu2021 folded before Flop (didn't bet)
Seat 5: aalewee56 folded before Flop (didn't bet)
Seat 6: NoLuck090909 folded before Flop (didn't bet)



PokerStars Zoom Hand #254176694600:  Hold'em No Limit ($0.05/$0.10) - 2025/01/03 21:10:39 CET [2025/01/03 15:10:39 ET]
Table 'Aludra' 6-max Seat #1 is the button
Seat 1: Mahu2021 ($8.69 in chips) 
Seat 2: sssangha90 ($5.85 in chips) 
Seat 3: jacobtilt35 ($4.95 in chips) 
Seat 4: kiks220272 ($10.45 in chips) 
Seat 5: Trae908 ($16.21 in chips) 
Seat 6: Dimon_55_77 ($15.55 in chips) 
sssangha90: posts small blind $0.05
jacobtilt35: posts big blind $0.10
*** HOLE CARDS ***
Dealt to Mahu2021 [Jh 2d]
kiks220272: folds 
Trae908: calls $0.10
Dimon_55_77: folds 
Mahu2021: folds 
sssangha90: calls $0.05
jacobtilt35: checks 
*** FLOP *** [6c 4h 9s]
sssangha90: checks 
jacobtilt35: checks 
Trae908: bets $0.10
sssangha90: calls $0.10
jacobtilt35: folds 
*** TURN *** [6c 4h 9s] [Ts]
sssangha90: checks 
Trae908: bets $0.20
sssangha90: calls $0.20
*** RIVER *** [6c 4h 9s Ts] [2h]
sssangha90: checks 
Trae908: bets $0.40
sssangha90: folds 
Uncalled bet ($0.40) returned to Trae908
Trae908 collected $0.85 from pot
Trae908: doesn't show hand 
*** SUMMARY ***
Total pot $0.90 | Rake $0.05 
Board [6c 4h 9s Ts 2h]
Seat 1: Mahu2021 (button) folded before Flop (didn't bet)
Seat 2: sssangha90 (small blind) folded on the River
Seat 3: jacobtilt35 (big blind) folded on the Flop
Seat 4: kiks220272 folded before Flop (didn't bet)
Seat 5: Trae908 collected ($0.85)
Seat 6: Dimon_55_77 folded before Flop (didn't bet)



PokerStars Zoom Hand #254176696325:  Hold'em No Limit ($0.05/$0.10) - 2025/01/03 21:10:44 CET [2025/01/03 15:10:44 ET]
Table 'Aludra' 6-max Seat #1 is the button
Seat 1: 5AAAKKK5 ($4.48 in chips) 
Seat 2: lucasdorre ($13.03 in chips) 
Seat 3: Mahu2021 ($8.69 in chips) 
Seat 4: limz ($10 in chips) 
Seat 5: gp motos ($13.88 in chips) 
Seat 6: Windows 21xp ($15.92 in chips) 
lucasdorre: posts small blind $0.05
Mahu2021: posts big blind $0.10
*** HOLE CARDS ***
Dealt to Mahu2021 [8s Qc]
limz: folds 
gp motos: folds 
Windows 21xp: folds 
5AAAKKK5: folds 
lucasdorre: raises $0.20 to $0.30
Mahu2021: calls $0.20
*** FLOP *** [3c 5c 5s]
lucasdorre: bets $0.14
Mahu2021: calls $0.14
*** TURN *** [3c 5c 5s] [3s]
lucasdorre: checks 
Mahu2021: checks 
*** RIVER *** [3c 5c 5s 3s] [Tc]
lucasdorre: bets $0.63
Mahu2021: folds 
Uncalled bet ($0.63) returned to lucasdorre
lucasdorre collected $0.84 from pot
lucasdorre: doesn't show hand 
*** SUMMARY ***
Total pot $0.88 | Rake $0.04 
Board [3c 5c 5s 3s Tc]
Seat 1: 5AAAKKK5 (button) folded before Flop (didn't bet)
Seat 2: lucasdorre (small blind) collected ($0.84)
Seat 3: Mahu2021 (big blind) folded on the River
Seat 4: limz folded before Flop (didn't bet)
Seat 5: gp motos folded before Flop (didn't bet)
Seat 6: Windows 21xp folded before Flop (didn't bet)



PokerStars Zoom Hand #254176708668:  Hold'em No Limit ($0.05/$0.10) - 2025/01/03 21:11:20 CET [2025/01/03 15:11:20 ET]
Table 'Aludra' 6-max Seat #1 is the button
Seat 1: a.sh.1952 ($5.62 in chips) 
Seat 2: Pavel-2815 ($5.91 in chips) 
Seat 3: Shakawka ($12.84 in chips) 
Seat 4: giannissapk ($13.55 in chips) 
Seat 5: Mahu2021 ($8.25 in chips) 
Seat 6: 2.147b ($14.52 in chips) 
Pavel-2815: posts small blind $0.05
Shakawka: posts big blind $0.10
*** HOLE CARDS ***
Dealt to Mahu2021 [Jd 6d]
giannissapk: folds 
Mahu2021: folds 
2.147b: folds 
a.sh.1952: folds 
Pavel-2815: calls $0.05
Shakawka: checks 
*** FLOP *** [3h 7d 5s]
Pavel-2815: checks 
Shakawka: bets $0.14
Pavel-2815: folds 
Uncalled bet ($0.14) returned to Shakawka
Shakawka collected $0.19 from pot
Shakawka: doesn't show hand 
*** SUMMARY ***
Total pot $0.20 | Rake $0.01 
Board [3h 7d 5s]
Seat 1: a.sh.1952 (button) folded before Flop (didn't bet)
Seat 2: Pavel-2815 (small blind) folded on the Flop
Seat 3: Shakawka (big blind) collected ($0.19)
Seat 4: giannissapk folded before Flop (didn't bet)
Seat 5: Mahu2021 folded before Flop (didn't bet)
Seat 6: 2.147b folded before Flop (didn't bet)



PokerStars Zoom Hand #254176693222:  Hold'em No Limit ($0.05/$0.10) - 2025/01/03 21:10:35 CET [2025/01/03 15:10:35 ET]
Table 'Aludra' 6-max Seat #1 is the button
Seat 1: OoJohnStevensoO ($21.12 in chips) 
Seat 2: cris_civil ($10.07 in chips) 
Seat 3: foili ($20.13 in chips) 
Seat 4: Wesleynigth ($12.08 in chips) 
Seat 5: beas7m0de ($10.18 in chips) 
Seat 6: Mahu2021 ($8.69 in chips) 
cris_civil: posts small blind $0.05
foili: posts big blind $0.10
*** HOLE CARDS ***
Dealt to Mahu2021 [4h 6d]
Wesleynigth: folds 
beas7m0de: raises $0.15 to $0.25
Mahu2021: folds 
OoJohnStevensoO: folds 
cris_civil: calls $0.20
foili: folds 
*** FLOP *** [5s Ad 2d]
cris_civil: checks 
beas7m0de: bets $0.30
cris_civil: calls $0.30
*** TURN *** [5s Ad 2d] [7h]
cris_civil: checks 
beas7m0de: bets $0.80
cris_civil: calls $0.80
*** RIVER *** [5s Ad 2d 7h] [Kd]
cris_civil: checks 
beas7m0de: checks 
*** SHOW DOWN ***
cris_civil: shows [Ac 3c] (a pair of Aces)
beas7m0de: shows [Qh As] (a pair of Aces - King+Queen kicker)
beas7m0de collected $2.67 from pot
*** SUMMARY ***
Total pot $2.80 | Rake $0.13 
Board [5s Ad 2d 7h Kd]
Seat 1: OoJohnStevensoO (button) folded before Flop (didn't bet)
Seat 2: cris_civil (small blind) showed [Ac 3c] and lost with a pair of Aces
Seat 3: foili (big blind) folded before Flop
Seat 4: Wesleynigth folded before Flop (didn't bet)
Seat 5: beas7m0de showed [Qh As] and won ($2.67) with a pair of Aces
Seat 6: Mahu2021 folded before Flop (didn't bet)



PokerStars Zoom Hand #254176717445:  Hold'em No Limit ($0.05/$0.10) - 2025/01/03 21:11:46 CET [2025/01/03 15:11:46 ET]
Table 'Aludra' 6-max Seat #1 is the button
Seat 1: 5AAAKKK5 ($3.62 in chips) 
Seat 2: limz ($11.04 in chips) 
Seat 3: Master205 ($12.37 in chips) 
Seat 4: foili ($19.83 in chips) 
Seat 5: vogiatzis97 ($11.12 in chips) 
Seat 6: Mahu2021 ($8.20 in chips) 
limz: posts small blind $0.05
Master205: posts big blind $0.10
*** HOLE CARDS ***
Dealt to Mahu2021 [2c 6h]
foili: folds 
vogiatzis97: folds 
Mahu2021: folds 
5AAAKKK5: folds 
limz: folds 
Uncalled bet ($0.05) returned to Master205
Master205 collected $0.10 from pot
Master205: doesn't show hand 
*** SUMMARY ***
Total pot $0.10 | Rake $0 
Seat 1: 5AAAKKK5 (button) folded before Flop (didn't bet)
Seat 2: limz (small blind) folded before Flop
Seat 3: Master205 (big blind) collected ($0.10)
Seat 4: foili folded before Flop (didn't bet)
Seat 5: vogiatzis97 folded before Flop (didn't bet)
Seat 6: Mahu2021 folded before Flop (didn't bet)



PokerStars Zoom Hand #254176709749:  Hold'em No Limit ($0.05/$0.10) - 2025/01/03 21:11:24 CET [2025/01/03 15:11:24 ET]
Table 'Aludra' 6-max Seat #1 is the button
Seat 1: jwpwml ($10.02 in chips) 
Seat 2: Mahu2021 ($8.25 in chips) 
Seat 3: GoodGame1989 ($10 in chips) 
Seat 4: limz ($11.04 in chips) 
Seat 5: cghap ($11.02 in chips) 
Seat 6: Trae908 ($16.56 in chips) 
Mahu2021: posts small blind $0.05
GoodGame1989: posts big blind $0.10
*** HOLE CARDS ***
Dealt to Mahu2021 [Ts Kh]
limz: folds 
cghap: raises $0.15 to $0.25
Trae908: folds 
jwpwml: raises $0.45 to $0.70
Mahu2021: folds 
GoodGame1989: folds 
cghap: folds 
Uncalled bet ($0.45) returned to jwpwml
jwpwml collected $0.65 from pot
jwpwml: doesn't show hand 
*** SUMMARY ***
Total pot $0.65 | Rake $0 
Seat 1: jwpwml (button) collected ($0.65)
Seat 2: Mahu2021 (small blind) folded before Flop
Seat 3: GoodGame1989 (big blind) folded before Flop
Seat 4: limz folded before Flop (didn't bet)
Seat 5: cghap folded before Flop
Seat 6: Trae908 folded before Flop (didn't bet)



PokerStars Zoom Hand #254176718552:  Hold'em No Limit ($0.05/$0.10) - 2025/01/03 21:11:49 CET [2025/01/03 15:11:49 ET]
Table 'Aludra' 6-max Seat #1 is the button
Seat 1: Mahu2021 ($8.20 in chips) 
Seat 2: German41832 ($12.83 in chips) 
Seat 3: Wulverate87 ($8.55 in chips) 
Seat 4: Pinkmnn ($9.80 in chips) 
Seat 5: 5AAAKKK5 ($3.62 in chips) 
Seat 6: tasos215 ($4.22 in chips) 
German41832: posts small blind $0.05
Wulverate87: posts big blind $0.10
*** HOLE CARDS ***
Dealt to Mahu2021 [Qd 8s]
Pinkmnn: raises $0.15 to $0.25
5AAAKKK5: folds 
tasos215: folds 
Mahu2021: calls $0.25
German41832: folds 
Wulverate87: folds 
*** FLOP *** [7d Kc 5h]
Pinkmnn: bets $0.16
Mahu2021: calls $0.16
*** TURN *** [7d Kc 5h] [Th]
Pinkmnn: checks 
Mahu2021: checks 
*** RIVER *** [7d Kc 5h Th] [7h]
Pinkmnn: bets $0.28
Mahu2021: folds 
Uncalled bet ($0.28) returned to Pinkmnn
Pinkmnn collected $0.93 from pot
Pinkmnn: doesn't show hand 
*** SUMMARY ***
Total pot $0.97 | Rake $0.04 
Board [7d Kc 5h Th 7h]
Seat 1: Mahu2021 (button) folded on the River
Seat 2: German41832 (small blind) folded before Flop
Seat 3: Wulverate87 (big blind) folded before Flop
Seat 4: Pinkmnn collected ($0.93)
Seat 5: 5AAAKKK5 folded before Flop (didn't bet)
Seat 6: tasos215 folded before Flop (didn't bet)



PokerStars Zoom Hand #254176727453:  Hold'em No Limit ($0.05/$0.10) - 2025/01/03 21:12:15 CET [2025/01/03 15:12:15 ET]
Table 'Aludra' 6-max Seat #1 is the button
Seat 1: aalewee56 ($21.84 in chips) 
Seat 2: lexy615 ($10.92 in chips) 
Seat 3: Mahu2021 ($7.79 in chips) 
Seat 4: lucasdorre ($13.48 in chips) 
Seat 5: beas7m0de ($12.28 in chips) 
Seat 6: Aruce1 ($34.02 in chips) 
lexy615: posts small blind $0.05
Mahu2021: posts big blind $0.10
*** HOLE CARDS ***
Dealt to Mahu2021 [Js 7s]
lucasdorre: folds 
beas7m0de: folds 
Aruce1: folds 
aalewee56: folds 
lexy615: raises $0.10 to $0.20
Mahu2021: calls $0.10
*** FLOP *** [Td 4d 5h]
lexy615: bets $0.19
Mahu2021: calls $0.19
*** TURN *** [Td 4d 5h] [5d]
lexy615: bets $0.37
Mahu2021: folds 
Uncalled bet ($0.37) returned to lexy615
lexy615 collected $0.74 from pot
lexy615: doesn't show hand 
*** SUMMARY ***
Total pot $0.78 | Rake $0.04 
Board [Td 4d 5h 5d]
Seat 1: aalewee56 (button) folded before Flop (didn't bet)
Seat 2: lexy615 (small blind) collected ($0.74)
Seat 3: Mahu2021 (big blind) folded on the Turn
Seat 4: lucasdorre folded before Flop (didn't bet)
Seat 5: beas7m0de folded before Flop (didn't bet)
Seat 6: Aruce1 folded before Flop (didn't bet)



PokerStars Zoom Hand #254176737233:  Hold'em No Limit ($0.05/$0.10) - 2025/01/03 21:12:43 CET [2025/01/03 15:12:43 ET]
Table 'Aludra' 6-max Seat #1 is the button
Seat 1: Wulverate87 ($17.60 in chips) 
Seat 2: A-materasu7777 ($17.05 in chips) 
Seat 3: hong0627 ($16.32 in chips) 
Seat 4: foili ($19.44 in chips) 
Seat 5: Mahu2021 ($7.40 in chips) 
Seat 6: WinAllDay KQ ($20.90 in chips) 
A-materasu7777: posts small blind $0.05
hong0627: posts big blind $0.10
*** HOLE CARDS ***
Dealt to Mahu2021 [Qh Th]
foili: raises $0.14 to $0.24
Mahu2021: calls $0.24
WinAllDay KQ: folds 
Wulverate87: folds 
A-materasu7777: folds 
hong0627: folds 
*** FLOP *** [6h 9s 8s]
foili: checks 
Mahu2021: bets $0.60
foili: calls $0.60
*** TURN *** [6h 9s 8s] [3d]
foili: checks 
Mahu2021: checks 
*** RIVER *** [6h 9s 8s 3d] [Kd]
foili: checks 
Mahu2021: checks 
*** SHOW DOWN ***
foili: shows [8d Td] (a pair of Eights)
Mahu2021: mucks hand 
foili collected $1.75 from pot
*** SUMMARY ***
Total pot $1.83 | Rake $0.08 
Board [6h 9s 8s 3d Kd]
Seat 1: Wulverate87 (button) folded before Flop (didn't bet)
Seat 2: A-materasu7777 (small blind) folded before Flop
Seat 3: hong0627 (big blind) folded before Flop
Seat 4: foili showed [8d Td] and won ($1.75) with a pair of Eights
Seat 5: Mahu2021 mucked [Qh Th]
Seat 6: WinAllDay KQ folded before Flop (didn't bet)



PokerStars Zoom Hand #254176748539:  Hold'em No Limit ($0.05/$0.10) - 2025/01/03 21:13:15 CET [2025/01/03 15:13:15 ET]
Table 'Aludra' 6-max Seat #1 is the button
Seat 1: Limksfuss54 ($10.90 in chips) 
Seat 2: kiks220272 ($11.62 in chips) 
Seat 3: MRwasaty ($10.26 in chips) 
Seat 4: Shakawka ($15.87 in chips) 
Seat 5: zampana ($9.85 in chips) 
Seat 6: Mahu2021 ($6.56 in chips) 
kiks220272: posts small blind $0.05
MRwasaty: posts big blind $0.10
*** HOLE CARDS ***
Dealt to Mahu2021 [8c 3h]
Shakawka: raises $0.10 to $0.20
zampana: folds 
Mahu2021: folds 
Limksfuss54: folds 
kiks220272: folds 
MRwasaty: folds 
Uncalled bet ($0.10) returned to Shakawka
Shakawka collected $0.25 from pot
Shakawka: doesn't show hand 
*** SUMMARY ***
Total pot $0.25 | Rake $0 
Seat 1: Limksfuss54 (button) folded before Flop (didn't bet)
Seat 2: kiks220272 (small blind) folded before Flop
Seat 3: MRwasaty (big blind) folded before Flop
Seat 4: Shakawka collected ($0.25)
Seat 5: zampana folded before Flop (didn't bet)
Seat 6: Mahu2021 folded before Flop (didn't bet)



PokerStars Zoom Hand #254176750112:  Hold'em No Limit ($0.05/$0.10) - 2025/01/03 21:13:20 CET [2025/01/03 15:13:20 ET]
Table 'Aludra' 6-max Seat #1 is the button
Seat 1: beas7m0de ($11.35 in chips) 
Seat 2: zarpapis ($27.33 in chips) 
Seat 3: ecraig02 ($9.71 in chips) 
Seat 4: Mahu2021 ($6.56 in chips) 
Seat 5: Zonizo ($16.73 in chips) 
Seat 6: limz ($11.17 in chips) 
zarpapis: posts small blind $0.05
ecraig02: posts big blind $0.10
*** HOLE CARDS ***
Dealt to Mahu2021 [Ad Js]
Mahu2021: raises $0.20 to $0.30
Zonizo: folds 
limz: folds 
beas7m0de: folds 
zarpapis: folds 
ecraig02: calls $0.20
*** FLOP *** [7c 3h 5h]
ecraig02: checks 
Mahu2021: checks 
*** TURN *** [7c 3h 5h] [4d]
ecraig02: bets $0.62
Mahu2021: folds 
Uncalled bet ($0.62) returned to ecraig02
ecraig02 collected $0.62 from pot
ecraig02: doesn't show hand 
*** SUMMARY ***
Total pot $0.65 | Rake $0.03 
Board [7c 3h 5h 4d]
Seat 1: beas7m0de (button) folded before Flop (didn't bet)
Seat 2: zarpapis (small blind) folded before Flop
Seat 3: ecraig02 (big blind) collected ($0.62)
Seat 4: Mahu2021 folded on the Turn
Seat 5: Zonizo folded before Flop (didn't bet)
Seat 6: limz folded before Flop (didn't bet)



PokerStars Zoom Hand #254176756693:  Hold'em No Limit ($0.05/$0.10) - 2025/01/03 21:13:39 CET [2025/01/03 15:13:39 ET]
Table 'Aludra' 6-max Seat #1 is the button
Seat 1: kiks220272 ($10.58 in chips) 
Seat 2: Mahu2021 ($6.26 in chips) 
Seat 3: sonyks2007 ($18.19 in chips) 
Seat 4: aamsantos ($10.42 in chips) 
Seat 5: 11SYKO11 ($1.48 in chips) 
Seat 6: C666RS ($9.35 in chips) 
Mahu2021: posts small blind $0.05
sonyks2007: posts big blind $0.10
*** HOLE CARDS ***
Dealt to Mahu2021 [5d Ah]
aamsantos: folds 
11SYKO11: raises $0.10 to $0.20
C666RS: folds 
kiks220272: folds 
Mahu2021: calls $0.15
sonyks2007: calls $0.10
*** FLOP *** [3d Qd 6d]
Mahu2021: checks 
sonyks2007: checks 
11SYKO11: bets $0.20
Mahu2021: calls $0.20
sonyks2007: calls $0.20
*** TURN *** [3d Qd 6d] [8s]
Mahu2021: checks 
sonyks2007: checks 
11SYKO11: checks 
*** RIVER *** [3d Qd 6d 8s] [2h]
Mahu2021: checks 
sonyks2007: checks 
11SYKO11: checks 
*** SHOW DOWN ***
Mahu2021: shows [5d Ah] (high card Ace)
sonyks2007: shows [4h 4d] (a pair of Fours)
11SYKO11: mucks hand 
sonyks2007 collected $1.15 from pot
*** SUMMARY ***
Total pot $1.20 | Rake $0.05 
Board [3d Qd 6d 8s 2h]
Seat 1: kiks220272 (button) folded before Flop (didn't bet)
Seat 2: Mahu2021 (small blind) showed [5d Ah] and lost with high card Ace
Seat 3: sonyks2007 (big blind) showed [4h 4d] and won ($1.15) with a pair of Fours
Seat 4: aamsantos folded before Flop (didn't bet)
Seat 5: 11SYKO11 mucked [Ad Th]
Seat 6: C666RS folded before Flop (didn't bet)



PokerStars Zoom Hand #254176772063:  Hold'em No Limit ($0.05/$0.10) - 2025/01/03 21:14:23 CET [2025/01/03 15:14:23 ET]
Table 'Aludra' 6-max Seat #1 is the button
Seat 1: thasos4ever ($7.81 in chips) 
Seat 2: beas7m0de ($12.13 in chips) 
Seat 3: A-materasu7777 ($10 in chips) 
Seat 4: MRwasaty ($11.68 in chips) 
Seat 5: Mahu2021 ($5.86 in chips) 
Seat 6: Petakontero ($10.39 in chips) 
beas7m0de: posts small blind $0.05
A-materasu7777: posts big blind $0.10
*** HOLE CARDS ***
Dealt to Mahu2021 [8d Ac]
MRwasaty: folds 
Mahu2021: folds 
Petakontero: folds 
thasos4ever: folds 
beas7m0de: folds 
Uncalled bet ($0.05) returned to A-materasu7777
A-materasu7777 collected $0.10 from pot
A-materasu7777: doesn't show hand 
*** SUMMARY ***
Total pot $0.10 | Rake $0 
Seat 1: thasos4ever (button) folded before Flop (didn't bet)
Seat 2: beas7m0de (small blind) folded before Flop
Seat 3: A-materasu7777 (big blind) collected ($0.10)
Seat 4: MRwasaty folded before Flop (didn't bet)
Seat 5: Mahu2021 folded before Flop (didn't bet)
Seat 6: Petakontero folded before Flop (didn't bet)



PokerStars Zoom Hand #254176770367:  Hold'em No Limit ($0.05/$0.10) - 2025/01/03 21:14:18 CET [2025/01/03 15:14:18 ET]
Table 'Aludra' 6-max Seat #1 is the button
Seat 1: ElJosen'10 ($23.06 in chips) 
Seat 2: Master205 ($11.23 in chips) 
Seat 3: DonkeyKong1960 ($10 in chips) 
Seat 4: Mahu2021 ($5.86 in chips) 
Seat 5: OoJohnStevensoO ($13.07 in chips) 
Seat 6: mand333 ($18.10 in chips) 
Master205: posts small blind $0.05
DonkeyKong1960: posts big blind $0.10
*** HOLE CARDS ***
Dealt to Mahu2021 [4h 6d]
Mahu2021: folds 
OoJohnStevensoO: folds 
mand333: folds 
ElJosen'10: folds 
Master205: raises $0.20 to $0.30
DonkeyKong1960: folds 
Uncalled bet ($0.20) returned to Master205
Master205 collected $0.20 from pot
Master205: doesn't show hand 
*** SUMMARY ***
Total pot $0.20 | Rake $0 
Seat 1: ElJosen'10 (button) folded before Flop (didn't bet)
Seat 2: Master205 (small blind) collected ($0.20)
Seat 3: DonkeyKong1960 (big blind) folded before Flop
Seat 4: Mahu2021 folded before Flop (didn't bet)
Seat 5: OoJohnStevensoO folded before Flop (didn't bet)
Seat 6: mand333 folded before Flop (didn't bet)



PokerStars Zoom Hand #254176773468:  Hold'em No Limit ($0.05/$0.10) - 2025/01/03 21:14:27 CET [2025/01/03 15:14:27 ET]
Table 'Aludra' 6-max Seat #1 is the button
Seat 1: shika0116 ($9.17 in chips) 
Seat 2: Wulverate87 ($10.39 in chips) 
Seat 3: Mahu2021 ($5.86 in chips) 
Seat 4: crooser7 ($2.30 in chips) 
Seat 5: kmnfst ($24.13 in chips) 
Seat 6: Joaboa56 ($15.31 in chips) 
Wulverate87: posts small blind $0.05
Mahu2021: posts big blind $0.10
*** HOLE CARDS ***
Dealt to Mahu2021 [Qd 7c]
crooser7: folds 
kmnfst: folds 
Joaboa56: folds 
shika0116: raises $0.15 to $0.25
Wulverate87: folds 
Mahu2021: calls $0.15
*** FLOP *** [2h 5c 6c]
Mahu2021: checks 
shika0116: bets $0.17
Mahu2021: calls $0.17
*** TURN *** [2h 5c 6c] [2s]
Mahu2021: checks 
shika0116: checks 
*** RIVER *** [2h 5c 6c 2s] [3h]
Mahu2021: bets $0.85
shika0116: folds 
Uncalled bet ($0.85) returned to Mahu2021
Mahu2021 collected $0.85 from pot
Mahu2021: doesn't show hand 
*** SUMMARY ***
Total pot $0.89 | Rake $0.04 
Board [2h 5c 6c 2s 3h]
Seat 1: shika0116 (button) folded on the River
Seat 2: Wulverate87 (small blind) folded before Flop
Seat 3: Mahu2021 (big blind) collected ($0.85)
Seat 4: crooser7 folded before Flop (didn't bet)
Seat 5: kmnfst folded before Flop (didn't bet)
Seat 6: Joaboa56 folded before Flop (didn't bet)



PokerStars Zoom Hand #254176785316:  Hold'em No Limit ($0.05/$0.10) - 2025/01/03 21:15:01 CET [2025/01/03 15:15:01 ET]
Table 'Aludra' 6-max Seat #1 is the button
Seat 1: Mahu2021 ($6.29 in chips) 
Seat 2: Jhanr ($9.65 in chips) 
Seat 3: Shakawka ($10.30 in chips) 
Seat 4: sonyks2007 ($22.66 in chips) 
Seat 5: CJLongers ($10.16 in chips) 
Seat 6: JonnyP773 ($14.16 in chips) 
Jhanr: posts small blind $0.05
Shakawka: posts big blind $0.10
*** HOLE CARDS ***
Dealt to Mahu2021 [6d Ad]
sonyks2007: calls $0.10
CJLongers: folds 
JonnyP773: folds 
Mahu2021: calls $0.10
Jhanr: folds 
Shakawka: checks 
*** FLOP *** [4d 7h 8c]
Shakawka: checks 
sonyks2007: bets $0.20
Mahu2021: calls $0.20
Shakawka: folds 
*** TURN *** [4d 7h 8c] [3s]
sonyks2007: bets $1
Mahu2021: folds 
Uncalled bet ($1) returned to sonyks2007
sonyks2007 collected $0.72 from pot
sonyks2007: doesn't show hand 
*** SUMMARY ***
Total pot $0.75 | Rake $0.03 
Board [4d 7h 8c 3s]
Seat 1: Mahu2021 (button) folded on the Turn
Seat 2: Jhanr (small blind) folded before Flop
Seat 3: Shakawka (big blind) folded on the Flop
Seat 4: sonyks2007 collected ($0.72)
Seat 5: CJLongers folded before Flop (didn't bet)
Seat 6: JonnyP773 folded before Flop (didn't bet)



PokerStars Zoom Hand #254176792816:  Hold'em No Limit ($0.05/$0.10) - 2025/01/03 21:15:22 CET [2025/01/03 15:15:22 ET]
Table 'Aludra' 6-max Seat #1 is the button
Seat 1: dewrden ($6.23 in chips) 
Seat 2: killerofmtime ($21 in chips) 
Seat 3: DonkeyKong1960 ($10 in chips) 
Seat 4: Mahu2021 ($5.99 in chips) 
Seat 5: Joaboa56 ($10.75 in chips) 
Seat 6: Shakawka ($10.20 in chips) 
killerofmtime: posts small blind $0.05
DonkeyKong1960: posts big blind $0.10
*** HOLE CARDS ***
Dealt to Mahu2021 [Tc 8h]
Mahu2021: folds 
Joaboa56: folds 
Shakawka: folds 
dewrden: folds 
killerofmtime: raises $0.15 to $0.25
DonkeyKong1960: raises $0.75 to $1
killerofmtime: folds 
Uncalled bet ($0.75) returned to DonkeyKong1960
DonkeyKong1960 collected $0.50 from pot
DonkeyKong1960: doesn't show hand 
*** SUMMARY ***
Total pot $0.50 | Rake $0 
Seat 1: dewrden (button) folded before Flop (didn't bet)
Seat 2: killerofmtime (small blind) folded before Flop
Seat 3: DonkeyKong1960 (big blind) collected ($0.50)
Seat 4: Mahu2021 folded before Flop (didn't bet)
Seat 5: Joaboa56 folded before Flop (didn't bet)
Seat 6: Shakawka folded before Flop (didn't bet)



PokerStars Zoom Hand #254176794855:  Hold'em No Limit ($0.05/$0.10) - 2025/01/03 21:15:28 CET [2025/01/03 15:15:28 ET]
Table 'Aludra' 6-max Seat #1 is the button
Seat 1: ElDelfin38 ($10.11 in chips) 
Seat 2: Mahu2021 ($5.99 in chips) 
Seat 3: Jhanr ($11.61 in chips) 
Seat 4: NüssliNici94 ($11.96 in chips) 
Seat 5: dewrden ($5.72 in chips) 
Seat 6: 8ujn ($13.09 in chips) 
Mahu2021: posts small blind $0.05
Jhanr: posts big blind $0.10
*** HOLE CARDS ***
Dealt to Mahu2021 [9d 4d]
NüssliNici94: folds 
dewrden: folds 
8ujn: folds 
ElDelfin38: raises $0.15 to $0.25
Mahu2021: folds 
Jhanr: folds 
Uncalled bet ($0.15) returned to ElDelfin38
ElDelfin38 collected $0.25 from pot
ElDelfin38: doesn't show hand 
*** SUMMARY ***
Total pot $0.25 | Rake $0 
Seat 1: ElDelfin38 (button) collected ($0.25)
Seat 2: Mahu2021 (small blind) folded before Flop
Seat 3: Jhanr (big blind) folded before Flop
Seat 4: NüssliNici94 folded before Flop (didn't bet)
Seat 5: dewrden folded before Flop (didn't bet)
Seat 6: 8ujn folded before Flop (didn't bet)



PokerStars Zoom Hand #254176796227:  Hold'em No Limit ($0.05/$0.10) - 2025/01/03 21:15:32 CET [2025/01/03 15:15:32 ET]
Table 'Aludra' 6-max Seat #1 is the button
Seat 1: MarkRegen ($8.68 in chips) 
Seat 2: cris_civil ($10 in chips) 
Seat 3: Killerfer85 ($6.67 in chips) 
Seat 4: n.mani ($16.40 in chips) 
Seat 5: Joaboa56 ($10.75 in chips) 
Seat 6: Mahu2021 ($5.94 in chips) 
cris_civil: posts small blind $0.05
Killerfer85: posts big blind $0.10
*** HOLE CARDS ***
Dealt to Mahu2021 [Ah 5d]
n.mani: raises $0.20 to $0.30
Joaboa56: folds 
Mahu2021: folds 
MarkRegen: folds 
cris_civil: folds 
Killerfer85: calls $0.20
*** FLOP *** [9d Jh Ad]
Killerfer85: bets $0.80
n.mani: folds 
Uncalled bet ($0.80) returned to Killerfer85
Killerfer85 collected $0.62 from pot
Killerfer85: doesn't show hand 
*** SUMMARY ***
Total pot $0.65 | Rake $0.03 
Board [9d Jh Ad]
Seat 1: MarkRegen (button) folded before Flop (didn't bet)
Seat 2: cris_civil (small blind) folded before Flop
Seat 3: Killerfer85 (big blind) collected ($0.62)
Seat 4: n.mani folded on the Flop
Seat 5: Joaboa56 folded before Flop (didn't bet)
Seat 6: Mahu2021 folded before Flop (didn't bet)



PokerStars Zoom Hand #254176798650:  Hold'em No Limit ($0.05/$0.10) - 2025/01/03 21:15:39 CET [2025/01/03 15:15:39 ET]
Table 'Aludra' 6-max Seat #1 is the button
Seat 1: Allvisa ($13.75 in chips) 
Seat 2: mundurjon ($33.88 in chips) 
Seat 3: vogiatzis97 ($10.29 in chips) 
Seat 4: German41832 ($17.59 in chips) 
Seat 5: Mahu2021 ($5.94 in chips) 
Seat 6: luki_v_d ($10 in chips) 
mundurjon: posts small blind $0.05
vogiatzis97: posts big blind $0.10
*** HOLE CARDS ***
Dealt to Mahu2021 [4h Qh]
German41832: folds 
Mahu2021: folds 
luki_v_d: folds 
Allvisa: raises $0.20 to $0.30
mundurjon: folds 
vogiatzis97: calls $0.20
*** FLOP *** [Jh 2c 3d]
vogiatzis97: checks 
Allvisa: bets $0.31
vogiatzis97: calls $0.31
*** TURN *** [Jh 2c 3d] [9c]
vogiatzis97: checks 
Allvisa: bets $0.80
vogiatzis97: calls $0.80
*** RIVER *** [Jh 2c 3d 9c] [Td]
vogiatzis97: checks 
Allvisa: checks 
*** SHOW DOWN ***
vogiatzis97: shows [Jc Tc] (two pair, Jacks and Tens)
Allvisa: mucks hand 
vogiatzis97 collected $2.74 from pot
*** SUMMARY ***
Total pot $2.87 | Rake $0.13 
Board [Jh 2c 3d 9c Td]
Seat 1: Allvisa (button) mucked [Ts Qs]
Seat 2: mundurjon (small blind) folded before Flop
Seat 3: vogiatzis97 (big blind) showed [Jc Tc] and won ($2.74) with two pair, Jacks and Tens
Seat 4: German41832 folded before Flop (didn't bet)
Seat 5: Mahu2021 folded before Flop (didn't bet)
Seat 6: luki_v_d folded before Flop (didn't bet)



PokerStars Zoom Hand #254176800937:  Hold'em No Limit ($0.05/$0.10) - 2025/01/03 21:15:46 CET [2025/01/03 15:15:46 ET]
Table 'Aludra' 6-max Seat #1 is the button
Seat 1: jwpwml ($13.06 in chips) 
Seat 2: Limksfuss54 ($10.83 in chips) 
Seat 3: Mahu2021 ($5.94 in chips) 
Seat 4: Wulverate87 ($17.15 in chips) 
Seat 5: Nelliey ($8.94 in chips) 
Seat 6: crooser7 ($2.20 in chips) 
Limksfuss54: posts small blind $0.05
Mahu2021: posts big blind $0.10
*** HOLE CARDS ***
Dealt to Mahu2021 [Qh Qc]
Wulverate87: folds 
Nelliey: folds 
crooser7: folds 
jwpwml: folds 
Limksfuss54: raises $0.30 to $0.40
Mahu2021: raises $5.54 to $5.94 and is all-in
Limksfuss54: folds 
Uncalled bet ($5.54) returned to Mahu2021
Mahu2021 collected $0.80 from pot
Mahu2021: doesn't show hand 
*** SUMMARY ***
Total pot $0.80 | Rake $0 
Seat 1: jwpwml (button) folded before Flop (didn't bet)
Seat 2: Limksfuss54 (small blind) folded before Flop
Seat 3: Mahu2021 (big blind) collected ($0.80)
Seat 4: Wulverate87 folded before Flop (didn't bet)
Seat 5: Nelliey folded before Flop (didn't bet)
Seat 6: crooser7 folded before Flop (didn't bet)



PokerStars Zoom Hand #254176815330:  Hold'em No Limit ($0.05/$0.10) - 2025/01/03 21:16:27 CET [2025/01/03 15:16:27 ET]
Table 'Aludra' 6-max Seat #1 is the button
Seat 1: KingLui19839 ($9.58 in chips) 
Seat 2: giannissapk ($11.16 in chips) 
Seat 3: Dimon_55_77 ($23.27 in chips) 
Seat 4: Mahu2021 ($6.34 in chips) 
Seat 5: luki_v_d ($10 in chips) 
Seat 6: TOMBAR_777 ($10.15 in chips) 
giannissapk: posts small blind $0.05
Dimon_55_77: posts big blind $0.10
*** HOLE CARDS ***
Dealt to Mahu2021 [4c Kc]
Mahu2021: folds 
luki_v_d: folds 
TOMBAR_777: folds 
KingLui19839: folds 
giannissapk: folds 
Uncalled bet ($0.05) returned to Dimon_55_77
Dimon_55_77 collected $0.10 from pot
Dimon_55_77: doesn't show hand 
*** SUMMARY ***
Total pot $0.10 | Rake $0 
Seat 1: KingLui19839 (button) folded before Flop (didn't bet)
Seat 2: giannissapk (small blind) folded before Flop
Seat 3: Dimon_55_77 (big blind) collected ($0.10)
Seat 4: Mahu2021 folded before Flop (didn't bet)
Seat 5: luki_v_d folded before Flop (didn't bet)
Seat 6: TOMBAR_777 folded before Flop (didn't bet)



PokerStars Zoom Hand #254176816524:  Hold'em No Limit ($0.05/$0.10) - 2025/01/03 21:16:31 CET [2025/01/03 15:16:31 ET]
Table 'Aludra' 6-max Seat #1 is the button
Seat 1: Mahu2021 ($6.34 in chips) 
Seat 2: hong0627 ($15.76 in chips) 
Seat 3: A-materasu7777 ($10.32 in chips) 
Seat 4: lucasdorre ($12.51 in chips) 
Seat 5: ElJosen'10 ($11.47 in chips) 
Seat 6: zarpapis ($16.46 in chips) 
hong0627: posts small blind $0.05
A-materasu7777: posts big blind $0.10
*** HOLE CARDS ***
Dealt to Mahu2021 [2h Qc]
lucasdorre: folds 
ElJosen'10: folds 
zarpapis: folds 
Mahu2021: folds 
hong0627: folds 
Uncalled bet ($0.05) returned to A-materasu7777
A-materasu7777 collected $0.10 from pot
A-materasu7777: doesn't show hand 
*** SUMMARY ***
Total pot $0.10 | Rake $0 
Seat 1: Mahu2021 (button) folded before Flop (didn't bet)
Seat 2: hong0627 (small blind) folded before Flop
Seat 3: A-materasu7777 (big blind) collected ($0.10)
Seat 4: lucasdorre folded before Flop (didn't bet)
Seat 5: ElJosen'10 folded before Flop (didn't bet)
Seat 6: zarpapis folded before Flop (didn't bet)



PokerStars Zoom Hand #254176817614:  Hold'em No Limit ($0.05/$0.10) - 2025/01/03 21:16:34 CET [2025/01/03 15:16:34 ET]
Table 'Aludra' 6-max Seat #1 is the button
Seat 1: 5AAAKKK5 ($7.75 in chips) 
Seat 2: Mahu2021 ($6.34 in chips) 
Seat 3: crooser7 ($2.71 in chips) 
Seat 4: aintn0way ($14.74 in chips) 
Seat 5: MRwasaty ($10.64 in chips) 
Seat 6: km1883 ($14.98 in chips) 
Mahu2021: posts small blind $0.05
crooser7: posts big blind $0.10
*** HOLE CARDS ***
Dealt to Mahu2021 [9h 5h]
aintn0way: folds 
MRwasaty: folds 
km1883: raises $0.15 to $0.25
5AAAKKK5: folds 
Mahu2021: folds 
crooser7: folds 
Uncalled bet ($0.15) returned to km1883
km1883 collected $0.25 from pot
km1883: doesn't show hand 
*** SUMMARY ***
Total pot $0.25 | Rake $0 
Seat 1: 5AAAKKK5 (button) folded before Flop (didn't bet)
Seat 2: Mahu2021 (small blind) folded before Flop
Seat 3: crooser7 (big blind) folded before Flop
Seat 4: aintn0way folded before Flop (didn't bet)
Seat 5: MRwasaty folded before Flop (didn't bet)
Seat 6: km1883 collected ($0.25)



PokerStars Zoom Hand #254176820346:  Hold'em No Limit ($0.05/$0.10) - 2025/01/03 21:16:42 CET [2025/01/03 15:16:42 ET]
Table 'Aludra' 6-max Seat #1 is the button
Seat 1: tasos215 ($3.46 in chips) 
Seat 2: K@rsburg ($21.57 in chips) 
Seat 3: Mahu2021 ($6.29 in chips) 
Seat 4: 8ujn ($13.17 in chips) 
Seat 5: foili ($11 in chips) 
Seat 6: Master205 ($11.20 in chips) 
K@rsburg: posts small blind $0.05
Mahu2021: posts big blind $0.10
*** HOLE CARDS ***
Dealt to Mahu2021 [Ad 3h]
8ujn: folds 
foili: folds 
Master205: folds 
tasos215: folds 
K@rsburg: folds 
Uncalled bet ($0.05) returned to Mahu2021
Mahu2021 collected $0.10 from pot
Mahu2021: doesn't show hand 
*** SUMMARY ***
Total pot $0.10 | Rake $0 
Seat 1: tasos215 (button) folded before Flop (didn't bet)
Seat 2: K@rsburg (small blind) folded before Flop
Seat 3: Mahu2021 (big blind) collected ($0.10)
Seat 4: 8ujn folded before Flop (didn't bet)
Seat 5: foili folded before Flop (didn't bet)
Seat 6: Master205 folded before Flop (didn't bet)



PokerStars Zoom Hand #254176825561:  Hold'em No Limit ($0.05/$0.10) - 2025/01/03 21:16:57 CET [2025/01/03 15:16:57 ET]
Table 'Aludra' 6-max Seat #1 is the button
Seat 1: Wesleynigth ($13.32 in chips) 
Seat 2: NicBrotzu ($29.10 in chips) 
Seat 3: km1883 ($15.13 in chips) 
Seat 4: 8ujn ($10.72 in chips) 
Seat 5: A-materasu7777 ($17.10 in chips) 
Seat 6: Mahu2021 ($6.34 in chips) 
NicBrotzu: posts small blind $0.05
km1883: posts big blind $0.10
*** HOLE CARDS ***
Dealt to Mahu2021 [3s 9s]
8ujn: raises $0.20 to $0.30
A-materasu7777: folds 
Mahu2021: folds 
Wesleynigth: folds 
NicBrotzu: folds 
km1883: folds 
Uncalled bet ($0.20) returned to 8ujn
8ujn collected $0.25 from pot
8ujn: doesn't show hand 
*** SUMMARY ***
Total pot $0.25 | Rake $0 
Seat 1: Wesleynigth (button) folded before Flop (didn't bet)
Seat 2: NicBrotzu (small blind) folded before Flop
Seat 3: km1883 (big blind) folded before Flop
Seat 4: 8ujn collected ($0.25)
Seat 5: A-materasu7777 folded before Flop (didn't bet)
Seat 6: Mahu2021 folded before Flop (didn't bet)



PokerStars Zoom Hand #254176827285:  Hold'em No Limit ($0.05/$0.10) - 2025/01/03 21:17:02 CET [2025/01/03 15:17:02 ET]
Table 'Aludra' 6-max Seat #1 is the button
Seat 1: shortstackpro ($6.06 in chips) 
Seat 2: Ostherus ($11.83 in chips) 
Seat 3: Wulverate87 ($17.80 in chips) 
Seat 4: Chestiefol ($19.08 in chips) 
Seat 5: Mahu2021 ($6.34 in chips) 
Seat 6: Wesleynigth ($13.32 in chips) 
Ostherus: posts small blind $0.05
Wulverate87: posts big blind $0.10
*** HOLE CARDS ***
Dealt to Mahu2021 [Jc Th]
Chestiefol: folds 
Mahu2021: raises $0.20 to $0.30
Wesleynigth: folds 
shortstackpro: folds 
Ostherus: folds 
Wulverate87: folds 
Uncalled bet ($0.20) returned to Mahu2021
Mahu2021 collected $0.25 from pot
Mahu2021: doesn't show hand 
*** SUMMARY ***
Total pot $0.25 | Rake $0 
Seat 1: shortstackpro (button) folded before Flop (didn't bet)
Seat 2: Ostherus (small blind) folded before Flop
Seat 3: Wulverate87 (big blind) folded before Flop
Seat 4: Chestiefol folded before Flop (didn't bet)
Seat 5: Mahu2021 collected ($0.25)
Seat 6: Wesleynigth folded before Flop (didn't bet)



PokerStars Zoom Hand #254176831669:  Hold'em No Limit ($0.05/$0.10) - 2025/01/03 21:17:15 CET [2025/01/03 15:17:15 ET]
Table 'Aludra' 6-max Seat #1 is the button
Seat 1: Mahu2021 ($6.49 in chips) 
Seat 2: zarpapis ($11.70 in chips) 
Seat 3: jwpwml ($11.02 in chips) 
Seat 4: lucasdorre ($11.51 in chips) 
Seat 5: 8ujn ($10.87 in chips) 
Seat 6: crooser7 ($2.51 in chips) 
zarpapis: posts small blind $0.05
jwpwml: posts big blind $0.10
*** HOLE CARDS ***
Dealt to Mahu2021 [Ts 2c]
lucasdorre: folds 
8ujn: folds 
crooser7: folds 
Mahu2021: folds 
zarpapis: raises $0.20 to $0.30
jwpwml: folds 
Uncalled bet ($0.20) returned to zarpapis
zarpapis collected $0.20 from pot
zarpapis: doesn't show hand 
*** SUMMARY ***
Total pot $0.20 | Rake $0 
Seat 1: Mahu2021 (button) folded before Flop (didn't bet)
Seat 2: zarpapis (small blind) collected ($0.20)
Seat 3: jwpwml (big blind) folded before Flop
Seat 4: lucasdorre folded before Flop (didn't bet)
Seat 5: 8ujn folded before Flop (didn't bet)
Seat 6: crooser7 folded before Flop (didn't bet)



PokerStars Zoom Hand #254176832907:  Hold'em No Limit ($0.05/$0.10) - 2025/01/03 21:17:18 CET [2025/01/03 15:17:18 ET]
Table 'Aludra' 6-max Seat #1 is the button
Seat 1: GoodGame1989 ($10.42 in chips) 
Seat 2: Chestiefol ($31.47 in chips) 
Seat 3: foili ($10.61 in chips) 
Seat 4: Mahu2021 ($6.49 in chips) 
Seat 5: DonkeyKong1960 ($10.55 in chips) 
Seat 6: moe@home ($15.17 in chips) 
Chestiefol: posts small blind $0.05
foili: posts big blind $0.10
*** HOLE CARDS ***
Dealt to Mahu2021 [7d 3c]
Mahu2021: folds 
DonkeyKong1960: folds 
moe@home: folds 
GoodGame1989: folds 
Chestiefol: raises $0.10 to $0.20
foili: folds 
Uncalled bet ($0.10) returned to Chestiefol
Chestiefol collected $0.20 from pot
Chestiefol: doesn't show hand 
*** SUMMARY ***
Total pot $0.20 | Rake $0 
Seat 1: GoodGame1989 (button) folded before Flop (didn't bet)
Seat 2: Chestiefol (small blind) collected ($0.20)
Seat 3: foili (big blind) folded before Flop
Seat 4: Mahu2021 folded before Flop (didn't bet)
Seat 5: DonkeyKong1960 folded before Flop (didn't bet)
Seat 6: moe@home folded before Flop (didn't bet)



PokerStars Zoom Hand #254176835866:  Hold'em No Limit ($0.05/$0.10) - 2025/01/03 21:17:27 CET [2025/01/03 15:17:27 ET]
Table 'Aludra' 6-max Seat #1 is the button
Seat 1: Claque ($4.08 in chips) 
Seat 2: Aruce1 ($31.62 in chips) 
Seat 3: foili ($16 in chips) 
Seat 4: Chuchi1987 ($10.35 in chips) 
Seat 5: hong0627 ($15.51 in chips) 
Seat 6: Mahu2021 ($6.49 in chips) 
Aruce1: posts small blind $0.05
foili: posts big blind $0.10
*** HOLE CARDS ***
Dealt to Mahu2021 [4c Qd]
Chuchi1987: folds 
hong0627: raises $0.10 to $0.20
Mahu2021: folds 
Claque: folds 
Aruce1: folds 
foili: folds 
Uncalled bet ($0.10) returned to hong0627
hong0627 collected $0.25 from pot
hong0627: doesn't show hand 
*** SUMMARY ***
Total pot $0.25 | Rake $0 
Seat 1: Claque (button) folded before Flop (didn't bet)
Seat 2: Aruce1 (small blind) folded before Flop
Seat 3: foili (big blind) folded before Flop
Seat 4: Chuchi1987 folded before Flop (didn't bet)
Seat 5: hong0627 collected ($0.25)
Seat 6: Mahu2021 folded before Flop (didn't bet)



PokerStars Zoom Hand #254176837292:  Hold'em No Limit ($0.05/$0.10) - 2025/01/03 21:17:31 CET [2025/01/03 15:17:31 ET]
Table 'Aludra' 6-max Seat #1 is the button
Seat 1: mdna1608 ($10 in chips) 
Seat 2: reentrygod ($20.05 in chips) 
Seat 3: Mahu2021 ($6.49 in chips) 
Seat 4: Pinkmnn ($9.03 in chips) 
Seat 5: aamsantos ($13.85 in chips) 
Seat 6: JBFunk777 ($8.17 in chips) 
reentrygod: posts small blind $0.05
Mahu2021: posts big blind $0.10
*** HOLE CARDS ***
Dealt to Mahu2021 [Ac 6d]
Pinkmnn: raises $0.15 to $0.25
aamsantos: folds 
JBFunk777: folds 
mdna1608: folds 
reentrygod: folds 
Mahu2021: calls $0.15
*** FLOP *** [2s Js 5c]
Mahu2021: checks 
Pinkmnn: bets $0.13
Mahu2021: calls $0.13
*** TURN *** [2s Js 5c] [4c]
Mahu2021: checks 
Pinkmnn: bets $0.58
Mahu2021: folds 
Uncalled bet ($0.58) returned to Pinkmnn
Pinkmnn collected $0.77 from pot
Pinkmnn: doesn't show hand 
*** SUMMARY ***
Total pot $0.81 | Rake $0.04 
Board [2s Js 5c 4c]
Seat 1: mdna1608 (button) folded before Flop (didn't bet)
Seat 2: reentrygod (small blind) folded before Flop
Seat 3: Mahu2021 (big blind) folded on the Turn
Seat 4: Pinkmnn collected ($0.77)
Seat 5: aamsantos folded before Flop (didn't bet)
Seat 6: JBFunk777 folded before Flop (didn't bet)



PokerStars Zoom Hand #254176849713:  Hold'em No Limit ($0.05/$0.10) - 2025/01/03 21:18:06 CET [2025/01/03 15:18:06 ET]
Table 'Aludra' 6-max Seat #1 is the button
Seat 1: giannissapk ($10.96 in chips) 
Seat 2: Mahu2021 ($6.11 in chips) 
Seat 3: Ridcully-1 ($9.99 in chips) 
Seat 4: DonkeyKong1960 ($10.52 in chips) 
Seat 5: vitalik-kz ($20.11 in chips) 
Seat 6: dewrden ($5.02 in chips) 
Mahu2021: posts small blind $0.05
Ridcully-1: posts big blind $0.10
*** HOLE CARDS ***
Dealt to Mahu2021 [Kc Kh]
DonkeyKong1960: folds 
vitalik-kz: folds 
dewrden: raises $0.10 to $0.20
giannissapk: calls $0.20
Mahu2021: raises $5.91 to $6.11 and is all-in
Ridcully-1: folds 
dewrden: folds 
giannissapk: folds 
Uncalled bet ($5.91) returned to Mahu2021
Mahu2021 collected $0.70 from pot
Mahu2021: doesn't show hand 
*** SUMMARY ***
Total pot $0.70 | Rake $0 
Seat 1: giannissapk (button) folded before Flop
Seat 2: Mahu2021 (small blind) collected ($0.70)
Seat 3: Ridcully-1 (big blind) folded before Flop
Seat 4: DonkeyKong1960 folded before Flop (didn't bet)
Seat 5: vitalik-kz folded before Flop (didn't bet)
Seat 6: dewrden folded before Flop



PokerStars Zoom Hand #254176834506:  Hold'em No Limit ($0.05/$0.10) - 2025/01/03 21:17:23 CET [2025/01/03 15:17:23 ET]
Table 'Aludra' 6-max Seat #1 is the button
Seat 1: nasser7 ($8.29 in chips) 
Seat 2: Master205 ($12.72 in chips) 
Seat 3: lovelylovelylad ($9.96 in chips) 
Seat 4: Mahu2021 ($6.49 in chips) 
Seat 5: GoodGame1989 ($10.42 in chips) 
Seat 6: shika0116 ($9 in chips) 
Master205: posts small blind $0.05
lovelylovelylad: posts big blind $0.10
*** HOLE CARDS ***
Dealt to Mahu2021 [8c 7d]
Mahu2021: folds 
GoodGame1989: folds 
shika0116: raises $0.15 to $0.25
nasser7: calls $0.25
Master205: folds 
lovelylovelylad: raises $0.75 to $1
shika0116: folds 
nasser7: calls $0.75
*** FLOP *** [Jc Ts 3d]
lovelylovelylad: bets $1
nasser7: raises $1 to $2
lovelylovelylad: calls $1
*** TURN *** [Jc Ts 3d] [7s]
lovelylovelylad: checks 
nasser7: bets $3.01
lovelylovelylad: raises $3.95 to $6.96 and is all-in
nasser7: calls $2.28 and is all-in
Uncalled bet ($1.67) returned to lovelylovelylad
*** RIVER *** [Jc Ts 3d 7s] [4h]
*** SHOW DOWN ***
lovelylovelylad: shows [Qc As] (high card Ace)
nasser7: shows [Kh Js] (a pair of Jacks)
nasser7 collected $15.93 from pot
*** SUMMARY ***
Total pot $16.88 | Rake $0.95 
Board [Jc Ts 3d 7s 4h]
Seat 1: nasser7 (button) showed [Kh Js] and won ($15.93) with a pair of Jacks
Seat 2: Master205 (small blind) folded before Flop
Seat 3: lovelylovelylad (big blind) showed [Qc As] and lost with high card Ace
Seat 4: Mahu2021 folded before Flop (didn't bet)
Seat 5: GoodGame1989 folded before Flop (didn't bet)
Seat 6: shika0116 folded before Flop



PokerStars Zoom Hand #254176857055:  Hold'em No Limit ($0.05/$0.10) - 2025/01/03 21:18:28 CET [2025/01/03 15:18:28 ET]
Table 'Aludra' 6-max Seat #1 is the button
Seat 1: Mahu2021 ($6.61 in chips) 
Seat 2: joee84 ($10 in chips) 
Seat 3: OoJohnStevensoO ($18.73 in chips) 
Seat 4: Fishvulture ($10.15 in chips) 
Seat 5: talltal ($15.68 in chips) 
Seat 6: gabu005 ($12.57 in chips) 
joee84: posts small blind $0.05
OoJohnStevensoO: posts big blind $0.10
*** HOLE CARDS ***
Dealt to Mahu2021 [4h Kh]
Fishvulture: folds 
talltal: raises $0.15 to $0.25
gabu005: folds 
Mahu2021: calls $0.25
joee84: folds 
OoJohnStevensoO: folds 
*** FLOP *** [5h Qc 3d]
talltal: checks 
Mahu2021: checks 
*** TURN *** [5h Qc 3d] [Jh]
talltal: bets $0.43
Mahu2021: calls $0.43
*** RIVER *** [5h Qc 3d Jh] [5c]
talltal: checks 
Mahu2021: bets $1.44
talltal: calls $1.44
*** SHOW DOWN ***
Mahu2021: shows [4h Kh] (a pair of Fives)
talltal: shows [7s 7c] (two pair, Sevens and Fives)
talltal collected $4.19 from pot
*** SUMMARY ***
Total pot $4.39 | Rake $0.20 
Board [5h Qc 3d Jh 5c]
Seat 1: Mahu2021 (button) showed [4h Kh] and lost with a pair of Fives
Seat 2: joee84 (small blind) folded before Flop
Seat 3: OoJohnStevensoO (big blind) folded before Flop
Seat 4: Fishvulture folded before Flop (didn't bet)
Seat 5: talltal showed [7s 7c] and won ($4.19) with two pair, Sevens and Fives
Seat 6: gabu005 folded before Flop (didn't bet)



PokerStars Zoom Hand #254176870323:  Hold'em No Limit ($0.05/$0.10) - 2025/01/03 21:19:06 CET [2025/01/03 15:19:06 ET]
Table 'Aludra' 6-max Seat #1 is the button
Seat 1: Aruce1 ($28.63 in chips) 
Seat 2: Scorpionem ($10.28 in chips) 
Seat 3: Wulverate87 ($17.79 in chips) 
Seat 4: foili ($11.05 in chips) 
Seat 5: cris_civil ($10.33 in chips) 
Seat 6: Mahu2021 ($4.49 in chips) 
Scorpionem: posts small blind $0.05
Wulverate87: posts big blind $0.10
*** HOLE CARDS ***
Dealt to Mahu2021 [3c 5h]
foili: folds 
cris_civil: folds 
Mahu2021: folds 
Aruce1: folds 
Scorpionem: folds 
Uncalled bet ($0.05) returned to Wulverate87
Wulverate87 collected $0.10 from pot
Wulverate87: doesn't show hand 
*** SUMMARY ***
Total pot $0.10 | Rake $0 
Seat 1: Aruce1 (button) folded before Flop (didn't bet)
Seat 2: Scorpionem (small blind) folded before Flop
Seat 3: Wulverate87 (big blind) collected ($0.10)
Seat 4: foili folded before Flop (didn't bet)
Seat 5: cris_civil folded before Flop (didn't bet)
Seat 6: Mahu2021 folded before Flop (didn't bet)



PokerStars Zoom Hand #254176872826:  Hold'em No Limit ($0.05/$0.10) - 2025/01/03 21:19:13 CET [2025/01/03 15:19:13 ET]
Table 'Aludra' 6-max Seat #1 is the button
Seat 1: ElJosen'10 ($11.41 in chips) 
Seat 2: SuperLogico87 ($11.58 in chips) 
Seat 3: cris_civil ($10.33 in chips) 
Seat 4: WinAllDay KQ ($21.54 in chips) 
Seat 5: Mahu2021 ($4.49 in chips) 
Seat 6: zampana ($10 in chips) 
SuperLogico87: posts small blind $0.05
cris_civil: posts big blind $0.10
*** HOLE CARDS ***
Dealt to Mahu2021 [Jh 3d]
WinAllDay KQ: folds 
Mahu2021: folds 
zampana: raises $0.20 to $0.30
ElJosen'10: folds 
SuperLogico87: folds 
cris_civil: folds 
Uncalled bet ($0.20) returned to zampana
zampana collected $0.25 from pot
zampana: doesn't show hand 
*** SUMMARY ***
Total pot $0.25 | Rake $0 
Seat 1: ElJosen'10 (button) folded before Flop (didn't bet)
Seat 2: SuperLogico87 (small blind) folded before Flop
Seat 3: cris_civil (big blind) folded before Flop
Seat 4: WinAllDay KQ folded before Flop (didn't bet)
Seat 5: Mahu2021 folded before Flop (didn't bet)
Seat 6: zampana collected ($0.25)



PokerStars Zoom Hand #254176874100:  Hold'em No Limit ($0.05/$0.10) - 2025/01/03 21:19:17 CET [2025/01/03 15:19:17 ET]
Table 'Aludra' 6-max Seat #1 is the button
Seat 1: chefven77 ($12.54 in chips) 
Seat 2: kotaraka1312 ($23.64 in chips) 
Seat 3: al1481 ($9.56 in chips) 
Seat 4: Mahu2021 ($4.49 in chips) 
Seat 5: mdna1608 ($9.75 in chips) 
Seat 6: giannissapk ($10.56 in chips) 
kotaraka1312: posts small blind $0.05
al1481: posts big blind $0.10
*** HOLE CARDS ***
Dealt to Mahu2021 [Jd Th]
Mahu2021: raises $0.20 to $0.30
mdna1608: folds 
giannissapk: folds 
chefven77: folds 
kotaraka1312: calls $0.25
al1481: folds 
*** FLOP *** [Qs Kh 2d]
kotaraka1312: bets $0.50
Mahu2021: raises $3.69 to $4.19 and is all-in
kotaraka1312: calls $3.69
*** TURN *** [Qs Kh 2d] [7s]
*** RIVER *** [Qs Kh 2d 7s] [5d]
*** SHOW DOWN ***
kotaraka1312: shows [2s Ks] (two pair, Kings and Deuces)
Mahu2021: shows [Jd Th] (high card King)
kotaraka1312 collected $8.67 from pot
*** SUMMARY ***
Total pot $9.08 | Rake $0.41 
Board [Qs Kh 2d 7s 5d]
Seat 1: chefven77 (button) folded before Flop (didn't bet)
Seat 2: kotaraka1312 (small blind) showed [2s Ks] and won ($8.67) with two pair, Kings and Deuces
Seat 3: al1481 (big blind) folded before Flop
Seat 4: Mahu2021 showed [Jd Th] and lost with high card King
Seat 5: mdna1608 folded before Flop (didn't bet)
Seat 6: giannissapk folded before Flop (didn't bet)



