PokerStars Hand #247525360069: Tournament #3683190987, $1.84+$0.16 USD Hold'em No Limit - Level I (10/20) - 2023/12/07 13:10:45 CET [2023/12/07 7:10:45 ET]
Table '3683190987 1' 3-max Seat #1 is the button
Seat 1: M1ND4G41NST (500 in chips) 
Seat 2: Mahu2021 (500 in chips) 
Seat 3: Cocolyno4 (500 in chips) 
Mahu2021: posts small blind 10
Cocolyno4: posts big blind 20
*** HOLE CARDS ***
Dealt to Mahu2021 [Jd 6h]
M1ND4G41NST: folds 
Mahu2021: folds 
Uncalled bet (10) returned to Cocolyno4
Cocolyno4 collected 20 from pot
*** SUMMARY ***
Total pot 20 | Rake 0 
Seat 1: M1ND4G41NST (button) folded before Flop (didn't bet)
Seat 2: Mahu2021 (small blind) folded before Flop
Seat 3: Cocolyno4 (big blind) collected (20)



PokerStars Hand #247525362002: Tournament #3683190987, $1.84+$0.16 USD Hold'em No Limit - Level I (10/20) - 2023/12/07 13:10:57 CET [2023/12/07 7:10:57 ET]
Table '3683190987 1' 3-max Seat #2 is the button
Seat 1: M1ND4G41NST (500 in chips) 
Seat 2: Mahu2021 (490 in chips) 
Seat 3: Cocolyno4 (510 in chips) 
Cocolyno4: posts small blind 10
M1ND4G41NST: posts big blind 20
*** HOLE CARDS ***
Dealt to Mahu2021 [Td Js]
Mahu2021: calls 20
Cocolyno4: calls 10
M1ND4G41NST: checks 
*** FLOP *** [Ac Ad 3c]
Cocolyno4: checks 
M1ND4G41NST: checks 
Mahu2021: bets 60
Cocolyno4: folds 
M1ND4G41NST: folds 
Uncalled bet (60) returned to Mahu2021
Mahu2021 collected 60 from pot
Mahu2021: doesn't show hand 
*** SUMMARY ***
Total pot 60 | Rake 0 
Board [Ac Ad 3c]
Seat 1: M1ND4G41NST (big blind) folded on the Flop
Seat 2: Mahu2021 (button) collected (60)
Seat 3: Cocolyno4 (small blind) folded on the Flop



PokerStars Hand #247525369962: Tournament #3683190987, $1.84+$0.16 USD Hold'em No Limit - Level I (10/20) - 2023/12/07 13:11:44 CET [2023/12/07 7:11:44 ET]
Table '3683190987 1' 3-max Seat #3 is the button
Seat 1: M1ND4G41NST (480 in chips) 
Seat 2: Mahu2021 (530 in chips) 
Seat 3: Cocolyno4 (490 in chips) 
M1ND4G41NST: posts small blind 10
Mahu2021: posts big blind 20
*** HOLE CARDS ***
Dealt to Mahu2021 [3h 9h]
Cocolyno4: raises 20 to 40
M1ND4G41NST: raises 440 to 480 and is all-in
Mahu2021: folds 
Cocolyno4: folds 
Uncalled bet (440) returned to M1ND4G41NST
M1ND4G41NST collected 100 from pot
M1ND4G41NST: doesn't show hand 
*** SUMMARY ***
Total pot 100 | Rake 0 
Seat 1: M1ND4G41NST (small blind) collected (100)
Seat 2: Mahu2021 (big blind) folded before Flop
Seat 3: Cocolyno4 (button) folded before Flop



PokerStars Hand #247525372795: Tournament #3683190987, $1.84+$0.16 USD Hold'em No Limit - Level I (10/20) - 2023/12/07 13:12:01 CET [2023/12/07 7:12:01 ET]
Table '3683190987 1' 3-max Seat #1 is the button
Seat 1: M1ND4G41NST (540 in chips) 
Seat 2: Mahu2021 (510 in chips) 
Seat 3: Cocolyno4 (450 in chips) 
Mahu2021: posts small blind 10
Cocolyno4: posts big blind 20
*** HOLE CARDS ***
Dealt to Mahu2021 [5s 3h]
M1ND4G41NST: folds 
Mahu2021: calls 10
Cocolyno4: raises 50 to 70
Mahu2021: folds 
Uncalled bet (50) returned to Cocolyno4
Cocolyno4 collected 40 from pot
*** SUMMARY ***
Total pot 40 | Rake 0 
Seat 1: M1ND4G41NST (button) folded before Flop (didn't bet)
Seat 2: Mahu2021 (small blind) folded before Flop
Seat 3: Cocolyno4 (big blind) collected (40)



PokerStars Hand #247525375215: Tournament #3683190987, $1.84+$0.16 USD Hold'em No Limit - Level I (10/20) - 2023/12/07 13:12:16 CET [2023/12/07 7:12:16 ET]
Table '3683190987 1' 3-max Seat #2 is the button
Seat 1: M1ND4G41NST (540 in chips) 
Seat 2: Mahu2021 (490 in chips) 
Seat 3: Cocolyno4 (470 in chips) 
Cocolyno4: posts small blind 10
M1ND4G41NST: posts big blind 20
*** HOLE CARDS ***
Dealt to Mahu2021 [6h Jd]
Mahu2021: folds 
Cocolyno4: calls 10
M1ND4G41NST: raises 520 to 540 and is all-in
Cocolyno4: folds 
Uncalled bet (520) returned to M1ND4G41NST
M1ND4G41NST collected 40 from pot
M1ND4G41NST: doesn't show hand 
*** SUMMARY ***
Total pot 40 | Rake 0 
Seat 1: M1ND4G41NST (big blind) collected (40)
Seat 2: Mahu2021 (button) folded before Flop (didn't bet)
Seat 3: Cocolyno4 (small blind) folded before Flop



PokerStars Hand #247525378315: Tournament #3683190987, $1.84+$0.16 USD Hold'em No Limit - Level I (10/20) - 2023/12/07 13:12:34 CET [2023/12/07 7:12:34 ET]
Table '3683190987 1' 3-max Seat #3 is the button
Seat 1: M1ND4G41NST (560 in chips) 
Seat 2: Mahu2021 (490 in chips) 
Seat 3: Cocolyno4 (450 in chips) 
M1ND4G41NST: posts small blind 10
Mahu2021: posts big blind 20
*** HOLE CARDS ***
Dealt to Mahu2021 [3d Qc]
Cocolyno4: folds 
M1ND4G41NST: folds 
Uncalled bet (10) returned to Mahu2021
Mahu2021 collected 20 from pot
Mahu2021: doesn't show hand 
*** SUMMARY ***
Total pot 20 | Rake 0 
Seat 1: M1ND4G41NST (small blind) folded before Flop
Seat 2: Mahu2021 (big blind) collected (20)
Seat 3: Cocolyno4 (button) folded before Flop (didn't bet)



PokerStars Hand #247525379636: Tournament #3683190987, $1.84+$0.16 USD Hold'em No Limit - Level I (10/20) - 2023/12/07 13:12:42 CET [2023/12/07 7:12:42 ET]
Table '3683190987 1' 3-max Seat #1 is the button
Seat 1: M1ND4G41NST (550 in chips) 
Seat 2: Mahu2021 (500 in chips) 
Seat 3: Cocolyno4 (450 in chips) 
Mahu2021: posts small blind 10
Cocolyno4: posts big blind 20
*** HOLE CARDS ***
Dealt to Mahu2021 [9h Ac]
M1ND4G41NST: folds 
Mahu2021: calls 10
Cocolyno4: checks 
*** FLOP *** [Qh 6h 3s]
Mahu2021: checks 
Cocolyno4: bets 40
Mahu2021: calls 40
*** TURN *** [Qh 6h 3s] [2d]
Mahu2021: checks 
Cocolyno4: checks 
*** RIVER *** [Qh 6h 3s 2d] [8d]
Mahu2021: bets 120
Cocolyno4: calls 120
*** SHOW DOWN ***
Mahu2021: shows [9h Ac] (high card Ace)
Cocolyno4: shows [Qc 4c] (a pair of Queens)
Cocolyno4 collected 360 from pot
*** SUMMARY ***
Total pot 360 | Rake 0 
Board [Qh 6h 3s 2d 8d]
Seat 1: M1ND4G41NST (button) folded before Flop (didn't bet)
Seat 2: Mahu2021 (small blind) showed [9h Ac] and lost with high card Ace
Seat 3: Cocolyno4 (big blind) showed [Qc 4c] and won (360) with a pair of Queens



PokerStars Hand #247525387405: Tournament #3683190987, $1.84+$0.16 USD Hold'em No Limit - Level II (15/30) - 2023/12/07 13:13:28 CET [2023/12/07 7:13:28 ET]
Table '3683190987 1' 3-max Seat #2 is the button
Seat 1: M1ND4G41NST (550 in chips) 
Seat 2: Mahu2021 (320 in chips) 
Seat 3: Cocolyno4 (630 in chips) 
Cocolyno4: posts small blind 15
M1ND4G41NST: posts big blind 30
*** HOLE CARDS ***
Dealt to Mahu2021 [7d 9c]
Mahu2021: folds 
Cocolyno4: folds 
Uncalled bet (15) returned to M1ND4G41NST
M1ND4G41NST collected 30 from pot
M1ND4G41NST: doesn't show hand 
*** SUMMARY ***
Total pot 30 | Rake 0 
Seat 1: M1ND4G41NST (big blind) collected (30)
Seat 2: Mahu2021 (button) folded before Flop (didn't bet)
Seat 3: Cocolyno4 (small blind) folded before Flop



PokerStars Hand #247525388613: Tournament #3683190987, $1.84+$0.16 USD Hold'em No Limit - Level II (15/30) - 2023/12/07 13:13:35 CET [2023/12/07 7:13:35 ET]
Table '3683190987 1' 3-max Seat #3 is the button
Seat 1: M1ND4G41NST (565 in chips) 
Seat 2: Mahu2021 (320 in chips) 
Seat 3: Cocolyno4 (615 in chips) 
M1ND4G41NST: posts small blind 15
Mahu2021: posts big blind 30
*** HOLE CARDS ***
Dealt to Mahu2021 [3s Td]
Cocolyno4: raises 30 to 60
M1ND4G41NST: folds 
Mahu2021: folds 
Uncalled bet (30) returned to Cocolyno4
Cocolyno4 collected 75 from pot
*** SUMMARY ***
Total pot 75 | Rake 0 
Seat 1: M1ND4G41NST (small blind) folded before Flop
Seat 2: Mahu2021 (big blind) folded before Flop
Seat 3: Cocolyno4 (button) collected (75)



PokerStars Hand #247525390544: Tournament #3683190987, $1.84+$0.16 USD Hold'em No Limit - Level II (15/30) - 2023/12/07 13:13:47 CET [2023/12/07 7:13:47 ET]
Table '3683190987 1' 3-max Seat #1 is the button
Seat 1: M1ND4G41NST (550 in chips) 
Seat 2: Mahu2021 (290 in chips) 
Seat 3: Cocolyno4 (660 in chips) 
Mahu2021: posts small blind 15
Cocolyno4: posts big blind 30
*** HOLE CARDS ***
Dealt to Mahu2021 [Kc Ts]
M1ND4G41NST: raises 520 to 550 and is all-in
Mahu2021: calls 275 and is all-in
Cocolyno4: folds 
Uncalled bet (260) returned to M1ND4G41NST
*** FLOP *** [6s 4c 2h]
*** TURN *** [6s 4c 2h] [Td]
*** RIVER *** [6s 4c 2h Td] [8c]
*** SHOW DOWN ***
Mahu2021: shows [Kc Ts] (a pair of Tens)
M1ND4G41NST: shows [Ah Qs] (high card Ace)
Mahu2021 collected 610 from pot
*** SUMMARY ***
Total pot 610 | Rake 0 
Board [6s 4c 2h Td 8c]
Seat 1: M1ND4G41NST (button) showed [Ah Qs] and lost with high card Ace
Seat 2: Mahu2021 (small blind) showed [Kc Ts] and won (610) with a pair of Tens
Seat 3: Cocolyno4 (big blind) folded before Flop



PokerStars Hand #247525394463: Tournament #3683190987, $1.84+$0.16 USD Hold'em No Limit - Level II (15/30) - 2023/12/07 13:14:11 CET [2023/12/07 7:14:11 ET]
Table '3683190987 1' 3-max Seat #2 is the button
Seat 1: M1ND4G41NST (260 in chips) 
Seat 2: Mahu2021 (610 in chips) 
Seat 3: Cocolyno4 (630 in chips) 
Cocolyno4: posts small blind 15
M1ND4G41NST: posts big blind 30
*** HOLE CARDS ***
Dealt to Mahu2021 [4c Ac]
Mahu2021: calls 30
Cocolyno4: folds 
M1ND4G41NST: checks 
*** FLOP *** [4h 4d Kd]
M1ND4G41NST: checks 
Mahu2021: checks 
*** TURN *** [4h 4d Kd] [9s]
M1ND4G41NST: bets 38
Mahu2021: calls 38
*** RIVER *** [4h 4d Kd 9s] [Qc]
M1ND4G41NST: checks 
Mahu2021: bets 60
M1ND4G41NST: folds 
Uncalled bet (60) returned to Mahu2021
Mahu2021 collected 151 from pot
Mahu2021: doesn't show hand 
*** SUMMARY ***
Total pot 151 | Rake 0 
Board [4h 4d Kd 9s Qc]
Seat 1: M1ND4G41NST (big blind) folded on the River
Seat 2: Mahu2021 (button) collected (151)
Seat 3: Cocolyno4 (small blind) folded before Flop



PokerStars Hand #247525404251: Tournament #3683190987, $1.84+$0.16 USD Hold'em No Limit - Level III (20/40) - 2023/12/07 13:15:09 CET [2023/12/07 7:15:09 ET]
Table '3683190987 1' 3-max Seat #3 is the button
Seat 1: M1ND4G41NST (192 in chips) 
Seat 2: Mahu2021 (693 in chips) 
Seat 3: Cocolyno4 (615 in chips) 
M1ND4G41NST: posts small blind 20
Mahu2021: posts big blind 40
*** HOLE CARDS ***
Dealt to Mahu2021 [4d 4s]
Cocolyno4: raises 40 to 80
M1ND4G41NST: folds 
Mahu2021: calls 40
*** FLOP *** [6d Qs 2s]
Mahu2021: checks 
Cocolyno4: bets 100
Mahu2021: folds 
Uncalled bet (100) returned to Cocolyno4
Cocolyno4 collected 180 from pot
*** SUMMARY ***
Total pot 180 | Rake 0 
Board [6d Qs 2s]
Seat 1: M1ND4G41NST (small blind) folded before Flop
Seat 2: Mahu2021 (big blind) folded on the Flop
Seat 3: Cocolyno4 (button) collected (180)



PokerStars Hand #247525408486: Tournament #3683190987, $1.84+$0.16 USD Hold'em No Limit - Level III (20/40) - 2023/12/07 13:15:35 CET [2023/12/07 7:15:35 ET]
Table '3683190987 1' 3-max Seat #1 is the button
Seat 1: M1ND4G41NST (172 in chips) 
Seat 2: Mahu2021 (613 in chips) 
Seat 3: Cocolyno4 (715 in chips) 
Mahu2021: posts small blind 20
Cocolyno4: posts big blind 40
*** HOLE CARDS ***
Dealt to Mahu2021 [Jh 6c]
M1ND4G41NST: folds 
Mahu2021: folds 
Uncalled bet (20) returned to Cocolyno4
Cocolyno4 collected 40 from pot
*** SUMMARY ***
Total pot 40 | Rake 0 
Seat 1: M1ND4G41NST (button) folded before Flop (didn't bet)
Seat 2: Mahu2021 (small blind) folded before Flop
Seat 3: Cocolyno4 (big blind) collected (40)



PokerStars Hand #247525410076: Tournament #3683190987, $1.84+$0.16 USD Hold'em No Limit - Level III (20/40) - 2023/12/07 13:15:45 CET [2023/12/07 7:15:45 ET]
Table '3683190987 1' 3-max Seat #2 is the button
Seat 1: M1ND4G41NST (172 in chips) 
Seat 2: Mahu2021 (593 in chips) 
Seat 3: Cocolyno4 (735 in chips) 
Cocolyno4: posts small blind 20
M1ND4G41NST: posts big blind 40
*** HOLE CARDS ***
Dealt to Mahu2021 [8c 2h]
Mahu2021: folds 
Cocolyno4: raises 695 to 735 and is all-in
M1ND4G41NST: folds 
Uncalled bet (695) returned to Cocolyno4
Cocolyno4 collected 80 from pot
*** SUMMARY ***
Total pot 80 | Rake 0 
Seat 1: M1ND4G41NST (big blind) folded before Flop
Seat 2: Mahu2021 (button) folded before Flop (didn't bet)
Seat 3: Cocolyno4 (small blind) collected (80)



PokerStars Hand #247525411761: Tournament #3683190987, $1.84+$0.16 USD Hold'em No Limit - Level III (20/40) - 2023/12/07 13:15:55 CET [2023/12/07 7:15:55 ET]
Table '3683190987 1' 3-max Seat #3 is the button
Seat 1: M1ND4G41NST (132 in chips) 
Seat 2: Mahu2021 (593 in chips) 
Seat 3: Cocolyno4 (775 in chips) 
M1ND4G41NST: posts small blind 20
Mahu2021: posts big blind 40
*** HOLE CARDS ***
Dealt to Mahu2021 [Qd 6s]
Cocolyno4: raises 40 to 80
M1ND4G41NST: raises 52 to 132 and is all-in
Mahu2021: folds 
Cocolyno4: calls 52
*** FLOP *** [Jc 7s 6c]
*** TURN *** [Jc 7s 6c] [Qh]
*** RIVER *** [Jc 7s 6c Qh] [5d]
*** SHOW DOWN ***
M1ND4G41NST: shows [Kd Ac] (high card Ace)
Cocolyno4: shows [Jh 4h] (a pair of Jacks)
Cocolyno4 collected 304 from pot
M1ND4G41NST finished the tournament in 3rd place
*** SUMMARY ***
Total pot 304 | Rake 0 
Board [Jc 7s 6c Qh 5d]
Seat 1: M1ND4G41NST (small blind) showed [Kd Ac] and lost with high card Ace
Seat 2: Mahu2021 (big blind) folded before Flop
Seat 3: Cocolyno4 (button) showed [Jh 4h] and won (304) with a pair of Jacks



PokerStars Hand #247525415968: Tournament #3683190987, $1.84+$0.16 USD Hold'em No Limit - Level III (20/40) - 2023/12/07 13:16:20 CET [2023/12/07 7:16:20 ET]
Table '3683190987 1' 3-max Seat #2 is the button
Seat 2: Mahu2021 (553 in chips) 
Seat 3: Cocolyno4 (947 in chips) 
Mahu2021: posts small blind 20
Cocolyno4: posts big blind 40
*** HOLE CARDS ***
Dealt to Mahu2021 [8h 3s]
Mahu2021: folds 
Uncalled bet (20) returned to Cocolyno4
Cocolyno4 collected 40 from pot
*** SUMMARY ***
Total pot 40 | Rake 0 
Seat 2: Mahu2021 (button) (small blind) folded before Flop
Seat 3: Cocolyno4 (big blind) collected (40)



PokerStars Hand #247525416713: Tournament #3683190987, $1.84+$0.16 USD Hold'em No Limit - Level III (20/40) - 2023/12/07 13:16:25 CET [2023/12/07 7:16:25 ET]
Table '3683190987 1' 3-max Seat #3 is the button
Seat 2: Mahu2021 (533 in chips) 
Seat 3: Cocolyno4 (967 in chips) 
Cocolyno4: posts small blind 20
Mahu2021: posts big blind 40
*** HOLE CARDS ***
Dealt to Mahu2021 [8s 5s]
Cocolyno4: raises 40 to 80
Mahu2021: calls 40
*** FLOP *** [Qd Jc Td]
Mahu2021: checks 
Cocolyno4: bets 120
Mahu2021: folds 
Uncalled bet (120) returned to Cocolyno4
Cocolyno4 collected 160 from pot
*** SUMMARY ***
Total pot 160 | Rake 0 
Board [Qd Jc Td]
Seat 2: Mahu2021 (big blind) folded on the Flop
Seat 3: Cocolyno4 (button) (small blind) collected (160)



PokerStars Hand #247525419395: Tournament #3683190987, $1.84+$0.16 USD Hold'em No Limit - Level III (20/40) - 2023/12/07 13:16:42 CET [2023/12/07 7:16:42 ET]
Table '3683190987 1' 3-max Seat #2 is the button
Seat 2: Mahu2021 (453 in chips) 
Seat 3: Cocolyno4 (1047 in chips) 
Mahu2021: posts small blind 20
Cocolyno4: posts big blind 40
*** HOLE CARDS ***
Dealt to Mahu2021 [3d 6h]
Mahu2021: folds 
Uncalled bet (20) returned to Cocolyno4
Cocolyno4 collected 40 from pot
*** SUMMARY ***
Total pot 40 | Rake 0 
Seat 2: Mahu2021 (button) (small blind) folded before Flop
Seat 3: Cocolyno4 (big blind) collected (40)



