PokerStars Hand #244408248483: Tournament #3607619545, $0.92+$0.08 USD Hold'em No Limit - Level I (10/20) - 2023/06/22 19:19:09 CET [2023/06/22 13:19:09 ET]
Table '3607619545 1' 3-max Seat #1 is the button
Seat 1: diegoluiz9 (500 in chips) 
Seat 2: Mahu2021 (500 in chips) 
Seat 3: Guto_TPT (500 in chips) is sitting out
Mahu2021: posts small blind 10
Guto_TPT: posts big blind 20
*** HOLE CARDS ***
Dealt to Mahu2021 [2s Th]
Guto_TPT is disconnected 
Guto_TPT has returned
diegoluiz9: folds 
Mahu2021: folds 
Uncalled bet (10) returned to Guto_TPT
Guto_TPT collected 20 from pot
*** SUMMARY ***
Total pot 20 | Rake 0 
Seat 1: diegoluiz9 (button) folded before Flop (didn't bet)
Seat 2: Mahu2021 (small blind) folded before Flop
Seat 3: Guto_TPT (big blind) collected (20)



PokerStars Hand #244408250158: Tournament #3607619545, $0.92+$0.08 USD Hold'em No Limit - Level I (10/20) - 2023/06/22 19:19:15 CET [2023/06/22 13:19:15 ET]
Table '3607619545 1' 3-max Seat #2 is the button
Seat 1: diegoluiz9 (500 in chips) 
Seat 2: Mahu2021 (490 in chips) 
Seat 3: Guto_TPT (510 in chips) 
Guto_TPT: posts small blind 10
diegoluiz9: posts big blind 20
*** HOLE CARDS ***
Dealt to Mahu2021 [7h 3c]
Mahu2021: folds 
Guto_TPT: raises 44 to 64
diegoluiz9: folds 
Uncalled bet (44) returned to Guto_TPT
Guto_TPT collected 40 from pot
Guto_TPT: doesn't show hand 
*** SUMMARY ***
Total pot 40 | Rake 0 
Seat 1: diegoluiz9 (big blind) folded before Flop
Seat 2: Mahu2021 (button) folded before Flop (didn't bet)
Seat 3: Guto_TPT (small blind) collected (40)



PokerStars Hand #244408253715: Tournament #3607619545, $0.92+$0.08 USD Hold'em No Limit - Level I (10/20) - 2023/06/22 19:19:29 CET [2023/06/22 13:19:29 ET]
Table '3607619545 1' 3-max Seat #3 is the button
Seat 1: diegoluiz9 (480 in chips) 
Seat 2: Mahu2021 (490 in chips) 
Seat 3: Guto_TPT (530 in chips) 
diegoluiz9: posts small blind 10
Mahu2021: posts big blind 20
*** HOLE CARDS ***
Dealt to Mahu2021 [4c 8h]
Guto_TPT: folds 
diegoluiz9: raises 40 to 60
Mahu2021: folds 
Uncalled bet (40) returned to diegoluiz9
diegoluiz9 collected 40 from pot
*** SUMMARY ***
Total pot 40 | Rake 0 
Seat 1: diegoluiz9 (small blind) collected (40)
Seat 2: Mahu2021 (big blind) folded before Flop
Seat 3: Guto_TPT (button) folded before Flop (didn't bet)



PokerStars Hand #244408255741: Tournament #3607619545, $0.92+$0.08 USD Hold'em No Limit - Level I (10/20) - 2023/06/22 19:19:36 CET [2023/06/22 13:19:36 ET]
Table '3607619545 1' 3-max Seat #1 is the button
Seat 1: diegoluiz9 (500 in chips) 
Seat 2: Mahu2021 (470 in chips) 
Seat 3: Guto_TPT (530 in chips) 
Mahu2021: posts small blind 10
Guto_TPT: posts big blind 20
*** HOLE CARDS ***
Dealt to Mahu2021 [8h 2c]
diegoluiz9: raises 20 to 40
Mahu2021: folds 
Guto_TPT: folds 
Uncalled bet (20) returned to diegoluiz9
diegoluiz9 collected 50 from pot
*** SUMMARY ***
Total pot 50 | Rake 0 
Seat 1: diegoluiz9 (button) collected (50)
Seat 2: Mahu2021 (small blind) folded before Flop
Seat 3: Guto_TPT (big blind) folded before Flop



PokerStars Hand #244408257798: Tournament #3607619545, $0.92+$0.08 USD Hold'em No Limit - Level I (10/20) - 2023/06/22 19:19:44 CET [2023/06/22 13:19:44 ET]
Table '3607619545 1' 3-max Seat #2 is the button
Seat 1: diegoluiz9 (530 in chips) 
Seat 2: Mahu2021 (460 in chips) 
Seat 3: Guto_TPT (510 in chips) 
Guto_TPT: posts small blind 10
diegoluiz9: posts big blind 20
*** HOLE CARDS ***
Dealt to Mahu2021 [2h Ah]
Mahu2021: raises 20 to 40
Guto_TPT: folds 
diegoluiz9: calls 20
*** FLOP *** [3s 5s Qd]
diegoluiz9: checks 
Mahu2021: bets 40
diegoluiz9: calls 40
*** TURN *** [3s 5s Qd] [5h]
diegoluiz9: checks 
Mahu2021: checks 
*** RIVER *** [3s 5s Qd 5h] [Jd]
diegoluiz9: checks 
Mahu2021: checks 
*** SHOW DOWN ***
diegoluiz9: shows [Ad Th] (a pair of Fives)
Mahu2021: shows [2h Ah] (a pair of Fives)
diegoluiz9 collected 85 from pot
Mahu2021 collected 85 from pot
*** SUMMARY ***
Total pot 170 | Rake 0 
Board [3s 5s Qd 5h Jd]
Seat 1: diegoluiz9 (big blind) showed [Ad Th] and won (85) with a pair of Fives
Seat 2: Mahu2021 (button) showed [2h Ah] and won (85) with a pair of Fives
Seat 3: Guto_TPT (small blind) folded before Flop



PokerStars Hand #244408266543: Tournament #3607619545, $0.92+$0.08 USD Hold'em No Limit - Level I (10/20) - 2023/06/22 19:20:18 CET [2023/06/22 13:20:18 ET]
Table '3607619545 1' 3-max Seat #3 is the button
Seat 1: diegoluiz9 (535 in chips) 
Seat 2: Mahu2021 (465 in chips) 
Seat 3: Guto_TPT (500 in chips) 
diegoluiz9: posts small blind 10
Mahu2021: posts big blind 20
*** HOLE CARDS ***
Dealt to Mahu2021 [Qc Kd]
Guto_TPT: folds 
diegoluiz9: raises 40 to 60
Mahu2021: calls 40
*** FLOP *** [9h 3d 6h]
diegoluiz9: checks 
Mahu2021: checks 
*** TURN *** [9h 3d 6h] [7c]
diegoluiz9: bets 40
Mahu2021: folds 
Uncalled bet (40) returned to diegoluiz9
diegoluiz9 collected 120 from pot
*** SUMMARY ***
Total pot 120 | Rake 0 
Board [9h 3d 6h 7c]
Seat 1: diegoluiz9 (small blind) collected (120)
Seat 2: Mahu2021 (big blind) folded on the Turn
Seat 3: Guto_TPT (button) folded before Flop (didn't bet)



PokerStars Hand #244408272993: Tournament #3607619545, $0.92+$0.08 USD Hold'em No Limit - Level I (10/20) - 2023/06/22 19:20:42 CET [2023/06/22 13:20:42 ET]
Table '3607619545 1' 3-max Seat #1 is the button
Seat 1: diegoluiz9 (595 in chips) 
Seat 2: Mahu2021 (405 in chips) 
Seat 3: Guto_TPT (500 in chips) 
Mahu2021: posts small blind 10
Guto_TPT: posts big blind 20
*** HOLE CARDS ***
Dealt to Mahu2021 [5h 9d]
diegoluiz9: raises 20 to 40
Mahu2021: folds 
Guto_TPT: calls 20
*** FLOP *** [5c 7c Ts]
Guto_TPT: bets 45
diegoluiz9: calls 45
*** TURN *** [5c 7c Ts] [Kd]
Guto_TPT: bets 131
diegoluiz9: folds 
Uncalled bet (131) returned to Guto_TPT
Guto_TPT collected 180 from pot
Guto_TPT: doesn't show hand 
*** SUMMARY ***
Total pot 180 | Rake 0 
Board [5c 7c Ts Kd]
Seat 1: diegoluiz9 (button) folded on the Turn
Seat 2: Mahu2021 (small blind) folded before Flop
Seat 3: Guto_TPT (big blind) collected (180)



PokerStars Hand #244408282173: Tournament #3607619545, $0.92+$0.08 USD Hold'em No Limit - Level I (10/20) - 2023/06/22 19:21:17 CET [2023/06/22 13:21:17 ET]
Table '3607619545 1' 3-max Seat #2 is the button
Seat 1: diegoluiz9 (510 in chips) 
Seat 2: Mahu2021 (395 in chips) 
Seat 3: Guto_TPT (595 in chips) 
Guto_TPT: posts small blind 10
diegoluiz9: posts big blind 20
*** HOLE CARDS ***
Dealt to Mahu2021 [Tc 3c]
Mahu2021: folds 
Guto_TPT: folds 
Uncalled bet (10) returned to diegoluiz9
diegoluiz9 collected 20 from pot
*** SUMMARY ***
Total pot 20 | Rake 0 
Seat 1: diegoluiz9 (big blind) collected (20)
Seat 2: Mahu2021 (button) folded before Flop (didn't bet)
Seat 3: Guto_TPT (small blind) folded before Flop



PokerStars Hand #244408283531: Tournament #3607619545, $0.92+$0.08 USD Hold'em No Limit - Level I (10/20) - 2023/06/22 19:21:22 CET [2023/06/22 13:21:22 ET]
Table '3607619545 1' 3-max Seat #3 is the button
Seat 1: diegoluiz9 (520 in chips) 
Seat 2: Mahu2021 (395 in chips) 
Seat 3: Guto_TPT (585 in chips) 
diegoluiz9: posts small blind 10
Mahu2021: posts big blind 20
*** HOLE CARDS ***
Dealt to Mahu2021 [2c Qh]
Guto_TPT: raises 20 to 40
diegoluiz9: calls 30
Mahu2021: folds 
*** FLOP *** [Td 4h 4s]
diegoluiz9: checks 
Guto_TPT: bets 33
diegoluiz9: calls 33
*** TURN *** [Td 4h 4s] [Ah]
diegoluiz9: checks 
Guto_TPT: bets 121
diegoluiz9: calls 121
*** RIVER *** [Td 4h 4s Ah] [2d]
diegoluiz9: checks 
Guto_TPT: bets 391 and is all-in
diegoluiz9: calls 326 and is all-in
Uncalled bet (65) returned to Guto_TPT
*** SHOW DOWN ***
Guto_TPT: shows [8c Qd] (a pair of Fours)
diegoluiz9: shows [2h As] (two pair, Aces and Fours)
diegoluiz9 collected 1060 from pot
*** SUMMARY ***
Total pot 1060 | Rake 0 
Board [Td 4h 4s Ah 2d]
Seat 1: diegoluiz9 (small blind) showed [2h As] and won (1060) with two pair, Aces and Fours
Seat 2: Mahu2021 (big blind) folded before Flop
Seat 3: Guto_TPT (button) showed [8c Qd] and lost with a pair of Fours



PokerStars Hand #244408302517: Tournament #3607619545, $0.92+$0.08 USD Hold'em No Limit - Level II (15/30) - 2023/06/22 19:22:34 CET [2023/06/22 13:22:34 ET]
Table '3607619545 1' 3-max Seat #1 is the button
Seat 1: diegoluiz9 (1060 in chips) 
Seat 2: Mahu2021 (375 in chips) 
Seat 3: Guto_TPT (65 in chips) 
Mahu2021: posts small blind 15
Guto_TPT: posts big blind 30
*** HOLE CARDS ***
Dealt to Mahu2021 [2s 2h]
diegoluiz9: raises 30 to 60
Mahu2021: calls 45
Guto_TPT: raises 5 to 65 and is all-in
diegoluiz9: calls 5
Mahu2021: calls 5
*** FLOP *** [Jh 6h 3h]
Mahu2021: checks 
diegoluiz9: bets 60
Mahu2021: folds 
Uncalled bet (60) returned to diegoluiz9
*** TURN *** [Jh 6h 3h] [Jc]
*** RIVER *** [Jh 6h 3h Jc] [Td]
*** SHOW DOWN ***
Guto_TPT: shows [9d Qc] (a pair of Jacks)
diegoluiz9: shows [Ah 5s] (a pair of Jacks - Ace kicker)
diegoluiz9 collected 195 from pot
Guto_TPT finished the tournament in 3rd place
*** SUMMARY ***
Total pot 195 | Rake 0 
Board [Jh 6h 3h Jc Td]
Seat 1: diegoluiz9 (button) showed [Ah 5s] and won (195) with a pair of Jacks
Seat 2: Mahu2021 (small blind) folded on the Flop
Seat 3: Guto_TPT (big blind) showed [9d Qc] and lost with a pair of Jacks



PokerStars Hand #244408310918: Tournament #3607619545, $0.92+$0.08 USD Hold'em No Limit - Level II (15/30) - 2023/06/22 19:23:05 CET [2023/06/22 13:23:05 ET]
Table '3607619545 1' 3-max Seat #2 is the button
Seat 1: diegoluiz9 (1190 in chips) 
Seat 2: Mahu2021 (310 in chips) 
Mahu2021: posts small blind 15
diegoluiz9: posts big blind 30
*** HOLE CARDS ***
Dealt to Mahu2021 [9c 2d]
Mahu2021: folds 
Uncalled bet (15) returned to diegoluiz9
diegoluiz9 collected 30 from pot
*** SUMMARY ***
Total pot 30 | Rake 0 
Seat 1: diegoluiz9 (big blind) collected (30)
Seat 2: Mahu2021 (button) (small blind) folded before Flop



PokerStars Hand #244408312247: Tournament #3607619545, $0.92+$0.08 USD Hold'em No Limit - Level II (15/30) - 2023/06/22 19:23:10 CET [2023/06/22 13:23:10 ET]
Table '3607619545 1' 3-max Seat #1 is the button
Seat 1: diegoluiz9 (1205 in chips) 
Seat 2: Mahu2021 (295 in chips) 
diegoluiz9: posts small blind 15
Mahu2021: posts big blind 30
*** HOLE CARDS ***
Dealt to Mahu2021 [4h Kh]
diegoluiz9: raises 30 to 60
Mahu2021: calls 30
*** FLOP *** [8c 7c As]
Mahu2021: checks 
diegoluiz9: bets 60
Mahu2021: folds 
Uncalled bet (60) returned to diegoluiz9
diegoluiz9 collected 120 from pot
*** SUMMARY ***
Total pot 120 | Rake 0 
Board [8c 7c As]
Seat 1: diegoluiz9 (button) (small blind) collected (120)
Seat 2: Mahu2021 (big blind) folded on the Flop



PokerStars Hand #244408315534: Tournament #3607619545, $0.92+$0.08 USD Hold'em No Limit - Level II (15/30) - 2023/06/22 19:23:22 CET [2023/06/22 13:23:22 ET]
Table '3607619545 1' 3-max Seat #2 is the button
Seat 1: diegoluiz9 (1265 in chips) 
Seat 2: Mahu2021 (235 in chips) 
Mahu2021: posts small blind 15
diegoluiz9: posts big blind 30
*** HOLE CARDS ***
Dealt to Mahu2021 [Kc 9d]
Mahu2021: calls 15
diegoluiz9: raises 60 to 90
Mahu2021: raises 145 to 235 and is all-in
diegoluiz9: calls 145
*** FLOP *** [7d Jc Jd]
*** TURN *** [7d Jc Jd] [Kd]
*** RIVER *** [7d Jc Jd Kd] [Qd]
*** SHOW DOWN ***
diegoluiz9: shows [8s Kh] (two pair, Kings and Jacks)
Mahu2021: shows [Kc 9d] (a flush, King high)
Mahu2021 collected 470 from pot
*** SUMMARY ***
Total pot 470 | Rake 0 
Board [7d Jc Jd Kd Qd]
Seat 1: diegoluiz9 (big blind) showed [8s Kh] and lost with two pair, Kings and Jacks
Seat 2: Mahu2021 (button) (small blind) showed [Kc 9d] and won (470) with a flush, King high



PokerStars Hand #244408320655: Tournament #3607619545, $0.92+$0.08 USD Hold'em No Limit - Level II (15/30) - 2023/06/22 19:23:41 CET [2023/06/22 13:23:41 ET]
Table '3607619545 1' 3-max Seat #1 is the button
Seat 1: diegoluiz9 (1030 in chips) 
Seat 2: Mahu2021 (470 in chips) 
diegoluiz9: posts small blind 15
Mahu2021: posts big blind 30
*** HOLE CARDS ***
Dealt to Mahu2021 [3h Js]
diegoluiz9: raises 30 to 60
Mahu2021: calls 30
*** FLOP *** [Tc 4s 3d]
Mahu2021: checks 
diegoluiz9: checks 
*** TURN *** [Tc 4s 3d] [6s]
Mahu2021: checks 
diegoluiz9: bets 60
Mahu2021: calls 60
*** RIVER *** [Tc 4s 3d 6s] [Qh]
Mahu2021: checks 
diegoluiz9: bets 150
Mahu2021: folds 
Uncalled bet (150) returned to diegoluiz9
diegoluiz9 collected 240 from pot
*** SUMMARY ***
Total pot 240 | Rake 0 
Board [Tc 4s 3d 6s Qh]
Seat 1: diegoluiz9 (button) (small blind) collected (240)
Seat 2: Mahu2021 (big blind) folded on the River



PokerStars Hand #244408328046: Tournament #3607619545, $0.92+$0.08 USD Hold'em No Limit - Level II (15/30) - 2023/06/22 19:24:09 CET [2023/06/22 13:24:09 ET]
Table '3607619545 1' 3-max Seat #2 is the button
Seat 1: diegoluiz9 (1150 in chips) 
Seat 2: Mahu2021 (350 in chips) 
Mahu2021: posts small blind 15
diegoluiz9: posts big blind 30
*** HOLE CARDS ***
Dealt to Mahu2021 [Kc 9d]
Mahu2021: calls 15
diegoluiz9: checks 
*** FLOP *** [4d Ad 8s]
diegoluiz9: checks 
Mahu2021: checks 
*** TURN *** [4d Ad 8s] [6c]
diegoluiz9: checks 
Mahu2021: checks 
*** RIVER *** [4d Ad 8s 6c] [3h]
diegoluiz9: checks 
Mahu2021: checks 
*** SHOW DOWN ***
diegoluiz9: shows [7c 2d] (high card Ace)
Mahu2021: shows [Kc 9d] (high card Ace - King kicker)
Mahu2021 collected 60 from pot
*** SUMMARY ***
Total pot 60 | Rake 0 
Board [4d Ad 8s 6c 3h]
Seat 1: diegoluiz9 (big blind) showed [7c 2d] and lost with high card Ace
Seat 2: Mahu2021 (button) (small blind) showed [Kc 9d] and won (60) with high card Ace



PokerStars Hand #244408332599: Tournament #3607619545, $0.92+$0.08 USD Hold'em No Limit - Level II (15/30) - 2023/06/22 19:24:26 CET [2023/06/22 13:24:26 ET]
Table '3607619545 1' 3-max Seat #1 is the button
Seat 1: diegoluiz9 (1120 in chips) 
Seat 2: Mahu2021 (380 in chips) 
diegoluiz9: posts small blind 15
Mahu2021: posts big blind 30
*** HOLE CARDS ***
Dealt to Mahu2021 [7c 8d]
diegoluiz9: raises 30 to 60
Mahu2021: calls 30
*** FLOP *** [Qc Jd Qs]
Mahu2021: checks 
diegoluiz9: bets 60
Mahu2021: folds 
Uncalled bet (60) returned to diegoluiz9
diegoluiz9 collected 120 from pot
*** SUMMARY ***
Total pot 120 | Rake 0 
Board [Qc Jd Qs]
Seat 1: diegoluiz9 (button) (small blind) collected (120)
Seat 2: Mahu2021 (big blind) folded on the Flop



PokerStars Hand #244408336658: Tournament #3607619545, $0.92+$0.08 USD Hold'em No Limit - Level II (15/30) - 2023/06/22 19:24:41 CET [2023/06/22 13:24:41 ET]
Table '3607619545 1' 3-max Seat #2 is the button
Seat 1: diegoluiz9 (1180 in chips) 
Seat 2: Mahu2021 (320 in chips) 
Mahu2021: posts small blind 15
diegoluiz9: posts big blind 30
*** HOLE CARDS ***
Dealt to Mahu2021 [3c 5c]
Mahu2021: calls 15
diegoluiz9: checks 
*** FLOP *** [2h 8d 4d]
diegoluiz9: checks 
Mahu2021: bets 30
diegoluiz9: calls 30
*** TURN *** [2h 8d 4d] [Jh]
diegoluiz9: checks 
Mahu2021: bets 260 and is all-in
diegoluiz9: folds 
Uncalled bet (260) returned to Mahu2021
Mahu2021 collected 120 from pot
Mahu2021: doesn't show hand 
*** SUMMARY ***
Total pot 120 | Rake 0 
Board [2h 8d 4d Jh]
Seat 1: diegoluiz9 (big blind) folded on the Turn
Seat 2: Mahu2021 (button) (small blind) collected (120)



PokerStars Hand #244408341940: Tournament #3607619545, $0.92+$0.08 USD Hold'em No Limit - Level II (15/30) - 2023/06/22 19:25:01 CET [2023/06/22 13:25:01 ET]
Table '3607619545 1' 3-max Seat #1 is the button
Seat 1: diegoluiz9 (1120 in chips) 
Seat 2: Mahu2021 (380 in chips) 
diegoluiz9: posts small blind 15
Mahu2021: posts big blind 30
*** HOLE CARDS ***
Dealt to Mahu2021 [4c 4d]
diegoluiz9: raises 30 to 60
Mahu2021: raises 320 to 380 and is all-in
diegoluiz9: calls 320
*** FLOP *** [Th Qd 5h]
*** TURN *** [Th Qd 5h] [Js]
*** RIVER *** [Th Qd 5h Js] [6d]
*** SHOW DOWN ***
Mahu2021: shows [4c 4d] (a pair of Fours)
diegoluiz9: shows [4h Ad] (high card Ace)
Mahu2021 collected 760 from pot
*** SUMMARY ***
Total pot 760 | Rake 0 
Board [Th Qd 5h Js 6d]
Seat 1: diegoluiz9 (button) (small blind) showed [4h Ad] and lost with high card Ace
Seat 2: Mahu2021 (big blind) showed [4c 4d] and won (760) with a pair of Fours



PokerStars Hand #244408346781: Tournament #3607619545, $0.92+$0.08 USD Hold'em No Limit - Level III (20/40) - 2023/06/22 19:25:19 CET [2023/06/22 13:25:19 ET]
Table '3607619545 1' 3-max Seat #2 is the button
Seat 1: diegoluiz9 (740 in chips) 
Seat 2: Mahu2021 (760 in chips) 
Mahu2021: posts small blind 20
diegoluiz9: posts big blind 40
*** HOLE CARDS ***
Dealt to Mahu2021 [Js 4s]
Mahu2021: calls 20
diegoluiz9: checks 
*** FLOP *** [3h Jc 7h]
diegoluiz9: checks 
Mahu2021: bets 40
diegoluiz9: calls 40
*** TURN *** [3h Jc 7h] [Kd]
diegoluiz9: checks 
Mahu2021: checks 
*** RIVER *** [3h Jc 7h Kd] [9c]
diegoluiz9: bets 120
Mahu2021: calls 120
*** SHOW DOWN ***
diegoluiz9: shows [Qh 2d] (high card King)
Mahu2021: shows [Js 4s] (a pair of Jacks)
Mahu2021 collected 400 from pot
*** SUMMARY ***
Total pot 400 | Rake 0 
Board [3h Jc 7h Kd 9c]
Seat 1: diegoluiz9 (big blind) showed [Qh 2d] and lost with high card King
Seat 2: Mahu2021 (button) (small blind) showed [Js 4s] and won (400) with a pair of Jacks



PokerStars Hand #244408353495: Tournament #3607619545, $0.92+$0.08 USD Hold'em No Limit - Level III (20/40) - 2023/06/22 19:25:44 CET [2023/06/22 13:25:44 ET]
Table '3607619545 1' 3-max Seat #1 is the button
Seat 1: diegoluiz9 (540 in chips) 
Seat 2: Mahu2021 (960 in chips) 
diegoluiz9: posts small blind 20
Mahu2021: posts big blind 40
*** HOLE CARDS ***
Dealt to Mahu2021 [Ks 2h]
diegoluiz9: folds 
Uncalled bet (20) returned to Mahu2021
Mahu2021 collected 40 from pot
Mahu2021: doesn't show hand 
*** SUMMARY ***
Total pot 40 | Rake 0 
Seat 1: diegoluiz9 (button) (small blind) folded before Flop
Seat 2: Mahu2021 (big blind) collected (40)



PokerStars Hand #244408355274: Tournament #3607619545, $0.92+$0.08 USD Hold'em No Limit - Level III (20/40) - 2023/06/22 19:25:50 CET [2023/06/22 13:25:50 ET]
Table '3607619545 1' 3-max Seat #2 is the button
Seat 1: diegoluiz9 (520 in chips) 
Seat 2: Mahu2021 (980 in chips) 
Mahu2021: posts small blind 20
diegoluiz9: posts big blind 40
*** HOLE CARDS ***
Dealt to Mahu2021 [2s Jd]
Mahu2021: calls 20
diegoluiz9: checks 
*** FLOP *** [8c 6c 3c]
diegoluiz9: checks 
Mahu2021: bets 40
diegoluiz9: calls 40
*** TURN *** [8c 6c 3c] [5d]
diegoluiz9: checks 
Mahu2021: checks 
*** RIVER *** [8c 6c 3c 5d] [6h]
diegoluiz9: bets 120
Mahu2021: folds 
Uncalled bet (120) returned to diegoluiz9
diegoluiz9 collected 160 from pot
*** SUMMARY ***
Total pot 160 | Rake 0 
Board [8c 6c 3c 5d 6h]
Seat 1: diegoluiz9 (big blind) collected (160)
Seat 2: Mahu2021 (button) (small blind) folded on the River



PokerStars Hand #244408363342: Tournament #3607619545, $0.92+$0.08 USD Hold'em No Limit - Level III (20/40) - 2023/06/22 19:26:20 CET [2023/06/22 13:26:20 ET]
Table '3607619545 1' 3-max Seat #1 is the button
Seat 1: diegoluiz9 (600 in chips) 
Seat 2: Mahu2021 (900 in chips) 
diegoluiz9: posts small blind 20
Mahu2021: posts big blind 40
*** HOLE CARDS ***
Dealt to Mahu2021 [Ad Qh]
diegoluiz9: folds 
Uncalled bet (20) returned to Mahu2021
Mahu2021 collected 40 from pot
Mahu2021: doesn't show hand 
*** SUMMARY ***
Total pot 40 | Rake 0 
Seat 1: diegoluiz9 (button) (small blind) folded before Flop
Seat 2: Mahu2021 (big blind) collected (40)



PokerStars Hand #244408364768: Tournament #3607619545, $0.92+$0.08 USD Hold'em No Limit - Level III (20/40) - 2023/06/22 19:26:26 CET [2023/06/22 13:26:26 ET]
Table '3607619545 1' 3-max Seat #2 is the button
Seat 1: diegoluiz9 (580 in chips) 
Seat 2: Mahu2021 (920 in chips) 
Mahu2021: posts small blind 20
diegoluiz9: posts big blind 40
*** HOLE CARDS ***
Dealt to Mahu2021 [8h Qs]
Mahu2021: calls 20
diegoluiz9: checks 
*** FLOP *** [Kh 4h Jd]
diegoluiz9: checks 
Mahu2021: bets 80
diegoluiz9: folds 
Uncalled bet (80) returned to Mahu2021
Mahu2021 collected 80 from pot
Mahu2021: doesn't show hand 
*** SUMMARY ***
Total pot 80 | Rake 0 
Board [Kh 4h Jd]
Seat 1: diegoluiz9 (big blind) folded on the Flop
Seat 2: Mahu2021 (button) (small blind) collected (80)



PokerStars Hand #244408368192: Tournament #3607619545, $0.92+$0.08 USD Hold'em No Limit - Level III (20/40) - 2023/06/22 19:26:39 CET [2023/06/22 13:26:39 ET]
Table '3607619545 1' 3-max Seat #1 is the button
Seat 1: diegoluiz9 (540 in chips) 
Seat 2: Mahu2021 (960 in chips) 
diegoluiz9: posts small blind 20
Mahu2021: posts big blind 40
*** HOLE CARDS ***
Dealt to Mahu2021 [3s Qc]
diegoluiz9: calls 20
Mahu2021: checks 
*** FLOP *** [Ah 7c 4s]
Mahu2021: checks 
diegoluiz9: bets 40
Mahu2021: folds 
Uncalled bet (40) returned to diegoluiz9
diegoluiz9 collected 80 from pot
*** SUMMARY ***
Total pot 80 | Rake 0 
Board [Ah 7c 4s]
Seat 1: diegoluiz9 (button) (small blind) collected (80)
Seat 2: Mahu2021 (big blind) folded on the Flop



PokerStars Hand #244408372037: Tournament #3607619545, $0.92+$0.08 USD Hold'em No Limit - Level III (20/40) - 2023/06/22 19:26:53 CET [2023/06/22 13:26:53 ET]
Table '3607619545 1' 3-max Seat #2 is the button
Seat 1: diegoluiz9 (580 in chips) 
Seat 2: Mahu2021 (920 in chips) 
Mahu2021: posts small blind 20
diegoluiz9: posts big blind 40
*** HOLE CARDS ***
Dealt to Mahu2021 [6h Js]
Mahu2021: calls 20
diegoluiz9: checks 
*** FLOP *** [9d 5h 3c]
diegoluiz9: checks 
Mahu2021: checks 
*** TURN *** [9d 5h 3c] [As]
diegoluiz9: checks 
Mahu2021: checks 
*** RIVER *** [9d 5h 3c As] [2s]
diegoluiz9: checks 
Mahu2021: checks 
*** SHOW DOWN ***
diegoluiz9: shows [7s Jh] (high card Ace)
Mahu2021: mucks hand 
diegoluiz9 collected 80 from pot
*** SUMMARY ***
Total pot 80 | Rake 0 
Board [9d 5h 3c As 2s]
Seat 1: diegoluiz9 (big blind) showed [7s Jh] and won (80) with high card Ace
Seat 2: Mahu2021 (button) (small blind) mucked [6h Js]



PokerStars Hand #244408376835: Tournament #3607619545, $0.92+$0.08 USD Hold'em No Limit - Level III (20/40) - 2023/06/22 19:27:11 CET [2023/06/22 13:27:11 ET]
Table '3607619545 1' 3-max Seat #1 is the button
Seat 1: diegoluiz9 (620 in chips) 
Seat 2: Mahu2021 (880 in chips) 
diegoluiz9: posts small blind 20
Mahu2021: posts big blind 40
*** HOLE CARDS ***
Dealt to Mahu2021 [7d Jd]
diegoluiz9: raises 40 to 80
Mahu2021: calls 40
*** FLOP *** [Ts Js 4c]
Mahu2021: bets 40
diegoluiz9: calls 40
*** TURN *** [Ts Js 4c] [4h]
Mahu2021: bets 240
diegoluiz9: folds 
Uncalled bet (240) returned to Mahu2021
Mahu2021 collected 240 from pot
Mahu2021: doesn't show hand 
*** SUMMARY ***
Total pot 240 | Rake 0 
Board [Ts Js 4c 4h]
Seat 1: diegoluiz9 (button) (small blind) folded on the Turn
Seat 2: Mahu2021 (big blind) collected (240)



PokerStars Hand #244408383734: Tournament #3607619545, $0.92+$0.08 USD Hold'em No Limit - Level III (20/40) - 2023/06/22 19:27:37 CET [2023/06/22 13:27:37 ET]
Table '3607619545 1' 3-max Seat #2 is the button
Seat 1: diegoluiz9 (500 in chips) 
Seat 2: Mahu2021 (1000 in chips) 
Mahu2021: posts small blind 20
diegoluiz9: posts big blind 40
*** HOLE CARDS ***
Dealt to Mahu2021 [2s Ks]
Mahu2021: calls 20
diegoluiz9: checks 
*** FLOP *** [5h Ah Qd]
diegoluiz9: checks 
Mahu2021: bets 80
diegoluiz9: folds 
Uncalled bet (80) returned to Mahu2021
Mahu2021 collected 80 from pot
Mahu2021: doesn't show hand 
*** SUMMARY ***
Total pot 80 | Rake 0 
Board [5h Ah Qd]
Seat 1: diegoluiz9 (big blind) folded on the Flop
Seat 2: Mahu2021 (button) (small blind) collected (80)



PokerStars Hand #244408387316: Tournament #3607619545, $0.92+$0.08 USD Hold'em No Limit - Level III (20/40) - 2023/06/22 19:27:50 CET [2023/06/22 13:27:50 ET]
Table '3607619545 1' 3-max Seat #1 is the button
Seat 1: diegoluiz9 (460 in chips) 
Seat 2: Mahu2021 (1040 in chips) 
diegoluiz9: posts small blind 20
Mahu2021: posts big blind 40
*** HOLE CARDS ***
Dealt to Mahu2021 [5c 6h]
diegoluiz9: raises 40 to 80
Mahu2021: calls 40
*** FLOP *** [6s 7d 3d]
Mahu2021: checks 
diegoluiz9: bets 80
Mahu2021: raises 880 to 960 and is all-in
diegoluiz9: calls 300 and is all-in
Uncalled bet (580) returned to Mahu2021
*** TURN *** [6s 7d 3d] [8h]
*** RIVER *** [6s 7d 3d 8h] [2h]
*** SHOW DOWN ***
Mahu2021: shows [5c 6h] (a pair of Sixes)
diegoluiz9: shows [9c 7s] (a pair of Sevens)
diegoluiz9 collected 920 from pot
*** SUMMARY ***
Total pot 920 | Rake 0 
Board [6s 7d 3d 8h 2h]
Seat 1: diegoluiz9 (button) (small blind) showed [9c 7s] and won (920) with a pair of Sevens
Seat 2: Mahu2021 (big blind) showed [5c 6h] and lost with a pair of Sixes



PokerStars Hand #244408394738: Tournament #3607619545, $0.92+$0.08 USD Hold'em No Limit - Level IV (30/60) - 2023/06/22 19:28:17 CET [2023/06/22 13:28:17 ET]
Table '3607619545 1' 3-max Seat #2 is the button
Seat 1: diegoluiz9 (920 in chips) 
Seat 2: Mahu2021 (580 in chips) 
Mahu2021: posts small blind 30
diegoluiz9: posts big blind 60
*** HOLE CARDS ***
Dealt to Mahu2021 [Kh Th]
Mahu2021: calls 30
diegoluiz9: raises 860 to 920 and is all-in
Mahu2021: calls 520 and is all-in
Uncalled bet (340) returned to diegoluiz9
*** FLOP *** [8s 9h 5h]
*** TURN *** [8s 9h 5h] [4d]
*** RIVER *** [8s 9h 5h 4d] [Jd]
*** SHOW DOWN ***
diegoluiz9: shows [Jh Ah] (a pair of Jacks)
Mahu2021: shows [Kh Th] (high card King)
diegoluiz9 collected 1160 from pot
Mahu2021 finished the tournament in 2nd place
diegoluiz9 wins the tournament and receives $3.00 - congratulations!
*** SUMMARY ***
Total pot 1160 | Rake 0 
Board [8s 9h 5h 4d Jd]
Seat 1: diegoluiz9 (big blind) showed [Jh Ah] and won (1160) with a pair of Jacks
Seat 2: Mahu2021 (button) (small blind) showed [Kh Th] and lost with high card King



