PokerStars Hand #251535461086: Tournament #3777816608, $1.40+$0.10 USD Hold'em No Limit - Level V (200/400) - 2024/07/17 20:18:57 CET [2024/07/17 14:18:57 ET]
Table '3777816608 12' 8-max Seat #1 is the button
Seat 1: PatBooneStar (7740 in chips) 
Seat 2: bakfejes (9370 in chips) 
Seat 3: pedroppachec (10850 in chips) is sitting out
Seat 4: Sugarhillbang (8665 in chips) 
Seat 6: Stoic93 (21708 in chips) 
Seat 7: Usaay317 (25467 in chips) 
Seat 8: Mahu2021 (10000 in chips) 
PatBooneStar: posts the ante 40
bakfejes: posts the ante 40
pedroppachec: posts the ante 40
Sugarhillbang: posts the ante 40
Stoic93: posts the ante 40
Usaay317: posts the ante 40
Mahu2021: posts the ante 40
bakfejes: posts small blind 200
pedroppachec: posts big blind 400
*** HOLE CARDS ***
Dealt to Mahu2021 [6s 5s]
Sugarhillbang: folds 
Stoic93: folds 
Usaay317: folds 
Mahu2021: raises 400 to 800
PatBooneStar: folds 
bakfejes: folds 
pedroppachec: folds 
Uncalled bet (400) returned to Mahu2021
Mahu2021 collected 1280 from pot
Mahu2021: doesn't show hand 
*** SUMMARY ***
Total pot 1280 | Rake 0 
Seat 1: PatBooneStar (button) folded before Flop (didn't bet)
Seat 2: bakfejes (small blind) folded before Flop
Seat 3: pedroppachec (big blind) folded before Flop
Seat 4: Sugarhillbang folded before Flop (didn't bet)
Seat 6: Stoic93 folded before Flop (didn't bet)
Seat 7: Usaay317 folded before Flop (didn't bet)
Seat 8: Mahu2021 collected (1280)



PokerStars Hand #251535468049: Tournament #3777816608, $1.40+$0.10 USD Hold'em No Limit - Level V (200/400) - 2024/07/17 20:19:24 CET [2024/07/17 14:19:24 ET]
Table '3777816608 12' 8-max Seat #2 is the button
Seat 1: PatBooneStar (7700 in chips) 
Seat 2: bakfejes (9130 in chips) 
Seat 3: pedroppachec (10410 in chips) is sitting out
Seat 4: Sugarhillbang (8625 in chips) 
Seat 6: Stoic93 (21668 in chips) 
Seat 7: Usaay317 (25427 in chips) 
Seat 8: Mahu2021 (10840 in chips) 
PatBooneStar: posts the ante 40
bakfejes: posts the ante 40
pedroppachec: posts the ante 40
Sugarhillbang: posts the ante 40
Stoic93: posts the ante 40
Usaay317: posts the ante 40
Mahu2021: posts the ante 40
pedroppachec: posts small blind 200
Sugarhillbang: posts big blind 400
*** HOLE CARDS ***
Dealt to Mahu2021 [As 9s]
Stoic93: folds 
Usaay317: calls 400
Mahu2021: calls 400
PatBooneStar: calls 400
bakfejes: folds 
pedroppachec: folds 
Sugarhillbang: checks 
*** FLOP *** [4d 3d Js]
Sugarhillbang: checks 
Usaay317: checks 
Mahu2021: checks 
PatBooneStar: bets 400
Sugarhillbang: folds 
Usaay317: folds 
Mahu2021: folds 
Uncalled bet (400) returned to PatBooneStar
PatBooneStar collected 2080 from pot
*** SUMMARY ***
Total pot 2080 | Rake 0 
Board [4d 3d Js]
Seat 1: PatBooneStar collected (2080)
Seat 2: bakfejes (button) folded before Flop (didn't bet)
Seat 3: pedroppachec (small blind) folded before Flop
Seat 4: Sugarhillbang (big blind) folded on the Flop
Seat 6: Stoic93 folded before Flop (didn't bet)
Seat 7: Usaay317 folded on the Flop
Seat 8: Mahu2021 folded on the Flop



PokerStars Hand #251535475898: Tournament #3777816608, $1.40+$0.10 USD Hold'em No Limit - Level V (200/400) - 2024/07/17 20:19:53 CET [2024/07/17 14:19:53 ET]
Table '3777816608 12' 8-max Seat #3 is the button
Seat 1: PatBooneStar (9340 in chips) 
Seat 2: bakfejes (9090 in chips) 
Seat 3: pedroppachec (10170 in chips) is sitting out
Seat 4: Sugarhillbang (8185 in chips) 
Seat 5: Lindaonhai88 (10000 in chips) 
Seat 6: Stoic93 (21628 in chips) 
Seat 7: Usaay317 (24987 in chips) 
Seat 8: Mahu2021 (10400 in chips) 
PatBooneStar: posts the ante 40
bakfejes: posts the ante 40
pedroppachec: posts the ante 40
Sugarhillbang: posts the ante 40
Lindaonhai88: posts the ante 40
Stoic93: posts the ante 40
Usaay317: posts the ante 40
Mahu2021: posts the ante 40
Sugarhillbang: posts small blind 200
Lindaonhai88: posts big blind 400
*** HOLE CARDS ***
Dealt to Mahu2021 [3h 6h]
Stoic93: folds 
Usaay317: folds 
Mahu2021: folds 
PatBooneStar: folds 
bakfejes: folds 
pedroppachec: folds 
Sugarhillbang: raises 400 to 800
Lindaonhai88 has timed out
Lindaonhai88: folds 
Lindaonhai88 is sitting out
Uncalled bet (400) returned to Sugarhillbang
Sugarhillbang collected 1120 from pot
Sugarhillbang: doesn't show hand 
Lindaonhai88 has returned
*** SUMMARY ***
Total pot 1120 | Rake 0 
Seat 1: PatBooneStar folded before Flop (didn't bet)
Seat 2: bakfejes folded before Flop (didn't bet)
Seat 3: pedroppachec (button) folded before Flop (didn't bet)
Seat 4: Sugarhillbang (small blind) collected (1120)
Seat 5: Lindaonhai88 (big blind) folded before Flop
Seat 6: Stoic93 folded before Flop (didn't bet)
Seat 7: Usaay317 folded before Flop (didn't bet)
Seat 8: Mahu2021 folded before Flop (didn't bet)



PokerStars Hand #251535489166: Tournament #3777816608, $1.40+$0.10 USD Hold'em No Limit - Level VI (250/500) - 2024/07/17 20:20:43 CET [2024/07/17 14:20:43 ET]
Table '3777816608 12' 8-max Seat #4 is the button
Seat 1: PatBooneStar (9300 in chips) 
Seat 2: bakfejes (9050 in chips) 
Seat 3: pedroppachec (10130 in chips) is sitting out
Seat 4: Sugarhillbang (8865 in chips) 
Seat 5: Lindaonhai88 (9560 in chips) 
Seat 6: Stoic93 (21588 in chips) 
Seat 7: Usaay317 (24947 in chips) 
Seat 8: Mahu2021 (10360 in chips) 
PatBooneStar: posts the ante 50
bakfejes: posts the ante 50
pedroppachec: posts the ante 50
Sugarhillbang: posts the ante 50
Lindaonhai88: posts the ante 50
Stoic93: posts the ante 50
Usaay317: posts the ante 50
Mahu2021: posts the ante 50
Lindaonhai88: posts small blind 250
Stoic93: posts big blind 500
*** HOLE CARDS ***
Dealt to Mahu2021 [8s As]
Usaay317: folds 
Mahu2021: calls 500
PatBooneStar: folds 
bakfejes: raises 2500 to 3000
pedroppachec: folds 
Sugarhillbang: folds 
Lindaonhai88: folds 
Stoic93: folds 
Mahu2021: folds 
Uncalled bet (2500) returned to bakfejes
bakfejes collected 2150 from pot
bakfejes: doesn't show hand 
*** SUMMARY ***
Total pot 2150 | Rake 0 
Seat 1: PatBooneStar folded before Flop (didn't bet)
Seat 2: bakfejes collected (2150)
Seat 3: pedroppachec folded before Flop (didn't bet)
Seat 4: Sugarhillbang (button) folded before Flop (didn't bet)
Seat 5: Lindaonhai88 (small blind) folded before Flop
Seat 6: Stoic93 (big blind) folded before Flop
Seat 7: Usaay317 folded before Flop (didn't bet)
Seat 8: Mahu2021 folded before Flop



PokerStars Hand #251535495915: Tournament #3777816608, $1.40+$0.10 USD Hold'em No Limit - Level VI (250/500) - 2024/07/17 20:21:08 CET [2024/07/17 14:21:08 ET]
Table '3777816608 12' 8-max Seat #6 is the button
Seat 1: PatBooneStar (9250 in chips) 
Seat 2: bakfejes (10650 in chips) 
Seat 3: pedroppachec (10080 in chips) is sitting out
Seat 4: Sugarhillbang (8815 in chips) 
Seat 6: Stoic93 (21038 in chips) 
Seat 7: Usaay317 (24897 in chips) 
Seat 8: Mahu2021 (9810 in chips) 
PatBooneStar: posts the ante 50
bakfejes: posts the ante 50
pedroppachec: posts the ante 50
Sugarhillbang: posts the ante 50
Stoic93: posts the ante 50
Usaay317: posts the ante 50
Mahu2021: posts the ante 50
Usaay317: posts small blind 250
Mahu2021: posts big blind 500
*** HOLE CARDS ***
Dealt to Mahu2021 [Kc 5d]
PatBooneStar: folds 
bakfejes: folds 
pedroppachec: folds 
Sugarhillbang: raises 500 to 1000
Stoic93: folds 
Usaay317 is disconnected 
Usaay317 is connected 
Usaay317 is connected 
Usaay317: calls 750
Mahu2021: calls 500
*** FLOP *** [4s 6d 7h]
Usaay317: checks 
Mahu2021: checks 
Sugarhillbang: bets 1675
Usaay317: folds 
Mahu2021: calls 1675
*** TURN *** [4s 6d 7h] [9c]
Mahu2021: checks 
Sugarhillbang: bets 3350
Mahu2021: calls 3350
*** RIVER *** [4s 6d 7h 9c] [Jc]
Mahu2021: checks 
Sugarhillbang: bets 2740 and is all-in
Mahu2021: folds 
Uncalled bet (2740) returned to Sugarhillbang
Sugarhillbang collected 13400 from pot
Sugarhillbang: doesn't show hand 
*** SUMMARY ***
Total pot 13400 | Rake 0 
Board [4s 6d 7h 9c Jc]
Seat 1: PatBooneStar folded before Flop (didn't bet)
Seat 2: bakfejes folded before Flop (didn't bet)
Seat 3: pedroppachec folded before Flop (didn't bet)
Seat 4: Sugarhillbang collected (13400)
Seat 6: Stoic93 (button) folded before Flop (didn't bet)
Seat 7: Usaay317 (small blind) folded on the Flop
Seat 8: Mahu2021 (big blind) folded on the River



PokerStars Hand #251535510029: Tournament #3777816608, $1.40+$0.10 USD Hold'em No Limit - Level VI (250/500) - 2024/07/17 20:22:02 CET [2024/07/17 14:22:02 ET]
Table '3777816608 12' 8-max Seat #7 is the button
Seat 1: PatBooneStar (9200 in chips) 
Seat 2: bakfejes (10600 in chips) 
Seat 3: pedroppachec (10030 in chips) is sitting out
Seat 4: Sugarhillbang (16140 in chips) 
Seat 6: Stoic93 (20988 in chips) 
Seat 7: Usaay317 (23847 in chips) 
Seat 8: Mahu2021 (3735 in chips) 
PatBooneStar: posts the ante 50
bakfejes: posts the ante 50
pedroppachec: posts the ante 50
Sugarhillbang: posts the ante 50
Stoic93: posts the ante 50
Usaay317: posts the ante 50
Mahu2021: posts the ante 50
Mahu2021: posts small blind 250
PatBooneStar: posts big blind 500
*** HOLE CARDS ***
Dealt to Mahu2021 [Td Kc]
bakfejes: folds 
pedroppachec: folds 
Sugarhillbang: folds 
Stoic93: folds 
Usaay317: folds 
Mahu2021: raises 500 to 1000
PatBooneStar: calls 500
*** FLOP *** [Th Tc 2h]
Mahu2021: checks 
PatBooneStar: checks 
*** TURN *** [Th Tc 2h] [9h]
Mahu2021: checks 
PatBooneStar: checks 
*** RIVER *** [Th Tc 2h 9h] [2c]
Mahu2021: bets 1000
PatBooneStar: folds 
Uncalled bet (1000) returned to Mahu2021
Mahu2021 collected 2350 from pot
Mahu2021: doesn't show hand 
*** SUMMARY ***
Total pot 2350 | Rake 0 
Board [Th Tc 2h 9h 2c]
Seat 1: PatBooneStar (big blind) folded on the River
Seat 2: bakfejes folded before Flop (didn't bet)
Seat 3: pedroppachec folded before Flop (didn't bet)
Seat 4: Sugarhillbang folded before Flop (didn't bet)
Seat 6: Stoic93 folded before Flop (didn't bet)
Seat 7: Usaay317 (button) folded before Flop (didn't bet)
Seat 8: Mahu2021 (small blind) collected (2350)



PokerStars Hand #251535517711: Tournament #3777816608, $1.40+$0.10 USD Hold'em No Limit - Level VI (250/500) - 2024/07/17 20:22:32 CET [2024/07/17 14:22:32 ET]
Table '3777816608 12' 8-max Seat #8 is the button
Seat 1: PatBooneStar (8150 in chips) 
Seat 2: bakfejes (10550 in chips) 
Seat 3: pedroppachec (9980 in chips) is sitting out
Seat 4: Sugarhillbang (16090 in chips) 
Seat 6: Stoic93 (20938 in chips) 
Seat 7: Usaay317 (23797 in chips) 
Seat 8: Mahu2021 (5035 in chips) 
PatBooneStar: posts the ante 50
bakfejes: posts the ante 50
pedroppachec: posts the ante 50
Sugarhillbang: posts the ante 50
Stoic93: posts the ante 50
Usaay317: posts the ante 50
Mahu2021: posts the ante 50
PatBooneStar: posts small blind 250
bakfejes: posts big blind 500
*** HOLE CARDS ***
Dealt to Mahu2021 [7c 2c]
pedroppachec: folds 
Sugarhillbang: raises 500 to 1000
Stoic93: calls 1000
Usaay317: folds 
Mahu2021: folds 
PatBooneStar: folds 
bakfejes: folds 
*** FLOP *** [Qc 7s Th]
Sugarhillbang: bets 1550
Stoic93: calls 1550
*** TURN *** [Qc 7s Th] [Kh]
Sugarhillbang: bets 3100
Stoic93: calls 3100
*** RIVER *** [Qc 7s Th Kh] [Js]
Sugarhillbang: checks 
Stoic93: bets 12400
Sugarhillbang: calls 10390 and is all-in
Uncalled bet (2010) returned to Stoic93
*** SHOW DOWN ***
Stoic93: shows [5h Ah] (a straight, Ten to Ace)
Sugarhillbang: shows [Ac Qs] (a straight, Ten to Ace)
Sugarhillbang collected 16590 from pot
Stoic93 collected 16590 from pot
*** SUMMARY ***
Total pot 33180 | Rake 0 
Board [Qc 7s Th Kh Js]
Seat 1: PatBooneStar (small blind) folded before Flop
Seat 2: bakfejes (big blind) folded before Flop
Seat 3: pedroppachec folded before Flop (didn't bet)
Seat 4: Sugarhillbang showed [Ac Qs] and won (16590) with a straight, Ten to Ace
Seat 6: Stoic93 showed [5h Ah] and won (16590) with a straight, Ten to Ace
Seat 7: Usaay317 folded before Flop (didn't bet)
Seat 8: Mahu2021 (button) folded before Flop (didn't bet)



PokerStars Hand #251535531876: Tournament #3777816608, $1.40+$0.10 USD Hold'em No Limit - Level VII (300/600) - 2024/07/17 20:23:26 CET [2024/07/17 14:23:26 ET]
Table '3777816608 12' 8-max Seat #1 is the button
Seat 1: PatBooneStar (7850 in chips) 
Seat 2: bakfejes (10000 in chips) 
Seat 3: pedroppachec (9930 in chips) is sitting out
Seat 4: Sugarhillbang (16590 in chips) 
Seat 5: Aid1221 (10000 in chips) 
Seat 6: Stoic93 (21438 in chips) 
Seat 7: Usaay317 (23747 in chips) 
Seat 8: Mahu2021 (4985 in chips) 
PatBooneStar: posts the ante 60
bakfejes: posts the ante 60
pedroppachec: posts the ante 60
Sugarhillbang: posts the ante 60
Aid1221: posts the ante 60
Stoic93: posts the ante 60
Usaay317: posts the ante 60
Mahu2021: posts the ante 60
bakfejes: posts small blind 300
pedroppachec: posts big blind 600
*** HOLE CARDS ***
Dealt to Mahu2021 [5c Qd]
Sugarhillbang: folds 
Aid1221 is connected 
Aid1221 is connected 
Aid1221: calls 600
Stoic93: folds 
Usaay317: folds 
Mahu2021: folds 
PatBooneStar: raises 1200 to 1800
bakfejes: folds 
pedroppachec: folds 
Aid1221: calls 1200
*** FLOP *** [Jh 3d 2c]
Aid1221: checks 
PatBooneStar: bets 1800
Aid1221: folds 
Uncalled bet (1800) returned to PatBooneStar
PatBooneStar collected 4980 from pot
*** SUMMARY ***
Total pot 4980 | Rake 0 
Board [Jh 3d 2c]
Seat 1: PatBooneStar (button) collected (4980)
Seat 2: bakfejes (small blind) folded before Flop
Seat 3: pedroppachec (big blind) folded before Flop
Seat 4: Sugarhillbang folded before Flop (didn't bet)
Seat 5: Aid1221 folded on the Flop
Seat 6: Stoic93 folded before Flop (didn't bet)
Seat 7: Usaay317 folded before Flop (didn't bet)
Seat 8: Mahu2021 folded before Flop (didn't bet)



PokerStars Hand #251535541616: Tournament #3777816608, $1.40+$0.10 USD Hold'em No Limit - Level VII (300/600) - 2024/07/17 20:24:03 CET [2024/07/17 14:24:03 ET]
Table '3777816608 12' 8-max Seat #2 is the button
Seat 1: PatBooneStar (10970 in chips) 
Seat 2: bakfejes (9640 in chips) 
Seat 3: pedroppachec (9270 in chips) is sitting out
Seat 4: Sugarhillbang (16530 in chips) 
Seat 5: Aid1221 (8140 in chips) 
Seat 6: Stoic93 (21378 in chips) 
Seat 7: Usaay317 (23687 in chips) 
Seat 8: Mahu2021 (4925 in chips) 
PatBooneStar: posts the ante 60
bakfejes: posts the ante 60
pedroppachec: posts the ante 60
Sugarhillbang: posts the ante 60
Aid1221: posts the ante 60
Stoic93: posts the ante 60
Usaay317: posts the ante 60
Mahu2021: posts the ante 60
pedroppachec: posts small blind 300
Sugarhillbang: posts big blind 600
*** HOLE CARDS ***
Dealt to Mahu2021 [Ks Qs]
Aid1221: raises 600 to 1200
Stoic93: folds 
Usaay317: folds 
Mahu2021: calls 1200
PatBooneStar: folds 
bakfejes: folds 
pedroppachec: folds 
Sugarhillbang: calls 600
*** FLOP *** [9c Ac 6h]
Sugarhillbang: checks 
Aid1221: bets 1200
Mahu2021: folds 
Sugarhillbang: folds 
Uncalled bet (1200) returned to Aid1221
Aid1221 collected 4380 from pot
*** SUMMARY ***
Total pot 4380 | Rake 0 
Board [9c Ac 6h]
Seat 1: PatBooneStar folded before Flop (didn't bet)
Seat 2: bakfejes (button) folded before Flop (didn't bet)
Seat 3: pedroppachec (small blind) folded before Flop
Seat 4: Sugarhillbang (big blind) folded on the Flop
Seat 5: Aid1221 collected (4380)
Seat 6: Stoic93 folded before Flop (didn't bet)
Seat 7: Usaay317 folded before Flop (didn't bet)
Seat 8: Mahu2021 folded on the Flop



PokerStars Hand #251535549206: Tournament #3777816608, $1.40+$0.10 USD Hold'em No Limit - Level VII (300/600) - 2024/07/17 20:24:32 CET [2024/07/17 14:24:32 ET]
Table '3777816608 12' 8-max Seat #3 is the button
Seat 1: PatBooneStar (10910 in chips) 
Seat 2: bakfejes (9580 in chips) 
Seat 3: pedroppachec (8910 in chips) is sitting out
Seat 4: Sugarhillbang (15270 in chips) 
Seat 5: Aid1221 (11260 in chips) 
Seat 6: Stoic93 (21318 in chips) 
Seat 7: Usaay317 (23627 in chips) 
Seat 8: Mahu2021 (3665 in chips) 
PatBooneStar: posts the ante 60
bakfejes: posts the ante 60
pedroppachec: posts the ante 60
Sugarhillbang: posts the ante 60
Aid1221: posts the ante 60
Stoic93: posts the ante 60
Usaay317: posts the ante 60
Mahu2021: posts the ante 60
Sugarhillbang: posts small blind 300
Aid1221: posts big blind 600
*** HOLE CARDS ***
Dealt to Mahu2021 [7d 3c]
Stoic93: folds 
Usaay317: folds 
Mahu2021: folds 
PatBooneStar: calls 600
bakfejes: folds 
pedroppachec: folds 
Sugarhillbang: calls 300
Aid1221: checks 
*** FLOP *** [5h Jh 7c]
Sugarhillbang: checks 
Aid1221: bets 1200
PatBooneStar: folds 
Sugarhillbang: folds 
Uncalled bet (1200) returned to Aid1221
Aid1221 collected 2280 from pot
*** SUMMARY ***
Total pot 2280 | Rake 0 
Board [5h Jh 7c]
Seat 1: PatBooneStar folded on the Flop
Seat 2: bakfejes folded before Flop (didn't bet)
Seat 3: pedroppachec (button) folded before Flop (didn't bet)
Seat 4: Sugarhillbang (small blind) folded on the Flop
Seat 5: Aid1221 (big blind) collected (2280)
Seat 6: Stoic93 folded before Flop (didn't bet)
Seat 7: Usaay317 folded before Flop (didn't bet)
Seat 8: Mahu2021 folded before Flop (didn't bet)



PokerStars Hand #251535559590: Tournament #3777816608, $1.40+$0.10 USD Hold'em No Limit - Level VII (300/600) - 2024/07/17 20:25:11 CET [2024/07/17 14:25:11 ET]
Table '3777816608 12' 8-max Seat #4 is the button
Seat 1: PatBooneStar (10250 in chips) 
Seat 2: bakfejes (9520 in chips) 
Seat 3: pedroppachec (8850 in chips) is sitting out
Seat 4: Sugarhillbang (14610 in chips) 
Seat 5: Aid1221 (12880 in chips) 
Seat 6: Stoic93 (21258 in chips) 
Seat 7: Usaay317 (23567 in chips) 
Seat 8: Mahu2021 (3605 in chips) 
PatBooneStar: posts the ante 60
bakfejes: posts the ante 60
pedroppachec: posts the ante 60
Sugarhillbang: posts the ante 60
Aid1221: posts the ante 60
Stoic93: posts the ante 60
Usaay317: posts the ante 60
Mahu2021: posts the ante 60
Aid1221: posts small blind 300
Stoic93: posts big blind 600
*** HOLE CARDS ***
Dealt to Mahu2021 [Ac 5h]
Usaay317 has timed out
Usaay317: folds 
Usaay317 is sitting out
Mahu2021: raises 2945 to 3545 and is all-in
PatBooneStar: folds 
bakfejes: folds 
pedroppachec: folds 
Sugarhillbang: folds 
Aid1221: folds 
Stoic93: calls 2945
Usaay317 has returned
*** FLOP *** [6h 3h Qh]
*** TURN *** [6h 3h Qh] [9h]
*** RIVER *** [6h 3h Qh 9h] [Qc]
*** SHOW DOWN ***
Stoic93: shows [Jc Ts] (a pair of Queens)
Mahu2021: shows [Ac 5h] (a flush, Queen high)
Mahu2021 collected 7870 from pot
*** SUMMARY ***
Total pot 7870 | Rake 0 
Board [6h 3h Qh 9h Qc]
Seat 1: PatBooneStar folded before Flop (didn't bet)
Seat 2: bakfejes folded before Flop (didn't bet)
Seat 3: pedroppachec folded before Flop (didn't bet)
Seat 4: Sugarhillbang (button) folded before Flop (didn't bet)
Seat 5: Aid1221 (small blind) folded before Flop
Seat 6: Stoic93 (big blind) showed [Jc Ts] and lost with a pair of Queens
Seat 7: Usaay317 folded before Flop (didn't bet)
Seat 8: Mahu2021 showed [Ac 5h] and won (7870) with a flush, Queen high



PokerStars Hand #251535569930: Tournament #3777816608, $1.40+$0.10 USD Hold'em No Limit - Level VII (300/600) - 2024/07/17 20:25:51 CET [2024/07/17 14:25:51 ET]
Table '3777816608 12' 8-max Seat #5 is the button
Seat 1: PatBooneStar (10190 in chips) 
Seat 2: bakfejes (9460 in chips) 
Seat 3: pedroppachec (8790 in chips) is sitting out
Seat 4: Sugarhillbang (14550 in chips) 
Seat 5: Aid1221 (12520 in chips) 
Seat 6: Stoic93 (17653 in chips) 
Seat 7: Usaay317 (23507 in chips) 
Seat 8: Mahu2021 (7870 in chips) 
PatBooneStar: posts the ante 60
bakfejes: posts the ante 60
pedroppachec: posts the ante 60
Sugarhillbang: posts the ante 60
Aid1221: posts the ante 60
Stoic93: posts the ante 60
Usaay317: posts the ante 60
Mahu2021: posts the ante 60
Stoic93: posts small blind 300
Usaay317: posts big blind 600
*** HOLE CARDS ***
Dealt to Mahu2021 [9s Jc]
Mahu2021: folds 
PatBooneStar: folds 
bakfejes: folds 
pedroppachec: folds 
Sugarhillbang: folds 
Aid1221: folds 
Stoic93: folds 
Uncalled bet (300) returned to Usaay317
Usaay317 collected 1080 from pot
*** SUMMARY ***
Total pot 1080 | Rake 0 
Seat 1: PatBooneStar folded before Flop (didn't bet)
Seat 2: bakfejes folded before Flop (didn't bet)
Seat 3: pedroppachec folded before Flop (didn't bet)
Seat 4: Sugarhillbang folded before Flop (didn't bet)
Seat 5: Aid1221 (button) folded before Flop (didn't bet)
Seat 6: Stoic93 (small blind) folded before Flop
Seat 7: Usaay317 (big blind) collected (1080)
Seat 8: Mahu2021 folded before Flop (didn't bet)



PokerStars Hand #251535574917: Tournament #3777816608, $1.40+$0.10 USD Hold'em No Limit - Level VIII (350/700) - 2024/07/17 20:26:10 CET [2024/07/17 14:26:10 ET]
Table '3777816608 12' 8-max Seat #6 is the button
Seat 1: PatBooneStar (10130 in chips) 
Seat 3: pedroppachec (8730 in chips) is sitting out
Seat 4: Sugarhillbang (14490 in chips) 
Seat 5: Aid1221 (12460 in chips) 
Seat 6: Stoic93 (17293 in chips) 
Seat 7: Usaay317 (24227 in chips) 
Seat 8: Mahu2021 (7810 in chips) 
PatBooneStar: posts the ante 70
pedroppachec: posts the ante 70
Sugarhillbang: posts the ante 70
Aid1221: posts the ante 70
Stoic93: posts the ante 70
Usaay317: posts the ante 70
Mahu2021: posts the ante 70
Usaay317: posts small blind 350
Mahu2021: posts big blind 700
*** HOLE CARDS ***
Dealt to Mahu2021 [4s 3c]
PatBooneStar: folds 
pedroppachec: folds 
Sugarhillbang: folds 
Aid1221: raises 700 to 1400
Mariusz100 is disconnected 
Stoic93: folds 
Usaay317: calls 1050
Mahu2021: calls 700
*** FLOP *** [Ts Qc Kc]
Usaay317: bets 700
Mahu2021: folds 
Aid1221: raises 2100 to 2800
Usaay317: calls 2100
*** TURN *** [Ts Qc Kc] [Tc]
Usaay317: checks 
Aid1221: checks 
*** RIVER *** [Ts Qc Kc Tc] [2d]
Usaay317: bets 2800
Aid1221: raises 5390 to 8190 and is all-in
Usaay317: calls 5390
*** SHOW DOWN ***
Aid1221: shows [Td Ks] (a full house, Tens full of Kings)
Usaay317: shows [Kd 9c] (two pair, Kings and Tens)
Aid1221 collected 26670 from pot
*** SUMMARY ***
Total pot 26670 | Rake 0 
Board [Ts Qc Kc Tc 2d]
Seat 1: PatBooneStar folded before Flop (didn't bet)
Seat 3: pedroppachec folded before Flop (didn't bet)
Seat 4: Sugarhillbang folded before Flop (didn't bet)
Seat 5: Aid1221 showed [Td Ks] and won (26670) with a full house, Tens full of Kings
Seat 6: Stoic93 (button) folded before Flop (didn't bet)
Seat 7: Usaay317 (small blind) showed [Kd 9c] and lost with two pair, Kings and Tens
Seat 8: Mahu2021 (big blind) folded on the Flop



PokerStars Hand #251535588842: Tournament #3777816608, $1.40+$0.10 USD Hold'em No Limit - Level VIII (350/700) - 2024/07/17 20:27:04 CET [2024/07/17 14:27:04 ET]
Table '3777816608 12' 8-max Seat #7 is the button
Seat 1: PatBooneStar (10060 in chips) 
Seat 2: Mariusz100 (8660 in chips) 
Seat 3: pedroppachec (8660 in chips) is sitting out
Seat 4: Sugarhillbang (14420 in chips) 
Seat 5: Aid1221 (26670 in chips) 
Seat 6: Stoic93 (17223 in chips) 
Seat 7: Usaay317 (11767 in chips) 
Seat 8: Mahu2021 (6340 in chips) 
PatBooneStar: posts the ante 70
Mariusz100: posts the ante 70
pedroppachec: posts the ante 70
Sugarhillbang: posts the ante 70
Aid1221: posts the ante 70
Stoic93: posts the ante 70
Usaay317: posts the ante 70
Mahu2021: posts the ante 70
Mahu2021: posts small blind 350
PatBooneStar: posts big blind 700
*** HOLE CARDS ***
Dealt to Mahu2021 [Jd Ks]
Mariusz100: raises 7700 to 8400
pedroppachec: folds 
Sugarhillbang: folds 
Aid1221: folds 
Stoic93: folds 
Usaay317: raises 3297 to 11697 and is all-in
Mahu2021: folds 
PatBooneStar: folds 
Mariusz100: calls 190 and is all-in
Uncalled bet (3107) returned to Usaay317
*** FLOP *** [9s 4s Qh]
*** TURN *** [9s 4s Qh] [Qd]
*** RIVER *** [9s 4s Qh Qd] [Ts]
*** SHOW DOWN ***
Mariusz100: shows [As Kc] (a pair of Queens)
Usaay317: shows [Ah 5d] (a pair of Queens - lower kicker)
Mariusz100 collected 18790 from pot
*** SUMMARY ***
Total pot 18790 | Rake 0 
Board [9s 4s Qh Qd Ts]
Seat 1: PatBooneStar (big blind) folded before Flop
Seat 2: Mariusz100 showed [As Kc] and won (18790) with a pair of Queens
Seat 3: pedroppachec folded before Flop (didn't bet)
Seat 4: Sugarhillbang folded before Flop (didn't bet)
Seat 5: Aid1221 folded before Flop (didn't bet)
Seat 6: Stoic93 folded before Flop (didn't bet)
Seat 7: Usaay317 (button) showed [Ah 5d] and lost with a pair of Queens
Seat 8: Mahu2021 (small blind) folded before Flop



PokerStars Hand #251535597009: Tournament #3777816608, $1.40+$0.10 USD Hold'em No Limit - Level VIII (350/700) - 2024/07/17 20:27:34 CET [2024/07/17 14:27:34 ET]
Table '3777816608 12' 8-max Seat #8 is the button
Seat 1: PatBooneStar (9290 in chips) 
Seat 2: Mariusz100 (18790 in chips) 
Seat 3: pedroppachec (8590 in chips) is sitting out
Seat 4: Sugarhillbang (14350 in chips) 
Seat 5: Aid1221 (26600 in chips) 
Seat 6: Stoic93 (17153 in chips) 
Seat 7: Usaay317 (3107 in chips) 
Seat 8: Mahu2021 (5920 in chips) 
PatBooneStar: posts the ante 70
Mariusz100: posts the ante 70
pedroppachec: posts the ante 70
Sugarhillbang: posts the ante 70
Aid1221: posts the ante 70
Stoic93: posts the ante 70
Usaay317: posts the ante 70
Mahu2021: posts the ante 70
PatBooneStar: posts small blind 350
Mariusz100: posts big blind 700
*** HOLE CARDS ***
Dealt to Mahu2021 [2h Qd]
pedroppachec: folds 
Sugarhillbang: folds 
Aid1221: raises 1400 to 2100
Stoic93: folds 
Usaay317: raises 937 to 3037 and is all-in
Mahu2021: folds 
PatBooneStar: raises 6183 to 9220 and is all-in
Mariusz100: folds 
Aid1221: calls 7120
*** FLOP *** [Jh 2s Js]
*** TURN *** [Jh 2s Js] [6c]
*** RIVER *** [Jh 2s Js 6c] [7s]
*** SHOW DOWN ***
PatBooneStar: shows [Qc Kc] (a pair of Jacks)
Aid1221: shows [9s Ah] (a pair of Jacks - Ace kicker)
Aid1221 collected 12366 from side pot
Usaay317: shows [4s As] (a flush, Ace high)
Usaay317 collected 10371 from main pot
PatBooneStar finished the tournament
*** SUMMARY ***
Total pot 22737 Main pot 10371. Side pot 12366. | Rake 0 
Board [Jh 2s Js 6c 7s]
Seat 1: PatBooneStar (small blind) showed [Qc Kc] and lost with a pair of Jacks
Seat 2: Mariusz100 (big blind) folded before Flop
Seat 3: pedroppachec folded before Flop (didn't bet)
Seat 4: Sugarhillbang folded before Flop (didn't bet)
Seat 5: Aid1221 showed [9s Ah] and won (12366) with a pair of Jacks
Seat 6: Stoic93 folded before Flop (didn't bet)
Seat 7: Usaay317 showed [4s As] and won (10371) with a flush, Ace high
Seat 8: Mahu2021 (button) folded before Flop (didn't bet)



PokerStars Hand #251535606212: Tournament #3777816608, $1.40+$0.10 USD Hold'em No Limit - Level VIII (350/700) - 2024/07/17 20:28:09 CET [2024/07/17 14:28:09 ET]
Table '3777816608 12' 8-max Seat #2 is the button
Seat 2: Mariusz100 (18020 in chips) 
Seat 3: pedroppachec (8520 in chips) is sitting out
Seat 4: Sugarhillbang (14280 in chips) 
Seat 5: Aid1221 (29676 in chips) 
Seat 6: Stoic93 (17083 in chips) 
Seat 7: Usaay317 (10371 in chips) 
Seat 8: Mahu2021 (5850 in chips) 
Mariusz100: posts the ante 70
pedroppachec: posts the ante 70
Sugarhillbang: posts the ante 70
Aid1221: posts the ante 70
Stoic93: posts the ante 70
Usaay317: posts the ante 70
Mahu2021: posts the ante 70
pedroppachec: posts small blind 350
Sugarhillbang: posts big blind 700
*** HOLE CARDS ***
Dealt to Mahu2021 [Kc 4c]
Aid1221: folds 
Stoic93: folds 
Usaay317: folds 
Mahu2021: raises 700 to 1400
Mariusz100: folds 
pedroppachec: folds 
Sugarhillbang: raises 2100 to 3500
Mahu2021: raises 2280 to 5780 and is all-in
Sugarhillbang: calls 2280
*** FLOP *** [Jd 9h 6h]
*** TURN *** [Jd 9h 6h] [Ad]
*** RIVER *** [Jd 9h 6h Ad] [Td]
*** SHOW DOWN ***
Sugarhillbang: shows [Ks Ah] (a pair of Aces)
Mahu2021: shows [Kc 4c] (high card Ace)
Sugarhillbang collected 12400 from pot
Mahu2021 finished the tournament
*** SUMMARY ***
Total pot 12400 | Rake 0 
Board [Jd 9h 6h Ad Td]
Seat 2: Mariusz100 (button) folded before Flop (didn't bet)
Seat 3: pedroppachec (small blind) folded before Flop
Seat 4: Sugarhillbang (big blind) showed [Ks Ah] and won (12400) with a pair of Aces
Seat 5: Aid1221 folded before Flop (didn't bet)
Seat 6: Stoic93 folded before Flop (didn't bet)
Seat 7: Usaay317 folded before Flop (didn't bet)
Seat 8: Mahu2021 showed [Kc 4c] and lost with high card Ace



