PokerStars Hand #253869806893: Tournament #3834417643, $0.46+$0.04 USD Hold'em No Limit - Level I (10/20) - 2024/12/15 20:26:14 CET [2024/12/15 14:26:14 ET]
Table '3834417643 1' 3-max Seat #1 is the button
Seat 1: I8i4i (500 in chips) 
Seat 2: Mahu2021 (500 in chips) 
Seat 3: Greek_kid777 (500 in chips) 
Mahu2021: posts small blind 10
Greek_kid777: posts big blind 20
*** HOLE CARDS ***
Dealt to Mahu2021 [8c 3h]
I8i4i: folds 
Mahu2021: folds 
Uncalled bet (10) returned to Greek_kid777
Greek_kid777 collected 20 from pot
Greek_kid777: doesn't show hand 
*** SUMMARY ***
Total pot 20 | Rake 0 
Seat 1: I8i4i (button) folded before Flop (didn't bet)
Seat 2: Mahu2021 (small blind) folded before Flop
Seat 3: Greek_kid777 (big blind) collected (20)



PokerStars Hand #253869809036: Tournament #3834417643, $0.46+$0.04 USD Hold'em No Limit - Level I (10/20) - 2024/12/15 20:26:21 CET [2024/12/15 14:26:21 ET]
Table '3834417643 1' 3-max Seat #2 is the button
Seat 1: I8i4i (500 in chips) 
Seat 2: Mahu2021 (490 in chips) 
Seat 3: Greek_kid777 (510 in chips) 
Greek_kid777: posts small blind 10
I8i4i: posts big blind 20
*** HOLE CARDS ***
Dealt to Mahu2021 [3s Ks]
Mahu2021: raises 20 to 40
Greek_kid777: calls 30
I8i4i: raises 120 to 160
Mahu2021: folds 
Greek_kid777: calls 120
*** FLOP *** [5s 5d 5h]
Greek_kid777: checks 
I8i4i: bets 340 and is all-in
Greek_kid777: calls 340
*** TURN *** [5s 5d 5h] [Td]
*** RIVER *** [5s 5d 5h Td] [7s]
*** SHOW DOWN ***
Greek_kid777: shows [Qd 8d] (three of a kind, Fives)
I8i4i: shows [9c Ad] (three of a kind, Fives - Ace kicker)
I8i4i collected 1040 from pot
*** SUMMARY ***
Total pot 1040 | Rake 0 
Board [5s 5d 5h Td 7s]
Seat 1: I8i4i (big blind) showed [9c Ad] and won (1040) with three of a kind, Fives
Seat 2: Mahu2021 (button) folded before Flop
Seat 3: Greek_kid777 (small blind) showed [Qd 8d] and lost with three of a kind, Fives



PokerStars Hand #253869821351: Tournament #3834417643, $0.46+$0.04 USD Hold'em No Limit - Level I (10/20) - 2024/12/15 20:26:57 CET [2024/12/15 14:26:57 ET]
Table '3834417643 1' 3-max Seat #3 is the button
Seat 1: I8i4i (1040 in chips) 
Seat 2: Mahu2021 (450 in chips) 
Seat 3: Greek_kid777 (10 in chips) 
I8i4i: posts small blind 10
Mahu2021: posts big blind 20
*** HOLE CARDS ***
Dealt to Mahu2021 [6h Ad]
Greek_kid777: calls 10 and is all-in
I8i4i: raises 50 to 70
Mahu2021: calls 50
*** FLOP *** [8d 7d 4s]
I8i4i: bets 150
Mahu2021: folds 
Uncalled bet (150) returned to I8i4i
*** TURN *** [8d 7d 4s] [Tc]
*** RIVER *** [8d 7d 4s Tc] [7h]
*** SHOW DOWN ***
I8i4i: shows [9s 9c] (two pair, Nines and Sevens)
I8i4i collected 120 from side pot
Greek_kid777: shows [2d Jc] (a pair of Sevens)
I8i4i collected 30 from main pot
Greek_kid777 finished the tournament in 3rd place
*** SUMMARY ***
Total pot 150 Main pot 30. Side pot 120. | Rake 0 
Board [8d 7d 4s Tc 7h]
Seat 1: I8i4i (small blind) showed [9s 9c] and won (150) with two pair, Nines and Sevens
Seat 2: Mahu2021 (big blind) folded on the Flop
Seat 3: Greek_kid777 (button) showed [2d Jc] and lost with a pair of Sevens



PokerStars Hand #253869829199: Tournament #3834417643, $0.46+$0.04 USD Hold'em No Limit - Level I (10/20) - 2024/12/15 20:27:20 CET [2024/12/15 14:27:20 ET]
Table '3834417643 1' 3-max Seat #2 is the button
Seat 1: I8i4i (1120 in chips) 
Seat 2: Mahu2021 (380 in chips) 
Mahu2021: posts small blind 10
I8i4i: posts big blind 20
*** HOLE CARDS ***
Dealt to Mahu2021 [4d As]
Mahu2021: raises 20 to 40
I8i4i: raises 80 to 120
Mahu2021: raises 260 to 380 and is all-in
I8i4i: calls 260
*** FLOP *** [Js Qd Td]
*** TURN *** [Js Qd Td] [9d]
*** RIVER *** [Js Qd Td 9d] [Tc]
*** SHOW DOWN ***
I8i4i: shows [8d Ad] (a flush, Ace high)
Mahu2021: shows [4d As] (a pair of Tens)
I8i4i collected 760 from pot
Mahu2021 finished the tournament in 2nd place
I8i4i wins the tournament - congratulations!
I8i4i wins a '$1.00 Power Path Step 2 Ticket' ticket
*** SUMMARY ***
Total pot 760 | Rake 0 
Board [Js Qd Td 9d Tc]
Seat 1: I8i4i (big blind) showed [8d Ad] and won (760) with a flush, Ace high
Seat 2: Mahu2021 (button) (small blind) showed [4d As] and lost with a pair of Tens



