PokerStars Hand #249062698239: Tournament #3720528845, $1.84+$0.16 USD Hold'em No Limit - Level I (10/20) - 2024/02/24 13:00:12 CET [2024/02/24 7:00:12 ET]
Table '3720528845 1' 3-max Seat #1 is the button
Seat 1: Clairvoyjan (500 in chips) 
Seat 2: Mahu2021 (500 in chips) 
Seat 3: Sele_2411 (500 in chips) 
Mahu2021: posts small blind 10
Sele_2411: posts big blind 20
*** HOLE CARDS ***
Dealt to Mahu2021 [8d 2h]
Clairvoyjan: folds 
Mahu2021: folds 
Uncalled bet (10) returned to Sele_2411
Sele_2411 collected 20 from pot
*** SUMMARY ***
Total pot 20 | Rake 0 
Seat 1: Clairvoyjan (button) folded before Flop (didn't bet)
Seat 2: Mahu2021 (small blind) folded before Flop
Seat 3: Sele_2411 (big blind) collected (20)



PokerStars Hand #249062698891: Tournament #3720528845, $1.84+$0.16 USD Hold'em No Limit - Level I (10/20) - 2024/02/24 13:00:16 CET [2024/02/24 7:00:16 ET]
Table '3720528845 1' 3-max Seat #2 is the button
Seat 1: Clairvoyjan (500 in chips) 
Seat 2: Mahu2021 (490 in chips) 
Seat 3: Sele_2411 (510 in chips) 
Sele_2411: posts small blind 10
Clairvoyjan: posts big blind 20
*** HOLE CARDS ***
Dealt to Mahu2021 [Kh 9s]
Mahu2021: raises 20 to 40
Sele_2411: folds 
Clairvoyjan: folds 
Uncalled bet (20) returned to Mahu2021
Mahu2021 collected 50 from pot
Mahu2021: doesn't show hand 
*** SUMMARY ***
Total pot 50 | Rake 0 
Seat 1: Clairvoyjan (big blind) folded before Flop
Seat 2: Mahu2021 (button) collected (50)
Seat 3: Sele_2411 (small blind) folded before Flop



PokerStars Hand #249062699828: Tournament #3720528845, $1.84+$0.16 USD Hold'em No Limit - Level I (10/20) - 2024/02/24 13:00:22 CET [2024/02/24 7:00:22 ET]
Table '3720528845 1' 3-max Seat #3 is the button
Seat 1: Clairvoyjan (480 in chips) 
Seat 2: Mahu2021 (520 in chips) 
Seat 3: Sele_2411 (500 in chips) 
Clairvoyjan: posts small blind 10
Mahu2021: posts big blind 20
*** HOLE CARDS ***
Dealt to Mahu2021 [Ks Ad]
Sele_2411: calls 20
Clairvoyjan: raises 60 to 80
Mahu2021: calls 60
Sele_2411: calls 60
*** FLOP *** [Jc 2d 6d]
Clairvoyjan: bets 400 and is all-in
Mahu2021: folds 
Sele_2411: folds 
Uncalled bet (400) returned to Clairvoyjan
Clairvoyjan collected 240 from pot
Clairvoyjan: doesn't show hand 
*** SUMMARY ***
Total pot 240 | Rake 0 
Board [Jc 2d 6d]
Seat 1: Clairvoyjan (small blind) collected (240)
Seat 2: Mahu2021 (big blind) folded on the Flop
Seat 3: Sele_2411 (button) folded on the Flop



PokerStars Hand #249062701715: Tournament #3720528845, $1.84+$0.16 USD Hold'em No Limit - Level I (10/20) - 2024/02/24 13:00:34 CET [2024/02/24 7:00:34 ET]
Table '3720528845 1' 3-max Seat #1 is the button
Seat 1: Clairvoyjan (640 in chips) 
Seat 2: Mahu2021 (440 in chips) 
Seat 3: Sele_2411 (420 in chips) 
Mahu2021: posts small blind 10
Sele_2411: posts big blind 20
*** HOLE CARDS ***
Dealt to Mahu2021 [Jc 8c]
Clairvoyjan: folds 
Mahu2021: raises 20 to 40
Sele_2411: folds 
Uncalled bet (20) returned to Mahu2021
Mahu2021 collected 40 from pot
Mahu2021: doesn't show hand 
*** SUMMARY ***
Total pot 40 | Rake 0 
Seat 1: Clairvoyjan (button) folded before Flop (didn't bet)
Seat 2: Mahu2021 (small blind) collected (40)
Seat 3: Sele_2411 (big blind) folded before Flop



PokerStars Hand #249062702583: Tournament #3720528845, $1.84+$0.16 USD Hold'em No Limit - Level I (10/20) - 2024/02/24 13:00:40 CET [2024/02/24 7:00:40 ET]
Table '3720528845 1' 3-max Seat #2 is the button
Seat 1: Clairvoyjan (640 in chips) 
Seat 2: Mahu2021 (460 in chips) 
Seat 3: Sele_2411 (400 in chips) 
Sele_2411: posts small blind 10
Clairvoyjan: posts big blind 20
*** HOLE CARDS ***
Dealt to Mahu2021 [7s 9h]
Mahu2021: folds 
Sele_2411: folds 
Uncalled bet (10) returned to Clairvoyjan
Clairvoyjan collected 20 from pot
Clairvoyjan: doesn't show hand 
*** SUMMARY ***
Total pot 20 | Rake 0 
Seat 1: Clairvoyjan (big blind) collected (20)
Seat 2: Mahu2021 (button) folded before Flop (didn't bet)
Seat 3: Sele_2411 (small blind) folded before Flop



PokerStars Hand #249062703424: Tournament #3720528845, $1.84+$0.16 USD Hold'em No Limit - Level I (10/20) - 2024/02/24 13:00:45 CET [2024/02/24 7:00:45 ET]
Table '3720528845 1' 3-max Seat #3 is the button
Seat 1: Clairvoyjan (650 in chips) 
Seat 2: Mahu2021 (460 in chips) 
Seat 3: Sele_2411 (390 in chips) 
Clairvoyjan: posts small blind 10
Mahu2021: posts big blind 20
*** HOLE CARDS ***
Dealt to Mahu2021 [4h 5c]
Sele_2411: calls 20
Clairvoyjan: calls 10
Mahu2021: checks 
*** FLOP *** [Qc As Kd]
Clairvoyjan: bets 60
Mahu2021: folds 
Sele_2411: raises 60 to 120
Clairvoyjan: raises 510 to 630 and is all-in
Sele_2411: calls 250 and is all-in
Uncalled bet (260) returned to Clairvoyjan
*** TURN *** [Qc As Kd] [Kh]
*** RIVER *** [Qc As Kd Kh] [Jd]
*** SHOW DOWN ***
Clairvoyjan: shows [2d Ad] (two pair, Aces and Kings)
Sele_2411: shows [8h Ah] (two pair, Aces and Kings)
Clairvoyjan collected 400 from pot
Sele_2411 collected 400 from pot
*** SUMMARY ***
Total pot 800 | Rake 0 
Board [Qc As Kd Kh Jd]
Seat 1: Clairvoyjan (small blind) showed [2d Ad] and won (400) with two pair, Aces and Kings
Seat 2: Mahu2021 (big blind) folded on the Flop
Seat 3: Sele_2411 (button) showed [8h Ah] and won (400) with two pair, Aces and Kings



PokerStars Hand #249062707179: Tournament #3720528845, $1.84+$0.16 USD Hold'em No Limit - Level I (10/20) - 2024/02/24 13:01:06 CET [2024/02/24 7:01:06 ET]
Table '3720528845 1' 3-max Seat #1 is the button
Seat 1: Clairvoyjan (660 in chips) 
Seat 2: Mahu2021 (440 in chips) 
Seat 3: Sele_2411 (400 in chips) 
Mahu2021: posts small blind 10
Sele_2411: posts big blind 20
*** HOLE CARDS ***
Dealt to Mahu2021 [5c 9s]
Clairvoyjan: folds 
Mahu2021: folds 
Uncalled bet (10) returned to Sele_2411
Sele_2411 collected 20 from pot
*** SUMMARY ***
Total pot 20 | Rake 0 
Seat 1: Clairvoyjan (button) folded before Flop (didn't bet)
Seat 2: Mahu2021 (small blind) folded before Flop
Seat 3: Sele_2411 (big blind) collected (20)



PokerStars Hand #249062708016: Tournament #3720528845, $1.84+$0.16 USD Hold'em No Limit - Level I (10/20) - 2024/02/24 13:01:11 CET [2024/02/24 7:01:11 ET]
Table '3720528845 1' 3-max Seat #2 is the button
Seat 1: Clairvoyjan (660 in chips) 
Seat 2: Mahu2021 (430 in chips) 
Seat 3: Sele_2411 (410 in chips) 
Sele_2411: posts small blind 10
Clairvoyjan: posts big blind 20
*** HOLE CARDS ***
Dealt to Mahu2021 [5s 4c]
Mahu2021: folds 
Sele_2411: calls 10
Clairvoyjan: checks 
*** FLOP *** [8s Qc 7h]
Sele_2411: checks 
Clairvoyjan: checks 
*** TURN *** [8s Qc 7h] [Kd]
Sele_2411: checks 
Clairvoyjan: checks 
*** RIVER *** [8s Qc 7h Kd] [Qs]
Sele_2411: checks 
Clairvoyjan: bets 40
Sele_2411: folds 
Uncalled bet (40) returned to Clairvoyjan
Clairvoyjan collected 40 from pot
Clairvoyjan: doesn't show hand 
*** SUMMARY ***
Total pot 40 | Rake 0 
Board [8s Qc 7h Kd Qs]
Seat 1: Clairvoyjan (big blind) collected (40)
Seat 2: Mahu2021 (button) folded before Flop (didn't bet)
Seat 3: Sele_2411 (small blind) folded on the River



PokerStars Hand #249062711457: Tournament #3720528845, $1.84+$0.16 USD Hold'em No Limit - Level I (10/20) - 2024/02/24 13:01:31 CET [2024/02/24 7:01:31 ET]
Table '3720528845 1' 3-max Seat #3 is the button
Seat 1: Clairvoyjan (680 in chips) 
Seat 2: Mahu2021 (430 in chips) 
Seat 3: Sele_2411 (390 in chips) 
Clairvoyjan: posts small blind 10
Mahu2021: posts big blind 20
*** HOLE CARDS ***
Dealt to Mahu2021 [3s 3h]
Sele_2411: folds 
Clairvoyjan: folds 
Uncalled bet (10) returned to Mahu2021
Mahu2021 collected 20 from pot
Mahu2021: doesn't show hand 
*** SUMMARY ***
Total pot 20 | Rake 0 
Seat 1: Clairvoyjan (small blind) folded before Flop
Seat 2: Mahu2021 (big blind) collected (20)
Seat 3: Sele_2411 (button) folded before Flop (didn't bet)



PokerStars Hand #249062712327: Tournament #3720528845, $1.84+$0.16 USD Hold'em No Limit - Level I (10/20) - 2024/02/24 13:01:36 CET [2024/02/24 7:01:36 ET]
Table '3720528845 1' 3-max Seat #1 is the button
Seat 1: Clairvoyjan (670 in chips) 
Seat 2: Mahu2021 (440 in chips) 
Seat 3: Sele_2411 (390 in chips) 
Mahu2021: posts small blind 10
Sele_2411: posts big blind 20
*** HOLE CARDS ***
Dealt to Mahu2021 [3d 7c]
Clairvoyjan: folds 
Mahu2021: folds 
Uncalled bet (10) returned to Sele_2411
Sele_2411 collected 20 from pot
*** SUMMARY ***
Total pot 20 | Rake 0 
Seat 1: Clairvoyjan (button) folded before Flop (didn't bet)
Seat 2: Mahu2021 (small blind) folded before Flop
Seat 3: Sele_2411 (big blind) collected (20)



PokerStars Hand #249062713252: Tournament #3720528845, $1.84+$0.16 USD Hold'em No Limit - Level I (10/20) - 2024/02/24 13:01:40 CET [2024/02/24 7:01:40 ET]
Table '3720528845 1' 3-max Seat #2 is the button
Seat 1: Clairvoyjan (670 in chips) 
Seat 2: Mahu2021 (430 in chips) 
Seat 3: Sele_2411 (400 in chips) 
Sele_2411: posts small blind 10
Clairvoyjan: posts big blind 20
*** HOLE CARDS ***
Dealt to Mahu2021 [6d Th]
Mahu2021: folds 
Sele_2411: raises 20 to 40
Clairvoyjan: folds 
Uncalled bet (20) returned to Sele_2411
Sele_2411 collected 40 from pot
*** SUMMARY ***
Total pot 40 | Rake 0 
Seat 1: Clairvoyjan (big blind) folded before Flop
Seat 2: Mahu2021 (button) folded before Flop (didn't bet)
Seat 3: Sele_2411 (small blind) collected (40)



PokerStars Hand #249062714512: Tournament #3720528845, $1.84+$0.16 USD Hold'em No Limit - Level I (10/20) - 2024/02/24 13:01:47 CET [2024/02/24 7:01:47 ET]
Table '3720528845 1' 3-max Seat #3 is the button
Seat 1: Clairvoyjan (650 in chips) 
Seat 2: Mahu2021 (430 in chips) 
Seat 3: Sele_2411 (420 in chips) 
Clairvoyjan: posts small blind 10
Mahu2021: posts big blind 20
*** HOLE CARDS ***
Dealt to Mahu2021 [9s Ks]
Sele_2411: calls 20
Clairvoyjan: folds 
Mahu2021: raises 60 to 80
Sele_2411: calls 60
*** FLOP *** [Tc 5h 2d]
Mahu2021: checks 
Sele_2411: checks 
*** TURN *** [Tc 5h 2d] [6c]
Mahu2021: checks 
Sele_2411: bets 340 and is all-in
Mahu2021: folds 
Uncalled bet (340) returned to Sele_2411
Sele_2411 collected 170 from pot
*** SUMMARY ***
Total pot 170 | Rake 0 
Board [Tc 5h 2d 6c]
Seat 1: Clairvoyjan (small blind) folded before Flop
Seat 2: Mahu2021 (big blind) folded on the Turn
Seat 3: Sele_2411 (button) collected (170)



PokerStars Hand #249062717574: Tournament #3720528845, $1.84+$0.16 USD Hold'em No Limit - Level I (10/20) - 2024/02/24 13:02:03 CET [2024/02/24 7:02:03 ET]
Table '3720528845 1' 3-max Seat #1 is the button
Seat 1: Clairvoyjan (640 in chips) 
Seat 2: Mahu2021 (350 in chips) 
Seat 3: Sele_2411 (510 in chips) 
Mahu2021: posts small blind 10
Sele_2411: posts big blind 20
*** HOLE CARDS ***
Dealt to Mahu2021 [8d 7s]
Clairvoyjan: folds 
Mahu2021: folds 
Uncalled bet (10) returned to Sele_2411
Sele_2411 collected 20 from pot
*** SUMMARY ***
Total pot 20 | Rake 0 
Seat 1: Clairvoyjan (button) folded before Flop (didn't bet)
Seat 2: Mahu2021 (small blind) folded before Flop
Seat 3: Sele_2411 (big blind) collected (20)



PokerStars Hand #249062718379: Tournament #3720528845, $1.84+$0.16 USD Hold'em No Limit - Level I (10/20) - 2024/02/24 13:02:08 CET [2024/02/24 7:02:08 ET]
Table '3720528845 1' 3-max Seat #2 is the button
Seat 1: Clairvoyjan (640 in chips) 
Seat 2: Mahu2021 (340 in chips) 
Seat 3: Sele_2411 (520 in chips) 
Sele_2411: posts small blind 10
Clairvoyjan: posts big blind 20
*** HOLE CARDS ***
Dealt to Mahu2021 [5c 4h]
Mahu2021: folds 
Sele_2411: calls 10
Clairvoyjan: checks 
*** FLOP *** [Ts 2h 3c]
Sele_2411: checks 
Clairvoyjan: checks 
*** TURN *** [Ts 2h 3c] [7h]
Sele_2411: checks 
Clairvoyjan: checks 
*** RIVER *** [Ts 2h 3c 7h] [8d]
Sele_2411: checks 
Clairvoyjan: checks 
*** SHOW DOWN ***
Sele_2411: shows [6c Kh] (high card King)
Clairvoyjan: shows [3d 6s] (a pair of Threes)
Clairvoyjan collected 40 from pot
*** SUMMARY ***
Total pot 40 | Rake 0 
Board [Ts 2h 3c 7h 8d]
Seat 1: Clairvoyjan (big blind) showed [3d 6s] and won (40) with a pair of Threes
Seat 2: Mahu2021 (button) folded before Flop (didn't bet)
Seat 3: Sele_2411 (small blind) showed [6c Kh] and lost with high card King



PokerStars Hand #249062720883: Tournament #3720528845, $1.84+$0.16 USD Hold'em No Limit - Level I (10/20) - 2024/02/24 13:02:22 CET [2024/02/24 7:02:22 ET]
Table '3720528845 1' 3-max Seat #3 is the button
Seat 1: Clairvoyjan (660 in chips) 
Seat 2: Mahu2021 (340 in chips) 
Seat 3: Sele_2411 (500 in chips) 
Clairvoyjan: posts small blind 10
Mahu2021: posts big blind 20
*** HOLE CARDS ***
Dealt to Mahu2021 [Qh 8c]
Sele_2411: folds 
Clairvoyjan: folds 
Uncalled bet (10) returned to Mahu2021
Mahu2021 collected 20 from pot
Mahu2021: doesn't show hand 
*** SUMMARY ***
Total pot 20 | Rake 0 
Seat 1: Clairvoyjan (small blind) folded before Flop
Seat 2: Mahu2021 (big blind) collected (20)
Seat 3: Sele_2411 (button) folded before Flop (didn't bet)



PokerStars Hand #249062721671: Tournament #3720528845, $1.84+$0.16 USD Hold'em No Limit - Level I (10/20) - 2024/02/24 13:02:27 CET [2024/02/24 7:02:27 ET]
Table '3720528845 1' 3-max Seat #1 is the button
Seat 1: Clairvoyjan (650 in chips) 
Seat 2: Mahu2021 (350 in chips) 
Seat 3: Sele_2411 (500 in chips) 
Mahu2021: posts small blind 10
Sele_2411: posts big blind 20
*** HOLE CARDS ***
Dealt to Mahu2021 [9h 5s]
Clairvoyjan: folds 
Mahu2021: folds 
Uncalled bet (10) returned to Sele_2411
Sele_2411 collected 20 from pot
*** SUMMARY ***
Total pot 20 | Rake 0 
Seat 1: Clairvoyjan (button) folded before Flop (didn't bet)
Seat 2: Mahu2021 (small blind) folded before Flop
Seat 3: Sele_2411 (big blind) collected (20)



PokerStars Hand #249062722560: Tournament #3720528845, $1.84+$0.16 USD Hold'em No Limit - Level I (10/20) - 2024/02/24 13:02:31 CET [2024/02/24 7:02:31 ET]
Table '3720528845 1' 3-max Seat #2 is the button
Seat 1: Clairvoyjan (650 in chips) 
Seat 2: Mahu2021 (340 in chips) 
Seat 3: Sele_2411 (510 in chips) 
Sele_2411: posts small blind 10
Clairvoyjan: posts big blind 20
*** HOLE CARDS ***
Dealt to Mahu2021 [2h 7d]
Mahu2021: folds 
Sele_2411: folds 
Uncalled bet (10) returned to Clairvoyjan
Clairvoyjan collected 20 from pot
Clairvoyjan: doesn't show hand 
*** SUMMARY ***
Total pot 20 | Rake 0 
Seat 1: Clairvoyjan (big blind) collected (20)
Seat 2: Mahu2021 (button) folded before Flop (didn't bet)
Seat 3: Sele_2411 (small blind) folded before Flop



PokerStars Hand #249062723464: Tournament #3720528845, $1.84+$0.16 USD Hold'em No Limit - Level I (10/20) - 2024/02/24 13:02:36 CET [2024/02/24 7:02:36 ET]
Table '3720528845 1' 3-max Seat #3 is the button
Seat 1: Clairvoyjan (660 in chips) 
Seat 2: Mahu2021 (340 in chips) 
Seat 3: Sele_2411 (500 in chips) 
Clairvoyjan: posts small blind 10
Mahu2021: posts big blind 20
*** HOLE CARDS ***
Dealt to Mahu2021 [5c 9s]
Sele_2411: calls 20
Clairvoyjan: folds 
Mahu2021: checks 
*** FLOP *** [Tc 8h Qh]
Mahu2021: checks 
Sele_2411: checks 
*** TURN *** [Tc 8h Qh] [8s]
Mahu2021: checks 
Sele_2411: bets 60
Mahu2021: folds 
Uncalled bet (60) returned to Sele_2411
Sele_2411 collected 50 from pot
*** SUMMARY ***
Total pot 50 | Rake 0 
Board [Tc 8h Qh 8s]
Seat 1: Clairvoyjan (small blind) folded before Flop
Seat 2: Mahu2021 (big blind) folded on the Turn
Seat 3: Sele_2411 (button) collected (50)



PokerStars Hand #249062726181: Tournament #3720528845, $1.84+$0.16 USD Hold'em No Limit - Level I (10/20) - 2024/02/24 13:02:51 CET [2024/02/24 7:02:51 ET]
Table '3720528845 1' 3-max Seat #1 is the button
Seat 1: Clairvoyjan (650 in chips) 
Seat 2: Mahu2021 (320 in chips) 
Seat 3: Sele_2411 (530 in chips) 
Mahu2021: posts small blind 10
Sele_2411: posts big blind 20
*** HOLE CARDS ***
Dealt to Mahu2021 [Js 6h]
Clairvoyjan: raises 20 to 40
Mahu2021: folds 
Sele_2411: calls 20
*** FLOP *** [Td 9d 2h]
Sele_2411: checks 
Clairvoyjan: checks 
*** TURN *** [Td 9d 2h] [8h]
Sele_2411: checks 
Clairvoyjan: checks 
*** RIVER *** [Td 9d 2h 8h] [6s]
Sele_2411: checks 
Clairvoyjan: checks 
*** SHOW DOWN ***
Sele_2411: shows [Jd 4s] (high card Jack)
Clairvoyjan: shows [Ad 4h] (high card Ace)
Clairvoyjan collected 90 from pot
*** SUMMARY ***
Total pot 90 | Rake 0 
Board [Td 9d 2h 8h 6s]
Seat 1: Clairvoyjan (button) showed [Ad 4h] and won (90) with high card Ace
Seat 2: Mahu2021 (small blind) folded before Flop
Seat 3: Sele_2411 (big blind) showed [Jd 4s] and lost with high card Jack



PokerStars Hand #249062728762: Tournament #3720528845, $1.84+$0.16 USD Hold'em No Limit - Level I (10/20) - 2024/02/24 13:03:05 CET [2024/02/24 7:03:05 ET]
Table '3720528845 1' 3-max Seat #2 is the button
Seat 1: Clairvoyjan (700 in chips) 
Seat 2: Mahu2021 (310 in chips) 
Seat 3: Sele_2411 (490 in chips) 
Sele_2411: posts small blind 10
Clairvoyjan: posts big blind 20
*** HOLE CARDS ***
Dealt to Mahu2021 [Ks 2h]
Mahu2021: folds 
Sele_2411: calls 10
Clairvoyjan: checks 
*** FLOP *** [6s 9c 9s]
Sele_2411: checks 
Clairvoyjan: bets 40
Sele_2411: folds 
Uncalled bet (40) returned to Clairvoyjan
Clairvoyjan collected 40 from pot
Clairvoyjan: doesn't show hand 
*** SUMMARY ***
Total pot 40 | Rake 0 
Board [6s 9c 9s]
Seat 1: Clairvoyjan (big blind) collected (40)
Seat 2: Mahu2021 (button) folded before Flop (didn't bet)
Seat 3: Sele_2411 (small blind) folded on the Flop



PokerStars Hand #249062731365: Tournament #3720528845, $1.84+$0.16 USD Hold'em No Limit - Level II (15/30) - 2024/02/24 13:03:19 CET [2024/02/24 7:03:19 ET]
Table '3720528845 1' 3-max Seat #3 is the button
Seat 1: Clairvoyjan (720 in chips) 
Seat 2: Mahu2021 (310 in chips) 
Seat 3: Sele_2411 (470 in chips) 
Clairvoyjan: posts small blind 15
Mahu2021: posts big blind 30
*** HOLE CARDS ***
Dealt to Mahu2021 [Ac 5h]
Sele_2411: folds 
Clairvoyjan: calls 15
Mahu2021: raises 280 to 310 and is all-in
Clairvoyjan: folds 
Uncalled bet (280) returned to Mahu2021
Mahu2021 collected 60 from pot
Mahu2021: doesn't show hand 
*** SUMMARY ***
Total pot 60 | Rake 0 
Seat 1: Clairvoyjan (small blind) folded before Flop
Seat 2: Mahu2021 (big blind) collected (60)
Seat 3: Sele_2411 (button) folded before Flop (didn't bet)



PokerStars Hand #249062733067: Tournament #3720528845, $1.84+$0.16 USD Hold'em No Limit - Level II (15/30) - 2024/02/24 13:03:28 CET [2024/02/24 7:03:28 ET]
Table '3720528845 1' 3-max Seat #1 is the button
Seat 1: Clairvoyjan (690 in chips) 
Seat 2: Mahu2021 (340 in chips) 
Seat 3: Sele_2411 (470 in chips) 
Mahu2021: posts small blind 15
Sele_2411: posts big blind 30
*** HOLE CARDS ***
Dealt to Mahu2021 [2h 9d]
Clairvoyjan: folds 
Mahu2021: folds 
Uncalled bet (15) returned to Sele_2411
Sele_2411 collected 30 from pot
*** SUMMARY ***
Total pot 30 | Rake 0 
Seat 1: Clairvoyjan (button) folded before Flop (didn't bet)
Seat 2: Mahu2021 (small blind) folded before Flop
Seat 3: Sele_2411 (big blind) collected (30)



PokerStars Hand #249062733899: Tournament #3720528845, $1.84+$0.16 USD Hold'em No Limit - Level II (15/30) - 2024/02/24 13:03:33 CET [2024/02/24 7:03:33 ET]
Table '3720528845 1' 3-max Seat #2 is the button
Seat 1: Clairvoyjan (690 in chips) 
Seat 2: Mahu2021 (325 in chips) 
Seat 3: Sele_2411 (485 in chips) 
Sele_2411: posts small blind 15
Clairvoyjan: posts big blind 30
*** HOLE CARDS ***
Dealt to Mahu2021 [Ad 3h]
Mahu2021: calls 30
Sele_2411: folds 
Clairvoyjan: checks 
*** FLOP *** [2h Kd Kh]
Clairvoyjan: checks 
Mahu2021: bets 30
Clairvoyjan: calls 30
*** TURN *** [2h Kd Kh] [6c]
Clairvoyjan: checks 
Mahu2021: bets 265 and is all-in
Clairvoyjan: calls 265
*** RIVER *** [2h Kd Kh 6c] [Js]
*** SHOW DOWN ***
Clairvoyjan: shows [2c Ks] (a full house, Kings full of Deuces)
Mahu2021: shows [Ad 3h] (a pair of Kings)
Clairvoyjan collected 665 from pot
Mahu2021 finished the tournament in 3rd place
*** SUMMARY ***
Total pot 665 | Rake 0 
Board [2h Kd Kh 6c Js]
Seat 1: Clairvoyjan (big blind) showed [2c Ks] and won (665) with a full house, Kings full of Deuces
Seat 2: Mahu2021 (button) showed [Ad 3h] and lost with a pair of Kings
Seat 3: Sele_2411 (small blind) folded before Flop



