PokerStars Hand #248396705543: Tournament #3703981312, $1.84+$0.16 USD Hold'em No Limit - Level I (10/20) - 2024/01/20 21:48:30 CET [2024/01/20 15:48:30 ET]
Table '3703981312 1' 3-max Seat #1 is the button
Seat 1: teroristt (500 in chips) 
Seat 2: Mahu2021 (500 in chips) 
Seat 3: Birdmanbob1963 (500 in chips) 
Mahu2021: posts small blind 10
Birdmanbob1963: posts big blind 20
*** HOLE CARDS ***
Dealt to Mahu2021 [7h Tc]
teroristt: folds 
Mahu2021: folds 
Uncalled bet (10) returned to Birdmanbob1963
Birdmanbob1963 collected 20 from pot
*** SUMMARY ***
Total pot 20 | Rake 0 
Seat 1: teroristt (button) folded before Flop (didn't bet)
Seat 2: Mahu2021 (small blind) folded before Flop
Seat 3: Birdmanbob1963 (big blind) collected (20)



PokerStars Hand #248396710774: Tournament #3703981312, $1.84+$0.16 USD Hold'em No Limit - Level I (10/20) - 2024/01/20 21:48:43 CET [2024/01/20 15:48:43 ET]
Table '3703981312 1' 3-max Seat #2 is the button
Seat 1: teroristt (500 in chips) 
Seat 2: Mahu2021 (490 in chips) 
Seat 3: Birdmanbob1963 (510 in chips) 
Birdmanbob1963: posts small blind 10
teroristt: posts big blind 20
*** HOLE CARDS ***
Dealt to Mahu2021 [2c 4s]
Mahu2021: folds 
Birdmanbob1963: folds 
Uncalled bet (10) returned to teroristt
teroristt collected 20 from pot
teroristt: doesn't show hand 
*** SUMMARY ***
Total pot 20 | Rake 0 
Seat 1: teroristt (big blind) collected (20)
Seat 2: Mahu2021 (button) folded before Flop (didn't bet)
Seat 3: Birdmanbob1963 (small blind) folded before Flop



PokerStars Hand #248396714376: Tournament #3703981312, $1.84+$0.16 USD Hold'em No Limit - Level I (10/20) - 2024/01/20 21:48:52 CET [2024/01/20 15:48:52 ET]
Table '3703981312 1' 3-max Seat #3 is the button
Seat 1: teroristt (510 in chips) 
Seat 2: Mahu2021 (490 in chips) 
Seat 3: Birdmanbob1963 (500 in chips) 
teroristt: posts small blind 10
Mahu2021: posts big blind 20
*** HOLE CARDS ***
Dealt to Mahu2021 [9d Ks]
Birdmanbob1963: folds 
teroristt: calls 10
Mahu2021: checks 
*** FLOP *** [Jd Qd 8d]
teroristt: checks 
Mahu2021: checks 
*** TURN *** [Jd Qd 8d] [7d]
teroristt: checks 
Mahu2021: bets 40
teroristt: folds 
Uncalled bet (40) returned to Mahu2021
Mahu2021 collected 40 from pot
Mahu2021: doesn't show hand 
*** SUMMARY ***
Total pot 40 | Rake 0 
Board [Jd Qd 8d 7d]
Seat 1: teroristt (small blind) folded on the Turn
Seat 2: Mahu2021 (big blind) collected (40)
Seat 3: Birdmanbob1963 (button) folded before Flop (didn't bet)



PokerStars Hand #248396723752: Tournament #3703981312, $1.84+$0.16 USD Hold'em No Limit - Level I (10/20) - 2024/01/20 21:49:16 CET [2024/01/20 15:49:16 ET]
Table '3703981312 1' 3-max Seat #1 is the button
Seat 1: teroristt (490 in chips) 
Seat 2: Mahu2021 (510 in chips) 
Seat 3: Birdmanbob1963 (500 in chips) 
Mahu2021: posts small blind 10
Birdmanbob1963: posts big blind 20
*** HOLE CARDS ***
Dealt to Mahu2021 [7c 5c]
teroristt: calls 20
Mahu2021: calls 10
Birdmanbob1963: checks 
*** FLOP *** [Ah Ts 8h]
Mahu2021: checks 
Birdmanbob1963: checks 
teroristt: bets 20
Mahu2021: folds 
Birdmanbob1963: folds 
Uncalled bet (20) returned to teroristt
teroristt collected 60 from pot
teroristt: doesn't show hand 
*** SUMMARY ***
Total pot 60 | Rake 0 
Board [Ah Ts 8h]
Seat 1: teroristt (button) collected (60)
Seat 2: Mahu2021 (small blind) folded on the Flop
Seat 3: Birdmanbob1963 (big blind) folded on the Flop



PokerStars Hand #248396730566: Tournament #3703981312, $1.84+$0.16 USD Hold'em No Limit - Level I (10/20) - 2024/01/20 21:49:33 CET [2024/01/20 15:49:33 ET]
Table '3703981312 1' 3-max Seat #2 is the button
Seat 1: teroristt (530 in chips) 
Seat 2: Mahu2021 (490 in chips) 
Seat 3: Birdmanbob1963 (480 in chips) 
Birdmanbob1963: posts small blind 10
teroristt: posts big blind 20
*** HOLE CARDS ***
Dealt to Mahu2021 [4d Th]
Mahu2021: folds 
Birdmanbob1963: raises 20 to 40
teroristt: folds 
Uncalled bet (20) returned to Birdmanbob1963
Birdmanbob1963 collected 40 from pot
*** SUMMARY ***
Total pot 40 | Rake 0 
Seat 1: teroristt (big blind) folded before Flop
Seat 2: Mahu2021 (button) folded before Flop (didn't bet)
Seat 3: Birdmanbob1963 (small blind) collected (40)



PokerStars Hand #248396734346: Tournament #3703981312, $1.84+$0.16 USD Hold'em No Limit - Level I (10/20) - 2024/01/20 21:49:42 CET [2024/01/20 15:49:42 ET]
Table '3703981312 1' 3-max Seat #3 is the button
Seat 1: teroristt (510 in chips) 
Seat 2: Mahu2021 (490 in chips) 
Seat 3: Birdmanbob1963 (500 in chips) 
teroristt: posts small blind 10
Mahu2021: posts big blind 20
*** HOLE CARDS ***
Dealt to Mahu2021 [Kd As]
Birdmanbob1963: raises 20 to 40
teroristt: calls 30
Mahu2021: calls 20
*** FLOP *** [8d 3s Js]
teroristt: bets 20
Mahu2021: calls 20
Birdmanbob1963: calls 20
*** TURN *** [8d 3s Js] [4h]
teroristt: bets 20
Mahu2021: folds 
Birdmanbob1963: folds 
Uncalled bet (20) returned to teroristt
teroristt collected 180 from pot
teroristt: doesn't show hand 
*** SUMMARY ***
Total pot 180 | Rake 0 
Board [8d 3s Js 4h]
Seat 1: teroristt (small blind) collected (180)
Seat 2: Mahu2021 (big blind) folded on the Turn
Seat 3: Birdmanbob1963 (button) folded on the Turn



PokerStars Hand #248396741382: Tournament #3703981312, $1.84+$0.16 USD Hold'em No Limit - Level I (10/20) - 2024/01/20 21:50:00 CET [2024/01/20 15:50:00 ET]
Table '3703981312 1' 3-max Seat #1 is the button
Seat 1: teroristt (630 in chips) 
Seat 2: Mahu2021 (430 in chips) 
Seat 3: Birdmanbob1963 (440 in chips) 
Mahu2021: posts small blind 10
Birdmanbob1963: posts big blind 20
*** HOLE CARDS ***
Dealt to Mahu2021 [Th 2c]
teroristt: calls 20
Mahu2021: folds 
Birdmanbob1963: checks 
*** FLOP *** [Qd 4s Tc]
Birdmanbob1963: checks 
teroristt: checks 
*** TURN *** [Qd 4s Tc] [Ad]
Birdmanbob1963: checks 
teroristt: bets 20
Birdmanbob1963: calls 20
*** RIVER *** [Qd 4s Tc Ad] [3c]
Birdmanbob1963: checks 
teroristt: bets 20
Birdmanbob1963: folds 
Uncalled bet (20) returned to teroristt
teroristt collected 90 from pot
teroristt: doesn't show hand 
*** SUMMARY ***
Total pot 90 | Rake 0 
Board [Qd 4s Tc Ad 3c]
Seat 1: teroristt (button) collected (90)
Seat 2: Mahu2021 (small blind) folded before Flop
Seat 3: Birdmanbob1963 (big blind) folded on the River



PokerStars Hand #248396748935: Tournament #3703981312, $1.84+$0.16 USD Hold'em No Limit - Level I (10/20) - 2024/01/20 21:50:18 CET [2024/01/20 15:50:18 ET]
Table '3703981312 1' 3-max Seat #2 is the button
Seat 1: teroristt (680 in chips) 
Seat 2: Mahu2021 (420 in chips) 
Seat 3: Birdmanbob1963 (400 in chips) 
Birdmanbob1963: posts small blind 10
teroristt: posts big blind 20
*** HOLE CARDS ***
Dealt to Mahu2021 [Td 9s]
Mahu2021: folds 
Birdmanbob1963: calls 10
teroristt: checks 
*** FLOP *** [5s Ks Tc]
Birdmanbob1963: checks 
teroristt: checks 
*** TURN *** [5s Ks Tc] [4s]
Birdmanbob1963: checks 
teroristt: checks 
*** RIVER *** [5s Ks Tc 4s] [Ts]
Birdmanbob1963: checks 
teroristt: checks 
*** SHOW DOWN ***
Birdmanbob1963: shows [2c 4c] (two pair, Tens and Fours)
teroristt: mucks hand 
Birdmanbob1963 collected 40 from pot
*** SUMMARY ***
Total pot 40 | Rake 0 
Board [5s Ks Tc 4s Ts]
Seat 1: teroristt (big blind) mucked [Ac 8d]
Seat 2: Mahu2021 (button) folded before Flop (didn't bet)
Seat 3: Birdmanbob1963 (small blind) showed [2c 4c] and won (40) with two pair, Tens and Fours



PokerStars Hand #248396756143: Tournament #3703981312, $1.84+$0.16 USD Hold'em No Limit - Level II (15/30) - 2024/01/20 21:50:36 CET [2024/01/20 15:50:36 ET]
Table '3703981312 1' 3-max Seat #3 is the button
Seat 1: teroristt (660 in chips) 
Seat 2: Mahu2021 (420 in chips) 
Seat 3: Birdmanbob1963 (420 in chips) 
teroristt: posts small blind 15
Mahu2021: posts big blind 30
*** HOLE CARDS ***
Dealt to Mahu2021 [8c Kc]
Birdmanbob1963: folds 
teroristt: calls 15
Mahu2021: checks 
*** FLOP *** [5s Qh 2d]
teroristt: bets 30
Mahu2021: folds 
Uncalled bet (30) returned to teroristt
teroristt collected 60 from pot
teroristt: doesn't show hand 
*** SUMMARY ***
Total pot 60 | Rake 0 
Board [5s Qh 2d]
Seat 1: teroristt (small blind) collected (60)
Seat 2: Mahu2021 (big blind) folded on the Flop
Seat 3: Birdmanbob1963 (button) folded before Flop (didn't bet)



PokerStars Hand #248396760625: Tournament #3703981312, $1.84+$0.16 USD Hold'em No Limit - Level II (15/30) - 2024/01/20 21:50:47 CET [2024/01/20 15:50:47 ET]
Table '3703981312 1' 3-max Seat #1 is the button
Seat 1: teroristt (690 in chips) 
Seat 2: Mahu2021 (390 in chips) 
Seat 3: Birdmanbob1963 (420 in chips) 
Mahu2021: posts small blind 15
Birdmanbob1963: posts big blind 30
*** HOLE CARDS ***
Dealt to Mahu2021 [Jc 6s]
teroristt: folds 
Mahu2021: folds 
Uncalled bet (15) returned to Birdmanbob1963
Birdmanbob1963 collected 30 from pot
*** SUMMARY ***
Total pot 30 | Rake 0 
Seat 1: teroristt (button) folded before Flop (didn't bet)
Seat 2: Mahu2021 (small blind) folded before Flop
Seat 3: Birdmanbob1963 (big blind) collected (30)



PokerStars Hand #248396762691: Tournament #3703981312, $1.84+$0.16 USD Hold'em No Limit - Level II (15/30) - 2024/01/20 21:50:53 CET [2024/01/20 15:50:53 ET]
Table '3703981312 1' 3-max Seat #2 is the button
Seat 1: teroristt (690 in chips) 
Seat 2: Mahu2021 (375 in chips) 
Seat 3: Birdmanbob1963 (435 in chips) 
Birdmanbob1963: posts small blind 15
teroristt: posts big blind 30
*** HOLE CARDS ***
Dealt to Mahu2021 [6c 7d]
Mahu2021: folds 
Birdmanbob1963: calls 15
teroristt: checks 
*** FLOP *** [7s Tc Qd]
Birdmanbob1963: bets 30
teroristt: folds 
Uncalled bet (30) returned to Birdmanbob1963
Birdmanbob1963 collected 60 from pot
*** SUMMARY ***
Total pot 60 | Rake 0 
Board [7s Tc Qd]
Seat 1: teroristt (big blind) folded on the Flop
Seat 2: Mahu2021 (button) folded before Flop (didn't bet)
Seat 3: Birdmanbob1963 (small blind) collected (60)



PokerStars Hand #248396767680: Tournament #3703981312, $1.84+$0.16 USD Hold'em No Limit - Level II (15/30) - 2024/01/20 21:51:05 CET [2024/01/20 15:51:05 ET]
Table '3703981312 1' 3-max Seat #3 is the button
Seat 1: teroristt (660 in chips) 
Seat 2: Mahu2021 (375 in chips) 
Seat 3: Birdmanbob1963 (465 in chips) 
teroristt: posts small blind 15
Mahu2021: posts big blind 30
*** HOLE CARDS ***
Dealt to Mahu2021 [8s As]
Birdmanbob1963: calls 30
teroristt: calls 15
Mahu2021: checks 
*** FLOP *** [Td 9s 6s]
teroristt: checks 
Mahu2021: bets 30
Birdmanbob1963: calls 30
teroristt: calls 30
*** TURN *** [Td 9s 6s] [4s]
teroristt: checks 
Mahu2021: bets 30
Birdmanbob1963: calls 30
teroristt: folds 
*** RIVER *** [Td 9s 6s 4s] [Ad]
Mahu2021: bets 60
Birdmanbob1963: folds 
Uncalled bet (60) returned to Mahu2021
Mahu2021 collected 240 from pot
Mahu2021: doesn't show hand 
*** SUMMARY ***
Total pot 240 | Rake 0 
Board [Td 9s 6s 4s Ad]
Seat 1: teroristt (small blind) folded on the Turn
Seat 2: Mahu2021 (big blind) collected (240)
Seat 3: Birdmanbob1963 (button) folded on the River



PokerStars Hand #248396780989: Tournament #3703981312, $1.84+$0.16 USD Hold'em No Limit - Level II (15/30) - 2024/01/20 21:51:38 CET [2024/01/20 15:51:38 ET]
Table '3703981312 1' 3-max Seat #1 is the button
Seat 1: teroristt (600 in chips) 
Seat 2: Mahu2021 (525 in chips) 
Seat 3: Birdmanbob1963 (375 in chips) 
Mahu2021: posts small blind 15
Birdmanbob1963: posts big blind 30
*** HOLE CARDS ***
Dealt to Mahu2021 [Td 7s]
teroristt: folds 
Mahu2021: folds 
Uncalled bet (15) returned to Birdmanbob1963
Birdmanbob1963 collected 30 from pot
*** SUMMARY ***
Total pot 30 | Rake 0 
Seat 1: teroristt (button) folded before Flop (didn't bet)
Seat 2: Mahu2021 (small blind) folded before Flop
Seat 3: Birdmanbob1963 (big blind) collected (30)



PokerStars Hand #248396783422: Tournament #3703981312, $1.84+$0.16 USD Hold'em No Limit - Level II (15/30) - 2024/01/20 21:51:44 CET [2024/01/20 15:51:44 ET]
Table '3703981312 1' 3-max Seat #2 is the button
Seat 1: teroristt (600 in chips) 
Seat 2: Mahu2021 (510 in chips) 
Seat 3: Birdmanbob1963 (390 in chips) 
Birdmanbob1963: posts small blind 15
teroristt: posts big blind 30
*** HOLE CARDS ***
Dealt to Mahu2021 [Tc 7d]
Mahu2021: folds 
Birdmanbob1963: calls 15
teroristt: checks 
*** FLOP *** [5s 8c 2s]
Birdmanbob1963: bets 30
teroristt: calls 30
*** TURN *** [5s 8c 2s] [Kc]
Birdmanbob1963: checks 
teroristt: checks 
*** RIVER *** [5s 8c 2s Kc] [3h]
Birdmanbob1963: bets 120
teroristt: folds 
Uncalled bet (120) returned to Birdmanbob1963
Birdmanbob1963 collected 120 from pot
*** SUMMARY ***
Total pot 120 | Rake 0 
Board [5s 8c 2s Kc 3h]
Seat 1: teroristt (big blind) folded on the River
Seat 2: Mahu2021 (button) folded before Flop (didn't bet)
Seat 3: Birdmanbob1963 (small blind) collected (120)



PokerStars Hand #248396792457: Tournament #3703981312, $1.84+$0.16 USD Hold'em No Limit - Level II (15/30) - 2024/01/20 21:52:06 CET [2024/01/20 15:52:06 ET]
Table '3703981312 1' 3-max Seat #3 is the button
Seat 1: teroristt (540 in chips) 
Seat 2: Mahu2021 (510 in chips) 
Seat 3: Birdmanbob1963 (450 in chips) 
teroristt: posts small blind 15
Mahu2021: posts big blind 30
*** HOLE CARDS ***
Dealt to Mahu2021 [Td Tc]
Birdmanbob1963: calls 30
teroristt: calls 15
Mahu2021: checks 
*** FLOP *** [2s Jd 8d]
teroristt: checks 
Mahu2021: bets 30
Birdmanbob1963: folds 
teroristt: calls 30
*** TURN *** [2s Jd 8d] [6d]
teroristt: checks 
Mahu2021: bets 30
teroristt: calls 30
*** RIVER *** [2s Jd 8d 6d] [2c]
teroristt: checks 
Mahu2021: checks 
*** SHOW DOWN ***
teroristt: shows [8c 9c] (two pair, Eights and Deuces)
Mahu2021: shows [Td Tc] (two pair, Tens and Deuces)
Mahu2021 collected 210 from pot
*** SUMMARY ***
Total pot 210 | Rake 0 
Board [2s Jd 8d 6d 2c]
Seat 1: teroristt (small blind) showed [8c 9c] and lost with two pair, Eights and Deuces
Seat 2: Mahu2021 (big blind) showed [Td Tc] and won (210) with two pair, Tens and Deuces
Seat 3: Birdmanbob1963 (button) folded on the Flop



PokerStars Hand #248396800361: Tournament #3703981312, $1.84+$0.16 USD Hold'em No Limit - Level II (15/30) - 2024/01/20 21:52:26 CET [2024/01/20 15:52:26 ET]
Table '3703981312 1' 3-max Seat #1 is the button
Seat 1: teroristt (450 in chips) 
Seat 2: Mahu2021 (630 in chips) 
Seat 3: Birdmanbob1963 (420 in chips) 
Mahu2021: posts small blind 15
Birdmanbob1963: posts big blind 30
*** HOLE CARDS ***
Dealt to Mahu2021 [8d Ah]
teroristt: folds 
Mahu2021: calls 15
Birdmanbob1963: checks 
*** FLOP *** [Qs 7h Ac]
Mahu2021: bets 30
Birdmanbob1963: calls 30
*** TURN *** [Qs 7h Ac] [7s]
Mahu2021: bets 30
Birdmanbob1963: folds 
Uncalled bet (30) returned to Mahu2021
Mahu2021 collected 120 from pot
Mahu2021: doesn't show hand 
*** SUMMARY ***
Total pot 120 | Rake 0 
Board [Qs 7h Ac 7s]
Seat 1: teroristt (button) folded before Flop (didn't bet)
Seat 2: Mahu2021 (small blind) collected (120)
Seat 3: Birdmanbob1963 (big blind) folded on the Turn



PokerStars Hand #248396806806: Tournament #3703981312, $1.84+$0.16 USD Hold'em No Limit - Level III (20/40) - 2024/01/20 21:52:42 CET [2024/01/20 15:52:42 ET]
Table '3703981312 1' 3-max Seat #2 is the button
Seat 1: teroristt (450 in chips) 
Seat 2: Mahu2021 (690 in chips) 
Seat 3: Birdmanbob1963 (360 in chips) 
Birdmanbob1963: posts small blind 20
teroristt: posts big blind 40
*** HOLE CARDS ***
Dealt to Mahu2021 [6s 9d]
Mahu2021: folds 
Birdmanbob1963: raises 40 to 80
teroristt: calls 40
*** FLOP *** [Qd 4c 5c]
Birdmanbob1963: bets 40
teroristt: folds 
Uncalled bet (40) returned to Birdmanbob1963
Birdmanbob1963 collected 160 from pot
*** SUMMARY ***
Total pot 160 | Rake 0 
Board [Qd 4c 5c]
Seat 1: teroristt (big blind) folded on the Flop
Seat 2: Mahu2021 (button) folded before Flop (didn't bet)
Seat 3: Birdmanbob1963 (small blind) collected (160)



PokerStars Hand #248396812025: Tournament #3703981312, $1.84+$0.16 USD Hold'em No Limit - Level III (20/40) - 2024/01/20 21:52:55 CET [2024/01/20 15:52:55 ET]
Table '3703981312 1' 3-max Seat #3 is the button
Seat 1: teroristt (370 in chips) 
Seat 2: Mahu2021 (690 in chips) 
Seat 3: Birdmanbob1963 (440 in chips) 
teroristt: posts small blind 20
Mahu2021: posts big blind 40
*** HOLE CARDS ***
Dealt to Mahu2021 [Jd Kc]
Birdmanbob1963: raises 40 to 80
teroristt: raises 290 to 370 and is all-in
Mahu2021: folds 
Birdmanbob1963: calls 290
*** FLOP *** [2d Ks 3d]
*** TURN *** [2d Ks 3d] [Qd]
*** RIVER *** [2d Ks 3d Qd] [2c]
*** SHOW DOWN ***
teroristt: shows [As 2h] (three of a kind, Deuces)
Birdmanbob1963: shows [Qs Kd] (two pair, Kings and Queens)
teroristt collected 780 from pot
*** SUMMARY ***
Total pot 780 | Rake 0 
Board [2d Ks 3d Qd 2c]
Seat 1: teroristt (small blind) showed [As 2h] and won (780) with three of a kind, Deuces
Seat 2: Mahu2021 (big blind) folded before Flop
Seat 3: Birdmanbob1963 (button) showed [Qs Kd] and lost with two pair, Kings and Queens



PokerStars Hand #248396819347: Tournament #3703981312, $1.84+$0.16 USD Hold'em No Limit - Level III (20/40) - 2024/01/20 21:53:13 CET [2024/01/20 15:53:13 ET]
Table '3703981312 1' 3-max Seat #1 is the button
Seat 1: teroristt (780 in chips) 
Seat 2: Mahu2021 (650 in chips) 
Seat 3: Birdmanbob1963 (70 in chips) 
Mahu2021: posts small blind 20
Birdmanbob1963: posts big blind 40
*** HOLE CARDS ***
Dealt to Mahu2021 [9s 5c]
teroristt: folds 
Mahu2021: folds 
Uncalled bet (20) returned to Birdmanbob1963
Birdmanbob1963 collected 40 from pot
*** SUMMARY ***
Total pot 40 | Rake 0 
Seat 1: teroristt (button) folded before Flop (didn't bet)
Seat 2: Mahu2021 (small blind) folded before Flop
Seat 3: Birdmanbob1963 (big blind) collected (40)



PokerStars Hand #248396821394: Tournament #3703981312, $1.84+$0.16 USD Hold'em No Limit - Level III (20/40) - 2024/01/20 21:53:18 CET [2024/01/20 15:53:18 ET]
Table '3703981312 1' 3-max Seat #2 is the button
Seat 1: teroristt (780 in chips) 
Seat 2: Mahu2021 (630 in chips) 
Seat 3: Birdmanbob1963 (90 in chips) 
Birdmanbob1963: posts small blind 20
teroristt: posts big blind 40
*** HOLE CARDS ***
Dealt to Mahu2021 [2h Js]
Mahu2021: folds 
Birdmanbob1963: raises 50 to 90 and is all-in
teroristt: calls 50
*** FLOP *** [5c 8s 6d]
*** TURN *** [5c 8s 6d] [8d]
*** RIVER *** [5c 8s 6d 8d] [Ks]
*** SHOW DOWN ***
Birdmanbob1963: shows [3s Ac] (a pair of Eights)
teroristt: shows [2d Qc] (a pair of Eights - lower kicker)
Birdmanbob1963 collected 180 from pot
*** SUMMARY ***
Total pot 180 | Rake 0 
Board [5c 8s 6d 8d Ks]
Seat 1: teroristt (big blind) showed [2d Qc] and lost with a pair of Eights
Seat 2: Mahu2021 (button) folded before Flop (didn't bet)
Seat 3: Birdmanbob1963 (small blind) showed [3s Ac] and won (180) with a pair of Eights



PokerStars Hand #248396827452: Tournament #3703981312, $1.84+$0.16 USD Hold'em No Limit - Level III (20/40) - 2024/01/20 21:53:33 CET [2024/01/20 15:53:33 ET]
Table '3703981312 1' 3-max Seat #3 is the button
Seat 1: teroristt (690 in chips) 
Seat 2: Mahu2021 (630 in chips) 
Seat 3: Birdmanbob1963 (180 in chips) 
teroristt: posts small blind 20
Mahu2021: posts big blind 40
*** HOLE CARDS ***
Dealt to Mahu2021 [8s Ks]
Birdmanbob1963: folds 
teroristt: calls 20
Mahu2021: checks 
*** FLOP *** [7d 6h Kc]
teroristt: checks 
Mahu2021: checks 
*** TURN *** [7d 6h Kc] [Qd]
teroristt: checks 
Mahu2021: checks 
*** RIVER *** [7d 6h Kc Qd] [9d]
teroristt: checks 
Mahu2021: bets 80
teroristt: folds 
Uncalled bet (80) returned to Mahu2021
Mahu2021 collected 80 from pot
Mahu2021: doesn't show hand 
*** SUMMARY ***
Total pot 80 | Rake 0 
Board [7d 6h Kc Qd 9d]
Seat 1: teroristt (small blind) folded on the River
Seat 2: Mahu2021 (big blind) collected (80)
Seat 3: Birdmanbob1963 (button) folded before Flop (didn't bet)



PokerStars Hand #248396835818: Tournament #3703981312, $1.84+$0.16 USD Hold'em No Limit - Level III (20/40) - 2024/01/20 21:53:54 CET [2024/01/20 15:53:54 ET]
Table '3703981312 1' 3-max Seat #1 is the button
Seat 1: teroristt (650 in chips) 
Seat 2: Mahu2021 (670 in chips) 
Seat 3: Birdmanbob1963 (180 in chips) 
Mahu2021: posts small blind 20
Birdmanbob1963: posts big blind 40
*** HOLE CARDS ***
Dealt to Mahu2021 [4c 8d]
teroristt: folds 
Mahu2021: folds 
Uncalled bet (20) returned to Birdmanbob1963
Birdmanbob1963 collected 40 from pot
*** SUMMARY ***
Total pot 40 | Rake 0 
Seat 1: teroristt (button) folded before Flop (didn't bet)
Seat 2: Mahu2021 (small blind) folded before Flop
Seat 3: Birdmanbob1963 (big blind) collected (40)



PokerStars Hand #248396837841: Tournament #3703981312, $1.84+$0.16 USD Hold'em No Limit - Level III (20/40) - 2024/01/20 21:53:59 CET [2024/01/20 15:53:59 ET]
Table '3703981312 1' 3-max Seat #2 is the button
Seat 1: teroristt (650 in chips) 
Seat 2: Mahu2021 (650 in chips) 
Seat 3: Birdmanbob1963 (200 in chips) 
Birdmanbob1963: posts small blind 20
teroristt: posts big blind 40
*** HOLE CARDS ***
Dealt to Mahu2021 [9d 7s]
Mahu2021: folds 
Birdmanbob1963: raises 160 to 200 and is all-in
teroristt: folds 
Uncalled bet (160) returned to Birdmanbob1963
Birdmanbob1963 collected 80 from pot
*** SUMMARY ***
Total pot 80 | Rake 0 
Seat 1: teroristt (big blind) folded before Flop
Seat 2: Mahu2021 (button) folded before Flop (didn't bet)
Seat 3: Birdmanbob1963 (small blind) collected (80)



PokerStars Hand #248396841190: Tournament #3703981312, $1.84+$0.16 USD Hold'em No Limit - Level III (20/40) - 2024/01/20 21:54:07 CET [2024/01/20 15:54:07 ET]
Table '3703981312 1' 3-max Seat #3 is the button
Seat 1: teroristt (610 in chips) 
Seat 2: Mahu2021 (650 in chips) 
Seat 3: Birdmanbob1963 (240 in chips) 
teroristt: posts small blind 20
Mahu2021: posts big blind 40
*** HOLE CARDS ***
Dealt to Mahu2021 [6d 3d]
Birdmanbob1963: calls 40
teroristt: raises 570 to 610 and is all-in
Mahu2021: folds 
Birdmanbob1963: calls 200 and is all-in
Uncalled bet (370) returned to teroristt
*** FLOP *** [4s Qc 2h]
*** TURN *** [4s Qc 2h] [As]
*** RIVER *** [4s Qc 2h As] [Jd]
*** SHOW DOWN ***
teroristt: shows [Ad 2d] (two pair, Aces and Deuces)
Birdmanbob1963: shows [Qs Td] (a pair of Queens)
teroristt collected 520 from pot
Birdmanbob1963 finished the tournament in 3rd place
*** SUMMARY ***
Total pot 520 | Rake 0 
Board [4s Qc 2h As Jd]
Seat 1: teroristt (small blind) showed [Ad 2d] and won (520) with two pair, Aces and Deuces
Seat 2: Mahu2021 (big blind) folded before Flop
Seat 3: Birdmanbob1963 (button) showed [Qs Td] and lost with a pair of Queens



PokerStars Hand #248396851715: Tournament #3703981312, $1.84+$0.16 USD Hold'em No Limit - Level III (20/40) - 2024/01/20 21:54:34 CET [2024/01/20 15:54:34 ET]
Table '3703981312 1' 3-max Seat #2 is the button
Seat 1: teroristt (890 in chips) 
Seat 2: Mahu2021 (610 in chips) 
Mahu2021: posts small blind 20
teroristt: posts big blind 40
*** HOLE CARDS ***
Dealt to Mahu2021 [6h Js]
Mahu2021: calls 20
teroristt: checks 
*** FLOP *** [3s 5c 7c]
teroristt: checks 
Mahu2021: bets 40
teroristt: folds 
Uncalled bet (40) returned to Mahu2021
Mahu2021 collected 80 from pot
Mahu2021: doesn't show hand 
*** SUMMARY ***
Total pot 80 | Rake 0 
Board [3s 5c 7c]
Seat 1: teroristt (big blind) folded on the Flop
Seat 2: Mahu2021 (button) (small blind) collected (80)



PokerStars Hand #248396857573: Tournament #3703981312, $1.84+$0.16 USD Hold'em No Limit - Level IV (30/60) - 2024/01/20 21:54:48 CET [2024/01/20 15:54:48 ET]
Table '3703981312 1' 3-max Seat #1 is the button
Seat 1: teroristt (850 in chips) 
Seat 2: Mahu2021 (650 in chips) 
teroristt: posts small blind 30
Mahu2021: posts big blind 60
*** HOLE CARDS ***
Dealt to Mahu2021 [3h 4s]
teroristt: raises 790 to 850 and is all-in
Mahu2021: folds 
Uncalled bet (790) returned to teroristt
teroristt collected 120 from pot
teroristt: doesn't show hand 
*** SUMMARY ***
Total pot 120 | Rake 0 
Seat 1: teroristt (button) (small blind) collected (120)
Seat 2: Mahu2021 (big blind) folded before Flop



PokerStars Hand #248396860361: Tournament #3703981312, $1.84+$0.16 USD Hold'em No Limit - Level IV (30/60) - 2024/01/20 21:54:56 CET [2024/01/20 15:54:56 ET]
Table '3703981312 1' 3-max Seat #2 is the button
Seat 1: teroristt (910 in chips) 
Seat 2: Mahu2021 (590 in chips) 
Mahu2021: posts small blind 30
teroristt: posts big blind 60
*** HOLE CARDS ***
Dealt to Mahu2021 [Jd 5s]
Mahu2021: calls 30
teroristt: raises 120 to 180
Mahu2021: folds 
Uncalled bet (120) returned to teroristt
teroristt collected 120 from pot
teroristt: doesn't show hand 
*** SUMMARY ***
Total pot 120 | Rake 0 
Seat 1: teroristt (big blind) collected (120)
Seat 2: Mahu2021 (button) (small blind) folded before Flop



PokerStars Hand #248396863329: Tournament #3703981312, $1.84+$0.16 USD Hold'em No Limit - Level IV (30/60) - 2024/01/20 21:55:04 CET [2024/01/20 15:55:04 ET]
Table '3703981312 1' 3-max Seat #1 is the button
Seat 1: teroristt (970 in chips) 
Seat 2: Mahu2021 (530 in chips) 
teroristt: posts small blind 30
Mahu2021: posts big blind 60
*** HOLE CARDS ***
Dealt to Mahu2021 [7c Qc]
teroristt: calls 30
Mahu2021: checks 
*** FLOP *** [4c 8d 8h]
Mahu2021: checks 
teroristt: bets 60
Mahu2021: folds 
Uncalled bet (60) returned to teroristt
teroristt collected 120 from pot
teroristt: doesn't show hand 
*** SUMMARY ***
Total pot 120 | Rake 0 
Board [4c 8d 8h]
Seat 1: teroristt (button) (small blind) collected (120)
Seat 2: Mahu2021 (big blind) folded on the Flop



PokerStars Hand #248396865996: Tournament #3703981312, $1.84+$0.16 USD Hold'em No Limit - Level IV (30/60) - 2024/01/20 21:55:14 CET [2024/01/20 15:55:14 ET]
Table '3703981312 1' 3-max Seat #2 is the button
Seat 1: teroristt (1030 in chips) 
Seat 2: Mahu2021 (470 in chips) 
Mahu2021: posts small blind 30
teroristt: posts big blind 60
*** HOLE CARDS ***
Dealt to Mahu2021 [Th 7d]
Mahu2021: folds 
Uncalled bet (30) returned to teroristt
teroristt collected 60 from pot
teroristt: doesn't show hand 
*** SUMMARY ***
Total pot 60 | Rake 0 
Seat 1: teroristt (big blind) collected (60)
Seat 2: Mahu2021 (button) (small blind) folded before Flop



PokerStars Hand #248396867236: Tournament #3703981312, $1.84+$0.16 USD Hold'em No Limit - Level IV (30/60) - 2024/01/20 21:55:18 CET [2024/01/20 15:55:18 ET]
Table '3703981312 1' 3-max Seat #1 is the button
Seat 1: teroristt (1060 in chips) 
Seat 2: Mahu2021 (440 in chips) 
teroristt: posts small blind 30
Mahu2021: posts big blind 60
*** HOLE CARDS ***
Dealt to Mahu2021 [Td 9h]
teroristt: calls 30
Mahu2021: checks 
*** FLOP *** [Qh Jc 3c]
Mahu2021: checks 
teroristt: checks 
*** TURN *** [Qh Jc 3c] [3d]
Mahu2021: bets 120
teroristt: folds 
Uncalled bet (120) returned to Mahu2021
Mahu2021 collected 120 from pot
Mahu2021: doesn't show hand 
*** SUMMARY ***
Total pot 120 | Rake 0 
Board [Qh Jc 3c 3d]
Seat 1: teroristt (button) (small blind) folded on the Turn
Seat 2: Mahu2021 (big blind) collected (120)



PokerStars Hand #248396871697: Tournament #3703981312, $1.84+$0.16 USD Hold'em No Limit - Level IV (30/60) - 2024/01/20 21:55:35 CET [2024/01/20 15:55:35 ET]
Table '3703981312 1' 3-max Seat #2 is the button
Seat 1: teroristt (1000 in chips) 
Seat 2: Mahu2021 (500 in chips) 
Mahu2021: posts small blind 30
teroristt: posts big blind 60
*** HOLE CARDS ***
Dealt to Mahu2021 [7h 6s]
Mahu2021: calls 30
teroristt: checks 
*** FLOP *** [7c Ts Kd]
teroristt: checks 
Mahu2021: bets 60
teroristt: calls 60
*** TURN *** [7c Ts Kd] [Th]
teroristt: checks 
Mahu2021: bets 380 and is all-in
teroristt: folds 
Uncalled bet (380) returned to Mahu2021
Mahu2021 collected 240 from pot
Mahu2021: doesn't show hand 
*** SUMMARY ***
Total pot 240 | Rake 0 
Board [7c Ts Kd Th]
Seat 1: teroristt (big blind) folded on the Turn
Seat 2: Mahu2021 (button) (small blind) collected (240)



PokerStars Hand #248396875998: Tournament #3703981312, $1.84+$0.16 USD Hold'em No Limit - Level IV (30/60) - 2024/01/20 21:55:52 CET [2024/01/20 15:55:52 ET]
Table '3703981312 1' 3-max Seat #1 is the button
Seat 1: teroristt (880 in chips) 
Seat 2: Mahu2021 (620 in chips) 
teroristt: posts small blind 30
Mahu2021: posts big blind 60
*** HOLE CARDS ***
Dealt to Mahu2021 [5s Jh]
teroristt: raises 820 to 880 and is all-in
Mahu2021: folds 
Uncalled bet (820) returned to teroristt
teroristt collected 120 from pot
teroristt: doesn't show hand 
*** SUMMARY ***
Total pot 120 | Rake 0 
Seat 1: teroristt (button) (small blind) collected (120)
Seat 2: Mahu2021 (big blind) folded before Flop



PokerStars Hand #248396877806: Tournament #3703981312, $1.84+$0.16 USD Hold'em No Limit - Level IV (30/60) - 2024/01/20 21:55:58 CET [2024/01/20 15:55:58 ET]
Table '3703981312 1' 3-max Seat #2 is the button
Seat 1: teroristt (940 in chips) 
Seat 2: Mahu2021 (560 in chips) 
Mahu2021: posts small blind 30
teroristt: posts big blind 60
*** HOLE CARDS ***
Dealt to Mahu2021 [8h 3d]
Mahu2021: folds 
Uncalled bet (30) returned to teroristt
teroristt collected 60 from pot
teroristt: doesn't show hand 
*** SUMMARY ***
Total pot 60 | Rake 0 
Seat 1: teroristt (big blind) collected (60)
Seat 2: Mahu2021 (button) (small blind) folded before Flop



PokerStars Hand #248396878901: Tournament #3703981312, $1.84+$0.16 USD Hold'em No Limit - Level IV (30/60) - 2024/01/20 21:56:02 CET [2024/01/20 15:56:02 ET]
Table '3703981312 1' 3-max Seat #1 is the button
Seat 1: teroristt (970 in chips) 
Seat 2: Mahu2021 (530 in chips) 
teroristt: posts small blind 30
Mahu2021: posts big blind 60
*** HOLE CARDS ***
Dealt to Mahu2021 [Js 2c]
teroristt: raises 910 to 970 and is all-in
Mahu2021: folds 
Uncalled bet (910) returned to teroristt
teroristt collected 120 from pot
teroristt: doesn't show hand 
*** SUMMARY ***
Total pot 120 | Rake 0 
Seat 1: teroristt (button) (small blind) collected (120)
Seat 2: Mahu2021 (big blind) folded before Flop



PokerStars Hand #248396880676: Tournament #3703981312, $1.84+$0.16 USD Hold'em No Limit - Level IV (30/60) - 2024/01/20 21:56:09 CET [2024/01/20 15:56:09 ET]
Table '3703981312 1' 3-max Seat #2 is the button
Seat 1: teroristt (1030 in chips) 
Seat 2: Mahu2021 (470 in chips) 
Mahu2021: posts small blind 30
teroristt: posts big blind 60
*** HOLE CARDS ***
Dealt to Mahu2021 [8c 6d]
Mahu2021: folds 
Uncalled bet (30) returned to teroristt
teroristt collected 60 from pot
teroristt: doesn't show hand 
*** SUMMARY ***
Total pot 60 | Rake 0 
Seat 1: teroristt (big blind) collected (60)
Seat 2: Mahu2021 (button) (small blind) folded before Flop



PokerStars Hand #248396881792: Tournament #3703981312, $1.84+$0.16 USD Hold'em No Limit - Level IV (30/60) - 2024/01/20 21:56:14 CET [2024/01/20 15:56:14 ET]
Table '3703981312 1' 3-max Seat #1 is the button
Seat 1: teroristt (1060 in chips) 
Seat 2: Mahu2021 (440 in chips) 
teroristt: posts small blind 30
Mahu2021: posts big blind 60
*** HOLE CARDS ***
Dealt to Mahu2021 [Kh Kd]
teroristt: calls 30
Mahu2021: raises 60 to 120
teroristt: calls 60
*** FLOP *** [7c 4d Qs]
Mahu2021: bets 320 and is all-in
teroristt: calls 320
*** TURN *** [7c 4d Qs] [7h]
*** RIVER *** [7c 4d Qs 7h] [3s]
*** SHOW DOWN ***
Mahu2021: shows [Kh Kd] (two pair, Kings and Sevens)
teroristt: shows [Ac As] (two pair, Aces and Sevens)
teroristt collected 880 from pot
Mahu2021 finished the tournament in 2nd place
teroristt wins the tournament and receives $4.00 - congratulations!
*** SUMMARY ***
Total pot 880 | Rake 0 
Board [7c 4d Qs 7h 3s]
Seat 1: teroristt (button) (small blind) showed [Ac As] and won (880) with two pair, Aces and Sevens
Seat 2: Mahu2021 (big blind) showed [Kh Kd] and lost with two pair, Kings and Sevens



