PokerStars Hand #245444172058: Tournament #3632630730, $0.92+$0.08 USD Hold'em No Limit - Level I (10/20) - 2023/08/17 20:32:45 CET [2023/08/17 14:32:45 ET]
Table '3632630730 1' 3-max Seat #1 is the button
Seat 1: RavExtreme (500 in chips) 
Seat 2: FLD0000 (500 in chips) 
Seat 3: Mahu2021 (500 in chips) 
FLD0000: posts small blind 10
Mahu2021: posts big blind 20
*** HOLE CARDS ***
Dealt to Mahu2021 [Ac 4h]
RavExtreme: folds 
FLD0000: raises 40 to 60
Mahu2021: calls 40
*** FLOP *** [Qs Td Jd]
FLD0000: checks 
Mahu2021: checks 
*** TURN *** [Qs Td Jd] [Kc]
FLD0000: bets 60
Mahu2021: calls 60
*** RIVER *** [Qs Td Jd Kc] [5s]
FLD0000: checks 
Mahu2021: bets 60
FLD0000: folds 
Uncalled bet (60) returned to Mahu2021
Mahu2021 collected 240 from pot
Mahu2021: doesn't show hand 
*** SUMMARY ***
Total pot 240 | Rake 0 
Board [Qs Td Jd Kc 5s]
Seat 1: RavExtreme (button) folded before Flop (didn't bet)
Seat 2: FLD0000 (small blind) folded on the River
Seat 3: Mahu2021 (big blind) collected (240)



PokerStars Hand #245444181158: Tournament #3632630730, $0.92+$0.08 USD Hold'em No Limit - Level I (10/20) - 2023/08/17 20:33:15 CET [2023/08/17 14:33:15 ET]
Table '3632630730 1' 3-max Seat #2 is the button
Seat 1: RavExtreme (500 in chips) 
Seat 2: FLD0000 (380 in chips) 
Seat 3: Mahu2021 (620 in chips) 
Mahu2021: posts small blind 10
RavExtreme: posts big blind 20
*** HOLE CARDS ***
Dealt to Mahu2021 [3s 7c]
FLD0000: calls 20
Mahu2021: folds 
RavExtreme: checks 
*** FLOP *** [5c 9s Jh]
RavExtreme: checks 
FLD0000: bets 25
RavExtreme: calls 25
*** TURN *** [5c 9s Jh] [Ah]
RavExtreme: checks 
FLD0000: checks 
*** RIVER *** [5c 9s Jh Ah] [Ks]
RavExtreme: checks 
FLD0000: bets 100
RavExtreme: folds 
Uncalled bet (100) returned to FLD0000
FLD0000 collected 100 from pot
*** SUMMARY ***
Total pot 100 | Rake 0 
Board [5c 9s Jh Ah Ks]
Seat 1: RavExtreme (big blind) folded on the River
Seat 2: FLD0000 (button) collected (100)
Seat 3: Mahu2021 (small blind) folded before Flop



PokerStars Hand #245444194981: Tournament #3632630730, $0.92+$0.08 USD Hold'em No Limit - Level I (10/20) - 2023/08/17 20:34:01 CET [2023/08/17 14:34:01 ET]
Table '3632630730 1' 3-max Seat #3 is the button
Seat 1: RavExtreme (455 in chips) 
Seat 2: FLD0000 (435 in chips) 
Seat 3: Mahu2021 (610 in chips) 
RavExtreme: posts small blind 10
FLD0000: posts big blind 20
*** HOLE CARDS ***
Dealt to Mahu2021 [5c 2h]
Mahu2021: folds 
RavExtreme: folds 
Uncalled bet (10) returned to FLD0000
FLD0000 collected 20 from pot
*** SUMMARY ***
Total pot 20 | Rake 0 
Seat 1: RavExtreme (small blind) folded before Flop
Seat 2: FLD0000 (big blind) collected (20)
Seat 3: Mahu2021 (button) folded before Flop (didn't bet)



PokerStars Hand #245444196981: Tournament #3632630730, $0.92+$0.08 USD Hold'em No Limit - Level I (10/20) - 2023/08/17 20:34:08 CET [2023/08/17 14:34:08 ET]
Table '3632630730 1' 3-max Seat #1 is the button
Seat 1: RavExtreme (445 in chips) 
Seat 2: FLD0000 (445 in chips) 
Seat 3: Mahu2021 (610 in chips) 
FLD0000: posts small blind 10
Mahu2021: posts big blind 20
*** HOLE CARDS ***
Dealt to Mahu2021 [Ks 3h]
RavExtreme: raises 20 to 40
FLD0000: raises 100 to 140
Mahu2021: folds 
RavExtreme: folds 
Uncalled bet (100) returned to FLD0000
FLD0000 collected 100 from pot
FLD0000: shows [Jh Js] (a pair of Jacks)
*** SUMMARY ***
Total pot 100 | Rake 0 
Seat 1: RavExtreme (button) folded before Flop
Seat 2: FLD0000 (small blind) collected (100)
Seat 3: Mahu2021 (big blind) folded before Flop



PokerStars Hand #245444201939: Tournament #3632630730, $0.92+$0.08 USD Hold'em No Limit - Level I (10/20) - 2023/08/17 20:34:25 CET [2023/08/17 14:34:25 ET]
Table '3632630730 1' 3-max Seat #2 is the button
Seat 1: RavExtreme (405 in chips) 
Seat 2: FLD0000 (505 in chips) 
Seat 3: Mahu2021 (590 in chips) 
Mahu2021: posts small blind 10
RavExtreme: posts big blind 20
*** HOLE CARDS ***
Dealt to Mahu2021 [5c 7h]
FLD0000: folds 
Mahu2021: folds 
Uncalled bet (10) returned to RavExtreme
RavExtreme collected 20 from pot
RavExtreme: doesn't show hand 
*** SUMMARY ***
Total pot 20 | Rake 0 
Seat 1: RavExtreme (big blind) collected (20)
Seat 2: FLD0000 (button) folded before Flop (didn't bet)
Seat 3: Mahu2021 (small blind) folded before Flop



PokerStars Hand #245444203653: Tournament #3632630730, $0.92+$0.08 USD Hold'em No Limit - Level I (10/20) - 2023/08/17 20:34:31 CET [2023/08/17 14:34:31 ET]
Table '3632630730 1' 3-max Seat #3 is the button
Seat 1: RavExtreme (415 in chips) 
Seat 2: FLD0000 (505 in chips) 
Seat 3: Mahu2021 (580 in chips) 
RavExtreme: posts small blind 10
FLD0000: posts big blind 20
*** HOLE CARDS ***
Dealt to Mahu2021 [3d Jh]
Mahu2021: folds 
RavExtreme: raises 20 to 40
FLD0000: raises 80 to 120
RavExtreme: calls 80
*** FLOP *** [6c 8s 7d]
RavExtreme: checks 
FLD0000: bets 385 and is all-in
RavExtreme: folds 
Uncalled bet (385) returned to FLD0000
FLD0000 collected 240 from pot
FLD0000: shows [9d 9h] (a pair of Nines)
*** SUMMARY ***
Total pot 240 | Rake 0 
Board [6c 8s 7d]
Seat 1: RavExtreme (small blind) folded on the Flop
Seat 2: FLD0000 (big blind) collected (240)
Seat 3: Mahu2021 (button) folded before Flop (didn't bet)



PokerStars Hand #245444211607: Tournament #3632630730, $0.92+$0.08 USD Hold'em No Limit - Level II (15/30) - 2023/08/17 20:34:57 CET [2023/08/17 14:34:57 ET]
Table '3632630730 1' 3-max Seat #1 is the button
Seat 1: RavExtreme (295 in chips) 
Seat 2: FLD0000 (625 in chips) 
Seat 3: Mahu2021 (580 in chips) 
FLD0000: posts small blind 15
Mahu2021: posts big blind 30
*** HOLE CARDS ***
Dealt to Mahu2021 [4s 8s]
RavExtreme: folds 
FLD0000: calls 15
Mahu2021: checks 
*** FLOP *** [3d 6s 6h]
FLD0000: checks 
Mahu2021: checks 
*** TURN *** [3d 6s 6h] [Th]
FLD0000: bets 30
Mahu2021: folds 
Uncalled bet (30) returned to FLD0000
FLD0000 collected 60 from pot
FLD0000: shows [4h 6c] (three of a kind, Sixes)
*** SUMMARY ***
Total pot 60 | Rake 0 
Board [3d 6s 6h Th]
Seat 1: RavExtreme (button) folded before Flop (didn't bet)
Seat 2: FLD0000 (small blind) collected (60)
Seat 3: Mahu2021 (big blind) folded on the Turn



PokerStars Hand #245444216700: Tournament #3632630730, $0.92+$0.08 USD Hold'em No Limit - Level II (15/30) - 2023/08/17 20:35:14 CET [2023/08/17 14:35:14 ET]
Table '3632630730 1' 3-max Seat #2 is the button
Seat 1: RavExtreme (295 in chips) 
Seat 2: FLD0000 (655 in chips) 
Seat 3: Mahu2021 (550 in chips) 
Mahu2021: posts small blind 15
RavExtreme: posts big blind 30
*** HOLE CARDS ***
Dealt to Mahu2021 [2s Kc]
FLD0000: calls 30
Mahu2021: folds 
RavExtreme: checks 
*** FLOP *** [5s 3s Jh]
RavExtreme: checks 
FLD0000: checks 
*** TURN *** [5s 3s Jh] [Ac]
RavExtreme: checks 
FLD0000: checks 
*** RIVER *** [5s 3s Jh Ac] [6h]
RavExtreme: checks 
FLD0000: checks 
*** SHOW DOWN ***
RavExtreme: shows [2c 5d] (a pair of Fives)
FLD0000: mucks hand 
RavExtreme collected 75 from pot
*** SUMMARY ***
Total pot 75 | Rake 0 
Board [5s 3s Jh Ac 6h]
Seat 1: RavExtreme (big blind) showed [2c 5d] and won (75) with a pair of Fives
Seat 2: FLD0000 (button) mucked [7s 9c]
Seat 3: Mahu2021 (small blind) folded before Flop



PokerStars Hand #245444226675: Tournament #3632630730, $0.92+$0.08 USD Hold'em No Limit - Level II (15/30) - 2023/08/17 20:35:48 CET [2023/08/17 14:35:48 ET]
Table '3632630730 1' 3-max Seat #3 is the button
Seat 1: RavExtreme (340 in chips) 
Seat 2: FLD0000 (625 in chips) 
Seat 3: Mahu2021 (535 in chips) 
RavExtreme: posts small blind 15
FLD0000: posts big blind 30
*** HOLE CARDS ***
Dealt to Mahu2021 [6c 7d]
Mahu2021: calls 30
RavExtreme: calls 15
FLD0000: checks 
*** FLOP *** [Jd Qd 4s]
RavExtreme: bets 30
FLD0000: calls 30
Mahu2021: folds 
*** TURN *** [Jd Qd 4s] [Ad]
RavExtreme: checks 
FLD0000: checks 
*** RIVER *** [Jd Qd 4s Ad] [Js]
RavExtreme: bets 68
FLD0000: calls 68
*** SHOW DOWN ***
RavExtreme: shows [Jc 9d] (three of a kind, Jacks)
FLD0000: mucks hand 
RavExtreme collected 286 from pot
*** SUMMARY ***
Total pot 286 | Rake 0 
Board [Jd Qd 4s Ad Js]
Seat 1: RavExtreme (small blind) showed [Jc 9d] and won (286) with three of a kind, Jacks
Seat 2: FLD0000 (big blind) mucked [4h Ac]
Seat 3: Mahu2021 (button) folded on the Flop



PokerStars Hand #245444234543: Tournament #3632630730, $0.92+$0.08 USD Hold'em No Limit - Level II (15/30) - 2023/08/17 20:36:14 CET [2023/08/17 14:36:14 ET]
Table '3632630730 1' 3-max Seat #1 is the button
Seat 1: RavExtreme (498 in chips) 
Seat 2: FLD0000 (497 in chips) 
Seat 3: Mahu2021 (505 in chips) 
FLD0000: posts small blind 15
Mahu2021: posts big blind 30
*** HOLE CARDS ***
Dealt to Mahu2021 [5s 8s]
RavExtreme: raises 468 to 498 and is all-in
FLD0000: folds 
Mahu2021: folds 
Uncalled bet (468) returned to RavExtreme
RavExtreme collected 75 from pot
RavExtreme: doesn't show hand 
*** SUMMARY ***
Total pot 75 | Rake 0 
Seat 1: RavExtreme (button) collected (75)
Seat 2: FLD0000 (small blind) folded before Flop
Seat 3: Mahu2021 (big blind) folded before Flop



PokerStars Hand #245444236879: Tournament #3632630730, $0.92+$0.08 USD Hold'em No Limit - Level II (15/30) - 2023/08/17 20:36:22 CET [2023/08/17 14:36:22 ET]
Table '3632630730 1' 3-max Seat #2 is the button
Seat 1: RavExtreme (543 in chips) 
Seat 2: FLD0000 (482 in chips) 
Seat 3: Mahu2021 (475 in chips) 
Mahu2021: posts small blind 15
RavExtreme: posts big blind 30
*** HOLE CARDS ***
Dealt to Mahu2021 [5h Ad]
FLD0000: raises 75 to 105
Mahu2021: folds 
RavExtreme: folds 
Uncalled bet (75) returned to FLD0000
FLD0000 collected 75 from pot
FLD0000: shows [8d 8h] (a pair of Eights)
*** SUMMARY ***
Total pot 75 | Rake 0 
Seat 1: RavExtreme (big blind) folded before Flop
Seat 2: FLD0000 (button) collected (75)
Seat 3: Mahu2021 (small blind) folded before Flop



PokerStars Hand #245444239992: Tournament #3632630730, $0.92+$0.08 USD Hold'em No Limit - Level II (15/30) - 2023/08/17 20:36:32 CET [2023/08/17 14:36:32 ET]
Table '3632630730 1' 3-max Seat #3 is the button
Seat 1: RavExtreme (513 in chips) 
Seat 2: FLD0000 (527 in chips) 
Seat 3: Mahu2021 (460 in chips) 
RavExtreme: posts small blind 15
FLD0000: posts big blind 30
*** HOLE CARDS ***
Dealt to Mahu2021 [8h 2c]
Mahu2021: folds 
RavExtreme: folds 
Uncalled bet (15) returned to FLD0000
FLD0000 collected 30 from pot
*** SUMMARY ***
Total pot 30 | Rake 0 
Seat 1: RavExtreme (small blind) folded before Flop
Seat 2: FLD0000 (big blind) collected (30)
Seat 3: Mahu2021 (button) folded before Flop (didn't bet)



PokerStars Hand #245444246719: Tournament #3632630730, $0.92+$0.08 USD Hold'em No Limit - Level III (20/40) - 2023/08/17 20:36:55 CET [2023/08/17 14:36:55 ET]
Table '3632630730 1' 3-max Seat #1 is the button
Seat 1: RavExtreme (498 in chips) 
Seat 2: FLD0000 (542 in chips) 
Seat 3: Mahu2021 (460 in chips) 
FLD0000: posts small blind 20
Mahu2021: posts big blind 40
*** HOLE CARDS ***
Dealt to Mahu2021 [Jc 4d]
RavExtreme: folds 
FLD0000: calls 20
Mahu2021: checks 
*** FLOP *** [Kc Ah 4s]
FLD0000: bets 40
Mahu2021: calls 40
*** TURN *** [Kc Ah 4s] [As]
FLD0000: bets 80
Mahu2021: folds 
Uncalled bet (80) returned to FLD0000
FLD0000 collected 160 from pot
*** SUMMARY ***
Total pot 160 | Rake 0 
Board [Kc Ah 4s As]
Seat 1: RavExtreme (button) folded before Flop (didn't bet)
Seat 2: FLD0000 (small blind) collected (160)
Seat 3: Mahu2021 (big blind) folded on the Turn



PokerStars Hand #245444257721: Tournament #3632630730, $0.92+$0.08 USD Hold'em No Limit - Level III (20/40) - 2023/08/17 20:37:32 CET [2023/08/17 14:37:32 ET]
Table '3632630730 1' 3-max Seat #2 is the button
Seat 1: RavExtreme (498 in chips) 
Seat 2: FLD0000 (622 in chips) 
Seat 3: Mahu2021 (380 in chips) 
Mahu2021: posts small blind 20
RavExtreme: posts big blind 40
*** HOLE CARDS ***
Dealt to Mahu2021 [9h Ks]
FLD0000: calls 40
Mahu2021: raises 340 to 380 and is all-in
RavExtreme: folds 
FLD0000: calls 340
*** FLOP *** [5h 4s 2c]
*** TURN *** [5h 4s 2c] [5s]
*** RIVER *** [5h 4s 2c 5s] [Kd]
*** SHOW DOWN ***
Mahu2021: shows [9h Ks] (two pair, Kings and Fives)
FLD0000: shows [Td 7h] (a pair of Fives)
Mahu2021 collected 800 from pot
*** SUMMARY ***
Total pot 800 | Rake 0 
Board [5h 4s 2c 5s Kd]
Seat 1: RavExtreme (big blind) folded before Flop
Seat 2: FLD0000 (button) showed [Td 7h] and lost with a pair of Fives
Seat 3: Mahu2021 (small blind) showed [9h Ks] and won (800) with two pair, Kings and Fives



PokerStars Hand #245444263125: Tournament #3632630730, $0.92+$0.08 USD Hold'em No Limit - Level III (20/40) - 2023/08/17 20:37:50 CET [2023/08/17 14:37:50 ET]
Table '3632630730 1' 3-max Seat #3 is the button
Seat 1: RavExtreme (458 in chips) 
Seat 2: FLD0000 (242 in chips) 
Seat 3: Mahu2021 (800 in chips) 
RavExtreme: posts small blind 20
FLD0000: posts big blind 40
*** HOLE CARDS ***
Dealt to Mahu2021 [Qh 2c]
Mahu2021: folds 
RavExtreme: calls 20
FLD0000: checks 
*** FLOP *** [Ad Ah Ks]
RavExtreme: checks 
FLD0000: checks 
*** TURN *** [Ad Ah Ks] [Td]
RavExtreme: checks 
FLD0000: checks 
*** RIVER *** [Ad Ah Ks Td] [6c]
RavExtreme: checks 
FLD0000: bets 80
RavExtreme: folds 
Uncalled bet (80) returned to FLD0000
FLD0000 collected 80 from pot
FLD0000: shows [5h 3c] (a pair of Aces)
*** SUMMARY ***
Total pot 80 | Rake 0 
Board [Ad Ah Ks Td 6c]
Seat 1: RavExtreme (small blind) folded on the River
Seat 2: FLD0000 (big blind) collected (80)
Seat 3: Mahu2021 (button) folded before Flop (didn't bet)



PokerStars Hand #245444272676: Tournament #3632630730, $0.92+$0.08 USD Hold'em No Limit - Level III (20/40) - 2023/08/17 20:38:22 CET [2023/08/17 14:38:22 ET]
Table '3632630730 1' 3-max Seat #1 is the button
Seat 1: RavExtreme (418 in chips) 
Seat 2: FLD0000 (282 in chips) 
Seat 3: Mahu2021 (800 in chips) 
FLD0000: posts small blind 20
Mahu2021: posts big blind 40
*** HOLE CARDS ***
Dealt to Mahu2021 [6d Tc]
RavExtreme: raises 378 to 418 and is all-in
FLD0000: calls 262 and is all-in
Mahu2021: folds 
Uncalled bet (136) returned to RavExtreme
*** FLOP *** [2h Js Jd]
*** TURN *** [2h Js Jd] [Qc]
*** RIVER *** [2h Js Jd Qc] [5s]
*** SHOW DOWN ***
FLD0000: shows [8c 7c] (a pair of Jacks)
RavExtreme: shows [As Kc] (a pair of Jacks - Ace kicker)
RavExtreme collected 604 from pot
FLD0000 finished the tournament in 3rd place
*** SUMMARY ***
Total pot 604 | Rake 0 
Board [2h Js Jd Qc 5s]
Seat 1: RavExtreme (button) showed [As Kc] and won (604) with a pair of Jacks
Seat 2: FLD0000 (small blind) showed [8c 7c] and lost with a pair of Jacks
Seat 3: Mahu2021 (big blind) folded before Flop



PokerStars Hand #245444278043: Tournament #3632630730, $0.92+$0.08 USD Hold'em No Limit - Level III (20/40) - 2023/08/17 20:38:39 CET [2023/08/17 14:38:39 ET]
Table '3632630730 1' 3-max Seat #3 is the button
Seat 1: RavExtreme (740 in chips) 
Seat 3: Mahu2021 (760 in chips) 
Mahu2021: posts small blind 20
RavExtreme: posts big blind 40
*** HOLE CARDS ***
Dealt to Mahu2021 [9d 3d]
Mahu2021: folds 
Uncalled bet (20) returned to RavExtreme
RavExtreme collected 40 from pot
RavExtreme: doesn't show hand 
*** SUMMARY ***
Total pot 40 | Rake 0 
Seat 1: RavExtreme (big blind) collected (40)
Seat 3: Mahu2021 (button) (small blind) folded before Flop



PokerStars Hand #245444279374: Tournament #3632630730, $0.92+$0.08 USD Hold'em No Limit - Level III (20/40) - 2023/08/17 20:38:44 CET [2023/08/17 14:38:44 ET]
Table '3632630730 1' 3-max Seat #1 is the button
Seat 1: RavExtreme (760 in chips) 
Seat 3: Mahu2021 (740 in chips) 
RavExtreme: posts small blind 20
Mahu2021: posts big blind 40
*** HOLE CARDS ***
Dealt to Mahu2021 [Kc Qc]
RavExtreme: raises 40 to 80
Mahu2021: calls 40
*** FLOP *** [9d 8s 9h]
Mahu2021: checks 
RavExtreme: bets 53
Mahu2021: calls 53
*** TURN *** [9d 8s 9h] [7h]
Mahu2021: checks 
RavExtreme: bets 88
Mahu2021: calls 88
*** RIVER *** [9d 8s 9h 7h] [Kd]
Mahu2021: bets 519 and is all-in
RavExtreme: folds 
Uncalled bet (519) returned to Mahu2021
Mahu2021 collected 442 from pot
Mahu2021: doesn't show hand 
*** SUMMARY ***
Total pot 442 | Rake 0 
Board [9d 8s 9h 7h Kd]
Seat 1: RavExtreme (button) (small blind) folded on the River
Seat 3: Mahu2021 (big blind) collected (442)



PokerStars Hand #245444290755: Tournament #3632630730, $0.92+$0.08 USD Hold'em No Limit - Level IV (30/60) - 2023/08/17 20:39:22 CET [2023/08/17 14:39:22 ET]
Table '3632630730 1' 3-max Seat #3 is the button
Seat 1: RavExtreme (539 in chips) 
Seat 3: Mahu2021 (961 in chips) 
Mahu2021: posts small blind 30
RavExtreme: posts big blind 60
*** HOLE CARDS ***
Dealt to Mahu2021 [Kh Qs]
Mahu2021: raises 60 to 120
RavExtreme: folds 
Uncalled bet (60) returned to Mahu2021
Mahu2021 collected 120 from pot
Mahu2021: doesn't show hand 
*** SUMMARY ***
Total pot 120 | Rake 0 
Seat 1: RavExtreme (big blind) folded before Flop
Seat 3: Mahu2021 (button) (small blind) collected (120)



PokerStars Hand #245444292823: Tournament #3632630730, $0.92+$0.08 USD Hold'em No Limit - Level IV (30/60) - 2023/08/17 20:39:28 CET [2023/08/17 14:39:28 ET]
Table '3632630730 1' 3-max Seat #1 is the button
Seat 1: RavExtreme (479 in chips) 
Seat 3: Mahu2021 (1021 in chips) 
RavExtreme: posts small blind 30
Mahu2021: posts big blind 60
*** HOLE CARDS ***
Dealt to Mahu2021 [4c Qs]
RavExtreme: raises 419 to 479 and is all-in
Mahu2021: folds 
Uncalled bet (419) returned to RavExtreme
RavExtreme collected 120 from pot
RavExtreme: doesn't show hand 
*** SUMMARY ***
Total pot 120 | Rake 0 
Seat 1: RavExtreme (button) (small blind) collected (120)
Seat 3: Mahu2021 (big blind) folded before Flop



PokerStars Hand #245444294776: Tournament #3632630730, $0.92+$0.08 USD Hold'em No Limit - Level IV (30/60) - 2023/08/17 20:39:34 CET [2023/08/17 14:39:34 ET]
Table '3632630730 1' 3-max Seat #3 is the button
Seat 1: RavExtreme (539 in chips) 
Seat 3: Mahu2021 (961 in chips) 
Mahu2021: posts small blind 30
RavExtreme: posts big blind 60
*** HOLE CARDS ***
Dealt to Mahu2021 [Kc 9h]
Mahu2021: calls 30
RavExtreme: raises 479 to 539 and is all-in
Mahu2021: calls 479
*** FLOP *** [9c 5d 2s]
*** TURN *** [9c 5d 2s] [As]
*** RIVER *** [9c 5d 2s As] [4c]
*** SHOW DOWN ***
RavExtreme: shows [5s Ad] (two pair, Aces and Fives)
Mahu2021: shows [Kc 9h] (a pair of Nines)
RavExtreme collected 1078 from pot
*** SUMMARY ***
Total pot 1078 | Rake 0 
Board [9c 5d 2s As 4c]
Seat 1: RavExtreme (big blind) showed [5s Ad] and won (1078) with two pair, Aces and Fives
Seat 3: Mahu2021 (button) (small blind) showed [Kc 9h] and lost with a pair of Nines



PokerStars Hand #245444299852: Tournament #3632630730, $0.92+$0.08 USD Hold'em No Limit - Level IV (30/60) - 2023/08/17 20:39:51 CET [2023/08/17 14:39:51 ET]
Table '3632630730 1' 3-max Seat #1 is the button
Seat 1: RavExtreme (1078 in chips) 
Seat 3: Mahu2021 (422 in chips) 
RavExtreme: posts small blind 30
Mahu2021: posts big blind 60
*** HOLE CARDS ***
Dealt to Mahu2021 [Tc 4s]
RavExtreme: folds 
Uncalled bet (30) returned to Mahu2021
Mahu2021 collected 60 from pot
Mahu2021: doesn't show hand 
*** SUMMARY ***
Total pot 60 | Rake 0 
Seat 1: RavExtreme (button) (small blind) folded before Flop
Seat 3: Mahu2021 (big blind) collected (60)



PokerStars Hand #245444301128: Tournament #3632630730, $0.92+$0.08 USD Hold'em No Limit - Level IV (30/60) - 2023/08/17 20:39:55 CET [2023/08/17 14:39:55 ET]
Table '3632630730 1' 3-max Seat #3 is the button
Seat 1: RavExtreme (1048 in chips) 
Seat 3: Mahu2021 (452 in chips) 
Mahu2021: posts small blind 30
RavExtreme: posts big blind 60
*** HOLE CARDS ***
Dealt to Mahu2021 [7d Kh]
Mahu2021: raises 392 to 452 and is all-in
RavExtreme: calls 392
*** FLOP *** [7h 4c Th]
*** TURN *** [7h 4c Th] [7c]
*** RIVER *** [7h 4c Th 7c] [Tc]
*** SHOW DOWN ***
RavExtreme: shows [Ah 5h] (two pair, Tens and Sevens)
Mahu2021: shows [7d Kh] (a full house, Sevens full of Tens)
Mahu2021 collected 904 from pot
*** SUMMARY ***
Total pot 904 | Rake 0 
Board [7h 4c Th 7c Tc]
Seat 1: RavExtreme (big blind) showed [Ah 5h] and lost with two pair, Tens and Sevens
Seat 3: Mahu2021 (button) (small blind) showed [7d Kh] and won (904) with a full house, Sevens full of Tens



PokerStars Hand #245444305288: Tournament #3632630730, $0.92+$0.08 USD Hold'em No Limit - Level IV (30/60) - 2023/08/17 20:40:09 CET [2023/08/17 14:40:09 ET]
Table '3632630730 1' 3-max Seat #1 is the button
Seat 1: RavExtreme (596 in chips) 
Seat 3: Mahu2021 (904 in chips) 
RavExtreme: posts small blind 30
Mahu2021: posts big blind 60
*** HOLE CARDS ***
Dealt to Mahu2021 [7h 6c]
RavExtreme: folds 
Uncalled bet (30) returned to Mahu2021
Mahu2021 collected 60 from pot
Mahu2021: doesn't show hand 
*** SUMMARY ***
Total pot 60 | Rake 0 
Seat 1: RavExtreme (button) (small blind) folded before Flop
Seat 3: Mahu2021 (big blind) collected (60)



PokerStars Hand #245444306265: Tournament #3632630730, $0.92+$0.08 USD Hold'em No Limit - Level IV (30/60) - 2023/08/17 20:40:12 CET [2023/08/17 14:40:12 ET]
Table '3632630730 1' 3-max Seat #3 is the button
Seat 1: RavExtreme (566 in chips) 
Seat 3: Mahu2021 (934 in chips) 
Mahu2021: posts small blind 30
RavExtreme: posts big blind 60
*** HOLE CARDS ***
Dealt to Mahu2021 [4d Ts]
Mahu2021: folds 
Uncalled bet (30) returned to RavExtreme
RavExtreme collected 60 from pot
RavExtreme: doesn't show hand 
*** SUMMARY ***
Total pot 60 | Rake 0 
Seat 1: RavExtreme (big blind) collected (60)
Seat 3: Mahu2021 (button) (small blind) folded before Flop



PokerStars Hand #245444308181: Tournament #3632630730, $0.92+$0.08 USD Hold'em No Limit - Level IV (30/60) - 2023/08/17 20:40:18 CET [2023/08/17 14:40:18 ET]
Table '3632630730 1' 3-max Seat #1 is the button
Seat 1: RavExtreme (596 in chips) 
Seat 3: Mahu2021 (904 in chips) 
RavExtreme: posts small blind 30
Mahu2021: posts big blind 60
*** HOLE CARDS ***
Dealt to Mahu2021 [9h Qd]
RavExtreme: raises 536 to 596 and is all-in
Mahu2021: calls 536
*** FLOP *** [2s 9s Jc]
*** TURN *** [2s 9s Jc] [6s]
*** RIVER *** [2s 9s Jc 6s] [7h]
*** SHOW DOWN ***
Mahu2021: shows [9h Qd] (a pair of Nines)
RavExtreme: shows [2h Ad] (a pair of Deuces)
Mahu2021 collected 1192 from pot
RavExtreme finished the tournament in 2nd place
Mahu2021 wins the tournament and receives $2.00 - congratulations!
*** SUMMARY ***
Total pot 1192 | Rake 0 
Board [2s 9s Jc 6s 7h]
Seat 1: RavExtreme (button) (small blind) showed [2h Ad] and lost with a pair of Deuces
Seat 3: Mahu2021 (big blind) showed [9h Qd] and won (1192) with a pair of Nines



