PokerStars Hand #244768479510: Tournament #3615951946, $0.92+$0.08 USD Hold'em No Limit - Level I (10/20) - 2023/07/12 13:13:59 CET [2023/07/12 7:13:59 ET]
Table '3615951946 1' 3-max Seat #1 is the button
Seat 1: omarquiroz71 (500 in chips) 
Seat 2: Petrinator (500 in chips) 
Seat 3: Mahu2021 (500 in chips) 
Petrinator: posts small blind 10
Mahu2021: posts big blind 20
*** HOLE CARDS ***
Dealt to Mahu2021 [Qs Ac]
omarquiroz71: folds 
Petrinator: calls 10
Mahu2021: raises 40 to 60
Petrinator: calls 40
*** FLOP *** [3h 7h 4c]
Petrinator: checks 
Mahu2021: checks 
*** TURN *** [3h 7h 4c] [2d]
Petrinator: checks 
Mahu2021: bets 60
Petrinator: folds 
Uncalled bet (60) returned to Mahu2021
Mahu2021 collected 120 from pot
Mahu2021: doesn't show hand 
*** SUMMARY ***
Total pot 120 | Rake 0 
Board [3h 7h 4c 2d]
Seat 1: omarquiroz71 (button) folded before Flop (didn't bet)
Seat 2: Petrinator (small blind) folded on the Turn
Seat 3: Mahu2021 (big blind) collected (120)



PokerStars Hand #244768487870: Tournament #3615951946, $0.92+$0.08 USD Hold'em No Limit - Level I (10/20) - 2023/07/12 13:14:52 CET [2023/07/12 7:14:52 ET]
Table '3615951946 1' 3-max Seat #2 is the button
Seat 1: omarquiroz71 (500 in chips) 
Seat 2: Petrinator (440 in chips) 
Seat 3: Mahu2021 (560 in chips) 
Mahu2021: posts small blind 10
omarquiroz71: posts big blind 20
*** HOLE CARDS ***
Dealt to Mahu2021 [Qc 9c]
Petrinator: folds 
Mahu2021: raises 20 to 40
omarquiroz71: folds 
Uncalled bet (20) returned to Mahu2021
Mahu2021 collected 40 from pot
Mahu2021: doesn't show hand 
*** SUMMARY ***
Total pot 40 | Rake 0 
Seat 1: omarquiroz71 (big blind) folded before Flop
Seat 2: Petrinator (button) folded before Flop (didn't bet)
Seat 3: Mahu2021 (small blind) collected (40)



PokerStars Hand #244768488933: Tournament #3615951946, $0.92+$0.08 USD Hold'em No Limit - Level I (10/20) - 2023/07/12 13:14:59 CET [2023/07/12 7:14:59 ET]
Table '3615951946 1' 3-max Seat #3 is the button
Seat 1: omarquiroz71 (480 in chips) 
Seat 2: Petrinator (440 in chips) 
Seat 3: Mahu2021 (580 in chips) 
omarquiroz71: posts small blind 10
Petrinator: posts big blind 20
*** HOLE CARDS ***
Dealt to Mahu2021 [5c 8h]
Mahu2021: folds 
omarquiroz71: raises 20 to 40
Petrinator: folds 
Uncalled bet (20) returned to omarquiroz71
omarquiroz71 collected 40 from pot
*** SUMMARY ***
Total pot 40 | Rake 0 
Seat 1: omarquiroz71 (small blind) collected (40)
Seat 2: Petrinator (big blind) folded before Flop
Seat 3: Mahu2021 (button) folded before Flop (didn't bet)



PokerStars Hand #244768490266: Tournament #3615951946, $0.92+$0.08 USD Hold'em No Limit - Level I (10/20) - 2023/07/12 13:15:08 CET [2023/07/12 7:15:08 ET]
Table '3615951946 1' 3-max Seat #1 is the button
Seat 1: omarquiroz71 (500 in chips) 
Seat 2: Petrinator (420 in chips) 
Seat 3: Mahu2021 (580 in chips) 
Petrinator: posts small blind 10
Mahu2021: posts big blind 20
*** HOLE CARDS ***
Dealt to Mahu2021 [3d 8h]
omarquiroz71: calls 20
Petrinator: raises 50 to 70
Mahu2021: folds 
omarquiroz71: folds 
Uncalled bet (50) returned to Petrinator
Petrinator collected 60 from pot
Petrinator: doesn't show hand 
*** SUMMARY ***
Total pot 60 | Rake 0 
Seat 1: omarquiroz71 (button) folded before Flop
Seat 2: Petrinator (small blind) collected (60)
Seat 3: Mahu2021 (big blind) folded before Flop



PokerStars Hand #244768491827: Tournament #3615951946, $0.92+$0.08 USD Hold'em No Limit - Level I (10/20) - 2023/07/12 13:15:18 CET [2023/07/12 7:15:18 ET]
Table '3615951946 1' 3-max Seat #2 is the button
Seat 1: omarquiroz71 (480 in chips) 
Seat 2: Petrinator (460 in chips) 
Seat 3: Mahu2021 (560 in chips) 
Mahu2021: posts small blind 10
omarquiroz71: posts big blind 20
*** HOLE CARDS ***
Dealt to Mahu2021 [Kd Qc]
Petrinator: folds 
Mahu2021: raises 20 to 40
omarquiroz71: folds 
Uncalled bet (20) returned to Mahu2021
Mahu2021 collected 40 from pot
Mahu2021: doesn't show hand 
*** SUMMARY ***
Total pot 40 | Rake 0 
Seat 1: omarquiroz71 (big blind) folded before Flop
Seat 2: Petrinator (button) folded before Flop (didn't bet)
Seat 3: Mahu2021 (small blind) collected (40)



PokerStars Hand #244768493072: Tournament #3615951946, $0.92+$0.08 USD Hold'em No Limit - Level I (10/20) - 2023/07/12 13:15:26 CET [2023/07/12 7:15:26 ET]
Table '3615951946 1' 3-max Seat #3 is the button
Seat 1: omarquiroz71 (460 in chips) 
Seat 2: Petrinator (460 in chips) 
Seat 3: Mahu2021 (580 in chips) 
omarquiroz71: posts small blind 10
Petrinator: posts big blind 20
*** HOLE CARDS ***
Dealt to Mahu2021 [2d 6d]
Mahu2021: folds 
omarquiroz71: calls 10
Petrinator: checks 
*** FLOP *** [9s 6c Kh]
omarquiroz71: checks 
Petrinator: checks 
*** TURN *** [9s 6c Kh] [8d]
omarquiroz71: bets 20
Petrinator: calls 20
*** RIVER *** [9s 6c Kh 8d] [2c]
omarquiroz71: bets 40
Petrinator: raises 80 to 120
omarquiroz71: calls 80
*** SHOW DOWN ***
Petrinator: shows [9h 2h] (two pair, Nines and Deuces)
omarquiroz71: mucks hand 
Petrinator collected 320 from pot
*** SUMMARY ***
Total pot 320 | Rake 0 
Board [9s 6c Kh 8d 2c]
Seat 1: omarquiroz71 (small blind) mucked [9d Jc]
Seat 2: Petrinator (big blind) showed [9h 2h] and won (320) with two pair, Nines and Deuces
Seat 3: Mahu2021 (button) folded before Flop (didn't bet)



PokerStars Hand #244768497722: Tournament #3615951946, $0.92+$0.08 USD Hold'em No Limit - Level I (10/20) - 2023/07/12 13:15:56 CET [2023/07/12 7:15:56 ET]
Table '3615951946 1' 3-max Seat #1 is the button
Seat 1: omarquiroz71 (300 in chips) 
Seat 2: Petrinator (620 in chips) 
Seat 3: Mahu2021 (580 in chips) 
Petrinator: posts small blind 10
Mahu2021: posts big blind 20
*** HOLE CARDS ***
Dealt to Mahu2021 [6d Qh]
omarquiroz71: raises 280 to 300 and is all-in
Petrinator: folds 
Mahu2021: folds 
Uncalled bet (280) returned to omarquiroz71
omarquiroz71 collected 50 from pot
*** SUMMARY ***
Total pot 50 | Rake 0 
Seat 1: omarquiroz71 (button) collected (50)
Seat 2: Petrinator (small blind) folded before Flop
Seat 3: Mahu2021 (big blind) folded before Flop



PokerStars Hand #244768499923: Tournament #3615951946, $0.92+$0.08 USD Hold'em No Limit - Level I (10/20) - 2023/07/12 13:16:10 CET [2023/07/12 7:16:10 ET]
Table '3615951946 1' 3-max Seat #2 is the button
Seat 1: omarquiroz71 (330 in chips) 
Seat 2: Petrinator (610 in chips) 
Seat 3: Mahu2021 (560 in chips) 
Mahu2021: posts small blind 10
omarquiroz71: posts big blind 20
*** HOLE CARDS ***
Dealt to Mahu2021 [As 4s]
Petrinator: raises 20 to 40
Mahu2021: calls 30
omarquiroz71: raises 40 to 80
Petrinator: calls 40
Mahu2021: calls 40
*** FLOP *** [9d 3d 2s]
Mahu2021: checks 
omarquiroz71: bets 240
Petrinator: raises 290 to 530 and is all-in
Mahu2021: folds 
omarquiroz71: calls 10 and is all-in
Uncalled bet (280) returned to Petrinator
*** TURN *** [9d 3d 2s] [Qh]
*** RIVER *** [9d 3d 2s Qh] [2h]
*** SHOW DOWN ***
omarquiroz71: shows [Js Ts] (a pair of Deuces)
Petrinator: shows [9c 7c] (two pair, Nines and Deuces)
Petrinator collected 740 from pot
omarquiroz71 finished the tournament in 3rd place
*** SUMMARY ***
Total pot 740 | Rake 0 
Board [9d 3d 2s Qh 2h]
Seat 1: omarquiroz71 (big blind) showed [Js Ts] and lost with a pair of Deuces
Seat 2: Petrinator (button) showed [9c 7c] and won (740) with two pair, Nines and Deuces
Seat 3: Mahu2021 (small blind) folded on the Flop



PokerStars Hand #244768504896: Tournament #3615951946, $0.92+$0.08 USD Hold'em No Limit - Level I (10/20) - 2023/07/12 13:16:42 CET [2023/07/12 7:16:42 ET]
Table '3615951946 1' 3-max Seat #3 is the button
Seat 2: Petrinator (1020 in chips) 
Seat 3: Mahu2021 (480 in chips) 
Mahu2021: posts small blind 10
Petrinator: posts big blind 20
*** HOLE CARDS ***
Dealt to Mahu2021 [6d 7s]
Mahu2021: calls 10
Petrinator: checks 
*** FLOP *** [Th Qc 6s]
Petrinator: checks 
Mahu2021: bets 20
Petrinator: folds 
Uncalled bet (20) returned to Mahu2021
Mahu2021 collected 40 from pot
Mahu2021: doesn't show hand 
*** SUMMARY ***
Total pot 40 | Rake 0 
Board [Th Qc 6s]
Seat 2: Petrinator (big blind) folded on the Flop
Seat 3: Mahu2021 (button) (small blind) collected (40)



PokerStars Hand #244768506510: Tournament #3615951946, $0.92+$0.08 USD Hold'em No Limit - Level I (10/20) - 2023/07/12 13:16:53 CET [2023/07/12 7:16:53 ET]
Table '3615951946 1' 3-max Seat #2 is the button
Seat 2: Petrinator (1000 in chips) 
Seat 3: Mahu2021 (500 in chips) 
Petrinator: posts small blind 10
Mahu2021: posts big blind 20
*** HOLE CARDS ***
Dealt to Mahu2021 [3h Jc]
Petrinator: calls 10
Mahu2021: checks 
*** FLOP *** [Ac 7h Qc]
Mahu2021: checks 
Petrinator: checks 
*** TURN *** [Ac 7h Qc] [9c]
Mahu2021: checks 
Petrinator: bets 20
Mahu2021: folds 
Uncalled bet (20) returned to Petrinator
Petrinator collected 40 from pot
Petrinator: doesn't show hand 
*** SUMMARY ***
Total pot 40 | Rake 0 
Board [Ac 7h Qc 9c]
Seat 2: Petrinator (button) (small blind) collected (40)
Seat 3: Mahu2021 (big blind) folded on the Turn



PokerStars Hand #244768509632: Tournament #3615951946, $0.92+$0.08 USD Hold'em No Limit - Level II (15/30) - 2023/07/12 13:17:13 CET [2023/07/12 7:17:13 ET]
Table '3615951946 1' 3-max Seat #3 is the button
Seat 2: Petrinator (1020 in chips) 
Seat 3: Mahu2021 (480 in chips) 
Mahu2021: posts small blind 15
Petrinator: posts big blind 30
*** HOLE CARDS ***
Dealt to Mahu2021 [7s 4c]
Mahu2021: folds 
Uncalled bet (15) returned to Petrinator
Petrinator collected 30 from pot
Petrinator: doesn't show hand 
*** SUMMARY ***
Total pot 30 | Rake 0 
Seat 2: Petrinator (big blind) collected (30)
Seat 3: Mahu2021 (button) (small blind) folded before Flop



PokerStars Hand #244768510304: Tournament #3615951946, $0.92+$0.08 USD Hold'em No Limit - Level II (15/30) - 2023/07/12 13:17:17 CET [2023/07/12 7:17:17 ET]
Table '3615951946 1' 3-max Seat #2 is the button
Seat 2: Petrinator (1035 in chips) 
Seat 3: Mahu2021 (465 in chips) 
Petrinator: posts small blind 15
Mahu2021: posts big blind 30
*** HOLE CARDS ***
Dealt to Mahu2021 [5c 9s]
Petrinator: raises 30 to 60
Mahu2021: folds 
Uncalled bet (30) returned to Petrinator
Petrinator collected 60 from pot
Petrinator: doesn't show hand 
*** SUMMARY ***
Total pot 60 | Rake 0 
Seat 2: Petrinator (button) (small blind) collected (60)
Seat 3: Mahu2021 (big blind) folded before Flop



PokerStars Hand #244768511447: Tournament #3615951946, $0.92+$0.08 USD Hold'em No Limit - Level II (15/30) - 2023/07/12 13:17:24 CET [2023/07/12 7:17:24 ET]
Table '3615951946 1' 3-max Seat #3 is the button
Seat 2: Petrinator (1065 in chips) 
Seat 3: Mahu2021 (435 in chips) 
Mahu2021: posts small blind 15
Petrinator: posts big blind 30
*** HOLE CARDS ***
Dealt to Mahu2021 [5d 3h]
Mahu2021: calls 15
Petrinator: checks 
*** FLOP *** [Ts 4c Ah]
Petrinator: checks 
Mahu2021: bets 60
Petrinator: folds 
Uncalled bet (60) returned to Mahu2021
Mahu2021 collected 60 from pot
Mahu2021: doesn't show hand 
*** SUMMARY ***
Total pot 60 | Rake 0 
Board [Ts 4c Ah]
Seat 2: Petrinator (big blind) folded on the Flop
Seat 3: Mahu2021 (button) (small blind) collected (60)



PokerStars Hand #244768514356: Tournament #3615951946, $0.92+$0.08 USD Hold'em No Limit - Level II (15/30) - 2023/07/12 13:17:43 CET [2023/07/12 7:17:43 ET]
Table '3615951946 1' 3-max Seat #2 is the button
Seat 2: Petrinator (1035 in chips) 
Seat 3: Mahu2021 (465 in chips) 
Petrinator: posts small blind 15
Mahu2021: posts big blind 30
*** HOLE CARDS ***
Dealt to Mahu2021 [Js 4h]
Petrinator: calls 15
Mahu2021: checks 
*** FLOP *** [Qc As Jd]
Mahu2021: checks 
Petrinator: bets 30
Mahu2021: calls 30
*** TURN *** [Qc As Jd] [2s]
Mahu2021: checks 
Petrinator: checks 
*** RIVER *** [Qc As Jd 2s] [Jc]
Mahu2021: bets 120
Petrinator: folds 
Uncalled bet (120) returned to Mahu2021
Mahu2021 collected 120 from pot
Mahu2021: doesn't show hand 
*** SUMMARY ***
Total pot 120 | Rake 0 
Board [Qc As Jd 2s Jc]
Seat 2: Petrinator (button) (small blind) folded on the River
Seat 3: Mahu2021 (big blind) collected (120)



PokerStars Hand #244768519589: Tournament #3615951946, $0.92+$0.08 USD Hold'em No Limit - Level II (15/30) - 2023/07/12 13:18:16 CET [2023/07/12 7:18:16 ET]
Table '3615951946 1' 3-max Seat #3 is the button
Seat 2: Petrinator (975 in chips) 
Seat 3: Mahu2021 (525 in chips) 
Mahu2021: posts small blind 15
Petrinator: posts big blind 30
*** HOLE CARDS ***
Dealt to Mahu2021 [5s 5c]
Mahu2021: raises 495 to 525 and is all-in
Petrinator: folds 
Uncalled bet (495) returned to Mahu2021
Mahu2021 collected 60 from pot
Mahu2021: doesn't show hand 
*** SUMMARY ***
Total pot 60 | Rake 0 
Seat 2: Petrinator (big blind) folded before Flop
Seat 3: Mahu2021 (button) (small blind) collected (60)



PokerStars Hand #244768520768: Tournament #3615951946, $0.92+$0.08 USD Hold'em No Limit - Level II (15/30) - 2023/07/12 13:18:24 CET [2023/07/12 7:18:24 ET]
Table '3615951946 1' 3-max Seat #2 is the button
Seat 2: Petrinator (945 in chips) 
Seat 3: Mahu2021 (555 in chips) 
Petrinator: posts small blind 15
Mahu2021: posts big blind 30
*** HOLE CARDS ***
Dealt to Mahu2021 [Qh Jd]
Petrinator: calls 15
Mahu2021: checks 
*** FLOP *** [Jc 7d Kc]
Mahu2021: checks 
Petrinator: bets 30
Mahu2021: calls 30
*** TURN *** [Jc 7d Kc] [4d]
Mahu2021: checks 
Petrinator: checks 
*** RIVER *** [Jc 7d Kc 4d] [6s]
Mahu2021: bets 30
Petrinator: folds 
Uncalled bet (30) returned to Mahu2021
Mahu2021 collected 120 from pot
Mahu2021: doesn't show hand 
*** SUMMARY ***
Total pot 120 | Rake 0 
Board [Jc 7d Kc 4d 6s]
Seat 2: Petrinator (button) (small blind) folded on the River
Seat 3: Mahu2021 (big blind) collected (120)



PokerStars Hand #244768523730: Tournament #3615951946, $0.92+$0.08 USD Hold'em No Limit - Level II (15/30) - 2023/07/12 13:18:43 CET [2023/07/12 7:18:43 ET]
Table '3615951946 1' 3-max Seat #3 is the button
Seat 2: Petrinator (885 in chips) 
Seat 3: Mahu2021 (615 in chips) 
Mahu2021: posts small blind 15
Petrinator: posts big blind 30
*** HOLE CARDS ***
Dealt to Mahu2021 [Tc 9c]
Mahu2021: raises 30 to 60
Petrinator: calls 30
*** FLOP *** [Ks 4c 6h]
Petrinator: checks 
Mahu2021: checks 
*** TURN *** [Ks 4c 6h] [5s]
Petrinator: bets 79
Mahu2021: folds 
Uncalled bet (79) returned to Petrinator
Petrinator collected 120 from pot
Petrinator: doesn't show hand 
*** SUMMARY ***
Total pot 120 | Rake 0 
Board [Ks 4c 6h 5s]
Seat 2: Petrinator (big blind) collected (120)
Seat 3: Mahu2021 (button) (small blind) folded on the Turn



PokerStars Hand #244768526356: Tournament #3615951946, $0.92+$0.08 USD Hold'em No Limit - Level II (15/30) - 2023/07/12 13:18:59 CET [2023/07/12 7:18:59 ET]
Table '3615951946 1' 3-max Seat #2 is the button
Seat 2: Petrinator (945 in chips) 
Seat 3: Mahu2021 (555 in chips) 
Petrinator: posts small blind 15
Mahu2021: posts big blind 30
*** HOLE CARDS ***
Dealt to Mahu2021 [Kh 6d]
Petrinator: raises 30 to 60
Mahu2021: calls 30
*** FLOP *** [3s 8d 9h]
Mahu2021: checks 
Petrinator: checks 
*** TURN *** [3s 8d 9h] [Jh]
Mahu2021: checks 
Petrinator: checks 
*** RIVER *** [3s 8d 9h Jh] [Ts]
Mahu2021: checks 
Petrinator: bets 240
Mahu2021: folds 
Uncalled bet (240) returned to Petrinator
Petrinator collected 120 from pot
Petrinator: doesn't show hand 
*** SUMMARY ***
Total pot 120 | Rake 0 
Board [3s 8d 9h Jh Ts]
Seat 2: Petrinator (button) (small blind) collected (120)
Seat 3: Mahu2021 (big blind) folded on the River



PokerStars Hand #244768529375: Tournament #3615951946, $0.92+$0.08 USD Hold'em No Limit - Level II (15/30) - 2023/07/12 13:19:18 CET [2023/07/12 7:19:18 ET]
Table '3615951946 1' 3-max Seat #3 is the button
Seat 2: Petrinator (1005 in chips) 
Seat 3: Mahu2021 (495 in chips) 
Mahu2021: posts small blind 15
Petrinator: posts big blind 30
*** HOLE CARDS ***
Dealt to Mahu2021 [2d 4c]
Mahu2021: folds 
Uncalled bet (15) returned to Petrinator
Petrinator collected 30 from pot
Petrinator: doesn't show hand 
*** SUMMARY ***
Total pot 30 | Rake 0 
Seat 2: Petrinator (big blind) collected (30)
Seat 3: Mahu2021 (button) (small blind) folded before Flop



PokerStars Hand #244768530397: Tournament #3615951946, $0.92+$0.08 USD Hold'em No Limit - Level II (15/30) - 2023/07/12 13:19:25 CET [2023/07/12 7:19:25 ET]
Table '3615951946 1' 3-max Seat #2 is the button
Seat 2: Petrinator (1020 in chips) 
Seat 3: Mahu2021 (480 in chips) 
Petrinator: posts small blind 15
Mahu2021: posts big blind 30
*** HOLE CARDS ***
Dealt to Mahu2021 [6h Th]
Petrinator: calls 15
Mahu2021: checks 
*** FLOP *** [Jc Js Kh]
Mahu2021: checks 
Petrinator: bets 30
Mahu2021: folds 
Uncalled bet (30) returned to Petrinator
Petrinator collected 60 from pot
Petrinator: doesn't show hand 
*** SUMMARY ***
Total pot 60 | Rake 0 
Board [Jc Js Kh]
Seat 2: Petrinator (button) (small blind) collected (60)
Seat 3: Mahu2021 (big blind) folded on the Flop



PokerStars Hand #244768532364: Tournament #3615951946, $0.92+$0.08 USD Hold'em No Limit - Level II (15/30) - 2023/07/12 13:19:37 CET [2023/07/12 7:19:37 ET]
Table '3615951946 1' 3-max Seat #3 is the button
Seat 2: Petrinator (1050 in chips) 
Seat 3: Mahu2021 (450 in chips) 
Mahu2021: posts small blind 15
Petrinator: posts big blind 30
*** HOLE CARDS ***
Dealt to Mahu2021 [Qc Td]
Mahu2021: raises 30 to 60
Petrinator: raises 990 to 1050 and is all-in
Mahu2021: folds 
Uncalled bet (990) returned to Petrinator
Petrinator collected 120 from pot
Petrinator: doesn't show hand 
*** SUMMARY ***
Total pot 120 | Rake 0 
Seat 2: Petrinator (big blind) collected (120)
Seat 3: Mahu2021 (button) (small blind) folded before Flop



PokerStars Hand #244768534083: Tournament #3615951946, $0.92+$0.08 USD Hold'em No Limit - Level II (15/30) - 2023/07/12 13:19:48 CET [2023/07/12 7:19:48 ET]
Table '3615951946 1' 3-max Seat #2 is the button
Seat 2: Petrinator (1110 in chips) 
Seat 3: Mahu2021 (390 in chips) 
Petrinator: posts small blind 15
Mahu2021: posts big blind 30
*** HOLE CARDS ***
Dealt to Mahu2021 [Ac Ts]
Petrinator: calls 15
Mahu2021: raises 60 to 90
Petrinator: folds 
Uncalled bet (60) returned to Mahu2021
Mahu2021 collected 60 from pot
Mahu2021: doesn't show hand 
*** SUMMARY ***
Total pot 60 | Rake 0 
Seat 2: Petrinator (button) (small blind) folded before Flop
Seat 3: Mahu2021 (big blind) collected (60)



PokerStars Hand #244768535578: Tournament #3615951946, $0.92+$0.08 USD Hold'em No Limit - Level II (15/30) - 2023/07/12 13:19:58 CET [2023/07/12 7:19:58 ET]
Table '3615951946 1' 3-max Seat #3 is the button
Seat 2: Petrinator (1080 in chips) 
Seat 3: Mahu2021 (420 in chips) 
Mahu2021: posts small blind 15
Petrinator: posts big blind 30
*** HOLE CARDS ***
Dealt to Mahu2021 [9s 3c]
Mahu2021: folds 
Uncalled bet (15) returned to Petrinator
Petrinator collected 30 from pot
Petrinator: doesn't show hand 
*** SUMMARY ***
Total pot 30 | Rake 0 
Seat 2: Petrinator (big blind) collected (30)
Seat 3: Mahu2021 (button) (small blind) folded before Flop



PokerStars Hand #244768536900: Tournament #3615951946, $0.92+$0.08 USD Hold'em No Limit - Level III (20/40) - 2023/07/12 13:20:06 CET [2023/07/12 7:20:06 ET]
Table '3615951946 1' 3-max Seat #2 is the button
Seat 2: Petrinator (1095 in chips) 
Seat 3: Mahu2021 (405 in chips) 
Petrinator: posts small blind 20
Mahu2021: posts big blind 40
*** HOLE CARDS ***
Dealt to Mahu2021 [Ac 5h]
Petrinator: folds 
Uncalled bet (20) returned to Mahu2021
Mahu2021 collected 40 from pot
Mahu2021: doesn't show hand 
*** SUMMARY ***
Total pot 40 | Rake 0 
Seat 2: Petrinator (button) (small blind) folded before Flop
Seat 3: Mahu2021 (big blind) collected (40)



PokerStars Hand #244768537645: Tournament #3615951946, $0.92+$0.08 USD Hold'em No Limit - Level III (20/40) - 2023/07/12 13:20:10 CET [2023/07/12 7:20:10 ET]
Table '3615951946 1' 3-max Seat #3 is the button
Seat 2: Petrinator (1075 in chips) 
Seat 3: Mahu2021 (425 in chips) 
Mahu2021: posts small blind 20
Petrinator: posts big blind 40
*** HOLE CARDS ***
Dealt to Mahu2021 [6d 8s]
Mahu2021: calls 20
Petrinator: checks 
*** FLOP *** [Qs 6s 7s]
Petrinator: checks 
Mahu2021: bets 80
Petrinator: folds 
Uncalled bet (80) returned to Mahu2021
Mahu2021 collected 80 from pot
Mahu2021: doesn't show hand 
*** SUMMARY ***
Total pot 80 | Rake 0 
Board [Qs 6s 7s]
Seat 2: Petrinator (big blind) folded on the Flop
Seat 3: Mahu2021 (button) (small blind) collected (80)



PokerStars Hand #244768539678: Tournament #3615951946, $0.92+$0.08 USD Hold'em No Limit - Level III (20/40) - 2023/07/12 13:20:23 CET [2023/07/12 7:20:23 ET]
Table '3615951946 1' 3-max Seat #2 is the button
Seat 2: Petrinator (1035 in chips) 
Seat 3: Mahu2021 (465 in chips) 
Petrinator: posts small blind 20
Mahu2021: posts big blind 40
*** HOLE CARDS ***
Dealt to Mahu2021 [8h 6d]
Petrinator: folds 
Uncalled bet (20) returned to Mahu2021
Mahu2021 collected 40 from pot
Mahu2021: doesn't show hand 
*** SUMMARY ***
Total pot 40 | Rake 0 
Seat 2: Petrinator (button) (small blind) folded before Flop
Seat 3: Mahu2021 (big blind) collected (40)



PokerStars Hand #244768540561: Tournament #3615951946, $0.92+$0.08 USD Hold'em No Limit - Level III (20/40) - 2023/07/12 13:20:29 CET [2023/07/12 7:20:29 ET]
Table '3615951946 1' 3-max Seat #3 is the button
Seat 2: Petrinator (1015 in chips) 
Seat 3: Mahu2021 (485 in chips) 
Mahu2021: posts small blind 20
Petrinator: posts big blind 40
*** HOLE CARDS ***
Dealt to Mahu2021 [Th 7s]
Mahu2021: calls 20
Petrinator: checks 
*** FLOP *** [5s 8c 3s]
Petrinator: checks 
Mahu2021: bets 40
Petrinator: folds 
Uncalled bet (40) returned to Mahu2021
Mahu2021 collected 80 from pot
Mahu2021: doesn't show hand 
*** SUMMARY ***
Total pot 80 | Rake 0 
Board [5s 8c 3s]
Seat 2: Petrinator (big blind) folded on the Flop
Seat 3: Mahu2021 (button) (small blind) collected (80)



PokerStars Hand #244768542758: Tournament #3615951946, $0.92+$0.08 USD Hold'em No Limit - Level III (20/40) - 2023/07/12 13:20:43 CET [2023/07/12 7:20:43 ET]
Table '3615951946 1' 3-max Seat #2 is the button
Seat 2: Petrinator (975 in chips) 
Seat 3: Mahu2021 (525 in chips) 
Petrinator: posts small blind 20
Mahu2021: posts big blind 40
*** HOLE CARDS ***
Dealt to Mahu2021 [8h 5c]
Petrinator: calls 20
Mahu2021: checks 
*** FLOP *** [Qc 2s Qh]
Mahu2021: checks 
Petrinator: checks 
*** TURN *** [Qc 2s Qh] [2d]
Mahu2021: checks 
Petrinator: bets 40
Mahu2021: folds 
Uncalled bet (40) returned to Petrinator
Petrinator collected 80 from pot
Petrinator: doesn't show hand 
*** SUMMARY ***
Total pot 80 | Rake 0 
Board [Qc 2s Qh 2d]
Seat 2: Petrinator (button) (small blind) collected (80)
Seat 3: Mahu2021 (big blind) folded on the Turn



PokerStars Hand #244768546148: Tournament #3615951946, $0.92+$0.08 USD Hold'em No Limit - Level III (20/40) - 2023/07/12 13:21:04 CET [2023/07/12 7:21:04 ET]
Table '3615951946 1' 3-max Seat #3 is the button
Seat 2: Petrinator (1015 in chips) 
Seat 3: Mahu2021 (485 in chips) 
Mahu2021: posts small blind 20
Petrinator: posts big blind 40
*** HOLE CARDS ***
Dealt to Mahu2021 [Qd 3c]
Mahu2021: calls 20
Petrinator: raises 975 to 1015 and is all-in
Mahu2021: folds 
Uncalled bet (975) returned to Petrinator
Petrinator collected 80 from pot
Petrinator: doesn't show hand 
*** SUMMARY ***
Total pot 80 | Rake 0 
Seat 2: Petrinator (big blind) collected (80)
Seat 3: Mahu2021 (button) (small blind) folded before Flop



PokerStars Hand #244768549000: Tournament #3615951946, $0.92+$0.08 USD Hold'em No Limit - Level III (20/40) - 2023/07/12 13:21:22 CET [2023/07/12 7:21:22 ET]
Table '3615951946 1' 3-max Seat #2 is the button
Seat 2: Petrinator (1055 in chips) 
Seat 3: Mahu2021 (445 in chips) 
Petrinator: posts small blind 20
Mahu2021: posts big blind 40
*** HOLE CARDS ***
Dealt to Mahu2021 [Jd Qs]
Petrinator: raises 1015 to 1055 and is all-in
Mahu2021: calls 405 and is all-in
Uncalled bet (610) returned to Petrinator
*** FLOP *** [6c 4h 6d]
*** TURN *** [6c 4h 6d] [Qh]
*** RIVER *** [6c 4h 6d Qh] [3s]
*** SHOW DOWN ***
Mahu2021: shows [Jd Qs] (two pair, Queens and Sixes)
Petrinator: shows [9s Kc] (a pair of Sixes)
Mahu2021 collected 890 from pot
*** SUMMARY ***
Total pot 890 | Rake 0 
Board [6c 4h 6d Qh 3s]
Seat 2: Petrinator (button) (small blind) showed [9s Kc] and lost with a pair of Sixes
Seat 3: Mahu2021 (big blind) showed [Jd Qs] and won (890) with two pair, Queens and Sixes



PokerStars Hand #244768552466: Tournament #3615951946, $0.92+$0.08 USD Hold'em No Limit - Level III (20/40) - 2023/07/12 13:21:43 CET [2023/07/12 7:21:43 ET]
Table '3615951946 1' 3-max Seat #3 is the button
Seat 2: Petrinator (610 in chips) 
Seat 3: Mahu2021 (890 in chips) 
Mahu2021: posts small blind 20
Petrinator: posts big blind 40
*** HOLE CARDS ***
Dealt to Mahu2021 [6d 9d]
Mahu2021: folds 
Uncalled bet (20) returned to Petrinator
Petrinator collected 40 from pot
Petrinator: doesn't show hand 
*** SUMMARY ***
Total pot 40 | Rake 0 
Seat 2: Petrinator (big blind) collected (40)
Seat 3: Mahu2021 (button) (small blind) folded before Flop



PokerStars Hand #244768553323: Tournament #3615951946, $0.92+$0.08 USD Hold'em No Limit - Level III (20/40) - 2023/07/12 13:21:49 CET [2023/07/12 7:21:49 ET]
Table '3615951946 1' 3-max Seat #2 is the button
Seat 2: Petrinator (630 in chips) 
Seat 3: Mahu2021 (870 in chips) 
Petrinator: posts small blind 20
Mahu2021: posts big blind 40
*** HOLE CARDS ***
Dealt to Mahu2021 [3c 6c]
Petrinator: calls 20
Mahu2021: checks 
*** FLOP *** [7d Jd 6s]
Mahu2021: checks 
Petrinator: bets 40
Mahu2021: calls 40
*** TURN *** [7d Jd 6s] [Tc]
Mahu2021: checks 
Petrinator: checks 
*** RIVER *** [7d Jd 6s Tc] [7c]
Mahu2021: bets 80
Petrinator: calls 80
*** SHOW DOWN ***
Mahu2021: shows [3c 6c] (two pair, Sevens and Sixes)
Petrinator: shows [4s Th] (two pair, Tens and Sevens)
Petrinator collected 320 from pot
*** SUMMARY ***
Total pot 320 | Rake 0 
Board [7d Jd 6s Tc 7c]
Seat 2: Petrinator (button) (small blind) showed [4s Th] and won (320) with two pair, Tens and Sevens
Seat 3: Mahu2021 (big blind) showed [3c 6c] and lost with two pair, Sevens and Sixes



PokerStars Hand #244768556277: Tournament #3615951946, $0.92+$0.08 USD Hold'em No Limit - Level III (20/40) - 2023/07/12 13:22:06 CET [2023/07/12 7:22:06 ET]
Table '3615951946 1' 3-max Seat #3 is the button
Seat 2: Petrinator (790 in chips) 
Seat 3: Mahu2021 (710 in chips) 
Mahu2021: posts small blind 20
Petrinator: posts big blind 40
*** HOLE CARDS ***
Dealt to Mahu2021 [Ad Qd]
Mahu2021: raises 80 to 120
Petrinator: folds 
Uncalled bet (80) returned to Mahu2021
Mahu2021 collected 80 from pot
Mahu2021: doesn't show hand 
*** SUMMARY ***
Total pot 80 | Rake 0 
Seat 2: Petrinator (big blind) folded before Flop
Seat 3: Mahu2021 (button) (small blind) collected (80)



PokerStars Hand #244768557139: Tournament #3615951946, $0.92+$0.08 USD Hold'em No Limit - Level III (20/40) - 2023/07/12 13:22:12 CET [2023/07/12 7:22:12 ET]
Table '3615951946 1' 3-max Seat #2 is the button
Seat 2: Petrinator (750 in chips) 
Seat 3: Mahu2021 (750 in chips) 
Petrinator: posts small blind 20
Mahu2021: posts big blind 40
*** HOLE CARDS ***
Dealt to Mahu2021 [3h 9c]
Petrinator: calls 20
Mahu2021: checks 
*** FLOP *** [6d Qs 2h]
Mahu2021: checks 
Petrinator: bets 40
Mahu2021: folds 
Uncalled bet (40) returned to Petrinator
Petrinator collected 80 from pot
Petrinator: doesn't show hand 
*** SUMMARY ***
Total pot 80 | Rake 0 
Board [6d Qs 2h]
Seat 2: Petrinator (button) (small blind) collected (80)
Seat 3: Mahu2021 (big blind) folded on the Flop



PokerStars Hand #244768558868: Tournament #3615951946, $0.92+$0.08 USD Hold'em No Limit - Level III (20/40) - 2023/07/12 13:22:22 CET [2023/07/12 7:22:22 ET]
Table '3615951946 1' 3-max Seat #3 is the button
Seat 2: Petrinator (790 in chips) 
Seat 3: Mahu2021 (710 in chips) 
Mahu2021: posts small blind 20
Petrinator: posts big blind 40
*** HOLE CARDS ***
Dealt to Mahu2021 [7c Ts]
Mahu2021: calls 20
Petrinator: checks 
*** FLOP *** [5h Jh 9h]
Petrinator: checks 
Mahu2021: bets 40
Petrinator: folds 
Uncalled bet (40) returned to Mahu2021
Mahu2021 collected 80 from pot
Mahu2021: doesn't show hand 
*** SUMMARY ***
Total pot 80 | Rake 0 
Board [5h Jh 9h]
Seat 2: Petrinator (big blind) folded on the Flop
Seat 3: Mahu2021 (button) (small blind) collected (80)



PokerStars Hand #244768560602: Tournament #3615951946, $0.92+$0.08 USD Hold'em No Limit - Level III (20/40) - 2023/07/12 13:22:34 CET [2023/07/12 7:22:34 ET]
Table '3615951946 1' 3-max Seat #2 is the button
Seat 2: Petrinator (750 in chips) 
Seat 3: Mahu2021 (750 in chips) 
Petrinator: posts small blind 20
Mahu2021: posts big blind 40
*** HOLE CARDS ***
Dealt to Mahu2021 [3h 9c]
Petrinator: calls 20
Mahu2021: checks 
*** FLOP *** [Td 2d 2c]
Mahu2021: checks 
Petrinator: checks 
*** TURN *** [Td 2d 2c] [5c]
Mahu2021: checks 
Petrinator: checks 
*** RIVER *** [Td 2d 2c 5c] [Ad]
Mahu2021: checks 
Petrinator: checks 
*** SHOW DOWN ***
Mahu2021: shows [3h 9c] (a pair of Deuces)
Petrinator: shows [9h 7h] (a pair of Deuces)
Mahu2021 collected 40 from pot
Petrinator collected 40 from pot
*** SUMMARY ***
Total pot 80 | Rake 0 
Board [Td 2d 2c 5c Ad]
Seat 2: Petrinator (button) (small blind) showed [9h 7h] and won (40) with a pair of Deuces
Seat 3: Mahu2021 (big blind) showed [3h 9c] and won (40) with a pair of Deuces



PokerStars Hand #244768563213: Tournament #3615951946, $0.92+$0.08 USD Hold'em No Limit - Level III (20/40) - 2023/07/12 13:22:49 CET [2023/07/12 7:22:49 ET]
Table '3615951946 1' 3-max Seat #3 is the button
Seat 2: Petrinator (750 in chips) 
Seat 3: Mahu2021 (750 in chips) 
Mahu2021: posts small blind 20
Petrinator: posts big blind 40
*** HOLE CARDS ***
Dealt to Mahu2021 [2h 8s]
Mahu2021: folds 
Uncalled bet (20) returned to Petrinator
Petrinator collected 40 from pot
Petrinator: doesn't show hand 
*** SUMMARY ***
Total pot 40 | Rake 0 
Seat 2: Petrinator (big blind) collected (40)
Seat 3: Mahu2021 (button) (small blind) folded before Flop



PokerStars Hand #244768563842: Tournament #3615951946, $0.92+$0.08 USD Hold'em No Limit - Level III (20/40) - 2023/07/12 13:22:53 CET [2023/07/12 7:22:53 ET]
Table '3615951946 1' 3-max Seat #2 is the button
Seat 2: Petrinator (770 in chips) 
Seat 3: Mahu2021 (730 in chips) 
Petrinator: posts small blind 20
Mahu2021: posts big blind 40
*** HOLE CARDS ***
Dealt to Mahu2021 [6c 7d]
Petrinator: folds 
Uncalled bet (20) returned to Mahu2021
Mahu2021 collected 40 from pot
Mahu2021: doesn't show hand 
*** SUMMARY ***
Total pot 40 | Rake 0 
Seat 2: Petrinator (button) (small blind) folded before Flop
Seat 3: Mahu2021 (big blind) collected (40)



PokerStars Hand #244768564578: Tournament #3615951946, $0.92+$0.08 USD Hold'em No Limit - Level III (20/40) - 2023/07/12 13:22:58 CET [2023/07/12 7:22:58 ET]
Table '3615951946 1' 3-max Seat #3 is the button
Seat 2: Petrinator (750 in chips) 
Seat 3: Mahu2021 (750 in chips) 
Mahu2021: posts small blind 20
Petrinator: posts big blind 40
*** HOLE CARDS ***
Dealt to Mahu2021 [9h 9d]
Mahu2021: raises 710 to 750 and is all-in
Petrinator: folds 
Uncalled bet (710) returned to Mahu2021
Mahu2021 collected 80 from pot
Mahu2021: doesn't show hand 
*** SUMMARY ***
Total pot 80 | Rake 0 
Seat 2: Petrinator (big blind) folded before Flop
Seat 3: Mahu2021 (button) (small blind) collected (80)



PokerStars Hand #244768565971: Tournament #3615951946, $0.92+$0.08 USD Hold'em No Limit - Level IV (30/60) - 2023/07/12 13:23:06 CET [2023/07/12 7:23:06 ET]
Table '3615951946 1' 3-max Seat #2 is the button
Seat 2: Petrinator (710 in chips) 
Seat 3: Mahu2021 (790 in chips) 
Petrinator: posts small blind 30
Mahu2021: posts big blind 60
*** HOLE CARDS ***
Dealt to Mahu2021 [3d 4c]
Petrinator: calls 30
Mahu2021: checks 
*** FLOP *** [8c 5d 7s]
Mahu2021: checks 
Petrinator: bets 60
Mahu2021: folds 
Uncalled bet (60) returned to Petrinator
Petrinator collected 120 from pot
Petrinator: doesn't show hand 
*** SUMMARY ***
Total pot 120 | Rake 0 
Board [8c 5d 7s]
Seat 2: Petrinator (button) (small blind) collected (120)
Seat 3: Mahu2021 (big blind) folded on the Flop



PokerStars Hand #244768569586: Tournament #3615951946, $0.92+$0.08 USD Hold'em No Limit - Level IV (30/60) - 2023/07/12 13:23:28 CET [2023/07/12 7:23:28 ET]
Table '3615951946 1' 3-max Seat #3 is the button
Seat 2: Petrinator (770 in chips) 
Seat 3: Mahu2021 (730 in chips) 
Mahu2021: posts small blind 30
Petrinator: posts big blind 60
*** HOLE CARDS ***
Dealt to Mahu2021 [Qs Qc]
Mahu2021: raises 670 to 730 and is all-in
Petrinator: folds 
Uncalled bet (670) returned to Mahu2021
Mahu2021 collected 120 from pot
Mahu2021: doesn't show hand 
*** SUMMARY ***
Total pot 120 | Rake 0 
Seat 2: Petrinator (big blind) folded before Flop
Seat 3: Mahu2021 (button) (small blind) collected (120)



PokerStars Hand #244768570456: Tournament #3615951946, $0.92+$0.08 USD Hold'em No Limit - Level IV (30/60) - 2023/07/12 13:23:34 CET [2023/07/12 7:23:34 ET]
Table '3615951946 1' 3-max Seat #2 is the button
Seat 2: Petrinator (710 in chips) 
Seat 3: Mahu2021 (790 in chips) 
Petrinator: posts small blind 30
Mahu2021: posts big blind 60
*** HOLE CARDS ***
Dealt to Mahu2021 [Qs Th]
Petrinator: calls 30
Mahu2021: checks 
*** FLOP *** [3s Kh 9s]
Mahu2021: checks 
Petrinator: bets 60
Mahu2021: calls 60
*** TURN *** [3s Kh 9s] [8s]
Mahu2021: checks 
Petrinator: bets 120
Mahu2021: calls 120
*** RIVER *** [3s Kh 9s 8s] [Qd]
Mahu2021: checks 
Petrinator: checks 
*** SHOW DOWN ***
Mahu2021: shows [Qs Th] (a pair of Queens)
Petrinator: mucks hand 
Mahu2021 collected 480 from pot
*** SUMMARY ***
Total pot 480 | Rake 0 
Board [3s Kh 9s 8s Qd]
Seat 2: Petrinator (button) (small blind) mucked [Jd 2d]
Seat 3: Mahu2021 (big blind) showed [Qs Th] and won (480) with a pair of Queens



PokerStars Hand #244768574012: Tournament #3615951946, $0.92+$0.08 USD Hold'em No Limit - Level IV (30/60) - 2023/07/12 13:23:56 CET [2023/07/12 7:23:56 ET]
Table '3615951946 1' 3-max Seat #3 is the button
Seat 2: Petrinator (470 in chips) 
Seat 3: Mahu2021 (1030 in chips) 
Mahu2021: posts small blind 30
Petrinator: posts big blind 60
*** HOLE CARDS ***
Dealt to Mahu2021 [4d 5s]
Mahu2021: calls 30
Petrinator: checks 
*** FLOP *** [9c 8s Kc]
Petrinator: checks 
Mahu2021: bets 60
Petrinator: folds 
Uncalled bet (60) returned to Mahu2021
Mahu2021 collected 120 from pot
Mahu2021: doesn't show hand 
*** SUMMARY ***
Total pot 120 | Rake 0 
Board [9c 8s Kc]
Seat 2: Petrinator (big blind) folded on the Flop
Seat 3: Mahu2021 (button) (small blind) collected (120)



PokerStars Hand #244768575835: Tournament #3615951946, $0.92+$0.08 USD Hold'em No Limit - Level IV (30/60) - 2023/07/12 13:24:08 CET [2023/07/12 7:24:08 ET]
Table '3615951946 1' 3-max Seat #2 is the button
Seat 2: Petrinator (410 in chips) 
Seat 3: Mahu2021 (1090 in chips) 
Petrinator: posts small blind 30
Mahu2021: posts big blind 60
*** HOLE CARDS ***
Dealt to Mahu2021 [Qd Qh]
Petrinator: calls 30
Mahu2021: raises 1030 to 1090 and is all-in
Petrinator: folds 
Uncalled bet (1030) returned to Mahu2021
Mahu2021 collected 120 from pot
Mahu2021: doesn't show hand 
*** SUMMARY ***
Total pot 120 | Rake 0 
Seat 2: Petrinator (button) (small blind) folded before Flop
Seat 3: Mahu2021 (big blind) collected (120)



PokerStars Hand #244768577510: Tournament #3615951946, $0.92+$0.08 USD Hold'em No Limit - Level IV (30/60) - 2023/07/12 13:24:18 CET [2023/07/12 7:24:18 ET]
Table '3615951946 1' 3-max Seat #3 is the button
Seat 2: Petrinator (350 in chips) 
Seat 3: Mahu2021 (1150 in chips) 
Mahu2021: posts small blind 30
Petrinator: posts big blind 60
*** HOLE CARDS ***
Dealt to Mahu2021 [2h Jd]
Mahu2021: calls 30
Petrinator: checks 
*** FLOP *** [9h 4s 3c]
Petrinator: checks 
Mahu2021: checks 
*** TURN *** [9h 4s 3c] [2s]
Petrinator: bets 60
Mahu2021: calls 60
*** RIVER *** [9h 4s 3c 2s] [2c]
Petrinator: checks 
Mahu2021: bets 240
Petrinator: calls 230 and is all-in
Uncalled bet (10) returned to Mahu2021
*** SHOW DOWN ***
Mahu2021: shows [2h Jd] (three of a kind, Deuces)
Petrinator: shows [4h 5c] (two pair, Fours and Deuces)
Mahu2021 collected 700 from pot
Petrinator finished the tournament in 2nd place
Mahu2021 wins the tournament and receives $3.00 - congratulations!
*** SUMMARY ***
Total pot 700 | Rake 0 
Board [9h 4s 3c 2s 2c]
Seat 2: Petrinator (big blind) showed [4h 5c] and lost with two pair, Fours and Deuces
Seat 3: Mahu2021 (button) (small blind) showed [2h Jd] and won (700) with three of a kind, Deuces



