PokerStars Hand #247525073350: Tournament #3683181222, $1.84+$0.16 USD Hold'em No Limit - Level I (10/20) - 2023/12/07 12:40:52 CET [2023/12/07 6:40:52 ET]
Table '3683181222 1' 3-max Seat #1 is the button
Seat 1: Dire7or (500 in chips) 
Seat 2: williaanss (500 in chips) 
Seat 3: Mahu2021 (500 in chips) 
williaanss: posts small blind 10
Mahu2021: posts big blind 20
*** HOLE CARDS ***
Dealt to Mahu2021 [As 7c]
Dire7or: raises 480 to 500 and is all-in
williaanss: calls 490 and is all-in
Mahu2021: folds 
*** FLOP *** [6c Ks 4c]
*** TURN *** [6c Ks 4c] [5h]
*** RIVER *** [6c Ks 4c 5h] [9c]
*** SHOW DOWN ***
williaanss: shows [4h Kh] (two pair, Kings and Fours)
Dire7or: shows [3c 3d] (a pair of Threes)
williaanss collected 1020 from pot
Dire7or finished the tournament in 3rd place
*** SUMMARY ***
Total pot 1020 | Rake 0 
Board [6c Ks 4c 5h 9c]
Seat 1: Dire7or (button) showed [3c 3d] and lost with a pair of Threes
Seat 2: williaanss (small blind) showed [4h Kh] and won (1020) with two pair, Kings and Fours
Seat 3: Mahu2021 (big blind) folded before Flop



PokerStars Hand #247525076052: Tournament #3683181222, $1.84+$0.16 USD Hold'em No Limit - Level I (10/20) - 2023/12/07 12:41:09 CET [2023/12/07 6:41:09 ET]
Table '3683181222 1' 3-max Seat #3 is the button
Seat 2: williaanss (1020 in chips) 
Seat 3: Mahu2021 (480 in chips) 
Mahu2021: posts small blind 10
williaanss: posts big blind 20
*** HOLE CARDS ***
Dealt to Mahu2021 [9d 3h]
Mahu2021: folds 
Uncalled bet (10) returned to williaanss
williaanss collected 20 from pot
williaanss: doesn't show hand 
*** SUMMARY ***
Total pot 20 | Rake 0 
Seat 2: williaanss (big blind) collected (20)
Seat 3: Mahu2021 (button) (small blind) folded before Flop



PokerStars Hand #247525076810: Tournament #3683181222, $1.84+$0.16 USD Hold'em No Limit - Level I (10/20) - 2023/12/07 12:41:14 CET [2023/12/07 6:41:14 ET]
Table '3683181222 1' 3-max Seat #2 is the button
Seat 2: williaanss (1030 in chips) 
Seat 3: Mahu2021 (470 in chips) 
williaanss: posts small blind 10
Mahu2021: posts big blind 20
*** HOLE CARDS ***
Dealt to Mahu2021 [2d 2s]
williaanss: calls 10
Mahu2021: checks 
*** FLOP *** [3c Jc 3s]
Mahu2021: checks 
williaanss: checks 
*** TURN *** [3c Jc 3s] [Ts]
Mahu2021: bets 20
williaanss: calls 20
*** RIVER *** [3c Jc 3s Ts] [Tc]
Mahu2021: bets 20
williaanss: raises 120 to 140
Mahu2021: folds 
Uncalled bet (120) returned to williaanss
williaanss collected 120 from pot
williaanss: doesn't show hand 
*** SUMMARY ***
Total pot 120 | Rake 0 
Board [3c Jc 3s Ts Tc]
Seat 2: williaanss (button) (small blind) collected (120)
Seat 3: Mahu2021 (big blind) folded on the River



PokerStars Hand #247525080327: Tournament #3683181222, $1.84+$0.16 USD Hold'em No Limit - Level I (10/20) - 2023/12/07 12:41:36 CET [2023/12/07 6:41:36 ET]
Table '3683181222 1' 3-max Seat #3 is the button
Seat 2: williaanss (1090 in chips) 
Seat 3: Mahu2021 (410 in chips) 
Mahu2021: posts small blind 10
williaanss: posts big blind 20
*** HOLE CARDS ***
Dealt to Mahu2021 [5h Jd]
Mahu2021: folds 
Uncalled bet (10) returned to williaanss
williaanss collected 20 from pot
williaanss: doesn't show hand 
*** SUMMARY ***
Total pot 20 | Rake 0 
Seat 2: williaanss (big blind) collected (20)
Seat 3: Mahu2021 (button) (small blind) folded before Flop



PokerStars Hand #247525081014: Tournament #3683181222, $1.84+$0.16 USD Hold'em No Limit - Level I (10/20) - 2023/12/07 12:41:40 CET [2023/12/07 6:41:40 ET]
Table '3683181222 1' 3-max Seat #2 is the button
Seat 2: williaanss (1100 in chips) 
Seat 3: Mahu2021 (400 in chips) 
williaanss: posts small blind 10
Mahu2021: posts big blind 20
*** HOLE CARDS ***
Dealt to Mahu2021 [Jh 8c]
williaanss: calls 10
Mahu2021: checks 
*** FLOP *** [Td 5s Ts]
Mahu2021: checks 
williaanss: bets 20
Mahu2021: folds 
Uncalled bet (20) returned to williaanss
williaanss collected 40 from pot
williaanss: doesn't show hand 
*** SUMMARY ***
Total pot 40 | Rake 0 
Board [Td 5s Ts]
Seat 2: williaanss (button) (small blind) collected (40)
Seat 3: Mahu2021 (big blind) folded on the Flop



PokerStars Hand #247525082955: Tournament #3683181222, $1.84+$0.16 USD Hold'em No Limit - Level I (10/20) - 2023/12/07 12:41:52 CET [2023/12/07 6:41:52 ET]
Table '3683181222 1' 3-max Seat #3 is the button
Seat 2: williaanss (1120 in chips) 
Seat 3: Mahu2021 (380 in chips) 
Mahu2021: posts small blind 10
williaanss: posts big blind 20
*** HOLE CARDS ***
Dealt to Mahu2021 [4h As]
Mahu2021: raises 20 to 40
williaanss: calls 20
*** FLOP *** [Qd 7c 6s]
williaanss: bets 80
Mahu2021: folds 
Uncalled bet (80) returned to williaanss
williaanss collected 80 from pot
williaanss: doesn't show hand 
*** SUMMARY ***
Total pot 80 | Rake 0 
Board [Qd 7c 6s]
Seat 2: williaanss (big blind) collected (80)
Seat 3: Mahu2021 (button) (small blind) folded on the Flop



PokerStars Hand #247525085247: Tournament #3683181222, $1.84+$0.16 USD Hold'em No Limit - Level I (10/20) - 2023/12/07 12:42:06 CET [2023/12/07 6:42:06 ET]
Table '3683181222 1' 3-max Seat #2 is the button
Seat 2: williaanss (1160 in chips) 
Seat 3: Mahu2021 (340 in chips) 
williaanss: posts small blind 10
Mahu2021: posts big blind 20
*** HOLE CARDS ***
Dealt to Mahu2021 [2d Qs]
williaanss: calls 10
Mahu2021: checks 
*** FLOP *** [9d As 7d]
Mahu2021: checks 
williaanss: bets 80
Mahu2021: folds 
Uncalled bet (80) returned to williaanss
williaanss collected 40 from pot
williaanss: doesn't show hand 
*** SUMMARY ***
Total pot 40 | Rake 0 
Board [9d As 7d]
Seat 2: williaanss (button) (small blind) collected (40)
Seat 3: Mahu2021 (big blind) folded on the Flop



PokerStars Hand #247525087440: Tournament #3683181222, $1.84+$0.16 USD Hold'em No Limit - Level I (10/20) - 2023/12/07 12:42:20 CET [2023/12/07 6:42:20 ET]
Table '3683181222 1' 3-max Seat #3 is the button
Seat 2: williaanss (1180 in chips) 
Seat 3: Mahu2021 (320 in chips) 
Mahu2021: posts small blind 10
williaanss: posts big blind 20
*** HOLE CARDS ***
Dealt to Mahu2021 [9s 8s]
Mahu2021: raises 20 to 40
williaanss: calls 20
*** FLOP *** [2c 7c 3d]
williaanss: checks 
Mahu2021: checks 
*** TURN *** [2c 7c 3d] [8d]
williaanss: checks 
Mahu2021: bets 80
williaanss: calls 80
*** RIVER *** [2c 7c 3d 8d] [7s]
williaanss: bets 120
Mahu2021: calls 120
*** SHOW DOWN ***
williaanss: shows [4d Kd] (a pair of Sevens)
Mahu2021: shows [9s 8s] (two pair, Eights and Sevens)
Mahu2021 collected 480 from pot
*** SUMMARY ***
Total pot 480 | Rake 0 
Board [2c 7c 3d 8d 7s]
Seat 2: williaanss (big blind) showed [4d Kd] and lost with a pair of Sevens
Seat 3: Mahu2021 (button) (small blind) showed [9s 8s] and won (480) with two pair, Eights and Sevens



PokerStars Hand #247525091687: Tournament #3683181222, $1.84+$0.16 USD Hold'em No Limit - Level I (10/20) - 2023/12/07 12:42:46 CET [2023/12/07 6:42:46 ET]
Table '3683181222 1' 3-max Seat #2 is the button
Seat 2: williaanss (940 in chips) 
Seat 3: Mahu2021 (560 in chips) 
williaanss: posts small blind 10
Mahu2021: posts big blind 20
*** HOLE CARDS ***
Dealt to Mahu2021 [Ks 3d]
williaanss: raises 20 to 40
Mahu2021: calls 20
*** FLOP *** [3h Qh Jc]
Mahu2021: checks 
williaanss: bets 80
Mahu2021: folds 
Uncalled bet (80) returned to williaanss
williaanss collected 80 from pot
williaanss: doesn't show hand 
*** SUMMARY ***
Total pot 80 | Rake 0 
Board [3h Qh Jc]
Seat 2: williaanss (button) (small blind) collected (80)
Seat 3: Mahu2021 (big blind) folded on the Flop



PokerStars Hand #247525095040: Tournament #3683181222, $1.84+$0.16 USD Hold'em No Limit - Level I (10/20) - 2023/12/07 12:43:07 CET [2023/12/07 6:43:07 ET]
Table '3683181222 1' 3-max Seat #3 is the button
Seat 2: williaanss (980 in chips) 
Seat 3: Mahu2021 (520 in chips) 
Mahu2021: posts small blind 10
williaanss: posts big blind 20
*** HOLE CARDS ***
Dealt to Mahu2021 [4h 3h]
Mahu2021: calls 10
williaanss: checks 
*** FLOP *** [8s Ad Kd]
williaanss: checks 
Mahu2021: checks 
*** TURN *** [8s Ad Kd] [7d]
williaanss: checks 
Mahu2021: bets 20
williaanss: folds 
Uncalled bet (20) returned to Mahu2021
Mahu2021 collected 40 from pot
Mahu2021: doesn't show hand 
*** SUMMARY ***
Total pot 40 | Rake 0 
Board [8s Ad Kd 7d]
Seat 2: williaanss (big blind) folded on the Turn
Seat 3: Mahu2021 (button) (small blind) collected (40)



PokerStars Hand #247525097291: Tournament #3683181222, $1.84+$0.16 USD Hold'em No Limit - Level I (10/20) - 2023/12/07 12:43:21 CET [2023/12/07 6:43:21 ET]
Table '3683181222 1' 3-max Seat #2 is the button
Seat 2: williaanss (960 in chips) 
Seat 3: Mahu2021 (540 in chips) 
williaanss: posts small blind 10
Mahu2021: posts big blind 20
*** HOLE CARDS ***
Dealt to Mahu2021 [As 8h]
williaanss: calls 10
Mahu2021: raises 40 to 60
williaanss: raises 40 to 100
Mahu2021: raises 440 to 540 and is all-in
williaanss: calls 440
*** FLOP *** [8d 9h 5s]
*** TURN *** [8d 9h 5s] [5h]
*** RIVER *** [8d 9h 5s 5h] [Ks]
*** SHOW DOWN ***
Mahu2021: shows [As 8h] (two pair, Eights and Fives)
williaanss: shows [Ac 3s] (a pair of Fives)
Mahu2021 collected 1080 from pot
*** SUMMARY ***
Total pot 1080 | Rake 0 
Board [8d 9h 5s 5h Ks]
Seat 2: williaanss (button) (small blind) showed [Ac 3s] and lost with a pair of Fives
Seat 3: Mahu2021 (big blind) showed [As 8h] and won (1080) with two pair, Eights and Fives



PokerStars Hand #247525100378: Tournament #3683181222, $1.84+$0.16 USD Hold'em No Limit - Level I (10/20) - 2023/12/07 12:43:40 CET [2023/12/07 6:43:40 ET]
Table '3683181222 1' 3-max Seat #3 is the button
Seat 2: williaanss (420 in chips) 
Seat 3: Mahu2021 (1080 in chips) 
Mahu2021: posts small blind 10
williaanss: posts big blind 20
*** HOLE CARDS ***
Dealt to Mahu2021 [Qh Td]
Mahu2021: calls 10
williaanss: checks 
*** FLOP *** [Jc 5h Th]
williaanss: bets 400 and is all-in
Mahu2021: calls 400
*** TURN *** [Jc 5h Th] [4s]
*** RIVER *** [Jc 5h Th 4s] [6d]
*** SHOW DOWN ***
williaanss: shows [Jh 8d] (a pair of Jacks)
Mahu2021: shows [Qh Td] (a pair of Tens)
williaanss collected 840 from pot
*** SUMMARY ***
Total pot 840 | Rake 0 
Board [Jc 5h Th 4s 6d]
Seat 2: williaanss (big blind) showed [Jh 8d] and won (840) with a pair of Jacks
Seat 3: Mahu2021 (button) (small blind) showed [Qh Td] and lost with a pair of Tens



PokerStars Hand #247525103527: Tournament #3683181222, $1.84+$0.16 USD Hold'em No Limit - Level II (15/30) - 2023/12/07 12:43:59 CET [2023/12/07 6:43:59 ET]
Table '3683181222 1' 3-max Seat #2 is the button
Seat 2: williaanss (840 in chips) 
Seat 3: Mahu2021 (660 in chips) 
williaanss: posts small blind 15
Mahu2021: posts big blind 30
*** HOLE CARDS ***
Dealt to Mahu2021 [Jd 6s]
williaanss: raises 60 to 90
Mahu2021: folds 
Uncalled bet (60) returned to williaanss
williaanss collected 60 from pot
williaanss: doesn't show hand 
*** SUMMARY ***
Total pot 60 | Rake 0 
Seat 2: williaanss (button) (small blind) collected (60)
Seat 3: Mahu2021 (big blind) folded before Flop



PokerStars Hand #247525104923: Tournament #3683181222, $1.84+$0.16 USD Hold'em No Limit - Level II (15/30) - 2023/12/07 12:44:08 CET [2023/12/07 6:44:08 ET]
Table '3683181222 1' 3-max Seat #3 is the button
Seat 2: williaanss (870 in chips) 
Seat 3: Mahu2021 (630 in chips) 
Mahu2021: posts small blind 15
williaanss: posts big blind 30
*** HOLE CARDS ***
Dealt to Mahu2021 [3h 3c]
Mahu2021: raises 600 to 630 and is all-in
williaanss: calls 600
*** FLOP *** [Qc 2c 5s]
*** TURN *** [Qc 2c 5s] [4d]
*** RIVER *** [Qc 2c 5s 4d] [Jc]
*** SHOW DOWN ***
williaanss: shows [5c 5d] (three of a kind, Fives)
Mahu2021: shows [3h 3c] (a pair of Threes)
williaanss collected 1260 from pot
Mahu2021 finished the tournament in 2nd place
williaanss wins the tournament and receives $6.00 - congratulations!
*** SUMMARY ***
Total pot 1260 | Rake 0 
Board [Qc 2c 5s 4d Jc]
Seat 2: williaanss (big blind) showed [5c 5d] and won (1260) with three of a kind, Fives
Seat 3: Mahu2021 (button) (small blind) showed [3h 3c] and lost with a pair of Threes



