PokerStars Zoom Hand #255030782860:  Hold'em No Limit ($0.50/$1.00) - 2025/02/25 10:18:51 CET [2025/02/25 4:18:51 ET]
Table 'Triangulum' 6-max Seat #1 is the button
Seat 1: MaRKiToScoK ($100 in chips) 
Seat 2: mikefrombyto ($139.86 in chips) 
Seat 3: Mahu2021 ($52.39 in chips) 
Seat 4: felizol 7 ($140.52 in chips) 
Seat 5: 4ikkiBamBoni ($100 in chips) 
mikefrombyto: posts small blind $0.50
Mahu2021: posts big blind $1
*** HOLE CARDS ***
Dealt to Mahu2021 [4s Ad]
felizol 7: folds 
4ikkiBamBoni: folds 
MaRKiToScoK: raises $1.20 to $2.20
mikefrombyto: folds 
Mahu2021: folds 
Uncalled bet ($1.20) returned to MaRKiToScoK
MaRKiToScoK collected $2.50 from pot
MaRKiToScoK: doesn't show hand 
*** SUMMARY ***
Total pot $2.50 | Rake $0 
Seat 1: MaRKiToScoK (button) collected ($2.50)
Seat 2: mikefrombyto (small blind) folded before Flop
Seat 3: Mahu2021 (big blind) folded before Flop
Seat 4: felizol 7 folded before Flop (didn't bet)
Seat 5: 4ikkiBamBoni folded before Flop (didn't bet)



PokerStars Zoom Hand #255030784406:  Hold'em No Limit ($0.50/$1.00) - 2025/02/25 10:19:09 CET [2025/02/25 4:19:09 ET]
Table 'Triangulum' 6-max Seat #1 is the button
Seat 1: manibani2000 ($277.12 in chips) 
Seat 2: Mahu2021 ($51.39 in chips) 
Seat 3: NaomiBelfort ($193.36 in chips) 
Seat 4: felizol 7 ($103.50 in chips) 
Seat 5: KAPITANTZANO ($115.52 in chips) 
Mahu2021: posts small blind $0.50
NaomiBelfort: posts big blind $1
*** HOLE CARDS ***
Dealt to Mahu2021 [Qh 7h]
felizol 7: raises $1 to $2
KAPITANTZANO: raises $5 to $7
manibani2000: folds 
Mahu2021: folds 
NaomiBelfort: folds 
felizol 7: folds 
Uncalled bet ($5) returned to KAPITANTZANO
KAPITANTZANO collected $5.50 from pot
KAPITANTZANO: doesn't show hand 
*** SUMMARY ***
Total pot $5.50 | Rake $0 
Seat 1: manibani2000 (button) folded before Flop (didn't bet)
Seat 2: Mahu2021 (small blind) folded before Flop
Seat 3: NaomiBelfort (big blind) folded before Flop
Seat 4: felizol 7 folded before Flop
Seat 5: KAPITANTZANO collected ($5.50)



PokerStars Zoom Hand #255030785386:  Hold'em No Limit ($0.50/$1.00) - 2025/02/25 10:19:20 CET [2025/02/25 4:19:20 ET]
Table 'Triangulum' 6-max Seat #1 is the button
Seat 1: Mahu2021 ($50.89 in chips) 
Seat 2: 8_Spizzico_9 ($100 in chips) 
Seat 3: MaRKiToScoK ($101.50 in chips) 
Seat 4: mikefrombyto ($139.36 in chips) 
Seat 5: felizol 7 ($127.01 in chips) 
Seat 6: manibani2000 ($277.12 in chips) 
8_Spizzico_9: posts small blind $0.50
MaRKiToScoK: posts big blind $1
*** HOLE CARDS ***
Dealt to Mahu2021 [8s As]
mikefrombyto: folds 
felizol 7: folds 
manibani2000: folds 
Mahu2021: raises $2 to $3
8_Spizzico_9: folds 
MaRKiToScoK: folds 
Uncalled bet ($2) returned to Mahu2021
Mahu2021 collected $2.50 from pot
Mahu2021: doesn't show hand 
*** SUMMARY ***
Total pot $2.50 | Rake $0 
Seat 1: Mahu2021 (button) collected ($2.50)
Seat 2: 8_Spizzico_9 (small blind) folded before Flop
Seat 3: MaRKiToScoK (big blind) folded before Flop
Seat 4: mikefrombyto folded before Flop (didn't bet)
Seat 5: felizol 7 folded before Flop (didn't bet)
Seat 6: manibani2000 folded before Flop (didn't bet)



PokerStars Zoom Hand #255030787399:  Hold'em No Limit ($0.50/$1.00) - 2025/02/25 10:19:43 CET [2025/02/25 4:19:43 ET]
Table 'Triangulum' 6-max Seat #1 is the button
Seat 1: felizol 7 ($137.82 in chips) 
Seat 2: Mahu2021 ($52.39 in chips) 
Seat 3: 31oren ($100 in chips) 
Seat 4: KAPITANTZANO ($109.94 in chips) 
Seat 5: MaRKiToScoK ($116.26 in chips) 
Mahu2021: posts small blind $0.50
31oren: posts big blind $1
*** HOLE CARDS ***
Dealt to Mahu2021 [9d 6h]
KAPITANTZANO: folds 
MaRKiToScoK: folds 
felizol 7: raises $1.25 to $2.25
Mahu2021: folds 
31oren: folds 
Uncalled bet ($1.25) returned to felizol 7
felizol 7 collected $2.50 from pot
felizol 7: doesn't show hand 
*** SUMMARY ***
Total pot $2.50 | Rake $0 
Seat 1: felizol 7 (button) collected ($2.50)
Seat 2: Mahu2021 (small blind) folded before Flop
Seat 3: 31oren (big blind) folded before Flop
Seat 4: KAPITANTZANO folded before Flop (didn't bet)
Seat 5: MaRKiToScoK folded before Flop (didn't bet)



PokerStars Zoom Hand #255030787753:  Hold'em No Limit ($0.50/$1.00) - 2025/02/25 10:19:47 CET [2025/02/25 4:19:47 ET]
Table 'Triangulum' 6-max Seat #1 is the button
Seat 1: mikefrombyto ($102.14 in chips) 
Seat 2: KAPITANTZANO ($100 in chips) 
Seat 3: Mahu2021 ($51.89 in chips) 
Seat 4: 8_Spizzico_9 ($386.19 in chips) 
Seat 5: NaomiBelfort ($279.45 in chips) 
KAPITANTZANO: posts small blind $0.50
Mahu2021: posts big blind $1
*** HOLE CARDS ***
Dealt to Mahu2021 [8h 6h]
8_Spizzico_9: folds 
NaomiBelfort: folds 
mikefrombyto: raises $1.50 to $2.50
KAPITANTZANO: folds 
Mahu2021: calls $1.50
*** FLOP *** [5d Td 2d]
Mahu2021: checks 
mikefrombyto: checks 
*** TURN *** [5d Td 2d] [3c]
Mahu2021: checks 
mikefrombyto: checks 
*** RIVER *** [5d Td 2d 3c] [Jd]
Mahu2021: bets $2
mikefrombyto: folds 
Uncalled bet ($2) returned to Mahu2021
Mahu2021 collected $5.22 from pot
Mahu2021: doesn't show hand 
*** SUMMARY ***
Total pot $5.50 | Rake $0.28 
Board [5d Td 2d 3c Jd]
Seat 1: mikefrombyto (button) folded on the River
Seat 2: KAPITANTZANO (small blind) folded before Flop
Seat 3: Mahu2021 (big blind) collected ($5.22)
Seat 4: 8_Spizzico_9 folded before Flop (didn't bet)
Seat 5: NaomiBelfort folded before Flop (didn't bet)



PokerStars Zoom Hand #255030791164:  Hold'em No Limit ($0.50/$1.00) - 2025/02/25 10:20:27 CET [2025/02/25 4:20:27 ET]
Table 'Triangulum' 6-max Seat #1 is the button
Seat 1: JerAngkor ($40.73 in chips) 
Seat 2: 8_Spizzico_9 ($385.19 in chips) 
Seat 3: NaomiBelfort ($195.76 in chips) 
Seat 4: MaRKiToScoK ($124.90 in chips) 
Seat 5: Mahu2021 ($54.61 in chips) 
Seat 6: mikefrombyto ($100 in chips) 
8_Spizzico_9: posts small blind $0.50
NaomiBelfort: posts big blind $1
*** HOLE CARDS ***
Dealt to Mahu2021 [9h Ks]
MaRKiToScoK: folds 
Mahu2021: folds 
mikefrombyto: raises $1.20 to $2.20
JerAngkor: folds 
8_Spizzico_9: folds 
NaomiBelfort: folds 
Uncalled bet ($1.20) returned to mikefrombyto
mikefrombyto collected $2.50 from pot
mikefrombyto: doesn't show hand 
*** SUMMARY ***
Total pot $2.50 | Rake $0 
Seat 1: JerAngkor (button) folded before Flop (didn't bet)
Seat 2: 8_Spizzico_9 (small blind) folded before Flop
Seat 3: NaomiBelfort (big blind) folded before Flop
Seat 4: MaRKiToScoK folded before Flop (didn't bet)
Seat 5: Mahu2021 folded before Flop (didn't bet)
Seat 6: mikefrombyto collected ($2.50)



PokerStars Zoom Hand #255030791509:  Hold'em No Limit ($0.50/$1.00) - 2025/02/25 10:20:31 CET [2025/02/25 4:20:31 ET]
Table 'Triangulum' 6-max Seat #1 is the button
Seat 1: KAPITANTZANO ($121.70 in chips) 
Seat 2: manibani2000 ($277.62 in chips) 
Seat 3: Dan KOTTI ($102.94 in chips) 
Seat 4: marcelutz111 ($100 in chips) 
Seat 5: favito23 ($195.69 in chips) 
Seat 6: Mahu2021 ($54.61 in chips) 
manibani2000: posts small blind $0.50
Dan KOTTI: posts big blind $1
*** HOLE CARDS ***
Dealt to Mahu2021 [As 3c]
marcelutz111: folds 
favito23: folds 
Mahu2021: folds 
KAPITANTZANO: raises $1 to $2
manibani2000: folds 
Dan KOTTI: folds 
Uncalled bet ($1) returned to KAPITANTZANO
KAPITANTZANO collected $2.50 from pot
KAPITANTZANO: doesn't show hand 
*** SUMMARY ***
Total pot $2.50 | Rake $0 
Seat 1: KAPITANTZANO (button) collected ($2.50)
Seat 2: manibani2000 (small blind) folded before Flop
Seat 3: Dan KOTTI (big blind) folded before Flop
Seat 4: marcelutz111 folded before Flop (didn't bet)
Seat 5: favito23 folded before Flop (didn't bet)
Seat 6: Mahu2021 folded before Flop (didn't bet)



PokerStars Zoom Hand #255030792253:  Hold'em No Limit ($0.50/$1.00) - 2025/02/25 10:20:39 CET [2025/02/25 4:20:39 ET]
Table 'Triangulum' 6-max Seat #1 is the button
Seat 1: Grycko7 ($54.82 in chips) 
Seat 2: 8_Spizzico_9 ($311.12 in chips) 
Seat 3: Mahu2021 ($54.61 in chips) 
Seat 4: trickdya ($101.83 in chips) 
Seat 5: MangomannUK ($65.11 in chips) 
Seat 6: felizol 7 ($136.15 in chips) 
8_Spizzico_9: posts small blind $0.50
Mahu2021: posts big blind $1
*** HOLE CARDS ***
Dealt to Mahu2021 [Th Ah]
trickdya: folds 
MangomannUK: folds 
felizol 7: folds 
Grycko7: folds 
8_Spizzico_9: folds 
Uncalled bet ($0.50) returned to Mahu2021
Mahu2021 collected $1 from pot
Mahu2021: doesn't show hand 
*** SUMMARY ***
Total pot $1 | Rake $0 
Seat 1: Grycko7 (button) folded before Flop (didn't bet)
Seat 2: 8_Spizzico_9 (small blind) folded before Flop
Seat 3: Mahu2021 (big blind) collected ($1)
Seat 4: trickdya folded before Flop (didn't bet)
Seat 5: MangomannUK folded before Flop (didn't bet)
Seat 6: felizol 7 folded before Flop (didn't bet)



PokerStars Zoom Hand #255030790480:  Hold'em No Limit ($0.50/$1.00) - 2025/02/25 10:20:19 CET [2025/02/25 4:20:19 ET]
Table 'Triangulum' 6-max Seat #1 is the button
Seat 1: Mahu2021 ($54.61 in chips) 
Seat 2: mikefrombyto ($100 in chips) 
Seat 3: Lindk25 ($100 in chips) 
Seat 4: NaomiBelfort ($278.95 in chips) 
Seat 5: felizol 7 ($140.82 in chips) 
mikefrombyto: posts small blind $0.50
Lindk25: posts big blind $1
*** HOLE CARDS ***
Dealt to Mahu2021 [7h Qh]
NaomiBelfort: raises $1.20 to $2.20
felizol 7: raises $5.30 to $7.50
Mahu2021: folds 
mikefrombyto: folds 
Lindk25: folds 
NaomiBelfort: calls $5.30
*** FLOP *** [7c 3h 5d]
NaomiBelfort: checks 
felizol 7: checks 
*** TURN *** [7c 3h 5d] [2h]
NaomiBelfort: bets $5.02
felizol 7: folds 
Uncalled bet ($5.02) returned to NaomiBelfort
NaomiBelfort collected $15.68 from pot
NaomiBelfort: doesn't show hand 
*** SUMMARY ***
Total pot $16.50 | Rake $0.82 
Board [7c 3h 5d 2h]
Seat 1: Mahu2021 (button) folded before Flop (didn't bet)
Seat 2: mikefrombyto (small blind) folded before Flop
Seat 3: Lindk25 (big blind) folded before Flop
Seat 4: NaomiBelfort collected ($15.68)
Seat 5: felizol 7 folded on the Turn



PokerStars Zoom Hand #255030793293:  Hold'em No Limit ($0.50/$1.00) - 2025/02/25 10:20:51 CET [2025/02/25 4:20:51 ET]
Table 'Triangulum' 6-max Seat #1 is the button
Seat 1: Grycko7 ($54.82 in chips) 
Seat 2: 8_Spizzico_9 ($268.06 in chips) 
Seat 3: KAPITANTZANO ($100 in chips) 
Seat 4: 31oren ($104.75 in chips) 
Seat 5: Mahu2021 ($55.11 in chips) 
8_Spizzico_9: posts small blind $0.50
KAPITANTZANO: posts big blind $1
*** HOLE CARDS ***
Dealt to Mahu2021 [Ts Ad]
31oren: folds 
Mahu2021: raises $1.40 to $2.40
Grycko7: folds 
8_Spizzico_9: folds 
KAPITANTZANO: folds 
Uncalled bet ($1.40) returned to Mahu2021
Mahu2021 collected $2.50 from pot
Mahu2021: doesn't show hand 
*** SUMMARY ***
Total pot $2.50 | Rake $0 
Seat 1: Grycko7 (button) folded before Flop (didn't bet)
Seat 2: 8_Spizzico_9 (small blind) folded before Flop
Seat 3: KAPITANTZANO (big blind) folded before Flop
Seat 4: 31oren folded before Flop (didn't bet)
Seat 5: Mahu2021 collected ($2.50)



PokerStars Zoom Hand #255030791879:  Hold'em No Limit ($0.50/$1.00) - 2025/02/25 10:20:34 CET [2025/02/25 4:20:34 ET]
Table 'Triangulum' 6-max Seat #1 is the button
Seat 1: MaRKiToScoK ($116.26 in chips) 
Seat 2: Lindk25 ($99 in chips) 
Seat 3: favito23 ($195.69 in chips) 
Seat 4: Mahu2021 ($54.61 in chips) 
Seat 5: NaomiBelfort ($165.97 in chips) 
Seat 6: trickdya ($101.83 in chips) 
Lindk25: posts small blind $0.50
favito23: posts big blind $1
*** HOLE CARDS ***
Dealt to Mahu2021 [Qc 6d]
Mahu2021: folds 
NaomiBelfort: folds 
trickdya: folds 
MaRKiToScoK: raises $1.20 to $2.20
Lindk25: folds 
favito23: calls $1.20
*** FLOP *** [3s Ks 6s]
favito23: checks 
MaRKiToScoK: bets $1
favito23: calls $1
*** TURN *** [3s Ks 6s] [Kd]
favito23: checks 
MaRKiToScoK: checks 
*** RIVER *** [3s Ks 6s Kd] [9d]
favito23: checks 
MaRKiToScoK: checks 
*** SHOW DOWN ***
favito23: shows [6c 2c] (two pair, Kings and Sixes)
MaRKiToScoK: mucks hand 
favito23 collected $6.56 from pot
*** SUMMARY ***
Total pot $6.90 | Rake $0.34 
Board [3s Ks 6s Kd 9d]
Seat 1: MaRKiToScoK (button) mucked [8d Qd]
Seat 2: Lindk25 (small blind) folded before Flop
Seat 3: favito23 (big blind) showed [6c 2c] and won ($6.56) with two pair, Kings and Sixes
Seat 4: Mahu2021 folded before Flop (didn't bet)
Seat 5: NaomiBelfort folded before Flop (didn't bet)
Seat 6: trickdya folded before Flop (didn't bet)



PokerStars Zoom Hand #255030794726:  Hold'em No Limit ($0.50/$1.00) - 2025/02/25 10:21:07 CET [2025/02/25 4:21:07 ET]
Table 'Triangulum' 6-max Seat #1 is the button
Seat 1: 8_Spizzico_9 ($383.69 in chips) 
Seat 2: Mahu2021 ($56.61 in chips) 
Seat 3: KAPITANTZANO ($110.88 in chips) 
Seat 4: trickdya ($116.29 in chips) 
Seat 5: mikefrombyto ($122.45 in chips) 
Seat 6: 31oren ($106 in chips) 
Mahu2021: posts small blind $0.50
KAPITANTZANO: posts big blind $1
*** HOLE CARDS ***
Dealt to Mahu2021 [Qh Qs]
trickdya: folds 
mikefrombyto: folds 
31oren: raises $1.20 to $2.20
8_Spizzico_9: folds 
Mahu2021: calls $1.70
KAPITANTZANO: folds 
*** FLOP *** [4s 2s 6d]
Mahu2021: checks 
31oren: bets $2.57
Mahu2021: calls $2.57
*** TURN *** [4s 2s 6d] [9d]
Mahu2021: checks 
31oren: checks 
*** RIVER *** [4s 2s 6d 9d] [2c]
Mahu2021: bets $5
31oren: folds 
Uncalled bet ($5) returned to Mahu2021
Mahu2021 collected $10.01 from pot
Mahu2021: doesn't show hand 
*** SUMMARY ***
Total pot $10.54 | Rake $0.53 
Board [4s 2s 6d 9d 2c]
Seat 1: 8_Spizzico_9 (button) folded before Flop (didn't bet)
Seat 2: Mahu2021 (small blind) collected ($10.01)
Seat 3: KAPITANTZANO (big blind) folded before Flop
Seat 4: trickdya folded before Flop (didn't bet)
Seat 5: mikefrombyto folded before Flop (didn't bet)
Seat 6: 31oren folded on the River



PokerStars Zoom Hand #255030798700:  Hold'em No Limit ($0.50/$1.00) - 2025/02/25 10:21:53 CET [2025/02/25 4:21:53 ET]
Table 'Triangulum' 6-max Seat #1 is the button
Seat 1: Mahu2021 ($61.85 in chips) 
Seat 2: 31oren ($105.53 in chips) 
Seat 3: MaRKiToScoK ($100 in chips) 
Seat 4: 8_Spizzico_9 ($383.19 in chips) 
Seat 5: KAPITANTZANO ($100 in chips) 
31oren: posts small blind $0.50
MaRKiToScoK: posts big blind $1
*** HOLE CARDS ***
Dealt to Mahu2021 [Td 3s]
8_Spizzico_9: folds 
KAPITANTZANO: folds 
Mahu2021: folds 
31oren: folds 
Uncalled bet ($0.50) returned to MaRKiToScoK
MaRKiToScoK collected $1 from pot
MaRKiToScoK: doesn't show hand 
*** SUMMARY ***
Total pot $1 | Rake $0 
Seat 1: Mahu2021 (button) folded before Flop (didn't bet)
Seat 2: 31oren (small blind) folded before Flop
Seat 3: MaRKiToScoK (big blind) collected ($1)
Seat 4: 8_Spizzico_9 folded before Flop (didn't bet)
Seat 5: KAPITANTZANO folded before Flop (didn't bet)



