PokerStars Hand #243467733240: Tournament #3586106324, $0.92+$0.08 USD Hold'em No Limit - Level I (10/20) - 2023/05/03 20:21:03 CET [2023/05/03 14:21:03 ET]
Table '3586106324 1' 3-max Seat #1 is the button
Seat 1: Imbastrol (500 in chips) 
Seat 2: Mahu2021 (500 in chips) 
Seat 3: henry2007 (500 in chips) 
Mahu2021: posts small blind 10
henry2007: posts big blind 20
*** HOLE CARDS ***
Dealt to Mahu2021 [Tc 7s]
Imbastrol: folds 
Mahu2021: folds 
Uncalled bet (10) returned to henry2007
henry2007 collected 20 from pot
henry2007: doesn't show hand 
*** SUMMARY ***
Total pot 20 | Rake 0 
Seat 1: Imbastrol (button) folded before Flop (didn't bet)
Seat 2: Mahu2021 (small blind) folded before Flop
Seat 3: henry2007 (big blind) collected (20)



PokerStars Hand #243467735589: Tournament #3586106324, $0.92+$0.08 USD Hold'em No Limit - Level I (10/20) - 2023/05/03 20:21:08 CET [2023/05/03 14:21:08 ET]
Table '3586106324 1' 3-max Seat #2 is the button
Seat 1: Imbastrol (500 in chips) 
Seat 2: Mahu2021 (490 in chips) 
Seat 3: henry2007 (510 in chips) 
henry2007: posts small blind 10
Imbastrol: posts big blind 20
*** HOLE CARDS ***
Dealt to Mahu2021 [6s 4d]
Mahu2021: folds 
henry2007: calls 10
Imbastrol: raises 40 to 60
henry2007: folds 
Uncalled bet (40) returned to Imbastrol
Imbastrol collected 40 from pot
Imbastrol: doesn't show hand 
*** SUMMARY ***
Total pot 40 | Rake 0 
Seat 1: Imbastrol (big blind) collected (40)
Seat 2: Mahu2021 (button) folded before Flop (didn't bet)
Seat 3: henry2007 (small blind) folded before Flop



PokerStars Hand #243467741471: Tournament #3586106324, $0.92+$0.08 USD Hold'em No Limit - Level I (10/20) - 2023/05/03 20:21:23 CET [2023/05/03 14:21:23 ET]
Table '3586106324 1' 3-max Seat #3 is the button
Seat 1: Imbastrol (520 in chips) 
Seat 2: Mahu2021 (490 in chips) 
Seat 3: henry2007 (490 in chips) 
Imbastrol: posts small blind 10
Mahu2021: posts big blind 20
*** HOLE CARDS ***
Dealt to Mahu2021 [4c 6h]
henry2007: folds 
Imbastrol: raises 20 to 40
Mahu2021: calls 20
*** FLOP *** [4h 2s Jc]
Imbastrol: bets 20
Mahu2021: calls 20
*** TURN *** [4h 2s Jc] [3h]
Imbastrol: checks 
Mahu2021: checks 
*** RIVER *** [4h 2s Jc 3h] [6s]
Imbastrol: checks 
Mahu2021: bets 120
Imbastrol: folds 
Uncalled bet (120) returned to Mahu2021
Mahu2021 collected 120 from pot
Mahu2021: doesn't show hand 
*** SUMMARY ***
Total pot 120 | Rake 0 
Board [4h 2s Jc 3h 6s]
Seat 1: Imbastrol (small blind) folded on the River
Seat 2: Mahu2021 (big blind) collected (120)
Seat 3: henry2007 (button) folded before Flop (didn't bet)



PokerStars Hand #243467750847: Tournament #3586106324, $0.92+$0.08 USD Hold'em No Limit - Level I (10/20) - 2023/05/03 20:21:46 CET [2023/05/03 14:21:46 ET]
Table '3586106324 1' 3-max Seat #1 is the button
Seat 1: Imbastrol (460 in chips) 
Seat 2: Mahu2021 (550 in chips) 
Seat 3: henry2007 (490 in chips) 
Mahu2021: posts small blind 10
henry2007: posts big blind 20
*** HOLE CARDS ***
Dealt to Mahu2021 [2d Kh]
Imbastrol: folds 
Mahu2021: folds 
Uncalled bet (10) returned to henry2007
henry2007 collected 20 from pot
henry2007: doesn't show hand 
*** SUMMARY ***
Total pot 20 | Rake 0 
Seat 1: Imbastrol (button) folded before Flop (didn't bet)
Seat 2: Mahu2021 (small blind) folded before Flop
Seat 3: henry2007 (big blind) collected (20)



PokerStars Hand #243467753792: Tournament #3586106324, $0.92+$0.08 USD Hold'em No Limit - Level I (10/20) - 2023/05/03 20:21:53 CET [2023/05/03 14:21:53 ET]
Table '3586106324 1' 3-max Seat #2 is the button
Seat 1: Imbastrol (460 in chips) 
Seat 2: Mahu2021 (540 in chips) 
Seat 3: henry2007 (500 in chips) 
henry2007: posts small blind 10
Imbastrol: posts big blind 20
*** HOLE CARDS ***
Dealt to Mahu2021 [2c 7s]
Mahu2021: folds 
henry2007: raises 20 to 40
Imbastrol: calls 20
*** FLOP *** [Jh 3c 7c]
henry2007: bets 20
Imbastrol: calls 20
*** TURN *** [Jh 3c 7c] [Kc]
henry2007: bets 40
Imbastrol: calls 40
*** RIVER *** [Jh 3c 7c Kc] [3s]
henry2007: checks 
Imbastrol: checks 
*** SHOW DOWN ***
henry2007: shows [Qd Tc] (a pair of Threes)
Imbastrol: mucks hand 
henry2007 collected 200 from pot
*** SUMMARY ***
Total pot 200 | Rake 0 
Board [Jh 3c 7c Kc 3s]
Seat 1: Imbastrol (big blind) mucked [Ts 9d]
Seat 2: Mahu2021 (button) folded before Flop (didn't bet)
Seat 3: henry2007 (small blind) showed [Qd Tc] and won (200) with a pair of Threes



PokerStars Hand #243467766108: Tournament #3586106324, $0.92+$0.08 USD Hold'em No Limit - Level I (10/20) - 2023/05/03 20:22:23 CET [2023/05/03 14:22:23 ET]
Table '3586106324 1' 3-max Seat #3 is the button
Seat 1: Imbastrol (360 in chips) 
Seat 2: Mahu2021 (540 in chips) 
Seat 3: henry2007 (600 in chips) 
Imbastrol: posts small blind 10
Mahu2021: posts big blind 20
*** HOLE CARDS ***
Dealt to Mahu2021 [Kd Js]
henry2007: folds 
Imbastrol: raises 20 to 40
Mahu2021: calls 20
*** FLOP *** [Qd Ts 4d]
Imbastrol: bets 20
Mahu2021: raises 60 to 80
Imbastrol: folds 
Uncalled bet (60) returned to Mahu2021
Mahu2021 collected 120 from pot
Mahu2021: doesn't show hand 
*** SUMMARY ***
Total pot 120 | Rake 0 
Board [Qd Ts 4d]
Seat 1: Imbastrol (small blind) folded on the Flop
Seat 2: Mahu2021 (big blind) collected (120)
Seat 3: henry2007 (button) folded before Flop (didn't bet)



PokerStars Hand #243467774005: Tournament #3586106324, $0.92+$0.08 USD Hold'em No Limit - Level I (10/20) - 2023/05/03 20:22:42 CET [2023/05/03 14:22:42 ET]
Table '3586106324 1' 3-max Seat #1 is the button
Seat 1: Imbastrol (300 in chips) 
Seat 2: Mahu2021 (600 in chips) 
Seat 3: henry2007 (600 in chips) 
Mahu2021: posts small blind 10
henry2007: posts big blind 20
*** HOLE CARDS ***
Dealt to Mahu2021 [Qh 2s]
Imbastrol: folds 
Mahu2021: folds 
Uncalled bet (10) returned to henry2007
henry2007 collected 20 from pot
henry2007: doesn't show hand 
*** SUMMARY ***
Total pot 20 | Rake 0 
Seat 1: Imbastrol (button) folded before Flop (didn't bet)
Seat 2: Mahu2021 (small blind) folded before Flop
Seat 3: henry2007 (big blind) collected (20)



PokerStars Hand #243467777593: Tournament #3586106324, $0.92+$0.08 USD Hold'em No Limit - Level I (10/20) - 2023/05/03 20:22:50 CET [2023/05/03 14:22:50 ET]
Table '3586106324 1' 3-max Seat #2 is the button
Seat 1: Imbastrol (300 in chips) 
Seat 2: Mahu2021 (590 in chips) 
Seat 3: henry2007 (610 in chips) 
henry2007: posts small blind 10
Imbastrol: posts big blind 20
*** HOLE CARDS ***
Dealt to Mahu2021 [Ah Js]
Mahu2021: raises 20 to 40
henry2007: calls 30
Imbastrol: calls 20
*** FLOP *** [4s Kh 7h]
henry2007: bets 20
Imbastrol: raises 40 to 60
Mahu2021: folds 
henry2007: folds 
Uncalled bet (40) returned to Imbastrol
Imbastrol collected 160 from pot
Imbastrol: doesn't show hand 
*** SUMMARY ***
Total pot 160 | Rake 0 
Board [4s Kh 7h]
Seat 1: Imbastrol (big blind) collected (160)
Seat 2: Mahu2021 (button) folded on the Flop
Seat 3: henry2007 (small blind) folded on the Flop



PokerStars Hand #243467789100: Tournament #3586106324, $0.92+$0.08 USD Hold'em No Limit - Level I (10/20) - 2023/05/03 20:23:18 CET [2023/05/03 14:23:18 ET]
Table '3586106324 1' 3-max Seat #3 is the button
Seat 1: Imbastrol (400 in chips) 
Seat 2: Mahu2021 (550 in chips) 
Seat 3: henry2007 (550 in chips) 
Imbastrol: posts small blind 10
Mahu2021: posts big blind 20
*** HOLE CARDS ***
Dealt to Mahu2021 [2h Js]
henry2007: folds 
Imbastrol: folds 
Uncalled bet (10) returned to Mahu2021
Mahu2021 collected 20 from pot
Mahu2021: doesn't show hand 
*** SUMMARY ***
Total pot 20 | Rake 0 
Seat 1: Imbastrol (small blind) folded before Flop
Seat 2: Mahu2021 (big blind) collected (20)
Seat 3: henry2007 (button) folded before Flop (didn't bet)



PokerStars Hand #243467791595: Tournament #3586106324, $0.92+$0.08 USD Hold'em No Limit - Level I (10/20) - 2023/05/03 20:23:25 CET [2023/05/03 14:23:25 ET]
Table '3586106324 1' 3-max Seat #1 is the button
Seat 1: Imbastrol (390 in chips) 
Seat 2: Mahu2021 (560 in chips) 
Seat 3: henry2007 (550 in chips) 
Mahu2021: posts small blind 10
henry2007: posts big blind 20
*** HOLE CARDS ***
Dealt to Mahu2021 [7d 8h]
Imbastrol: folds 
Mahu2021: calls 10
henry2007: checks 
*** FLOP *** [6c Qh 8c]
Mahu2021: bets 20
henry2007: folds 
Uncalled bet (20) returned to Mahu2021
Mahu2021 collected 40 from pot
Mahu2021: doesn't show hand 
*** SUMMARY ***
Total pot 40 | Rake 0 
Board [6c Qh 8c]
Seat 1: Imbastrol (button) folded before Flop (didn't bet)
Seat 2: Mahu2021 (small blind) collected (40)
Seat 3: henry2007 (big blind) folded on the Flop



PokerStars Hand #243467795611: Tournament #3586106324, $0.92+$0.08 USD Hold'em No Limit - Level I (10/20) - 2023/05/03 20:23:34 CET [2023/05/03 14:23:34 ET]
Table '3586106324 1' 3-max Seat #2 is the button
Seat 1: Imbastrol (390 in chips) 
Seat 2: Mahu2021 (580 in chips) 
Seat 3: henry2007 (530 in chips) 
henry2007: posts small blind 10
Imbastrol: posts big blind 20
*** HOLE CARDS ***
Dealt to Mahu2021 [6s 4c]
Mahu2021: folds 
henry2007: raises 20 to 40
Imbastrol: folds 
Uncalled bet (20) returned to henry2007
henry2007 collected 40 from pot
henry2007: doesn't show hand 
*** SUMMARY ***
Total pot 40 | Rake 0 
Seat 1: Imbastrol (big blind) folded before Flop
Seat 2: Mahu2021 (button) folded before Flop (didn't bet)
Seat 3: henry2007 (small blind) collected (40)



PokerStars Hand #243467799554: Tournament #3586106324, $0.92+$0.08 USD Hold'em No Limit - Level I (10/20) - 2023/05/03 20:23:44 CET [2023/05/03 14:23:44 ET]
Table '3586106324 1' 3-max Seat #3 is the button
Seat 1: Imbastrol (370 in chips) 
Seat 2: Mahu2021 (580 in chips) 
Seat 3: henry2007 (550 in chips) 
Imbastrol: posts small blind 10
Mahu2021: posts big blind 20
*** HOLE CARDS ***
Dealt to Mahu2021 [Kd 9s]
henry2007: folds 
Imbastrol: raises 20 to 40
Mahu2021: calls 20
*** FLOP *** [5c 3s 7h]
Imbastrol: bets 20
Mahu2021: calls 20
*** TURN *** [5c 3s 7h] [8c]
Imbastrol: bets 60
Mahu2021: calls 60
*** RIVER *** [5c 3s 7h 8c] [9c]
Imbastrol: checks 
Mahu2021: checks 
*** SHOW DOWN ***
Imbastrol: shows [8s As] (a pair of Eights)
Mahu2021: shows [Kd 9s] (a pair of Nines)
Mahu2021 collected 240 from pot
*** SUMMARY ***
Total pot 240 | Rake 0 
Board [5c 3s 7h 8c 9c]
Seat 1: Imbastrol (small blind) showed [8s As] and lost with a pair of Eights
Seat 2: Mahu2021 (big blind) showed [Kd 9s] and won (240) with a pair of Nines
Seat 3: henry2007 (button) folded before Flop (didn't bet)



PokerStars Hand #243467809125: Tournament #3586106324, $0.92+$0.08 USD Hold'em No Limit - Level II (15/30) - 2023/05/03 20:24:07 CET [2023/05/03 14:24:07 ET]
Table '3586106324 1' 3-max Seat #1 is the button
Seat 1: Imbastrol (250 in chips) 
Seat 2: Mahu2021 (700 in chips) 
Seat 3: henry2007 (550 in chips) 
Mahu2021: posts small blind 15
henry2007: posts big blind 30
*** HOLE CARDS ***
Dealt to Mahu2021 [8s 3h]
Imbastrol: folds 
Mahu2021: folds 
Uncalled bet (15) returned to henry2007
henry2007 collected 30 from pot
henry2007: doesn't show hand 
*** SUMMARY ***
Total pot 30 | Rake 0 
Seat 1: Imbastrol (button) folded before Flop (didn't bet)
Seat 2: Mahu2021 (small blind) folded before Flop
Seat 3: henry2007 (big blind) collected (30)



PokerStars Hand #243467810910: Tournament #3586106324, $0.92+$0.08 USD Hold'em No Limit - Level II (15/30) - 2023/05/03 20:24:11 CET [2023/05/03 14:24:11 ET]
Table '3586106324 1' 3-max Seat #2 is the button
Seat 1: Imbastrol (250 in chips) 
Seat 2: Mahu2021 (685 in chips) 
Seat 3: henry2007 (565 in chips) 
henry2007: posts small blind 15
Imbastrol: posts big blind 30
*** HOLE CARDS ***
Dealt to Mahu2021 [5c Kd]
Mahu2021: folds 
henry2007: raises 30 to 60
Imbastrol: calls 30
*** FLOP *** [Td 2d Jh]
henry2007: bets 30
Imbastrol: calls 30
*** TURN *** [Td 2d Jh] [7h]
henry2007: bets 30
Imbastrol: calls 30
*** RIVER *** [Td 2d Jh 7h] [Ah]
henry2007: checks 
Imbastrol: checks 
*** SHOW DOWN ***
henry2007: shows [Kh Th] (a flush, Ace high)
Imbastrol: mucks hand 
henry2007 collected 240 from pot
*** SUMMARY ***
Total pot 240 | Rake 0 
Board [Td 2d Jh 7h Ah]
Seat 1: Imbastrol (big blind) mucked [7d 8s]
Seat 2: Mahu2021 (button) folded before Flop (didn't bet)
Seat 3: henry2007 (small blind) showed [Kh Th] and won (240) with a flush, Ace high



PokerStars Hand #243467821683: Tournament #3586106324, $0.92+$0.08 USD Hold'em No Limit - Level II (15/30) - 2023/05/03 20:24:38 CET [2023/05/03 14:24:38 ET]
Table '3586106324 1' 3-max Seat #3 is the button
Seat 1: Imbastrol (130 in chips) 
Seat 2: Mahu2021 (685 in chips) 
Seat 3: henry2007 (685 in chips) 
Imbastrol: posts small blind 15
Mahu2021: posts big blind 30
*** HOLE CARDS ***
Dealt to Mahu2021 [8s Tc]
henry2007: folds 
Imbastrol: raises 100 to 130 and is all-in
Mahu2021: folds 
Uncalled bet (100) returned to Imbastrol
Imbastrol collected 60 from pot
Imbastrol: doesn't show hand 
*** SUMMARY ***
Total pot 60 | Rake 0 
Seat 1: Imbastrol (small blind) collected (60)
Seat 2: Mahu2021 (big blind) folded before Flop
Seat 3: henry2007 (button) folded before Flop (didn't bet)



PokerStars Hand #243467824856: Tournament #3586106324, $0.92+$0.08 USD Hold'em No Limit - Level II (15/30) - 2023/05/03 20:24:45 CET [2023/05/03 14:24:45 ET]
Table '3586106324 1' 3-max Seat #1 is the button
Seat 1: Imbastrol (160 in chips) 
Seat 2: Mahu2021 (655 in chips) 
Seat 3: henry2007 (685 in chips) 
Mahu2021: posts small blind 15
henry2007: posts big blind 30
*** HOLE CARDS ***
Dealt to Mahu2021 [Qd 3h]
Imbastrol: raises 130 to 160 and is all-in
Mahu2021: folds 
henry2007: folds 
Uncalled bet (130) returned to Imbastrol
Imbastrol collected 75 from pot
Imbastrol: doesn't show hand 
*** SUMMARY ***
Total pot 75 | Rake 0 
Seat 1: Imbastrol (button) collected (75)
Seat 2: Mahu2021 (small blind) folded before Flop
Seat 3: henry2007 (big blind) folded before Flop



PokerStars Hand #243467827892: Tournament #3586106324, $0.92+$0.08 USD Hold'em No Limit - Level II (15/30) - 2023/05/03 20:24:53 CET [2023/05/03 14:24:53 ET]
Table '3586106324 1' 3-max Seat #2 is the button
Seat 1: Imbastrol (205 in chips) 
Seat 2: Mahu2021 (640 in chips) 
Seat 3: henry2007 (655 in chips) 
henry2007: posts small blind 15
Imbastrol: posts big blind 30
*** HOLE CARDS ***
Dealt to Mahu2021 [6c 8c]
Mahu2021: folds 
henry2007: raises 30 to 60
Imbastrol: raises 145 to 205 and is all-in
henry2007: folds 
Uncalled bet (145) returned to Imbastrol
Imbastrol collected 120 from pot
Imbastrol: doesn't show hand 
*** SUMMARY ***
Total pot 120 | Rake 0 
Seat 1: Imbastrol (big blind) collected (120)
Seat 2: Mahu2021 (button) folded before Flop (didn't bet)
Seat 3: henry2007 (small blind) folded before Flop



PokerStars Hand #243467831543: Tournament #3586106324, $0.92+$0.08 USD Hold'em No Limit - Level II (15/30) - 2023/05/03 20:25:01 CET [2023/05/03 14:25:01 ET]
Table '3586106324 1' 3-max Seat #3 is the button
Seat 1: Imbastrol (265 in chips) 
Seat 2: Mahu2021 (640 in chips) 
Seat 3: henry2007 (595 in chips) 
Imbastrol: posts small blind 15
Mahu2021: posts big blind 30
*** HOLE CARDS ***
Dealt to Mahu2021 [Kh Qh]
henry2007: folds 
Imbastrol: raises 235 to 265 and is all-in
Mahu2021: calls 235
*** FLOP *** [7h 2h 8s]
*** TURN *** [7h 2h 8s] [8d]
*** RIVER *** [7h 2h 8s 8d] [Kd]
*** SHOW DOWN ***
Imbastrol: shows [8c Ac] (three of a kind, Eights)
Mahu2021: shows [Kh Qh] (two pair, Kings and Eights)
Imbastrol collected 530 from pot
*** SUMMARY ***
Total pot 530 | Rake 0 
Board [7h 2h 8s 8d Kd]
Seat 1: Imbastrol (small blind) showed [8c Ac] and won (530) with three of a kind, Eights
Seat 2: Mahu2021 (big blind) showed [Kh Qh] and lost with two pair, Kings and Eights
Seat 3: henry2007 (button) folded before Flop (didn't bet)



PokerStars Hand #243467837102: Tournament #3586106324, $0.92+$0.08 USD Hold'em No Limit - Level II (15/30) - 2023/05/03 20:25:14 CET [2023/05/03 14:25:14 ET]
Table '3586106324 1' 3-max Seat #1 is the button
Seat 1: Imbastrol (530 in chips) 
Seat 2: Mahu2021 (375 in chips) 
Seat 3: henry2007 (595 in chips) 
Mahu2021: posts small blind 15
henry2007: posts big blind 30
*** HOLE CARDS ***
Dealt to Mahu2021 [9h Tc]
Imbastrol: folds 
Mahu2021: calls 15
henry2007: checks 
*** FLOP *** [Ah Jc Js]
Mahu2021: bets 30
henry2007: folds 
Uncalled bet (30) returned to Mahu2021
Mahu2021 collected 60 from pot
Mahu2021: doesn't show hand 
*** SUMMARY ***
Total pot 60 | Rake 0 
Board [Ah Jc Js]
Seat 1: Imbastrol (button) folded before Flop (didn't bet)
Seat 2: Mahu2021 (small blind) collected (60)
Seat 3: henry2007 (big blind) folded on the Flop



PokerStars Hand #243467840815: Tournament #3586106324, $0.92+$0.08 USD Hold'em No Limit - Level II (15/30) - 2023/05/03 20:25:23 CET [2023/05/03 14:25:23 ET]
Table '3586106324 1' 3-max Seat #2 is the button
Seat 1: Imbastrol (530 in chips) 
Seat 2: Mahu2021 (405 in chips) 
Seat 3: henry2007 (565 in chips) 
henry2007: posts small blind 15
Imbastrol: posts big blind 30
*** HOLE CARDS ***
Dealt to Mahu2021 [5c 3s]
Mahu2021: folds 
henry2007: calls 15
Imbastrol: checks 
*** FLOP *** [3d 2c Js]
henry2007: checks 
Imbastrol: checks 
*** TURN *** [3d 2c Js] [Kh]
henry2007: checks 
Imbastrol: checks 
*** RIVER *** [3d 2c Js Kh] [2h]
henry2007: checks 
Imbastrol: bets 120
henry2007: folds 
Uncalled bet (120) returned to Imbastrol
Imbastrol collected 60 from pot
Imbastrol: doesn't show hand 
*** SUMMARY ***
Total pot 60 | Rake 0 
Board [3d 2c Js Kh 2h]
Seat 1: Imbastrol (big blind) collected (60)
Seat 2: Mahu2021 (button) folded before Flop (didn't bet)
Seat 3: henry2007 (small blind) folded on the River



PokerStars Hand #243467849453: Tournament #3586106324, $0.92+$0.08 USD Hold'em No Limit - Level II (15/30) - 2023/05/03 20:25:44 CET [2023/05/03 14:25:44 ET]
Table '3586106324 1' 3-max Seat #3 is the button
Seat 1: Imbastrol (560 in chips) 
Seat 2: Mahu2021 (405 in chips) 
Seat 3: henry2007 (535 in chips) 
Imbastrol: posts small blind 15
Mahu2021: posts big blind 30
*** HOLE CARDS ***
Dealt to Mahu2021 [3s 2c]
henry2007: raises 30 to 60
Imbastrol: folds 
Mahu2021: calls 30
*** FLOP *** [Kc 3c 8s]
Mahu2021: checks 
henry2007: bets 30
Mahu2021: calls 30
*** TURN *** [Kc 3c 8s] [5h]
Mahu2021: checks 
henry2007: bets 30
Mahu2021: calls 30
*** RIVER *** [Kc 3c 8s 5h] [9c]
Mahu2021: checks 
henry2007: checks 
*** SHOW DOWN ***
Mahu2021: shows [3s 2c] (a pair of Threes)
henry2007: shows [3d Ac] (a pair of Threes - Ace kicker)
henry2007 collected 255 from pot
*** SUMMARY ***
Total pot 255 | Rake 0 
Board [Kc 3c 8s 5h 9c]
Seat 1: Imbastrol (small blind) folded before Flop
Seat 2: Mahu2021 (big blind) showed [3s 2c] and lost with a pair of Threes
Seat 3: henry2007 (button) showed [3d Ac] and won (255) with a pair of Threes



PokerStars Hand #243467858075: Tournament #3586106324, $0.92+$0.08 USD Hold'em No Limit - Level II (15/30) - 2023/05/03 20:26:05 CET [2023/05/03 14:26:05 ET]
Table '3586106324 1' 3-max Seat #1 is the button
Seat 1: Imbastrol (545 in chips) 
Seat 2: Mahu2021 (285 in chips) 
Seat 3: henry2007 (670 in chips) 
Mahu2021: posts small blind 15
henry2007: posts big blind 30
*** HOLE CARDS ***
Dealt to Mahu2021 [As 2c]
Imbastrol: folds 
Mahu2021: raises 30 to 60
henry2007: calls 30
*** FLOP *** [2h 3d 5h]
Mahu2021: bets 225 and is all-in
henry2007: calls 225
*** TURN *** [2h 3d 5h] [Kc]
*** RIVER *** [2h 3d 5h Kc] [Jd]
*** SHOW DOWN ***
Mahu2021: shows [As 2c] (a pair of Deuces)
henry2007: shows [5c 6c] (a pair of Fives)
henry2007 collected 570 from pot
Mahu2021 finished the tournament in 3rd place
*** SUMMARY ***
Total pot 570 | Rake 0 
Board [2h 3d 5h Kc Jd]
Seat 1: Imbastrol (button) folded before Flop (didn't bet)
Seat 2: Mahu2021 (small blind) showed [As 2c] and lost with a pair of Deuces
Seat 3: henry2007 (big blind) showed [5c 6c] and won (570) with a pair of Fives



