PokerStars Hand #245217534303: Tournament #3627191423, $0.92+$0.08 USD Hold'em No Limit - Level I (10/20) - 2023/08/05 17:20:41 CET [2023/08/05 11:20:41 ET]
Table '3627191423 1' 3-max Seat #1 is the button
Seat 1: Mahu2021 (500 in chips) 
Seat 2: o zorba (500 in chips) 
Seat 3: manpantheo (500 in chips) 
o zorba: posts small blind 10
manpantheo: posts big blind 20
*** HOLE CARDS ***
Dealt to Mahu2021 [Qc Tc]
Mahu2021: raises 20 to 40
o zorba: calls 30
manpantheo: folds 
*** FLOP *** [Js Ah Qh]
o zorba: bets 20
Mahu2021: calls 20
*** TURN *** [Js Ah Qh] [6h]
o zorba: bets 20
Mahu2021: calls 20
*** RIVER *** [Js Ah Qh 6h] [Ks]
o zorba: bets 180
Mahu2021: raises 240 to 420 and is all-in
o zorba: calls 240 and is all-in
*** SHOW DOWN ***
Mahu2021: shows [Qc Tc] (a straight, Ten to Ace)
o zorba: shows [Qs Td] (a straight, Ten to Ace)
o zorba collected 510 from pot
Mahu2021 collected 510 from pot
*** SUMMARY ***
Total pot 1020 | Rake 0 
Board [Js Ah Qh 6h Ks]
Seat 1: Mahu2021 (button) showed [Qc Tc] and won (510) with a straight, Ten to Ace
Seat 2: o zorba (small blind) showed [Qs Td] and won (510) with a straight, Ten to Ace
Seat 3: manpantheo (big blind) folded before Flop



PokerStars Hand #245217541736: Tournament #3627191423, $0.92+$0.08 USD Hold'em No Limit - Level I (10/20) - 2023/08/05 17:21:08 CET [2023/08/05 11:21:08 ET]
Table '3627191423 1' 3-max Seat #2 is the button
Seat 1: Mahu2021 (510 in chips) 
Seat 2: o zorba (510 in chips) 
Seat 3: manpantheo (480 in chips) 
manpantheo: posts small blind 10
Mahu2021: posts big blind 20
*** HOLE CARDS ***
Dealt to Mahu2021 [Ts Kc]
o zorba: calls 20
manpantheo: folds 
Mahu2021: checks 
*** FLOP *** [Kh 3s Ks]
Mahu2021: checks 
o zorba: checks 
*** TURN *** [Kh 3s Ks] [6h]
Mahu2021: checks 
o zorba: checks 
*** RIVER *** [Kh 3s Ks 6h] [9d]
Mahu2021: bets 50
o zorba: folds 
Uncalled bet (50) returned to Mahu2021
Mahu2021 collected 50 from pot
Mahu2021: doesn't show hand 
*** SUMMARY ***
Total pot 50 | Rake 0 
Board [Kh 3s Ks 6h 9d]
Seat 1: Mahu2021 (big blind) collected (50)
Seat 2: o zorba (button) folded on the River
Seat 3: manpantheo (small blind) folded before Flop



PokerStars Hand #245217546777: Tournament #3627191423, $0.92+$0.08 USD Hold'em No Limit - Level I (10/20) - 2023/08/05 17:21:27 CET [2023/08/05 11:21:27 ET]
Table '3627191423 1' 3-max Seat #3 is the button
Seat 1: Mahu2021 (540 in chips) 
Seat 2: o zorba (490 in chips) 
Seat 3: manpantheo (470 in chips) 
Mahu2021: posts small blind 10
o zorba: posts big blind 20
*** HOLE CARDS ***
Dealt to Mahu2021 [8d 5h]
manpantheo: folds 
Mahu2021: folds 
Uncalled bet (10) returned to o zorba
o zorba collected 20 from pot
o zorba: doesn't show hand 
*** SUMMARY ***
Total pot 20 | Rake 0 
Seat 1: Mahu2021 (small blind) folded before Flop
Seat 2: o zorba (big blind) collected (20)
Seat 3: manpantheo (button) folded before Flop (didn't bet)



PokerStars Hand #245217548167: Tournament #3627191423, $0.92+$0.08 USD Hold'em No Limit - Level I (10/20) - 2023/08/05 17:21:32 CET [2023/08/05 11:21:32 ET]
Table '3627191423 1' 3-max Seat #1 is the button
Seat 1: Mahu2021 (530 in chips) 
Seat 2: o zorba (500 in chips) 
Seat 3: manpantheo (470 in chips) 
o zorba: posts small blind 10
manpantheo: posts big blind 20
*** HOLE CARDS ***
Dealt to Mahu2021 [6d 4h]
Mahu2021: folds 
o zorba: calls 10
manpantheo: raises 40 to 60
o zorba: calls 40
*** FLOP *** [3c Kd 8d]
o zorba: bets 20
manpantheo: calls 20
*** TURN *** [3c Kd 8d] [4s]
o zorba: bets 20
manpantheo: calls 20
*** RIVER *** [3c Kd 8d 4s] [9s]
o zorba: bets 20
manpantheo: folds 
Uncalled bet (20) returned to o zorba
o zorba collected 200 from pot
o zorba: doesn't show hand 
*** SUMMARY ***
Total pot 200 | Rake 0 
Board [3c Kd 8d 4s 9s]
Seat 1: Mahu2021 (button) folded before Flop (didn't bet)
Seat 2: o zorba (small blind) collected (200)
Seat 3: manpantheo (big blind) folded on the River



PokerStars Hand #245217554423: Tournament #3627191423, $0.92+$0.08 USD Hold'em No Limit - Level I (10/20) - 2023/08/05 17:21:55 CET [2023/08/05 11:21:55 ET]
Table '3627191423 1' 3-max Seat #2 is the button
Seat 1: Mahu2021 (530 in chips) 
Seat 2: o zorba (600 in chips) 
Seat 3: manpantheo (370 in chips) 
manpantheo: posts small blind 10
Mahu2021: posts big blind 20
*** HOLE CARDS ***
Dealt to Mahu2021 [6d Ah]
o zorba: raises 50 to 70
manpantheo: folds 
Mahu2021: calls 50
*** FLOP *** [Qc 5s 9d]
Mahu2021: checks 
o zorba: bets 75
Mahu2021: folds 
Uncalled bet (75) returned to o zorba
o zorba collected 150 from pot
o zorba: doesn't show hand 
*** SUMMARY ***
Total pot 150 | Rake 0 
Board [Qc 5s 9d]
Seat 1: Mahu2021 (big blind) folded on the Flop
Seat 2: o zorba (button) collected (150)
Seat 3: manpantheo (small blind) folded before Flop



PokerStars Hand #245217558645: Tournament #3627191423, $0.92+$0.08 USD Hold'em No Limit - Level I (10/20) - 2023/08/05 17:22:10 CET [2023/08/05 11:22:10 ET]
Table '3627191423 1' 3-max Seat #3 is the button
Seat 1: Mahu2021 (460 in chips) 
Seat 2: o zorba (680 in chips) 
Seat 3: manpantheo (360 in chips) 
Mahu2021: posts small blind 10
o zorba: posts big blind 20
*** HOLE CARDS ***
Dealt to Mahu2021 [4d 7h]
manpantheo: raises 340 to 360 and is all-in
Mahu2021: folds 
o zorba: calls 340
*** FLOP *** [2h 3c 9c]
*** TURN *** [2h 3c 9c] [Js]
*** RIVER *** [2h 3c 9c Js] [5d]
*** SHOW DOWN ***
o zorba: shows [Qc Ks] (high card King)
manpantheo: shows [7c 7s] (a pair of Sevens)
manpantheo collected 730 from pot
*** SUMMARY ***
Total pot 730 | Rake 0 
Board [2h 3c 9c Js 5d]
Seat 1: Mahu2021 (small blind) folded before Flop
Seat 2: o zorba (big blind) showed [Qc Ks] and lost with high card King
Seat 3: manpantheo (button) showed [7c 7s] and won (730) with a pair of Sevens



PokerStars Hand #245217562394: Tournament #3627191423, $0.92+$0.08 USD Hold'em No Limit - Level I (10/20) - 2023/08/05 17:22:24 CET [2023/08/05 11:22:24 ET]
Table '3627191423 1' 3-max Seat #1 is the button
Seat 1: Mahu2021 (450 in chips) 
Seat 2: o zorba (320 in chips) 
Seat 3: manpantheo (730 in chips) 
o zorba: posts small blind 10
manpantheo: posts big blind 20
*** HOLE CARDS ***
Dealt to Mahu2021 [Ah 3s]
Mahu2021: calls 20
o zorba: calls 10
manpantheo: checks 
*** FLOP *** [6s 3d Kh]
o zorba: checks 
manpantheo: checks 
Mahu2021: bets 60
o zorba: folds 
manpantheo: calls 60
*** TURN *** [6s 3d Kh] [7d]
manpantheo: checks 
Mahu2021: bets 370 and is all-in
manpantheo: calls 370
*** RIVER *** [6s 3d Kh 7d] [4c]
*** SHOW DOWN ***
manpantheo: shows [Td Ks] (a pair of Kings)
Mahu2021: shows [Ah 3s] (a pair of Threes)
manpantheo collected 920 from pot
Mahu2021 finished the tournament in 3rd place
*** SUMMARY ***
Total pot 920 | Rake 0 
Board [6s 3d Kh 7d 4c]
Seat 1: Mahu2021 (button) showed [Ah 3s] and lost with a pair of Threes
Seat 2: o zorba (small blind) folded on the Flop
Seat 3: manpantheo (big blind) showed [Td Ks] and won (920) with a pair of Kings



