PokerStars Hand #253443132507: Tournament #3824456831, $1.84+$0.16 USD Hold'em No Limit - Level I (10/20) - 2024/11/17 13:01:14 CET [2024/11/17 7:01:14 ET]
Table '3824456831 1' 3-max Seat #1 is the button
Seat 1: misumagnificul (500 in chips) 
Seat 2: Mahu2021 (500 in chips) 
Seat 3: benjie888532 (500 in chips) 
Mahu2021: posts small blind 10
benjie888532: posts big blind 20
*** HOLE CARDS ***
Dealt to Mahu2021 [Ts 9d]
misumagnificul: folds 
Mahu2021: raises 20 to 40
benjie888532: calls 20
*** FLOP *** [6h 8d 9c]
Mahu2021: bets 40
benjie888532: calls 40
*** TURN *** [6h 8d 9c] [4h]
Mahu2021: bets 40
benjie888532: raises 40 to 80
Mahu2021: calls 40
*** RIVER *** [6h 8d 9c 4h] [Tc]
Mahu2021: bets 40
benjie888532: calls 40
*** SHOW DOWN ***
Mahu2021: shows [Ts 9d] (two pair, Tens and Nines)
benjie888532: mucks hand 
Mahu2021 collected 400 from pot
*** SUMMARY ***
Total pot 400 | Rake 0 
Board [6h 8d 9c 4h Tc]
Seat 1: misumagnificul (button) folded before Flop (didn't bet)
Seat 2: Mahu2021 (small blind) showed [Ts 9d] and won (400) with two pair, Tens and Nines
Seat 3: benjie888532 (big blind) mucked [4c 8h]



PokerStars Hand #253443135848: Tournament #3824456831, $1.84+$0.16 USD Hold'em No Limit - Level I (10/20) - 2024/11/17 13:01:39 CET [2024/11/17 7:01:39 ET]
Table '3824456831 1' 3-max Seat #2 is the button
Seat 1: misumagnificul (500 in chips) 
Seat 2: Mahu2021 (700 in chips) 
Seat 3: benjie888532 (300 in chips) 
benjie888532: posts small blind 10
misumagnificul: posts big blind 20
*** HOLE CARDS ***
Dealt to Mahu2021 [4h Kh]
Mahu2021: calls 20
benjie888532: raises 280 to 300 and is all-in
misumagnificul: folds 
Mahu2021: folds 
Uncalled bet (280) returned to benjie888532
benjie888532 collected 60 from pot
*** SUMMARY ***
Total pot 60 | Rake 0 
Seat 1: misumagnificul (big blind) folded before Flop
Seat 2: Mahu2021 (button) folded before Flop
Seat 3: benjie888532 (small blind) collected (60)



PokerStars Hand #253443138266: Tournament #3824456831, $1.84+$0.16 USD Hold'em No Limit - Level I (10/20) - 2024/11/17 13:01:56 CET [2024/11/17 7:01:56 ET]
Table '3824456831 1' 3-max Seat #3 is the button
Seat 1: misumagnificul (480 in chips) 
Seat 2: Mahu2021 (680 in chips) 
Seat 3: benjie888532 (340 in chips) 
misumagnificul: posts small blind 10
Mahu2021: posts big blind 20
*** HOLE CARDS ***
Dealt to Mahu2021 [3h Ad]
benjie888532: raises 320 to 340 and is all-in
misumagnificul: folds 
Mahu2021: folds 
Uncalled bet (320) returned to benjie888532
benjie888532 collected 50 from pot
*** SUMMARY ***
Total pot 50 | Rake 0 
Seat 1: misumagnificul (small blind) folded before Flop
Seat 2: Mahu2021 (big blind) folded before Flop
Seat 3: benjie888532 (button) collected (50)



PokerStars Hand #253443139624: Tournament #3824456831, $1.84+$0.16 USD Hold'em No Limit - Level I (10/20) - 2024/11/17 13:02:06 CET [2024/11/17 7:02:06 ET]
Table '3824456831 1' 3-max Seat #1 is the button
Seat 1: misumagnificul (470 in chips) 
Seat 2: Mahu2021 (660 in chips) 
Seat 3: benjie888532 (370 in chips) 
Mahu2021: posts small blind 10
benjie888532: posts big blind 20
*** HOLE CARDS ***
Dealt to Mahu2021 [8s 4h]
misumagnificul: folds 
Mahu2021: folds 
Uncalled bet (10) returned to benjie888532
benjie888532 collected 20 from pot
*** SUMMARY ***
Total pot 20 | Rake 0 
Seat 1: misumagnificul (button) folded before Flop (didn't bet)
Seat 2: Mahu2021 (small blind) folded before Flop
Seat 3: benjie888532 (big blind) collected (20)



PokerStars Hand #253443140255: Tournament #3824456831, $1.84+$0.16 USD Hold'em No Limit - Level I (10/20) - 2024/11/17 13:02:10 CET [2024/11/17 7:02:10 ET]
Table '3824456831 1' 3-max Seat #2 is the button
Seat 1: misumagnificul (470 in chips) 
Seat 2: Mahu2021 (650 in chips) 
Seat 3: benjie888532 (380 in chips) 
benjie888532: posts small blind 10
misumagnificul: posts big blind 20
*** HOLE CARDS ***
Dealt to Mahu2021 [6d Ac]
Mahu2021: raises 20 to 40
benjie888532: calls 30
misumagnificul: calls 20
*** FLOP *** [3s Kd 8s]
benjie888532: checks 
misumagnificul: checks 
Mahu2021: checks 
*** TURN *** [3s Kd 8s] [9h]
benjie888532: checks 
misumagnificul: bets 38
Mahu2021: folds 
benjie888532: folds 
Uncalled bet (38) returned to misumagnificul
misumagnificul collected 120 from pot
misumagnificul: doesn't show hand 
*** SUMMARY ***
Total pot 120 | Rake 0 
Board [3s Kd 8s 9h]
Seat 1: misumagnificul (big blind) collected (120)
Seat 2: Mahu2021 (button) folded on the Turn
Seat 3: benjie888532 (small blind) folded on the Turn



PokerStars Hand #253443143924: Tournament #3824456831, $1.84+$0.16 USD Hold'em No Limit - Level I (10/20) - 2024/11/17 13:02:37 CET [2024/11/17 7:02:37 ET]
Table '3824456831 1' 3-max Seat #3 is the button
Seat 1: misumagnificul (550 in chips) 
Seat 2: Mahu2021 (610 in chips) 
Seat 3: benjie888532 (340 in chips) 
misumagnificul: posts small blind 10
Mahu2021: posts big blind 20
*** HOLE CARDS ***
Dealt to Mahu2021 [Th Qs]
benjie888532: calls 20
misumagnificul: raises 30 to 50
Mahu2021: folds 
benjie888532: calls 30
*** FLOP *** [8d 6d 4d]
misumagnificul: checks 
benjie888532: checks 
*** TURN *** [8d 6d 4d] [9c]
misumagnificul: bets 38
benjie888532: calls 38
*** RIVER *** [8d 6d 4d 9c] [2h]
misumagnificul: checks 
benjie888532: bets 252 and is all-in
misumagnificul: folds 
Uncalled bet (252) returned to benjie888532
benjie888532 collected 196 from pot
*** SUMMARY ***
Total pot 196 | Rake 0 
Board [8d 6d 4d 9c 2h]
Seat 1: misumagnificul (small blind) folded on the River
Seat 2: Mahu2021 (big blind) folded before Flop
Seat 3: benjie888532 (button) collected (196)



PokerStars Hand #253443148450: Tournament #3824456831, $1.84+$0.16 USD Hold'em No Limit - Level I (10/20) - 2024/11/17 13:03:09 CET [2024/11/17 7:03:09 ET]
Table '3824456831 1' 3-max Seat #1 is the button
Seat 1: misumagnificul (462 in chips) 
Seat 2: Mahu2021 (590 in chips) 
Seat 3: benjie888532 (448 in chips) 
Mahu2021: posts small blind 10
benjie888532: posts big blind 20
*** HOLE CARDS ***
Dealt to Mahu2021 [3h 7h]
misumagnificul: folds 
Mahu2021: calls 10
benjie888532: checks 
*** FLOP *** [4h Jc 9c]
Mahu2021: checks 
benjie888532: checks 
*** TURN *** [4h Jc 9c] [As]
Mahu2021: checks 
benjie888532: checks 
*** RIVER *** [4h Jc 9c As] [4s]
Mahu2021: bets 40
benjie888532: folds 
Uncalled bet (40) returned to Mahu2021
Mahu2021 collected 40 from pot
Mahu2021: doesn't show hand 
*** SUMMARY ***
Total pot 40 | Rake 0 
Board [4h Jc 9c As 4s]
Seat 1: misumagnificul (button) folded before Flop (didn't bet)
Seat 2: Mahu2021 (small blind) collected (40)
Seat 3: benjie888532 (big blind) folded on the River



PokerStars Hand #253443150840: Tournament #3824456831, $1.84+$0.16 USD Hold'em No Limit - Level I (10/20) - 2024/11/17 13:03:27 CET [2024/11/17 7:03:27 ET]
Table '3824456831 1' 3-max Seat #2 is the button
Seat 1: misumagnificul (462 in chips) 
Seat 2: Mahu2021 (610 in chips) 
Seat 3: benjie888532 (428 in chips) 
benjie888532: posts small blind 10
misumagnificul: posts big blind 20
*** HOLE CARDS ***
Dealt to Mahu2021 [Qs 6c]
Mahu2021: folds 
benjie888532: raises 20 to 40
misumagnificul: folds 
Uncalled bet (20) returned to benjie888532
benjie888532 collected 40 from pot
*** SUMMARY ***
Total pot 40 | Rake 0 
Seat 1: misumagnificul (big blind) folded before Flop
Seat 2: Mahu2021 (button) folded before Flop (didn't bet)
Seat 3: benjie888532 (small blind) collected (40)



PokerStars Hand #253443151814: Tournament #3824456831, $1.84+$0.16 USD Hold'em No Limit - Level I (10/20) - 2024/11/17 13:03:34 CET [2024/11/17 7:03:34 ET]
Table '3824456831 1' 3-max Seat #3 is the button
Seat 1: misumagnificul (442 in chips) 
Seat 2: Mahu2021 (610 in chips) 
Seat 3: benjie888532 (448 in chips) 
misumagnificul: posts small blind 10
Mahu2021: posts big blind 20
*** HOLE CARDS ***
Dealt to Mahu2021 [Js Kd]
benjie888532: raises 20 to 40
misumagnificul: calls 30
Mahu2021: calls 20
*** FLOP *** [4d Jh 5d]
misumagnificul: checks 
Mahu2021: bets 40
benjie888532: calls 40
misumagnificul: calls 40
*** TURN *** [4d Jh 5d] [9h]
misumagnificul: checks 
Mahu2021: checks 
benjie888532: bets 368 and is all-in
misumagnificul: folds 
Mahu2021: folds 
Uncalled bet (368) returned to benjie888532
benjie888532 collected 240 from pot
*** SUMMARY ***
Total pot 240 | Rake 0 
Board [4d Jh 5d 9h]
Seat 1: misumagnificul (small blind) folded on the Turn
Seat 2: Mahu2021 (big blind) folded on the Turn
Seat 3: benjie888532 (button) collected (240)



PokerStars Hand #253443158022: Tournament #3824456831, $1.84+$0.16 USD Hold'em No Limit - Level I (10/20) - 2024/11/17 13:04:18 CET [2024/11/17 7:04:18 ET]
Table '3824456831 1' 3-max Seat #1 is the button
Seat 1: misumagnificul (362 in chips) 
Seat 2: Mahu2021 (530 in chips) 
Seat 3: benjie888532 (608 in chips) 
Mahu2021: posts small blind 10
benjie888532: posts big blind 20
*** HOLE CARDS ***
Dealt to Mahu2021 [2h 5d]
misumagnificul: raises 20 to 40
Mahu2021: folds 
benjie888532: raises 90 to 130
misumagnificul: folds 
Uncalled bet (90) returned to benjie888532
benjie888532 collected 90 from pot
*** SUMMARY ***
Total pot 90 | Rake 0 
Seat 1: misumagnificul (button) folded before Flop
Seat 2: Mahu2021 (small blind) folded before Flop
Seat 3: benjie888532 (big blind) collected (90)



PokerStars Hand #253443159850: Tournament #3824456831, $1.84+$0.16 USD Hold'em No Limit - Level I (10/20) - 2024/11/17 13:04:31 CET [2024/11/17 7:04:31 ET]
Table '3824456831 1' 3-max Seat #2 is the button
Seat 1: misumagnificul (322 in chips) 
Seat 2: Mahu2021 (520 in chips) 
Seat 3: benjie888532 (658 in chips) 
benjie888532: posts small blind 10
misumagnificul: posts big blind 20
*** HOLE CARDS ***
Dealt to Mahu2021 [8d 5d]
Mahu2021: folds 
benjie888532: calls 10
misumagnificul: checks 
*** FLOP *** [Ts Ah 2c]
benjie888532: checks 
misumagnificul: checks 
*** TURN *** [Ts Ah 2c] [5c]
benjie888532: checks 
misumagnificul: checks 
*** RIVER *** [Ts Ah 2c 5c] [6d]
benjie888532: bets 20
misumagnificul: calls 20
*** SHOW DOWN ***
benjie888532: shows [8s 5s] (a pair of Fives)
misumagnificul: shows [6s 7d] (a pair of Sixes)
misumagnificul collected 80 from pot
*** SUMMARY ***
Total pot 80 | Rake 0 
Board [Ts Ah 2c 5c 6d]
Seat 1: misumagnificul (big blind) showed [6s 7d] and won (80) with a pair of Sixes
Seat 2: Mahu2021 (button) folded before Flop (didn't bet)
Seat 3: benjie888532 (small blind) showed [8s 5s] and lost with a pair of Fives



PokerStars Hand #253443163111: Tournament #3824456831, $1.84+$0.16 USD Hold'em No Limit - Level I (10/20) - 2024/11/17 13:04:55 CET [2024/11/17 7:04:55 ET]
Table '3824456831 1' 3-max Seat #3 is the button
Seat 1: misumagnificul (362 in chips) 
Seat 2: Mahu2021 (520 in chips) 
Seat 3: benjie888532 (618 in chips) 
misumagnificul: posts small blind 10
Mahu2021: posts big blind 20
*** HOLE CARDS ***
Dealt to Mahu2021 [Jd Qh]
benjie888532: calls 20
misumagnificul: raises 30 to 50
Mahu2021: calls 30
benjie888532: calls 30
*** FLOP *** [6c 6s 9d]
misumagnificul: checks 
Mahu2021: checks 
benjie888532: checks 
*** TURN *** [6c 6s 9d] [Tc]
misumagnificul: checks 
Mahu2021: bets 60
benjie888532: calls 60
misumagnificul: folds 
*** RIVER *** [6c 6s 9d Tc] [Kd]
Mahu2021: checks 
benjie888532: checks 
*** SHOW DOWN ***
Mahu2021: shows [Jd Qh] (a straight, Nine to King)
benjie888532: mucks hand 
Mahu2021 collected 270 from pot
*** SUMMARY ***
Total pot 270 | Rake 0 
Board [6c 6s 9d Tc Kd]
Seat 1: misumagnificul (small blind) folded on the Turn
Seat 2: Mahu2021 (big blind) showed [Jd Qh] and won (270) with a straight, Nine to King
Seat 3: benjie888532 (button) mucked [8c Ts]



PokerStars Hand #253443168243: Tournament #3824456831, $1.84+$0.16 USD Hold'em No Limit - Level II (15/30) - 2024/11/17 13:05:31 CET [2024/11/17 7:05:31 ET]
Table '3824456831 1' 3-max Seat #1 is the button
Seat 1: misumagnificul (312 in chips) 
Seat 2: Mahu2021 (680 in chips) 
Seat 3: benjie888532 (508 in chips) 
Mahu2021: posts small blind 15
benjie888532: posts big blind 30
*** HOLE CARDS ***
Dealt to Mahu2021 [Ah 5s]
misumagnificul: folds 
Mahu2021: calls 15
benjie888532: checks 
*** FLOP *** [9d 4c Qd]
Mahu2021: checks 
benjie888532: checks 
*** TURN *** [9d 4c Qd] [Kh]
Mahu2021: checks 
benjie888532: checks 
*** RIVER *** [9d 4c Qd Kh] [3d]
Mahu2021: bets 60
benjie888532: calls 60
*** SHOW DOWN ***
Mahu2021: shows [Ah 5s] (high card Ace)
benjie888532: shows [8c 3s] (a pair of Threes)
benjie888532 collected 180 from pot
*** SUMMARY ***
Total pot 180 | Rake 0 
Board [9d 4c Qd Kh 3d]
Seat 1: misumagnificul (button) folded before Flop (didn't bet)
Seat 2: Mahu2021 (small blind) showed [Ah 5s] and lost with high card Ace
Seat 3: benjie888532 (big blind) showed [8c 3s] and won (180) with a pair of Threes



PokerStars Hand #253443170520: Tournament #3824456831, $1.84+$0.16 USD Hold'em No Limit - Level II (15/30) - 2024/11/17 13:05:48 CET [2024/11/17 7:05:48 ET]
Table '3824456831 1' 3-max Seat #2 is the button
Seat 1: misumagnificul (312 in chips) 
Seat 2: Mahu2021 (590 in chips) 
Seat 3: benjie888532 (598 in chips) 
benjie888532: posts small blind 15
misumagnificul: posts big blind 30
*** HOLE CARDS ***
Dealt to Mahu2021 [5h 7h]
Mahu2021: folds 
benjie888532: calls 15
misumagnificul: checks 
*** FLOP *** [Ac 5c 6s]
benjie888532: bets 30
misumagnificul: calls 30
*** TURN *** [Ac 5c 6s] [Qh]
benjie888532: checks 
misumagnificul: bets 72
benjie888532: folds 
Uncalled bet (72) returned to misumagnificul
misumagnificul collected 120 from pot
misumagnificul: doesn't show hand 
*** SUMMARY ***
Total pot 120 | Rake 0 
Board [Ac 5c 6s Qh]
Seat 1: misumagnificul (big blind) collected (120)
Seat 2: Mahu2021 (button) folded before Flop (didn't bet)
Seat 3: benjie888532 (small blind) folded on the Turn



PokerStars Hand #253443174582: Tournament #3824456831, $1.84+$0.16 USD Hold'em No Limit - Level II (15/30) - 2024/11/17 13:06:16 CET [2024/11/17 7:06:16 ET]
Table '3824456831 1' 3-max Seat #3 is the button
Seat 1: misumagnificul (372 in chips) 
Seat 2: Mahu2021 (590 in chips) 
Seat 3: benjie888532 (538 in chips) 
misumagnificul: posts small blind 15
Mahu2021: posts big blind 30
*** HOLE CARDS ***
Dealt to Mahu2021 [3d 8c]
benjie888532: calls 30
misumagnificul: calls 15
Mahu2021: checks 
*** FLOP *** [Jd Ts 6s]
misumagnificul: checks 
Mahu2021: checks 
benjie888532: bets 30
misumagnificul: folds 
Mahu2021: folds 
Uncalled bet (30) returned to benjie888532
benjie888532 collected 90 from pot
*** SUMMARY ***
Total pot 90 | Rake 0 
Board [Jd Ts 6s]
Seat 1: misumagnificul (small blind) folded on the Flop
Seat 2: Mahu2021 (big blind) folded on the Flop
Seat 3: benjie888532 (button) collected (90)



PokerStars Hand #253443177121: Tournament #3824456831, $1.84+$0.16 USD Hold'em No Limit - Level II (15/30) - 2024/11/17 13:06:34 CET [2024/11/17 7:06:34 ET]
Table '3824456831 1' 3-max Seat #1 is the button
Seat 1: misumagnificul (342 in chips) 
Seat 2: Mahu2021 (560 in chips) 
Seat 3: benjie888532 (598 in chips) 
Mahu2021: posts small blind 15
benjie888532: posts big blind 30
*** HOLE CARDS ***
Dealt to Mahu2021 [7s 6h]
misumagnificul: raises 30 to 60
Mahu2021: folds 
benjie888532: folds 
Uncalled bet (30) returned to misumagnificul
misumagnificul collected 75 from pot
misumagnificul: doesn't show hand 
*** SUMMARY ***
Total pot 75 | Rake 0 
Seat 1: misumagnificul (button) collected (75)
Seat 2: Mahu2021 (small blind) folded before Flop
Seat 3: benjie888532 (big blind) folded before Flop



PokerStars Hand #253443179194: Tournament #3824456831, $1.84+$0.16 USD Hold'em No Limit - Level II (15/30) - 2024/11/17 13:06:48 CET [2024/11/17 7:06:48 ET]
Table '3824456831 1' 3-max Seat #2 is the button
Seat 1: misumagnificul (387 in chips) 
Seat 2: Mahu2021 (545 in chips) 
Seat 3: benjie888532 (568 in chips) 
benjie888532: posts small blind 15
misumagnificul: posts big blind 30
*** HOLE CARDS ***
Dealt to Mahu2021 [Tc Jc]
Mahu2021: raises 30 to 60
benjie888532: calls 45
misumagnificul: calls 30
*** FLOP *** [4d Qh Ac]
benjie888532: checks 
misumagnificul: checks 
Mahu2021: checks 
*** TURN *** [4d Qh Ac] [7h]
benjie888532: checks 
misumagnificul: checks 
Mahu2021: checks 
*** RIVER *** [4d Qh Ac 7h] [5h]
benjie888532: checks 
misumagnificul: checks 
Mahu2021: checks 
*** SHOW DOWN ***
benjie888532: shows [Jh 8d] (high card Ace)
misumagnificul: shows [2s Kh] (high card Ace - King kicker)
Mahu2021: mucks hand 
misumagnificul collected 180 from pot
*** SUMMARY ***
Total pot 180 | Rake 0 
Board [4d Qh Ac 7h 5h]
Seat 1: misumagnificul (big blind) showed [2s Kh] and won (180) with high card Ace
Seat 2: Mahu2021 (button) mucked [Tc Jc]
Seat 3: benjie888532 (small blind) showed [Jh 8d] and lost with high card Ace



PokerStars Hand #253443183122: Tournament #3824456831, $1.84+$0.16 USD Hold'em No Limit - Level II (15/30) - 2024/11/17 13:07:16 CET [2024/11/17 7:07:16 ET]
Table '3824456831 1' 3-max Seat #3 is the button
Seat 1: misumagnificul (507 in chips) 
Seat 2: Mahu2021 (485 in chips) 
Seat 3: benjie888532 (508 in chips) 
misumagnificul: posts small blind 15
Mahu2021: posts big blind 30
*** HOLE CARDS ***
Dealt to Mahu2021 [9c 8s]
benjie888532: folds 
misumagnificul: raises 30 to 60
Mahu2021: calls 30
*** FLOP *** [7h 7s 9d]
misumagnificul: checks 
Mahu2021: bets 60
misumagnificul: calls 60
*** TURN *** [7h 7s 9d] [5d]
misumagnificul: checks 
Mahu2021: checks 
*** RIVER *** [7h 7s 9d 5d] [7d]
misumagnificul: bets 87
Mahu2021: raises 87 to 174
misumagnificul: raises 213 to 387 and is all-in
Mahu2021: calls 191 and is all-in
Uncalled bet (22) returned to misumagnificul
*** SHOW DOWN ***
misumagnificul: shows [6c 7c] (four of a kind, Sevens)
Mahu2021: shows [9c 8s] (a full house, Sevens full of Nines)
misumagnificul collected 970 from pot
Mahu2021 finished the tournament in 3rd place
*** SUMMARY ***
Total pot 970 | Rake 0 
Board [7h 7s 9d 5d 7d]
Seat 1: misumagnificul (small blind) showed [6c 7c] and won (970) with four of a kind, Sevens
Seat 2: Mahu2021 (big blind) showed [9c 8s] and lost with a full house, Sevens full of Nines
Seat 3: benjie888532 (button) folded before Flop (didn't bet)



