PokerStars Hand #254547954350: Tournament #3851510947, $4.60+$0.40 USD Hold'em No Limit - Level I (10/20) - 2025/01/25 18:33:49 CET [2025/01/25 12:33:49 ET]
Table '3851510947 1' 3-max Seat #1 is the button
Seat 1: RUSC86 (500 in chips) 
Seat 2: Tipatushka (500 in chips) 
Seat 3: Mahu2021 (500 in chips) 
Tipatushka: posts small blind 10
Mahu2021: posts big blind 20
*** HOLE CARDS ***
Dealt to Mahu2021 [9c 7d]
RUSC86: folds 
Tipatushka: raises 40 to 60
Mahu2021: folds 
Uncalled bet (40) returned to Tipatushka
Tipatushka collected 40 from pot
Tipatushka: doesn't show hand 
*** SUMMARY ***
Total pot 40 | Rake 0 
Seat 1: RUSC86 (button) folded before Flop (didn't bet)
Seat 2: Tipatushka (small blind) collected (40)
Seat 3: Mahu2021 (big blind) folded before Flop



PokerStars Hand #254547960188: Tournament #3851510947, $4.60+$0.40 USD Hold'em No Limit - Level I (10/20) - 2025/01/25 18:34:11 CET [2025/01/25 12:34:11 ET]
Table '3851510947 1' 3-max Seat #2 is the button
Seat 1: RUSC86 (500 in chips) 
Seat 2: Tipatushka (520 in chips) 
Seat 3: Mahu2021 (480 in chips) 
Mahu2021: posts small blind 10
RUSC86: posts big blind 20
*** HOLE CARDS ***
Dealt to Mahu2021 [9c 7h]
Tipatushka: folds 
Mahu2021: folds 
Uncalled bet (10) returned to RUSC86
RUSC86 collected 20 from pot
*** SUMMARY ***
Total pot 20 | Rake 0 
Seat 1: RUSC86 (big blind) collected (20)
Seat 2: Tipatushka (button) folded before Flop (didn't bet)
Seat 3: Mahu2021 (small blind) folded before Flop



PokerStars Hand #254547961623: Tournament #3851510947, $4.60+$0.40 USD Hold'em No Limit - Level I (10/20) - 2025/01/25 18:34:17 CET [2025/01/25 12:34:17 ET]
Table '3851510947 1' 3-max Seat #3 is the button
Seat 1: RUSC86 (510 in chips) 
Seat 2: Tipatushka (520 in chips) 
Seat 3: Mahu2021 (470 in chips) 
RUSC86: posts small blind 10
Tipatushka: posts big blind 20
*** HOLE CARDS ***
Dealt to Mahu2021 [Qc 7h]
Mahu2021: folds 
RUSC86: calls 10
Tipatushka: checks 
*** FLOP *** [3c 6c 8s]
RUSC86: checks 
Tipatushka: bets 20
RUSC86: folds 
Uncalled bet (20) returned to Tipatushka
Tipatushka collected 40 from pot
Tipatushka: doesn't show hand 
*** SUMMARY ***
Total pot 40 | Rake 0 
Board [3c 6c 8s]
Seat 1: RUSC86 (small blind) folded on the Flop
Seat 2: Tipatushka (big blind) collected (40)
Seat 3: Mahu2021 (button) folded before Flop (didn't bet)



PokerStars Hand #254547965967: Tournament #3851510947, $4.60+$0.40 USD Hold'em No Limit - Level I (10/20) - 2025/01/25 18:34:33 CET [2025/01/25 12:34:33 ET]
Table '3851510947 1' 3-max Seat #1 is the button
Seat 1: RUSC86 (490 in chips) 
Seat 2: Tipatushka (540 in chips) 
Seat 3: Mahu2021 (470 in chips) 
Tipatushka: posts small blind 10
Mahu2021: posts big blind 20
*** HOLE CARDS ***
Dealt to Mahu2021 [5h Jc]
RUSC86: raises 470 to 490 and is all-in
Tipatushka: folds 
Mahu2021: folds 
Uncalled bet (470) returned to RUSC86
RUSC86 collected 50 from pot
*** SUMMARY ***
Total pot 50 | Rake 0 
Seat 1: RUSC86 (button) collected (50)
Seat 2: Tipatushka (small blind) folded before Flop
Seat 3: Mahu2021 (big blind) folded before Flop



PokerStars Hand #254547970459: Tournament #3851510947, $4.60+$0.40 USD Hold'em No Limit - Level I (10/20) - 2025/01/25 18:34:51 CET [2025/01/25 12:34:51 ET]
Table '3851510947 1' 3-max Seat #2 is the button
Seat 1: RUSC86 (520 in chips) 
Seat 2: Tipatushka (530 in chips) 
Seat 3: Mahu2021 (450 in chips) 
Mahu2021: posts small blind 10
RUSC86: posts big blind 20
*** HOLE CARDS ***
Dealt to Mahu2021 [2d 3h]
Tipatushka: raises 20 to 40
Mahu2021: folds 
RUSC86: calls 20
*** FLOP *** [9d 6d 6c]
RUSC86: bets 20
Tipatushka: calls 20
*** TURN *** [9d 6d 6c] [6h]
RUSC86: bets 20
Tipatushka: calls 20
*** RIVER *** [9d 6d 6c 6h] [Kc]
RUSC86: bets 20
Tipatushka: calls 20
*** SHOW DOWN ***
RUSC86: shows [4d Ah] (three of a kind, Sixes)
Tipatushka: shows [8d 8h] (a full house, Sixes full of Eights)
Tipatushka collected 210 from pot
*** SUMMARY ***
Total pot 210 | Rake 0 
Board [9d 6d 6c 6h Kc]
Seat 1: RUSC86 (big blind) showed [4d Ah] and lost with three of a kind, Sixes
Seat 2: Tipatushka (button) showed [8d 8h] and won (210) with a full house, Sixes full of Eights
Seat 3: Mahu2021 (small blind) folded before Flop



PokerStars Hand #254547976717: Tournament #3851510947, $4.60+$0.40 USD Hold'em No Limit - Level I (10/20) - 2025/01/25 18:35:15 CET [2025/01/25 12:35:15 ET]
Table '3851510947 1' 3-max Seat #3 is the button
Seat 1: RUSC86 (420 in chips) 
Seat 2: Tipatushka (640 in chips) 
Seat 3: Mahu2021 (440 in chips) 
RUSC86: posts small blind 10
Tipatushka: posts big blind 20
*** HOLE CARDS ***
Dealt to Mahu2021 [2c Jd]
Mahu2021: folds 
RUSC86: calls 10
Tipatushka: checks 
*** FLOP *** [Qd 9s Jc]
RUSC86: checks 
Tipatushka: bets 20
RUSC86: folds 
Uncalled bet (20) returned to Tipatushka
Tipatushka collected 40 from pot
Tipatushka: doesn't show hand 
*** SUMMARY ***
Total pot 40 | Rake 0 
Board [Qd 9s Jc]
Seat 1: RUSC86 (small blind) folded on the Flop
Seat 2: Tipatushka (big blind) collected (40)
Seat 3: Mahu2021 (button) folded before Flop (didn't bet)



PokerStars Hand #254547981885: Tournament #3851510947, $4.60+$0.40 USD Hold'em No Limit - Level I (10/20) - 2025/01/25 18:35:35 CET [2025/01/25 12:35:35 ET]
Table '3851510947 1' 3-max Seat #1 is the button
Seat 1: RUSC86 (400 in chips) 
Seat 2: Tipatushka (660 in chips) 
Seat 3: Mahu2021 (440 in chips) 
Tipatushka: posts small blind 10
Mahu2021: posts big blind 20
*** HOLE CARDS ***
Dealt to Mahu2021 [Ts 8h]
RUSC86: folds 
Tipatushka: calls 10
Mahu2021: checks 
*** FLOP *** [3h Ks 6s]
Tipatushka: checks 
Mahu2021: checks 
*** TURN *** [3h Ks 6s] [9s]
Tipatushka: checks 
Mahu2021: bets 40
Tipatushka: folds 
Uncalled bet (40) returned to Mahu2021
Mahu2021 collected 40 from pot
Mahu2021: doesn't show hand 
*** SUMMARY ***
Total pot 40 | Rake 0 
Board [3h Ks 6s 9s]
Seat 1: RUSC86 (button) folded before Flop (didn't bet)
Seat 2: Tipatushka (small blind) folded on the Turn
Seat 3: Mahu2021 (big blind) collected (40)



PokerStars Hand #254547987778: Tournament #3851510947, $4.60+$0.40 USD Hold'em No Limit - Level I (10/20) - 2025/01/25 18:35:57 CET [2025/01/25 12:35:57 ET]
Table '3851510947 1' 3-max Seat #2 is the button
Seat 1: RUSC86 (400 in chips) 
Seat 2: Tipatushka (640 in chips) 
Seat 3: Mahu2021 (460 in chips) 
Mahu2021: posts small blind 10
RUSC86: posts big blind 20
*** HOLE CARDS ***
Dealt to Mahu2021 [Tc Qc]
Tipatushka: raises 20 to 40
Mahu2021: calls 30
RUSC86: calls 20
*** FLOP *** [3s 9s 9d]
Mahu2021: checks 
RUSC86: checks 
Tipatushka: bets 60
Mahu2021: folds 
RUSC86: calls 60
*** TURN *** [3s 9s 9d] [4d]
RUSC86: checks 
Tipatushka: bets 540 and is all-in
RUSC86: calls 300 and is all-in
Uncalled bet (240) returned to Tipatushka
*** RIVER *** [3s 9s 9d 4d] [Kh]
*** SHOW DOWN ***
RUSC86: shows [5s Qs] (a pair of Nines)
Tipatushka: shows [Ts Td] (two pair, Tens and Nines)
Tipatushka collected 840 from pot
RUSC86 finished the tournament in 3rd place
*** SUMMARY ***
Total pot 840 | Rake 0 
Board [3s 9s 9d 4d Kh]
Seat 1: RUSC86 (big blind) showed [5s Qs] and lost with a pair of Nines
Seat 2: Tipatushka (button) showed [Ts Td] and won (840) with two pair, Tens and Nines
Seat 3: Mahu2021 (small blind) folded on the Flop



PokerStars Hand #254547996893: Tournament #3851510947, $4.60+$0.40 USD Hold'em No Limit - Level I (10/20) - 2025/01/25 18:36:32 CET [2025/01/25 12:36:32 ET]
Table '3851510947 1' 3-max Seat #3 is the button
Seat 2: Tipatushka (1080 in chips) 
Seat 3: Mahu2021 (420 in chips) 
Mahu2021: posts small blind 10
Tipatushka: posts big blind 20
*** HOLE CARDS ***
Dealt to Mahu2021 [3d 9s]
Mahu2021: folds 
Uncalled bet (10) returned to Tipatushka
Tipatushka collected 20 from pot
Tipatushka: doesn't show hand 
*** SUMMARY ***
Total pot 20 | Rake 0 
Seat 2: Tipatushka (big blind) collected (20)
Seat 3: Mahu2021 (button) (small blind) folded before Flop



PokerStars Hand #254547998100: Tournament #3851510947, $4.60+$0.40 USD Hold'em No Limit - Level I (10/20) - 2025/01/25 18:36:37 CET [2025/01/25 12:36:37 ET]
Table '3851510947 1' 3-max Seat #2 is the button
Seat 2: Tipatushka (1090 in chips) 
Seat 3: Mahu2021 (410 in chips) 
Tipatushka: posts small blind 10
Mahu2021: posts big blind 20
*** HOLE CARDS ***
Dealt to Mahu2021 [3s Ad]
Tipatushka: calls 10
Mahu2021: checks 
*** FLOP *** [3d 5s 3c]
Mahu2021: checks 
Tipatushka: checks 
*** TURN *** [3d 5s 3c] [8d]
Mahu2021: checks 
Tipatushka: checks 
*** RIVER *** [3d 5s 3c 8d] [7s]
Mahu2021: bets 390 and is all-in
Tipatushka: folds 
Uncalled bet (390) returned to Mahu2021
Mahu2021 collected 40 from pot
Mahu2021: doesn't show hand 
*** SUMMARY ***
Total pot 40 | Rake 0 
Board [3d 5s 3c 8d 7s]
Seat 2: Tipatushka (button) (small blind) folded on the River
Seat 3: Mahu2021 (big blind) collected (40)



PokerStars Hand #254548004446: Tournament #3851510947, $4.60+$0.40 USD Hold'em No Limit - Level II (15/30) - 2025/01/25 18:37:01 CET [2025/01/25 12:37:01 ET]
Table '3851510947 1' 3-max Seat #3 is the button
Seat 2: Tipatushka (1070 in chips) 
Seat 3: Mahu2021 (430 in chips) 
Mahu2021: posts small blind 15
Tipatushka: posts big blind 30
*** HOLE CARDS ***
Dealt to Mahu2021 [Js 4s]
Mahu2021: calls 15
Tipatushka: checks 
*** FLOP *** [9c 3s Jh]
Tipatushka: checks 
Mahu2021: bets 150
Tipatushka: folds 
Uncalled bet (150) returned to Mahu2021
Mahu2021 collected 60 from pot
Mahu2021: doesn't show hand 
*** SUMMARY ***
Total pot 60 | Rake 0 
Board [9c 3s Jh]
Seat 2: Tipatushka (big blind) folded on the Flop
Seat 3: Mahu2021 (button) (small blind) collected (60)



PokerStars Hand #254548008806: Tournament #3851510947, $4.60+$0.40 USD Hold'em No Limit - Level II (15/30) - 2025/01/25 18:37:18 CET [2025/01/25 12:37:18 ET]
Table '3851510947 1' 3-max Seat #2 is the button
Seat 2: Tipatushka (1040 in chips) 
Seat 3: Mahu2021 (460 in chips) 
Tipatushka: posts small blind 15
Mahu2021: posts big blind 30
*** HOLE CARDS ***
Dealt to Mahu2021 [7d 8c]
Tipatushka: raises 1010 to 1040 and is all-in
Mahu2021: folds 
Uncalled bet (1010) returned to Tipatushka
Tipatushka collected 60 from pot
Tipatushka: doesn't show hand 
*** SUMMARY ***
Total pot 60 | Rake 0 
Seat 2: Tipatushka (button) (small blind) collected (60)
Seat 3: Mahu2021 (big blind) folded before Flop



PokerStars Hand #254548010439: Tournament #3851510947, $4.60+$0.40 USD Hold'em No Limit - Level II (15/30) - 2025/01/25 18:37:24 CET [2025/01/25 12:37:24 ET]
Table '3851510947 1' 3-max Seat #3 is the button
Seat 2: Tipatushka (1070 in chips) 
Seat 3: Mahu2021 (430 in chips) 
Mahu2021: posts small blind 15
Tipatushka: posts big blind 30
*** HOLE CARDS ***
Dealt to Mahu2021 [9d Kd]
Mahu2021: raises 30 to 60
Tipatushka: folds 
Uncalled bet (30) returned to Mahu2021
Mahu2021 collected 60 from pot
Mahu2021: doesn't show hand 
*** SUMMARY ***
Total pot 60 | Rake 0 
Seat 2: Tipatushka (big blind) folded before Flop
Seat 3: Mahu2021 (button) (small blind) collected (60)



PokerStars Hand #254548012163: Tournament #3851510947, $4.60+$0.40 USD Hold'em No Limit - Level II (15/30) - 2025/01/25 18:37:31 CET [2025/01/25 12:37:31 ET]
Table '3851510947 1' 3-max Seat #2 is the button
Seat 2: Tipatushka (1040 in chips) 
Seat 3: Mahu2021 (460 in chips) 
Tipatushka: posts small blind 15
Mahu2021: posts big blind 30
*** HOLE CARDS ***
Dealt to Mahu2021 [5h 6h]
Tipatushka: folds 
Uncalled bet (15) returned to Mahu2021
Mahu2021 collected 30 from pot
Mahu2021: doesn't show hand 
*** SUMMARY ***
Total pot 30 | Rake 0 
Seat 2: Tipatushka (button) (small blind) folded before Flop
Seat 3: Mahu2021 (big blind) collected (30)



PokerStars Hand #254548014848: Tournament #3851510947, $4.60+$0.40 USD Hold'em No Limit - Level II (15/30) - 2025/01/25 18:37:41 CET [2025/01/25 12:37:41 ET]
Table '3851510947 1' 3-max Seat #3 is the button
Seat 2: Tipatushka (1025 in chips) 
Seat 3: Mahu2021 (475 in chips) 
Mahu2021: posts small blind 15
Tipatushka: posts big blind 30
*** HOLE CARDS ***
Dealt to Mahu2021 [7c 6d]
Mahu2021: calls 15
Tipatushka: checks 
*** FLOP *** [Kh 8c 2c]
Tipatushka: checks 
Mahu2021: checks 
*** TURN *** [Kh 8c 2c] [Ac]
Tipatushka: checks 
Mahu2021: bets 60
Tipatushka: calls 60
*** RIVER *** [Kh 8c 2c Ac] [4d]
Tipatushka: checks 
Mahu2021: bets 385 and is all-in
Tipatushka: folds 
Uncalled bet (385) returned to Mahu2021
Mahu2021 collected 180 from pot
Mahu2021: doesn't show hand 
*** SUMMARY ***
Total pot 180 | Rake 0 
Board [Kh 8c 2c Ac 4d]
Seat 2: Tipatushka (big blind) folded on the River
Seat 3: Mahu2021 (button) (small blind) collected (180)



PokerStars Hand #254548023704: Tournament #3851510947, $4.60+$0.40 USD Hold'em No Limit - Level II (15/30) - 2025/01/25 18:38:16 CET [2025/01/25 12:38:16 ET]
Table '3851510947 1' 3-max Seat #2 is the button
Seat 2: Tipatushka (935 in chips) 
Seat 3: Mahu2021 (565 in chips) 
Tipatushka: posts small blind 15
Mahu2021: posts big blind 30
*** HOLE CARDS ***
Dealt to Mahu2021 [7h Jc]
Tipatushka: calls 15
Mahu2021: checks 
*** FLOP *** [6d Kd 5c]
Mahu2021: checks 
Tipatushka: checks 
*** TURN *** [6d Kd 5c] [5d]
Mahu2021: checks 
Tipatushka: bets 60
Mahu2021: folds 
Uncalled bet (60) returned to Tipatushka
Tipatushka collected 60 from pot
Tipatushka: doesn't show hand 
*** SUMMARY ***
Total pot 60 | Rake 0 
Board [6d Kd 5c 5d]
Seat 2: Tipatushka (button) (small blind) collected (60)
Seat 3: Mahu2021 (big blind) folded on the Turn



PokerStars Hand #254548031619: Tournament #3851510947, $4.60+$0.40 USD Hold'em No Limit - Level II (15/30) - 2025/01/25 18:38:46 CET [2025/01/25 12:38:46 ET]
Table '3851510947 1' 3-max Seat #3 is the button
Seat 2: Tipatushka (965 in chips) 
Seat 3: Mahu2021 (535 in chips) 
Mahu2021: posts small blind 15
Tipatushka: posts big blind 30
*** HOLE CARDS ***
Dealt to Mahu2021 [8d 4d]
Mahu2021: folds 
Uncalled bet (15) returned to Tipatushka
Tipatushka collected 30 from pot
Tipatushka: doesn't show hand 
*** SUMMARY ***
Total pot 30 | Rake 0 
Seat 2: Tipatushka (big blind) collected (30)
Seat 3: Mahu2021 (button) (small blind) folded before Flop



PokerStars Hand #254548032828: Tournament #3851510947, $4.60+$0.40 USD Hold'em No Limit - Level II (15/30) - 2025/01/25 18:38:51 CET [2025/01/25 12:38:51 ET]
Table '3851510947 1' 3-max Seat #2 is the button
Seat 2: Tipatushka (980 in chips) 
Seat 3: Mahu2021 (520 in chips) 
Tipatushka: posts small blind 15
Mahu2021: posts big blind 30
*** HOLE CARDS ***
Dealt to Mahu2021 [6h 7h]
Tipatushka: raises 950 to 980 and is all-in
Mahu2021: folds 
Uncalled bet (950) returned to Tipatushka
Tipatushka collected 60 from pot
Tipatushka: doesn't show hand 
*** SUMMARY ***
Total pot 60 | Rake 0 
Seat 2: Tipatushka (button) (small blind) collected (60)
Seat 3: Mahu2021 (big blind) folded before Flop



PokerStars Hand #254548034350: Tournament #3851510947, $4.60+$0.40 USD Hold'em No Limit - Level II (15/30) - 2025/01/25 18:38:57 CET [2025/01/25 12:38:57 ET]
Table '3851510947 1' 3-max Seat #3 is the button
Seat 2: Tipatushka (1010 in chips) 
Seat 3: Mahu2021 (490 in chips) 
Mahu2021: posts small blind 15
Tipatushka: posts big blind 30
*** HOLE CARDS ***
Dealt to Mahu2021 [As 5s]
Mahu2021: raises 30 to 60
Tipatushka: calls 30
*** FLOP *** [7h 4d Tc]
Tipatushka: checks 
Mahu2021: checks 
*** TURN *** [7h 4d Tc] [2s]
Tipatushka: checks 
Mahu2021: bets 60
Tipatushka: folds 
Uncalled bet (60) returned to Mahu2021
Mahu2021 collected 120 from pot
Mahu2021: doesn't show hand 
*** SUMMARY ***
Total pot 120 | Rake 0 
Board [7h 4d Tc 2s]
Seat 2: Tipatushka (big blind) folded on the Turn
Seat 3: Mahu2021 (button) (small blind) collected (120)



PokerStars Hand #254548040320: Tournament #3851510947, $4.60+$0.40 USD Hold'em No Limit - Level II (15/30) - 2025/01/25 18:39:20 CET [2025/01/25 12:39:20 ET]
Table '3851510947 1' 3-max Seat #2 is the button
Seat 2: Tipatushka (950 in chips) 
Seat 3: Mahu2021 (550 in chips) 
Tipatushka: posts small blind 15
Mahu2021: posts big blind 30
*** HOLE CARDS ***
Dealt to Mahu2021 [6c Ad]
Tipatushka: calls 15
Mahu2021: raises 520 to 550 and is all-in
Tipatushka: folds 
Uncalled bet (520) returned to Mahu2021
Mahu2021 collected 60 from pot
Mahu2021: doesn't show hand 
*** SUMMARY ***
Total pot 60 | Rake 0 
Seat 2: Tipatushka (button) (small blind) folded before Flop
Seat 3: Mahu2021 (big blind) collected (60)



PokerStars Hand #254548044056: Tournament #3851510947, $4.60+$0.40 USD Hold'em No Limit - Level II (15/30) - 2025/01/25 18:39:34 CET [2025/01/25 12:39:34 ET]
Table '3851510947 1' 3-max Seat #3 is the button
Seat 2: Tipatushka (920 in chips) 
Seat 3: Mahu2021 (580 in chips) 
Mahu2021: posts small blind 15
Tipatushka: posts big blind 30
*** HOLE CARDS ***
Dealt to Mahu2021 [Kh As]
Mahu2021: raises 30 to 60
Tipatushka: folds 
Uncalled bet (30) returned to Mahu2021
Mahu2021 collected 60 from pot
Mahu2021: doesn't show hand 
*** SUMMARY ***
Total pot 60 | Rake 0 
Seat 2: Tipatushka (big blind) folded before Flop
Seat 3: Mahu2021 (button) (small blind) collected (60)



PokerStars Hand #254548046588: Tournament #3851510947, $4.60+$0.40 USD Hold'em No Limit - Level II (15/30) - 2025/01/25 18:39:44 CET [2025/01/25 12:39:44 ET]
Table '3851510947 1' 3-max Seat #2 is the button
Seat 2: Tipatushka (890 in chips) 
Seat 3: Mahu2021 (610 in chips) 
Tipatushka: posts small blind 15
Mahu2021: posts big blind 30
*** HOLE CARDS ***
Dealt to Mahu2021 [3c 8c]
Tipatushka: calls 15
Mahu2021: checks 
*** FLOP *** [4h 3h 9h]
Mahu2021: checks 
Tipatushka: bets 30
Mahu2021: folds 
Uncalled bet (30) returned to Tipatushka
Tipatushka collected 60 from pot
Tipatushka: doesn't show hand 
*** SUMMARY ***
Total pot 60 | Rake 0 
Board [4h 3h 9h]
Seat 2: Tipatushka (button) (small blind) collected (60)
Seat 3: Mahu2021 (big blind) folded on the Flop



PokerStars Hand #254548051101: Tournament #3851510947, $4.60+$0.40 USD Hold'em No Limit - Level III (20/40) - 2025/01/25 18:40:01 CET [2025/01/25 12:40:01 ET]
Table '3851510947 1' 3-max Seat #3 is the button
Seat 2: Tipatushka (920 in chips) 
Seat 3: Mahu2021 (580 in chips) 
Mahu2021: posts small blind 20
Tipatushka: posts big blind 40
*** HOLE CARDS ***
Dealt to Mahu2021 [7h 9h]
Mahu2021: calls 20
Tipatushka: raises 80 to 120
Mahu2021: folds 
Uncalled bet (80) returned to Tipatushka
Tipatushka collected 80 from pot
Tipatushka: doesn't show hand 
*** SUMMARY ***
Total pot 80 | Rake 0 
Seat 2: Tipatushka (big blind) collected (80)
Seat 3: Mahu2021 (button) (small blind) folded before Flop



PokerStars Hand #254548053711: Tournament #3851510947, $4.60+$0.40 USD Hold'em No Limit - Level III (20/40) - 2025/01/25 18:40:11 CET [2025/01/25 12:40:11 ET]
Table '3851510947 1' 3-max Seat #2 is the button
Seat 2: Tipatushka (960 in chips) 
Seat 3: Mahu2021 (540 in chips) 
Tipatushka: posts small blind 20
Mahu2021: posts big blind 40
*** HOLE CARDS ***
Dealt to Mahu2021 [9h 3h]
Tipatushka: folds 
Uncalled bet (20) returned to Mahu2021
Mahu2021 collected 40 from pot
Mahu2021: doesn't show hand 
*** SUMMARY ***
Total pot 40 | Rake 0 
Seat 2: Tipatushka (button) (small blind) folded before Flop
Seat 3: Mahu2021 (big blind) collected (40)



PokerStars Hand #254548054715: Tournament #3851510947, $4.60+$0.40 USD Hold'em No Limit - Level III (20/40) - 2025/01/25 18:40:15 CET [2025/01/25 12:40:15 ET]
Table '3851510947 1' 3-max Seat #3 is the button
Seat 2: Tipatushka (940 in chips) 
Seat 3: Mahu2021 (560 in chips) 
Mahu2021: posts small blind 20
Tipatushka: posts big blind 40
*** HOLE CARDS ***
Dealt to Mahu2021 [5c 2d]
Mahu2021: folds 
Uncalled bet (20) returned to Tipatushka
Tipatushka collected 40 from pot
Tipatushka: doesn't show hand 
*** SUMMARY ***
Total pot 40 | Rake 0 
Seat 2: Tipatushka (big blind) collected (40)
Seat 3: Mahu2021 (button) (small blind) folded before Flop



PokerStars Hand #254548055853: Tournament #3851510947, $4.60+$0.40 USD Hold'em No Limit - Level III (20/40) - 2025/01/25 18:40:19 CET [2025/01/25 12:40:19 ET]
Table '3851510947 1' 3-max Seat #2 is the button
Seat 2: Tipatushka (960 in chips) 
Seat 3: Mahu2021 (540 in chips) 
Tipatushka: posts small blind 20
Mahu2021: posts big blind 40
*** HOLE CARDS ***
Dealt to Mahu2021 [2c Jc]
Tipatushka: calls 20
Mahu2021: checks 
*** FLOP *** [Th 5h Ah]
Mahu2021: checks 
Tipatushka: bets 40
Mahu2021: raises 80 to 120
Tipatushka: raises 800 to 920 and is all-in
Mahu2021: folds 
Uncalled bet (800) returned to Tipatushka
Tipatushka collected 320 from pot
Tipatushka: doesn't show hand 
*** SUMMARY ***
Total pot 320 | Rake 0 
Board [Th 5h Ah]
Seat 2: Tipatushka (button) (small blind) collected (320)
Seat 3: Mahu2021 (big blind) folded on the Flop



PokerStars Hand #254548063768: Tournament #3851510947, $4.60+$0.40 USD Hold'em No Limit - Level III (20/40) - 2025/01/25 18:40:50 CET [2025/01/25 12:40:50 ET]
Table '3851510947 1' 3-max Seat #3 is the button
Seat 2: Tipatushka (1120 in chips) 
Seat 3: Mahu2021 (380 in chips) 
Mahu2021: posts small blind 20
Tipatushka: posts big blind 40
*** HOLE CARDS ***
Dealt to Mahu2021 [9h 7h]
Mahu2021: calls 20
Tipatushka: checks 
*** FLOP *** [6c Js 9s]
Tipatushka: checks 
Mahu2021: bets 80
Tipatushka: folds 
Uncalled bet (80) returned to Mahu2021
Mahu2021 collected 80 from pot
Mahu2021: doesn't show hand 
*** SUMMARY ***
Total pot 80 | Rake 0 
Board [6c Js 9s]
Seat 2: Tipatushka (big blind) folded on the Flop
Seat 3: Mahu2021 (button) (small blind) collected (80)



PokerStars Hand #254548069034: Tournament #3851510947, $4.60+$0.40 USD Hold'em No Limit - Level III (20/40) - 2025/01/25 18:41:10 CET [2025/01/25 12:41:10 ET]
Table '3851510947 1' 3-max Seat #2 is the button
Seat 2: Tipatushka (1080 in chips) 
Seat 3: Mahu2021 (420 in chips) 
Tipatushka: posts small blind 20
Mahu2021: posts big blind 40
*** HOLE CARDS ***
Dealt to Mahu2021 [9h Ah]
Tipatushka: calls 20
Mahu2021: raises 380 to 420 and is all-in
Tipatushka: calls 380
*** FLOP *** [2h 9c Jc]
*** TURN *** [2h 9c Jc] [3s]
*** RIVER *** [2h 9c Jc 3s] [8s]
*** SHOW DOWN ***
Mahu2021: shows [9h Ah] (a pair of Nines)
Tipatushka: shows [Jd 9d] (two pair, Jacks and Nines)
Tipatushka collected 840 from pot
Mahu2021 finished the tournament in 2nd place
Tipatushka wins the tournament and receives $15.00 - congratulations!
*** SUMMARY ***
Total pot 840 | Rake 0 
Board [2h 9c Jc 3s 8s]
Seat 2: Tipatushka (button) (small blind) showed [Jd 9d] and won (840) with two pair, Jacks and Nines
Seat 3: Mahu2021 (big blind) showed [9h Ah] and lost with a pair of Nines



