PokerStars Hand #254533913534: Tournament #3851171005, $4.60+$0.40 USD Hold'em No Limit - Level I (10/20) - 2025/01/24 20:57:52 CET [2025/01/24 14:57:52 ET]
Table '3851171005 1' 3-max Seat #1 is the button
Seat 1: Call me Alex97 (500 in chips) 
Seat 2: Mahu2021 (500 in chips) 
Seat 3: pikeytiley (500 in chips) 
Mahu2021: posts small blind 10
pikeytiley: posts big blind 20
*** HOLE CARDS ***
Dealt to Mahu2021 [6h Ac]
Call me Alex97: raises 22 to 42
Mahu2021: calls 32
pikeytiley: folds 
*** FLOP *** [2c Kc Ks]
Mahu2021: checks 
Call me Alex97: bets 32
Mahu2021: calls 32
*** TURN *** [2c Kc Ks] [3h]
Mahu2021: checks 
Call me Alex97: checks 
*** RIVER *** [2c Kc Ks 3h] [8c]
Mahu2021: checks 
Call me Alex97: checks 
*** SHOW DOWN ***
Mahu2021: shows [6h Ac] (a pair of Kings)
Call me Alex97: shows [Ad 9h] (a pair of Kings - Ace+Nine kicker)
Call me Alex97 collected 168 from pot
*** SUMMARY ***
Total pot 168 | Rake 0 
Board [2c Kc Ks 3h 8c]
Seat 1: Call me Alex97 (button) showed [Ad 9h] and won (168) with a pair of Kings
Seat 2: Mahu2021 (small blind) showed [6h Ac] and lost with a pair of Kings
Seat 3: pikeytiley (big blind) folded before Flop



PokerStars Hand #254533917896: Tournament #3851171005, $4.60+$0.40 USD Hold'em No Limit - Level I (10/20) - 2025/01/24 20:58:13 CET [2025/01/24 14:58:13 ET]
Table '3851171005 1' 3-max Seat #2 is the button
Seat 1: Call me Alex97 (594 in chips) 
Seat 2: Mahu2021 (426 in chips) 
Seat 3: pikeytiley (480 in chips) 
pikeytiley: posts small blind 10
Call me Alex97: posts big blind 20
*** HOLE CARDS ***
Dealt to Mahu2021 [5d Kh]
Mahu2021: folds 
pikeytiley: folds 
Uncalled bet (10) returned to Call me Alex97
Call me Alex97 collected 20 from pot
Call me Alex97: doesn't show hand 
*** SUMMARY ***
Total pot 20 | Rake 0 
Seat 1: Call me Alex97 (big blind) collected (20)
Seat 2: Mahu2021 (button) folded before Flop (didn't bet)
Seat 3: pikeytiley (small blind) folded before Flop



PokerStars Hand #254533919232: Tournament #3851171005, $4.60+$0.40 USD Hold'em No Limit - Level I (10/20) - 2025/01/24 20:58:19 CET [2025/01/24 14:58:19 ET]
Table '3851171005 1' 3-max Seat #3 is the button
Seat 1: Call me Alex97 (604 in chips) 
Seat 2: Mahu2021 (426 in chips) 
Seat 3: pikeytiley (470 in chips) 
Call me Alex97: posts small blind 10
Mahu2021: posts big blind 20
*** HOLE CARDS ***
Dealt to Mahu2021 [Jc Ts]
pikeytiley: folds 
Call me Alex97: calls 10
Mahu2021: checks 
*** FLOP *** [9c Tc 9h]
Call me Alex97: checks 
Mahu2021: bets 40
Call me Alex97: folds 
Uncalled bet (40) returned to Mahu2021
Mahu2021 collected 40 from pot
Mahu2021: doesn't show hand 
*** SUMMARY ***
Total pot 40 | Rake 0 
Board [9c Tc 9h]
Seat 1: Call me Alex97 (small blind) folded on the Flop
Seat 2: Mahu2021 (big blind) collected (40)
Seat 3: pikeytiley (button) folded before Flop (didn't bet)



PokerStars Hand #254533922622: Tournament #3851171005, $4.60+$0.40 USD Hold'em No Limit - Level I (10/20) - 2025/01/24 20:58:36 CET [2025/01/24 14:58:36 ET]
Table '3851171005 1' 3-max Seat #1 is the button
Seat 1: Call me Alex97 (584 in chips) 
Seat 2: Mahu2021 (446 in chips) 
Seat 3: pikeytiley (470 in chips) 
Mahu2021: posts small blind 10
pikeytiley: posts big blind 20
*** HOLE CARDS ***
Dealt to Mahu2021 [3d 6h]
Call me Alex97: folds 
Mahu2021: folds 
Uncalled bet (10) returned to pikeytiley
pikeytiley collected 20 from pot
*** SUMMARY ***
Total pot 20 | Rake 0 
Seat 1: Call me Alex97 (button) folded before Flop (didn't bet)
Seat 2: Mahu2021 (small blind) folded before Flop
Seat 3: pikeytiley (big blind) collected (20)



PokerStars Hand #254533923635: Tournament #3851171005, $4.60+$0.40 USD Hold'em No Limit - Level I (10/20) - 2025/01/24 20:58:41 CET [2025/01/24 14:58:41 ET]
Table '3851171005 1' 3-max Seat #2 is the button
Seat 1: Call me Alex97 (584 in chips) 
Seat 2: Mahu2021 (436 in chips) 
Seat 3: pikeytiley (480 in chips) 
pikeytiley: posts small blind 10
Call me Alex97: posts big blind 20
*** HOLE CARDS ***
Dealt to Mahu2021 [9d Tc]
Mahu2021: folds 
pikeytiley: calls 10
Call me Alex97: checks 
*** FLOP *** [Jh 2s 8h]
pikeytiley: checks 
Call me Alex97: checks 
*** TURN *** [Jh 2s 8h] [2c]
pikeytiley: checks 
Call me Alex97: bets 20
pikeytiley: folds 
Uncalled bet (20) returned to Call me Alex97
Call me Alex97 collected 40 from pot
Call me Alex97: doesn't show hand 
*** SUMMARY ***
Total pot 40 | Rake 0 
Board [Jh 2s 8h 2c]
Seat 1: Call me Alex97 (big blind) collected (40)
Seat 2: Mahu2021 (button) folded before Flop (didn't bet)
Seat 3: pikeytiley (small blind) folded on the Turn



PokerStars Hand #254533929263: Tournament #3851171005, $4.60+$0.40 USD Hold'em No Limit - Level I (10/20) - 2025/01/24 20:59:07 CET [2025/01/24 14:59:07 ET]
Table '3851171005 1' 3-max Seat #3 is the button
Seat 1: Call me Alex97 (604 in chips) 
Seat 2: Mahu2021 (436 in chips) 
Seat 3: pikeytiley (460 in chips) 
Call me Alex97: posts small blind 10
Mahu2021: posts big blind 20
*** HOLE CARDS ***
Dealt to Mahu2021 [3c 5s]
pikeytiley: calls 20
Call me Alex97: calls 10
Mahu2021: checks 
*** FLOP *** [Ac 3h 8s]
Call me Alex97: checks 
Mahu2021: checks 
pikeytiley: checks 
*** TURN *** [Ac 3h 8s] [Ks]
Call me Alex97: checks 
Mahu2021: checks 
pikeytiley: checks 
*** RIVER *** [Ac 3h 8s Ks] [5h]
Call me Alex97: checks 
Mahu2021: bets 60
pikeytiley: raises 180 to 240
Call me Alex97: folds 
Mahu2021: calls 180
*** SHOW DOWN ***
pikeytiley: shows [5d 5c] (three of a kind, Fives)
Mahu2021: mucks hand 
pikeytiley collected 540 from pot
*** SUMMARY ***
Total pot 540 | Rake 0 
Board [Ac 3h 8s Ks 5h]
Seat 1: Call me Alex97 (small blind) folded on the River
Seat 2: Mahu2021 (big blind) mucked [3c 5s]
Seat 3: pikeytiley (button) showed [5d 5c] and won (540) with three of a kind, Fives



PokerStars Hand #254533937550: Tournament #3851171005, $4.60+$0.40 USD Hold'em No Limit - Level I (10/20) - 2025/01/24 20:59:46 CET [2025/01/24 14:59:46 ET]
Table '3851171005 1' 3-max Seat #1 is the button
Seat 1: Call me Alex97 (584 in chips) 
Seat 2: Mahu2021 (176 in chips) 
Seat 3: pikeytiley (740 in chips) 
Mahu2021: posts small blind 10
pikeytiley: posts big blind 20
*** HOLE CARDS ***
Dealt to Mahu2021 [6c 9s]
Call me Alex97: folds 
Mahu2021: folds 
Uncalled bet (10) returned to pikeytiley
pikeytiley collected 20 from pot
*** SUMMARY ***
Total pot 20 | Rake 0 
Seat 1: Call me Alex97 (button) folded before Flop (didn't bet)
Seat 2: Mahu2021 (small blind) folded before Flop
Seat 3: pikeytiley (big blind) collected (20)



PokerStars Hand #254533939033: Tournament #3851171005, $4.60+$0.40 USD Hold'em No Limit - Level I (10/20) - 2025/01/24 20:59:52 CET [2025/01/24 14:59:52 ET]
Table '3851171005 1' 3-max Seat #2 is the button
Seat 1: Call me Alex97 (584 in chips) 
Seat 2: Mahu2021 (166 in chips) 
Seat 3: pikeytiley (750 in chips) 
pikeytiley: posts small blind 10
Call me Alex97: posts big blind 20
*** HOLE CARDS ***
Dealt to Mahu2021 [8s Jc]
Mahu2021: folds 
pikeytiley: calls 10
Call me Alex97: checks 
*** FLOP *** [8h Qs Jh]
pikeytiley: checks 
Call me Alex97: checks 
*** TURN *** [8h Qs Jh] [3c]
pikeytiley: checks 
Call me Alex97: checks 
*** RIVER *** [8h Qs Jh 3c] [7s]
pikeytiley: bets 20
Call me Alex97: calls 20
*** SHOW DOWN ***
pikeytiley: shows [4h 4d] (a pair of Fours)
Call me Alex97: mucks hand 
pikeytiley collected 80 from pot
*** SUMMARY ***
Total pot 80 | Rake 0 
Board [8h Qs Jh 3c 7s]
Seat 1: Call me Alex97 (big blind) mucked [2c As]
Seat 2: Mahu2021 (button) folded before Flop (didn't bet)
Seat 3: pikeytiley (small blind) showed [4h 4d] and won (80) with a pair of Fours



PokerStars Hand #254533945781: Tournament #3851171005, $4.60+$0.40 USD Hold'em No Limit - Level II (15/30) - 2025/01/24 21:00:24 CET [2025/01/24 15:00:24 ET]
Table '3851171005 1' 3-max Seat #3 is the button
Seat 1: Call me Alex97 (544 in chips) 
Seat 2: Mahu2021 (166 in chips) 
Seat 3: pikeytiley (790 in chips) 
Call me Alex97: posts small blind 15
Mahu2021: posts big blind 30
*** HOLE CARDS ***
Dealt to Mahu2021 [6s 7h]
pikeytiley: raises 30 to 60
Call me Alex97: folds 
Mahu2021: calls 30
*** FLOP *** [Kc Js 2c]
Mahu2021: checks 
pikeytiley: bets 68
Mahu2021: folds 
Uncalled bet (68) returned to pikeytiley
pikeytiley collected 135 from pot
*** SUMMARY ***
Total pot 135 | Rake 0 
Board [Kc Js 2c]
Seat 1: Call me Alex97 (small blind) folded before Flop
Seat 2: Mahu2021 (big blind) folded on the Flop
Seat 3: pikeytiley (button) collected (135)



PokerStars Hand #254533950804: Tournament #3851171005, $4.60+$0.40 USD Hold'em No Limit - Level II (15/30) - 2025/01/24 21:00:46 CET [2025/01/24 15:00:46 ET]
Table '3851171005 1' 3-max Seat #1 is the button
Seat 1: Call me Alex97 (529 in chips) 
Seat 2: Mahu2021 (106 in chips) 
Seat 3: pikeytiley (865 in chips) 
Mahu2021: posts small blind 15
pikeytiley: posts big blind 30
*** HOLE CARDS ***
Dealt to Mahu2021 [7s 5d]
Call me Alex97: folds 
Mahu2021: folds 
Uncalled bet (15) returned to pikeytiley
pikeytiley collected 30 from pot
*** SUMMARY ***
Total pot 30 | Rake 0 
Seat 1: Call me Alex97 (button) folded before Flop (didn't bet)
Seat 2: Mahu2021 (small blind) folded before Flop
Seat 3: pikeytiley (big blind) collected (30)



PokerStars Hand #254533951983: Tournament #3851171005, $4.60+$0.40 USD Hold'em No Limit - Level II (15/30) - 2025/01/24 21:00:51 CET [2025/01/24 15:00:51 ET]
Table '3851171005 1' 3-max Seat #2 is the button
Seat 1: Call me Alex97 (529 in chips) 
Seat 2: Mahu2021 (91 in chips) 
Seat 3: pikeytiley (880 in chips) 
pikeytiley: posts small blind 15
Call me Alex97: posts big blind 30
*** HOLE CARDS ***
Dealt to Mahu2021 [Ad 6h]
Mahu2021: raises 61 to 91 and is all-in
pikeytiley: folds 
Call me Alex97: folds 
Uncalled bet (61) returned to Mahu2021
Mahu2021 collected 75 from pot
Mahu2021: doesn't show hand 
*** SUMMARY ***
Total pot 75 | Rake 0 
Seat 1: Call me Alex97 (big blind) folded before Flop
Seat 2: Mahu2021 (button) collected (75)
Seat 3: pikeytiley (small blind) folded before Flop



PokerStars Hand #254533954086: Tournament #3851171005, $4.60+$0.40 USD Hold'em No Limit - Level II (15/30) - 2025/01/24 21:01:00 CET [2025/01/24 15:01:00 ET]
Table '3851171005 1' 3-max Seat #3 is the button
Seat 1: Call me Alex97 (499 in chips) 
Seat 2: Mahu2021 (136 in chips) 
Seat 3: pikeytiley (865 in chips) 
Call me Alex97: posts small blind 15
Mahu2021: posts big blind 30
*** HOLE CARDS ***
Dealt to Mahu2021 [Ts 6c]
pikeytiley: raises 60 to 90
Call me Alex97: folds 
Mahu2021: folds 
Uncalled bet (60) returned to pikeytiley
pikeytiley collected 75 from pot
*** SUMMARY ***
Total pot 75 | Rake 0 
Seat 1: Call me Alex97 (small blind) folded before Flop
Seat 2: Mahu2021 (big blind) folded before Flop
Seat 3: pikeytiley (button) collected (75)



PokerStars Hand #254533956166: Tournament #3851171005, $4.60+$0.40 USD Hold'em No Limit - Level II (15/30) - 2025/01/24 21:01:09 CET [2025/01/24 15:01:09 ET]
Table '3851171005 1' 3-max Seat #1 is the button
Seat 1: Call me Alex97 (484 in chips) 
Seat 2: Mahu2021 (106 in chips) 
Seat 3: pikeytiley (910 in chips) 
Mahu2021: posts small blind 15
pikeytiley: posts big blind 30
*** HOLE CARDS ***
Dealt to Mahu2021 [Td 2c]
Call me Alex97: raises 33 to 63
Mahu2021: folds 
pikeytiley: calls 33
*** FLOP *** [9h Qh 7h]
pikeytiley: checks 
Call me Alex97: checks 
*** TURN *** [9h Qh 7h] [6h]
pikeytiley: bets 71
Call me Alex97: folds 
Uncalled bet (71) returned to pikeytiley
pikeytiley collected 141 from pot
*** SUMMARY ***
Total pot 141 | Rake 0 
Board [9h Qh 7h 6h]
Seat 1: Call me Alex97 (button) folded on the Turn
Seat 2: Mahu2021 (small blind) folded before Flop
Seat 3: pikeytiley (big blind) collected (141)



PokerStars Hand #254533960674: Tournament #3851171005, $4.60+$0.40 USD Hold'em No Limit - Level II (15/30) - 2025/01/24 21:01:27 CET [2025/01/24 15:01:27 ET]
Table '3851171005 1' 3-max Seat #2 is the button
Seat 1: Call me Alex97 (421 in chips) 
Seat 2: Mahu2021 (91 in chips) 
Seat 3: pikeytiley (988 in chips) 
pikeytiley: posts small blind 15
Call me Alex97: posts big blind 30
*** HOLE CARDS ***
Dealt to Mahu2021 [Tc Qd]
Mahu2021: raises 61 to 91 and is all-in
pikeytiley: calls 76
Call me Alex97: folds 
*** FLOP *** [2h Jh 5h]
*** TURN *** [2h Jh 5h] [3s]
*** RIVER *** [2h Jh 5h 3s] [Ks]
*** SHOW DOWN ***
pikeytiley: shows [Ac Qs] (high card Ace)
Mahu2021: shows [Tc Qd] (high card King)
pikeytiley collected 212 from pot
Mahu2021 finished the tournament in 3rd place
*** SUMMARY ***
Total pot 212 | Rake 0 
Board [2h Jh 5h 3s Ks]
Seat 1: Call me Alex97 (big blind) folded before Flop
Seat 2: Mahu2021 (button) showed [Tc Qd] and lost with high card King
Seat 3: pikeytiley (small blind) showed [Ac Qs] and won (212) with high card Ace



