PokerStars Hand #244771842333: Tournament #3616038159, $0.92+$0.08 USD Hold'em No Limit - Level I (10/20) - 2023/07/12 17:51:29 CET [2023/07/12 11:51:29 ET]
Table '3616038159 1' 3-max Seat #1 is the button
Seat 1: Mahu2021 (500 in chips) 
Seat 2: hermanny123 (500 in chips) 
Seat 3: marissid (500 in chips) 
hermanny123: posts small blind 10
marissid: posts big blind 20
*** HOLE CARDS ***
Dealt to Mahu2021 [6h 7h]
Mahu2021: calls 20
hermanny123: raises 40 to 60
marissid: folds 
Mahu2021: calls 40
*** FLOP *** [5h 3h Js]
hermanny123: bets 80
Mahu2021: calls 80
*** TURN *** [5h 3h Js] [5d]
hermanny123: bets 360 and is all-in
Mahu2021: calls 360 and is all-in
*** RIVER *** [5h 3h Js 5d] [6c]
*** SHOW DOWN ***
hermanny123: shows [8s Qs] (a pair of Fives)
Mahu2021: shows [6h 7h] (two pair, Sixes and Fives)
Mahu2021 collected 1020 from pot
hermanny123 finished the tournament in 3rd place
*** SUMMARY ***
Total pot 1020 | Rake 0 
Board [5h 3h Js 5d 6c]
Seat 1: Mahu2021 (button) showed [6h 7h] and won (1020) with two pair, Sixes and Fives
Seat 2: hermanny123 (small blind) showed [8s Qs] and lost with a pair of Fives
Seat 3: marissid (big blind) folded before Flop



PokerStars Hand #244771850370: Tournament #3616038159, $0.92+$0.08 USD Hold'em No Limit - Level I (10/20) - 2023/07/12 17:52:01 CET [2023/07/12 11:52:01 ET]
Table '3616038159 1' 3-max Seat #3 is the button
Seat 1: Mahu2021 (1020 in chips) 
Seat 3: marissid (480 in chips) 
marissid: posts small blind 10
Mahu2021: posts big blind 20
*** HOLE CARDS ***
Dealt to Mahu2021 [9c 3c]
marissid: calls 10
Mahu2021: checks 
*** FLOP *** [2d Qh 2s]
Mahu2021: checks 
marissid: bets 20
Mahu2021: folds 
Uncalled bet (20) returned to marissid
marissid collected 40 from pot
marissid: doesn't show hand 
*** SUMMARY ***
Total pot 40 | Rake 0 
Board [2d Qh 2s]
Seat 1: Mahu2021 (big blind) folded on the Flop
Seat 3: marissid (button) (small blind) collected (40)



PokerStars Hand #244771854264: Tournament #3616038159, $0.92+$0.08 USD Hold'em No Limit - Level I (10/20) - 2023/07/12 17:52:16 CET [2023/07/12 11:52:16 ET]
Table '3616038159 1' 3-max Seat #1 is the button
Seat 1: Mahu2021 (1000 in chips) 
Seat 3: marissid (500 in chips) 
Mahu2021: posts small blind 10
marissid: posts big blind 20
*** HOLE CARDS ***
Dealt to Mahu2021 [Qh 5s]
Mahu2021: calls 10
marissid: checks 
*** FLOP *** [6d Kd 5d]
marissid: checks 
Mahu2021: bets 20
marissid: calls 20
*** TURN *** [6d Kd 5d] [3s]
marissid: checks 
Mahu2021: checks 
*** RIVER *** [6d Kd 5d 3s] [8s]
marissid: checks 
Mahu2021: checks 
*** SHOW DOWN ***
marissid: shows [4d Js] (high card King)
Mahu2021: shows [Qh 5s] (a pair of Fives)
Mahu2021 collected 80 from pot
*** SUMMARY ***
Total pot 80 | Rake 0 
Board [6d Kd 5d 3s 8s]
Seat 1: Mahu2021 (button) (small blind) showed [Qh 5s] and won (80) with a pair of Fives
Seat 3: marissid (big blind) showed [4d Js] and lost with high card King



PokerStars Hand #244771859455: Tournament #3616038159, $0.92+$0.08 USD Hold'em No Limit - Level I (10/20) - 2023/07/12 17:52:37 CET [2023/07/12 11:52:37 ET]
Table '3616038159 1' 3-max Seat #3 is the button
Seat 1: Mahu2021 (1040 in chips) 
Seat 3: marissid (460 in chips) 
marissid: posts small blind 10
Mahu2021: posts big blind 20
*** HOLE CARDS ***
Dealt to Mahu2021 [Js Ts]
marissid: folds 
Uncalled bet (10) returned to Mahu2021
Mahu2021 collected 20 from pot
Mahu2021: doesn't show hand 
*** SUMMARY ***
Total pot 20 | Rake 0 
Seat 1: Mahu2021 (big blind) collected (20)
Seat 3: marissid (button) (small blind) folded before Flop



PokerStars Hand #244771861779: Tournament #3616038159, $0.92+$0.08 USD Hold'em No Limit - Level I (10/20) - 2023/07/12 17:52:46 CET [2023/07/12 11:52:46 ET]
Table '3616038159 1' 3-max Seat #1 is the button
Seat 1: Mahu2021 (1050 in chips) 
Seat 3: marissid (450 in chips) 
Mahu2021: posts small blind 10
marissid: posts big blind 20
*** HOLE CARDS ***
Dealt to Mahu2021 [9h 6c]
Mahu2021: calls 10
marissid: raises 20 to 40
Mahu2021: calls 20
*** FLOP *** [4c Kc 6d]
marissid: checks 
Mahu2021: checks 
*** TURN *** [4c Kc 6d] [7h]
marissid: bets 20
Mahu2021: calls 20
*** RIVER *** [4c Kc 6d 7h] [Jh]
marissid: checks 
Mahu2021: checks 
*** SHOW DOWN ***
marissid: shows [6h Td] (a pair of Sixes)
Mahu2021: mucks hand 
marissid collected 120 from pot
*** SUMMARY ***
Total pot 120 | Rake 0 
Board [4c Kc 6d 7h Jh]
Seat 1: Mahu2021 (button) (small blind) mucked [9h 6c]
Seat 3: marissid (big blind) showed [6h Td] and won (120) with a pair of Sixes



PokerStars Hand #244771869935: Tournament #3616038159, $0.92+$0.08 USD Hold'em No Limit - Level I (10/20) - 2023/07/12 17:53:18 CET [2023/07/12 11:53:18 ET]
Table '3616038159 1' 3-max Seat #3 is the button
Seat 1: Mahu2021 (990 in chips) 
Seat 3: marissid (510 in chips) 
marissid: posts small blind 10
Mahu2021: posts big blind 20
*** HOLE CARDS ***
Dealt to Mahu2021 [3s 3d]
marissid: folds 
Uncalled bet (10) returned to Mahu2021
Mahu2021 collected 20 from pot
Mahu2021: doesn't show hand 
*** SUMMARY ***
Total pot 20 | Rake 0 
Seat 1: Mahu2021 (big blind) collected (20)
Seat 3: marissid (button) (small blind) folded before Flop



PokerStars Hand #244771872407: Tournament #3616038159, $0.92+$0.08 USD Hold'em No Limit - Level I (10/20) - 2023/07/12 17:53:28 CET [2023/07/12 11:53:28 ET]
Table '3616038159 1' 3-max Seat #1 is the button
Seat 1: Mahu2021 (1000 in chips) 
Seat 3: marissid (500 in chips) 
Mahu2021: posts small blind 10
marissid: posts big blind 20
*** HOLE CARDS ***
Dealt to Mahu2021 [4c Ac]
Mahu2021: raises 20 to 40
marissid: folds 
Uncalled bet (20) returned to Mahu2021
Mahu2021 collected 40 from pot
Mahu2021: doesn't show hand 
*** SUMMARY ***
Total pot 40 | Rake 0 
Seat 1: Mahu2021 (button) (small blind) collected (40)
Seat 3: marissid (big blind) folded before Flop



PokerStars Hand #244771874804: Tournament #3616038159, $0.92+$0.08 USD Hold'em No Limit - Level I (10/20) - 2023/07/12 17:53:38 CET [2023/07/12 11:53:38 ET]
Table '3616038159 1' 3-max Seat #3 is the button
Seat 1: Mahu2021 (1020 in chips) 
Seat 3: marissid (480 in chips) 
marissid: posts small blind 10
Mahu2021: posts big blind 20
*** HOLE CARDS ***
Dealt to Mahu2021 [7d Tc]
marissid: folds 
Uncalled bet (10) returned to Mahu2021
Mahu2021 collected 20 from pot
Mahu2021: doesn't show hand 
*** SUMMARY ***
Total pot 20 | Rake 0 
Seat 1: Mahu2021 (big blind) collected (20)
Seat 3: marissid (button) (small blind) folded before Flop



PokerStars Hand #244771876837: Tournament #3616038159, $0.92+$0.08 USD Hold'em No Limit - Level I (10/20) - 2023/07/12 17:53:46 CET [2023/07/12 11:53:46 ET]
Table '3616038159 1' 3-max Seat #1 is the button
Seat 1: Mahu2021 (1030 in chips) 
Seat 3: marissid (470 in chips) 
Mahu2021: posts small blind 10
marissid: posts big blind 20
*** HOLE CARDS ***
Dealt to Mahu2021 [Ac Ts]
Mahu2021: raises 40 to 60
marissid: calls 40
*** FLOP *** [8d 9s Qd]
marissid: checks 
Mahu2021: bets 60
marissid: calls 60
*** TURN *** [8d 9s Qd] [5c]
marissid: checks 
Mahu2021: checks 
*** RIVER *** [8d 9s Qd 5c] [Qh]
marissid: checks 
Mahu2021: checks 
*** SHOW DOWN ***
marissid: shows [Kh 9h] (two pair, Queens and Nines)
Mahu2021: mucks hand 
marissid collected 240 from pot
*** SUMMARY ***
Total pot 240 | Rake 0 
Board [8d 9s Qd 5c Qh]
Seat 1: Mahu2021 (button) (small blind) mucked [Ac Ts]
Seat 3: marissid (big blind) showed [Kh 9h] and won (240) with two pair, Queens and Nines



PokerStars Hand #244771883656: Tournament #3616038159, $0.92+$0.08 USD Hold'em No Limit - Level I (10/20) - 2023/07/12 17:54:13 CET [2023/07/12 11:54:13 ET]
Table '3616038159 1' 3-max Seat #3 is the button
Seat 1: Mahu2021 (910 in chips) 
Seat 3: marissid (590 in chips) 
marissid: posts small blind 10
Mahu2021: posts big blind 20
*** HOLE CARDS ***
Dealt to Mahu2021 [Td Ah]
marissid: folds 
Uncalled bet (10) returned to Mahu2021
Mahu2021 collected 20 from pot
Mahu2021: doesn't show hand 
*** SUMMARY ***
Total pot 20 | Rake 0 
Seat 1: Mahu2021 (big blind) collected (20)
Seat 3: marissid (button) (small blind) folded before Flop



PokerStars Hand #244771885298: Tournament #3616038159, $0.92+$0.08 USD Hold'em No Limit - Level I (10/20) - 2023/07/12 17:54:19 CET [2023/07/12 11:54:19 ET]
Table '3616038159 1' 3-max Seat #1 is the button
Seat 1: Mahu2021 (920 in chips) 
Seat 3: marissid (580 in chips) 
Mahu2021: posts small blind 10
marissid: posts big blind 20
*** HOLE CARDS ***
Dealt to Mahu2021 [7h 6d]
Mahu2021: calls 10
marissid: raises 560 to 580 and is all-in
Mahu2021: folds 
Uncalled bet (560) returned to marissid
marissid collected 40 from pot
marissid: doesn't show hand 
*** SUMMARY ***
Total pot 40 | Rake 0 
Seat 1: Mahu2021 (button) (small blind) folded before Flop
Seat 3: marissid (big blind) collected (40)



PokerStars Hand #244771887544: Tournament #3616038159, $0.92+$0.08 USD Hold'em No Limit - Level I (10/20) - 2023/07/12 17:54:28 CET [2023/07/12 11:54:28 ET]
Table '3616038159 1' 3-max Seat #3 is the button
Seat 1: Mahu2021 (900 in chips) 
Seat 3: marissid (600 in chips) 
marissid: posts small blind 10
Mahu2021: posts big blind 20
*** HOLE CARDS ***
Dealt to Mahu2021 [9h Qd]
marissid: raises 580 to 600 and is all-in
Mahu2021: folds 
Uncalled bet (580) returned to marissid
marissid collected 40 from pot
marissid: doesn't show hand 
*** SUMMARY ***
Total pot 40 | Rake 0 
Seat 1: Mahu2021 (big blind) folded before Flop
Seat 3: marissid (button) (small blind) collected (40)



PokerStars Hand #244771890090: Tournament #3616038159, $0.92+$0.08 USD Hold'em No Limit - Level II (15/30) - 2023/07/12 17:54:39 CET [2023/07/12 11:54:39 ET]
Table '3616038159 1' 3-max Seat #1 is the button
Seat 1: Mahu2021 (880 in chips) 
Seat 3: marissid (620 in chips) 
Mahu2021: posts small blind 15
marissid: posts big blind 30
*** HOLE CARDS ***
Dealt to Mahu2021 [2c 9c]
Mahu2021: folds 
Uncalled bet (15) returned to marissid
marissid collected 30 from pot
marissid: doesn't show hand 
*** SUMMARY ***
Total pot 30 | Rake 0 
Seat 1: Mahu2021 (button) (small blind) folded before Flop
Seat 3: marissid (big blind) collected (30)



PokerStars Hand #244771891310: Tournament #3616038159, $0.92+$0.08 USD Hold'em No Limit - Level II (15/30) - 2023/07/12 17:54:44 CET [2023/07/12 11:54:44 ET]
Table '3616038159 1' 3-max Seat #3 is the button
Seat 1: Mahu2021 (865 in chips) 
Seat 3: marissid (635 in chips) 
marissid: posts small blind 15
Mahu2021: posts big blind 30
*** HOLE CARDS ***
Dealt to Mahu2021 [3d 9h]
marissid: calls 15
Mahu2021: checks 
*** FLOP *** [Ad Tc 5s]
Mahu2021: checks 
marissid: bets 30
Mahu2021: folds 
Uncalled bet (30) returned to marissid
marissid collected 60 from pot
marissid: doesn't show hand 
*** SUMMARY ***
Total pot 60 | Rake 0 
Board [Ad Tc 5s]
Seat 1: Mahu2021 (big blind) folded on the Flop
Seat 3: marissid (button) (small blind) collected (60)



PokerStars Hand #244771893929: Tournament #3616038159, $0.92+$0.08 USD Hold'em No Limit - Level II (15/30) - 2023/07/12 17:54:54 CET [2023/07/12 11:54:54 ET]
Table '3616038159 1' 3-max Seat #1 is the button
Seat 1: Mahu2021 (835 in chips) 
Seat 3: marissid (665 in chips) 
Mahu2021: posts small blind 15
marissid: posts big blind 30
*** HOLE CARDS ***
Dealt to Mahu2021 [8c Kh]
Mahu2021: calls 15
marissid: raises 30 to 60
Mahu2021: calls 30
*** FLOP *** [3c Td Kc]
marissid: checks 
Mahu2021: bets 60
marissid: calls 60
*** TURN *** [3c Td Kc] [As]
marissid: checks 
Mahu2021: checks 
*** RIVER *** [3c Td Kc As] [9h]
marissid: checks 
Mahu2021: checks 
*** SHOW DOWN ***
marissid: shows [Jh Ad] (a pair of Aces)
Mahu2021: mucks hand 
marissid collected 240 from pot
*** SUMMARY ***
Total pot 240 | Rake 0 
Board [3c Td Kc As 9h]
Seat 1: Mahu2021 (button) (small blind) mucked [8c Kh]
Seat 3: marissid (big blind) showed [Jh Ad] and won (240) with a pair of Aces



PokerStars Hand #244771898626: Tournament #3616038159, $0.92+$0.08 USD Hold'em No Limit - Level II (15/30) - 2023/07/12 17:55:15 CET [2023/07/12 11:55:15 ET]
Table '3616038159 1' 3-max Seat #3 is the button
Seat 1: Mahu2021 (715 in chips) 
Seat 3: marissid (785 in chips) 
marissid: posts small blind 15
Mahu2021: posts big blind 30
*** HOLE CARDS ***
Dealt to Mahu2021 [Jd 8d]
marissid: folds 
Uncalled bet (15) returned to Mahu2021
Mahu2021 collected 30 from pot
Mahu2021: doesn't show hand 
*** SUMMARY ***
Total pot 30 | Rake 0 
Seat 1: Mahu2021 (big blind) collected (30)
Seat 3: marissid (button) (small blind) folded before Flop



PokerStars Hand #244771899971: Tournament #3616038159, $0.92+$0.08 USD Hold'em No Limit - Level II (15/30) - 2023/07/12 17:55:21 CET [2023/07/12 11:55:21 ET]
Table '3616038159 1' 3-max Seat #1 is the button
Seat 1: Mahu2021 (730 in chips) 
Seat 3: marissid (770 in chips) 
Mahu2021: posts small blind 15
marissid: posts big blind 30
*** HOLE CARDS ***
Dealt to Mahu2021 [Qs Ad]
Mahu2021: raises 60 to 90
marissid: folds 
Uncalled bet (60) returned to Mahu2021
Mahu2021 collected 60 from pot
Mahu2021: doesn't show hand 
*** SUMMARY ***
Total pot 60 | Rake 0 
Seat 1: Mahu2021 (button) (small blind) collected (60)
Seat 3: marissid (big blind) folded before Flop



PokerStars Hand #244771901497: Tournament #3616038159, $0.92+$0.08 USD Hold'em No Limit - Level II (15/30) - 2023/07/12 17:55:29 CET [2023/07/12 11:55:29 ET]
Table '3616038159 1' 3-max Seat #3 is the button
Seat 1: Mahu2021 (760 in chips) 
Seat 3: marissid (740 in chips) 
marissid: posts small blind 15
Mahu2021: posts big blind 30
*** HOLE CARDS ***
Dealt to Mahu2021 [8h 6s]
marissid: raises 30 to 60
Mahu2021: calls 30
*** FLOP *** [Ac 8c 7s]
Mahu2021: bets 120
marissid: folds 
Uncalled bet (120) returned to Mahu2021
Mahu2021 collected 120 from pot
Mahu2021: doesn't show hand 
*** SUMMARY ***
Total pot 120 | Rake 0 
Board [Ac 8c 7s]
Seat 1: Mahu2021 (big blind) collected (120)
Seat 3: marissid (button) (small blind) folded on the Flop



PokerStars Hand #244771903476: Tournament #3616038159, $0.92+$0.08 USD Hold'em No Limit - Level II (15/30) - 2023/07/12 17:55:40 CET [2023/07/12 11:55:40 ET]
Table '3616038159 1' 3-max Seat #1 is the button
Seat 1: Mahu2021 (820 in chips) 
Seat 3: marissid (680 in chips) 
Mahu2021: posts small blind 15
marissid: posts big blind 30
*** HOLE CARDS ***
Dealt to Mahu2021 [2d 7s]
Mahu2021: folds 
Uncalled bet (15) returned to marissid
marissid collected 30 from pot
marissid: doesn't show hand 
*** SUMMARY ***
Total pot 30 | Rake 0 
Seat 1: Mahu2021 (button) (small blind) folded before Flop
Seat 3: marissid (big blind) collected (30)



PokerStars Hand #244771904309: Tournament #3616038159, $0.92+$0.08 USD Hold'em No Limit - Level II (15/30) - 2023/07/12 17:55:44 CET [2023/07/12 11:55:44 ET]
Table '3616038159 1' 3-max Seat #3 is the button
Seat 1: Mahu2021 (805 in chips) 
Seat 3: marissid (695 in chips) 
marissid: posts small blind 15
Mahu2021: posts big blind 30
*** HOLE CARDS ***
Dealt to Mahu2021 [Jd Ac]
marissid: folds 
Uncalled bet (15) returned to Mahu2021
Mahu2021 collected 30 from pot
Mahu2021: doesn't show hand 
*** SUMMARY ***
Total pot 30 | Rake 0 
Seat 1: Mahu2021 (big blind) collected (30)
Seat 3: marissid (button) (small blind) folded before Flop



PokerStars Hand #244771905234: Tournament #3616038159, $0.92+$0.08 USD Hold'em No Limit - Level II (15/30) - 2023/07/12 17:55:49 CET [2023/07/12 11:55:49 ET]
Table '3616038159 1' 3-max Seat #1 is the button
Seat 1: Mahu2021 (820 in chips) 
Seat 3: marissid (680 in chips) 
Mahu2021: posts small blind 15
marissid: posts big blind 30
*** HOLE CARDS ***
Dealt to Mahu2021 [7s Qh]
Mahu2021: calls 15
marissid: checks 
*** FLOP *** [9c 2d 8s]
marissid: checks 
Mahu2021: checks 
*** TURN *** [9c 2d 8s] [Ac]
marissid: bets 30
Mahu2021: folds 
Uncalled bet (30) returned to marissid
marissid collected 60 from pot
marissid: doesn't show hand 
*** SUMMARY ***
Total pot 60 | Rake 0 
Board [9c 2d 8s Ac]
Seat 1: Mahu2021 (button) (small blind) folded on the Turn
Seat 3: marissid (big blind) collected (60)



PokerStars Hand #244771907530: Tournament #3616038159, $0.92+$0.08 USD Hold'em No Limit - Level II (15/30) - 2023/07/12 17:56:01 CET [2023/07/12 11:56:01 ET]
Table '3616038159 1' 3-max Seat #3 is the button
Seat 1: Mahu2021 (790 in chips) 
Seat 3: marissid (710 in chips) 
marissid: posts small blind 15
Mahu2021: posts big blind 30
*** HOLE CARDS ***
Dealt to Mahu2021 [Kh 5s]
marissid: calls 15
Mahu2021: checks 
*** FLOP *** [7h Ad 4s]
Mahu2021: checks 
marissid: bets 30
Mahu2021: folds 
Uncalled bet (30) returned to marissid
marissid collected 60 from pot
marissid: doesn't show hand 
*** SUMMARY ***
Total pot 60 | Rake 0 
Board [7h Ad 4s]
Seat 1: Mahu2021 (big blind) folded on the Flop
Seat 3: marissid (button) (small blind) collected (60)



PokerStars Hand #244771909829: Tournament #3616038159, $0.92+$0.08 USD Hold'em No Limit - Level II (15/30) - 2023/07/12 17:56:14 CET [2023/07/12 11:56:14 ET]
Table '3616038159 1' 3-max Seat #1 is the button
Seat 1: Mahu2021 (760 in chips) 
Seat 3: marissid (740 in chips) 
Mahu2021: posts small blind 15
marissid: posts big blind 30
*** HOLE CARDS ***
Dealt to Mahu2021 [Ad 4h]
Mahu2021: calls 15
marissid: checks 
*** FLOP *** [Qs 8h 8c]
marissid: checks 
Mahu2021: bets 30
marissid: calls 30
*** TURN *** [Qs 8h 8c] [Qd]
marissid: bets 90
Mahu2021: raises 90 to 180
marissid: folds 
Uncalled bet (90) returned to Mahu2021
Mahu2021 collected 300 from pot
Mahu2021: doesn't show hand 
*** SUMMARY ***
Total pot 300 | Rake 0 
Board [Qs 8h 8c Qd]
Seat 1: Mahu2021 (button) (small blind) collected (300)
Seat 3: marissid (big blind) folded on the Turn



PokerStars Hand #244771914433: Tournament #3616038159, $0.92+$0.08 USD Hold'em No Limit - Level II (15/30) - 2023/07/12 17:56:37 CET [2023/07/12 11:56:37 ET]
Table '3616038159 1' 3-max Seat #3 is the button
Seat 1: Mahu2021 (910 in chips) 
Seat 3: marissid (590 in chips) 
marissid: posts small blind 15
Mahu2021: posts big blind 30
*** HOLE CARDS ***
Dealt to Mahu2021 [7h Kh]
marissid: folds 
Uncalled bet (15) returned to Mahu2021
Mahu2021 collected 30 from pot
Mahu2021: doesn't show hand 
*** SUMMARY ***
Total pot 30 | Rake 0 
Seat 1: Mahu2021 (big blind) collected (30)
Seat 3: marissid (button) (small blind) folded before Flop



PokerStars Hand #244771915216: Tournament #3616038159, $0.92+$0.08 USD Hold'em No Limit - Level II (15/30) - 2023/07/12 17:56:41 CET [2023/07/12 11:56:41 ET]
Table '3616038159 1' 3-max Seat #1 is the button
Seat 1: Mahu2021 (925 in chips) 
Seat 3: marissid (575 in chips) 
Mahu2021: posts small blind 15
marissid: posts big blind 30
*** HOLE CARDS ***
Dealt to Mahu2021 [Th 3c]
Mahu2021: folds 
Uncalled bet (15) returned to marissid
marissid collected 30 from pot
marissid: doesn't show hand 
*** SUMMARY ***
Total pot 30 | Rake 0 
Seat 1: Mahu2021 (button) (small blind) folded before Flop
Seat 3: marissid (big blind) collected (30)



PokerStars Hand #244771916096: Tournament #3616038159, $0.92+$0.08 USD Hold'em No Limit - Level II (15/30) - 2023/07/12 17:56:45 CET [2023/07/12 11:56:45 ET]
Table '3616038159 1' 3-max Seat #3 is the button
Seat 1: Mahu2021 (910 in chips) 
Seat 3: marissid (590 in chips) 
marissid: posts small blind 15
Mahu2021: posts big blind 30
*** HOLE CARDS ***
Dealt to Mahu2021 [Kd 5h]
marissid: calls 15
Mahu2021: checks 
*** FLOP *** [8h Ks 7s]
Mahu2021: checks 
marissid: checks 
*** TURN *** [8h Ks 7s] [2d]
Mahu2021: checks 
marissid: bets 30
Mahu2021: calls 30
*** RIVER *** [8h Ks 7s 2d] [Ts]
Mahu2021: checks 
marissid: bets 60
Mahu2021: calls 60
*** SHOW DOWN ***
marissid: shows [Qs 7d] (a pair of Sevens)
Mahu2021: shows [Kd 5h] (a pair of Kings)
Mahu2021 collected 240 from pot
*** SUMMARY ***
Total pot 240 | Rake 0 
Board [8h Ks 7s 2d Ts]
Seat 1: Mahu2021 (big blind) showed [Kd 5h] and won (240) with a pair of Kings
Seat 3: marissid (button) (small blind) showed [Qs 7d] and lost with a pair of Sevens



PokerStars Hand #244771921021: Tournament #3616038159, $0.92+$0.08 USD Hold'em No Limit - Level II (15/30) - 2023/07/12 17:57:11 CET [2023/07/12 11:57:11 ET]
Table '3616038159 1' 3-max Seat #1 is the button
Seat 1: Mahu2021 (1030 in chips) 
Seat 3: marissid (470 in chips) 
Mahu2021: posts small blind 15
marissid: posts big blind 30
*** HOLE CARDS ***
Dealt to Mahu2021 [8d 5c]
Mahu2021: folds 
Uncalled bet (15) returned to marissid
marissid collected 30 from pot
marissid: doesn't show hand 
*** SUMMARY ***
Total pot 30 | Rake 0 
Seat 1: Mahu2021 (button) (small blind) folded before Flop
Seat 3: marissid (big blind) collected (30)



PokerStars Hand #244771923176: Tournament #3616038159, $0.92+$0.08 USD Hold'em No Limit - Level II (15/30) - 2023/07/12 17:57:22 CET [2023/07/12 11:57:22 ET]
Table '3616038159 1' 3-max Seat #3 is the button
Seat 1: Mahu2021 (1015 in chips) 
Seat 3: marissid (485 in chips) 
marissid: posts small blind 15
Mahu2021: posts big blind 30
*** HOLE CARDS ***
Dealt to Mahu2021 [3s 4s]
marissid: raises 30 to 60
Mahu2021: calls 30
*** FLOP *** [Ks 7h 6c]
Mahu2021: checks 
marissid: checks 
*** TURN *** [Ks 7h 6c] [Qc]
Mahu2021: bets 30
marissid: calls 30
*** RIVER *** [Ks 7h 6c Qc] [Qd]
Mahu2021: checks 
marissid: bets 90
Mahu2021: folds 
Uncalled bet (90) returned to marissid
marissid collected 180 from pot
marissid: doesn't show hand 
*** SUMMARY ***
Total pot 180 | Rake 0 
Board [Ks 7h 6c Qc Qd]
Seat 1: Mahu2021 (big blind) folded on the River
Seat 3: marissid (button) (small blind) collected (180)



PokerStars Hand #244771927034: Tournament #3616038159, $0.92+$0.08 USD Hold'em No Limit - Level III (20/40) - 2023/07/12 17:57:42 CET [2023/07/12 11:57:42 ET]
Table '3616038159 1' 3-max Seat #1 is the button
Seat 1: Mahu2021 (925 in chips) 
Seat 3: marissid (575 in chips) 
Mahu2021: posts small blind 20
marissid: posts big blind 40
*** HOLE CARDS ***
Dealt to Mahu2021 [5c Jh]
Mahu2021: calls 20
marissid: checks 
*** FLOP *** [Ah 4c 8h]
marissid: checks 
Mahu2021: bets 40
marissid: folds 
Uncalled bet (40) returned to Mahu2021
Mahu2021 collected 80 from pot
Mahu2021: doesn't show hand 
*** SUMMARY ***
Total pot 80 | Rake 0 
Board [Ah 4c 8h]
Seat 1: Mahu2021 (button) (small blind) collected (80)
Seat 3: marissid (big blind) folded on the Flop



PokerStars Hand #244771929512: Tournament #3616038159, $0.92+$0.08 USD Hold'em No Limit - Level III (20/40) - 2023/07/12 17:57:55 CET [2023/07/12 11:57:55 ET]
Table '3616038159 1' 3-max Seat #3 is the button
Seat 1: Mahu2021 (965 in chips) 
Seat 3: marissid (535 in chips) 
marissid: posts small blind 20
Mahu2021: posts big blind 40
*** HOLE CARDS ***
Dealt to Mahu2021 [3s 6h]
marissid: calls 20
Mahu2021: checks 
*** FLOP *** [Kc Qs 2h]
Mahu2021: checks 
marissid: bets 40
Mahu2021: folds 
Uncalled bet (40) returned to marissid
marissid collected 80 from pot
marissid: doesn't show hand 
*** SUMMARY ***
Total pot 80 | Rake 0 
Board [Kc Qs 2h]
Seat 1: Mahu2021 (big blind) folded on the Flop
Seat 3: marissid (button) (small blind) collected (80)



PokerStars Hand #244771933637: Tournament #3616038159, $0.92+$0.08 USD Hold'em No Limit - Level III (20/40) - 2023/07/12 17:58:17 CET [2023/07/12 11:58:17 ET]
Table '3616038159 1' 3-max Seat #1 is the button
Seat 1: Mahu2021 (925 in chips) 
Seat 3: marissid (575 in chips) 
Mahu2021: posts small blind 20
marissid: posts big blind 40
*** HOLE CARDS ***
Dealt to Mahu2021 [6c Js]
Mahu2021: folds 
Uncalled bet (20) returned to marissid
marissid collected 40 from pot
marissid: doesn't show hand 
*** SUMMARY ***
Total pot 40 | Rake 0 
Seat 1: Mahu2021 (button) (small blind) folded before Flop
Seat 3: marissid (big blind) collected (40)



PokerStars Hand #244771936246: Tournament #3616038159, $0.92+$0.08 USD Hold'em No Limit - Level III (20/40) - 2023/07/12 17:58:30 CET [2023/07/12 11:58:30 ET]
Table '3616038159 1' 3-max Seat #3 is the button
Seat 1: Mahu2021 (905 in chips) 
Seat 3: marissid (595 in chips) 
marissid: posts small blind 20
Mahu2021: posts big blind 40
*** HOLE CARDS ***
Dealt to Mahu2021 [6h 2d]
marissid: raises 40 to 80
Mahu2021: folds 
Uncalled bet (40) returned to marissid
marissid collected 80 from pot
marissid: doesn't show hand 
*** SUMMARY ***
Total pot 80 | Rake 0 
Seat 1: Mahu2021 (big blind) folded before Flop
Seat 3: marissid (button) (small blind) collected (80)



PokerStars Hand #244771938075: Tournament #3616038159, $0.92+$0.08 USD Hold'em No Limit - Level III (20/40) - 2023/07/12 17:58:40 CET [2023/07/12 11:58:40 ET]
Table '3616038159 1' 3-max Seat #1 is the button
Seat 1: Mahu2021 (865 in chips) 
Seat 3: marissid (635 in chips) 
Mahu2021: posts small blind 20
marissid: posts big blind 40
*** HOLE CARDS ***
Dealt to Mahu2021 [As 6d]
Mahu2021: calls 20
marissid: checks 
*** FLOP *** [4h 9d Ad]
marissid: checks 
Mahu2021: checks 
*** TURN *** [4h 9d Ad] [Qd]
marissid: checks 
Mahu2021: checks 
*** RIVER *** [4h 9d Ad Qd] [8s]
marissid: checks 
Mahu2021: bets 40
marissid: folds 
Uncalled bet (40) returned to Mahu2021
Mahu2021 collected 80 from pot
Mahu2021: doesn't show hand 
*** SUMMARY ***
Total pot 80 | Rake 0 
Board [4h 9d Ad Qd 8s]
Seat 1: Mahu2021 (button) (small blind) collected (80)
Seat 3: marissid (big blind) folded on the River



PokerStars Hand #244771940958: Tournament #3616038159, $0.92+$0.08 USD Hold'em No Limit - Level III (20/40) - 2023/07/12 17:58:54 CET [2023/07/12 11:58:54 ET]
Table '3616038159 1' 3-max Seat #3 is the button
Seat 1: Mahu2021 (905 in chips) 
Seat 3: marissid (595 in chips) 
marissid: posts small blind 20
Mahu2021: posts big blind 40
*** HOLE CARDS ***
Dealt to Mahu2021 [2h 9c]
marissid: folds 
Uncalled bet (20) returned to Mahu2021
Mahu2021 collected 40 from pot
Mahu2021: doesn't show hand 
*** SUMMARY ***
Total pot 40 | Rake 0 
Seat 1: Mahu2021 (big blind) collected (40)
Seat 3: marissid (button) (small blind) folded before Flop



PokerStars Hand #244771941726: Tournament #3616038159, $0.92+$0.08 USD Hold'em No Limit - Level III (20/40) - 2023/07/12 17:58:59 CET [2023/07/12 11:58:59 ET]
Table '3616038159 1' 3-max Seat #1 is the button
Seat 1: Mahu2021 (925 in chips) 
Seat 3: marissid (575 in chips) 
Mahu2021: posts small blind 20
marissid: posts big blind 40
*** HOLE CARDS ***
Dealt to Mahu2021 [Qc 4h]
Mahu2021: calls 20
marissid: raises 40 to 80
Mahu2021: calls 40
*** FLOP *** [7c Ad Jd]
marissid: checks 
Mahu2021: checks 
*** TURN *** [7c Ad Jd] [Qh]
marissid: bets 80
Mahu2021: calls 80
*** RIVER *** [7c Ad Jd Qh] [3h]
marissid: bets 160
Mahu2021: calls 160
*** SHOW DOWN ***
marissid: shows [Ks Ts] (a straight, Ten to Ace)
Mahu2021: mucks hand 
marissid collected 640 from pot
*** SUMMARY ***
Total pot 640 | Rake 0 
Board [7c Ad Jd Qh 3h]
Seat 1: Mahu2021 (button) (small blind) mucked [Qc 4h]
Seat 3: marissid (big blind) showed [Ks Ts] and won (640) with a straight, Ten to Ace



PokerStars Hand #244771946753: Tournament #3616038159, $0.92+$0.08 USD Hold'em No Limit - Level III (20/40) - 2023/07/12 17:59:25 CET [2023/07/12 11:59:25 ET]
Table '3616038159 1' 3-max Seat #3 is the button
Seat 1: Mahu2021 (605 in chips) 
Seat 3: marissid (895 in chips) 
marissid: posts small blind 20
Mahu2021: posts big blind 40
*** HOLE CARDS ***
Dealt to Mahu2021 [7c 8h]
marissid: calls 20
Mahu2021: checks 
*** FLOP *** [6d Ac 4d]
Mahu2021: checks 
marissid: bets 40
Mahu2021: calls 40
*** TURN *** [6d Ac 4d] [2h]
Mahu2021: checks 
marissid: bets 80
Mahu2021: calls 80
*** RIVER *** [6d Ac 4d 2h] [2d]
Mahu2021: checks 
marissid: bets 160
Mahu2021: folds 
Uncalled bet (160) returned to marissid
marissid collected 320 from pot
marissid: doesn't show hand 
*** SUMMARY ***
Total pot 320 | Rake 0 
Board [6d Ac 4d 2h 2d]
Seat 1: Mahu2021 (big blind) folded on the River
Seat 3: marissid (button) (small blind) collected (320)



PokerStars Hand #244771950472: Tournament #3616038159, $0.92+$0.08 USD Hold'em No Limit - Level III (20/40) - 2023/07/12 17:59:44 CET [2023/07/12 11:59:44 ET]
Table '3616038159 1' 3-max Seat #1 is the button
Seat 1: Mahu2021 (445 in chips) 
Seat 3: marissid (1055 in chips) 
Mahu2021: posts small blind 20
marissid: posts big blind 40
*** HOLE CARDS ***
Dealt to Mahu2021 [6d Ts]
Mahu2021: folds 
Uncalled bet (20) returned to marissid
marissid collected 40 from pot
marissid: doesn't show hand 
*** SUMMARY ***
Total pot 40 | Rake 0 
Seat 1: Mahu2021 (button) (small blind) folded before Flop
Seat 3: marissid (big blind) collected (40)



PokerStars Hand #244771951278: Tournament #3616038159, $0.92+$0.08 USD Hold'em No Limit - Level III (20/40) - 2023/07/12 17:59:48 CET [2023/07/12 11:59:48 ET]
Table '3616038159 1' 3-max Seat #3 is the button
Seat 1: Mahu2021 (425 in chips) 
Seat 3: marissid (1075 in chips) 
marissid: posts small blind 20
Mahu2021: posts big blind 40
*** HOLE CARDS ***
Dealt to Mahu2021 [Jc 2h]
marissid: folds 
Uncalled bet (20) returned to Mahu2021
Mahu2021 collected 40 from pot
Mahu2021: doesn't show hand 
*** SUMMARY ***
Total pot 40 | Rake 0 
Seat 1: Mahu2021 (big blind) collected (40)
Seat 3: marissid (button) (small blind) folded before Flop



PokerStars Hand #244771952125: Tournament #3616038159, $0.92+$0.08 USD Hold'em No Limit - Level III (20/40) - 2023/07/12 17:59:53 CET [2023/07/12 11:59:53 ET]
Table '3616038159 1' 3-max Seat #1 is the button
Seat 1: Mahu2021 (445 in chips) 
Seat 3: marissid (1055 in chips) 
Mahu2021: posts small blind 20
marissid: posts big blind 40
*** HOLE CARDS ***
Dealt to Mahu2021 [2s 2d]
Mahu2021: raises 405 to 445 and is all-in
marissid: folds 
Uncalled bet (405) returned to Mahu2021
Mahu2021 collected 80 from pot
Mahu2021: doesn't show hand 
*** SUMMARY ***
Total pot 80 | Rake 0 
Seat 1: Mahu2021 (button) (small blind) collected (80)
Seat 3: marissid (big blind) folded before Flop



PokerStars Hand #244771953391: Tournament #3616038159, $0.92+$0.08 USD Hold'em No Limit - Level III (20/40) - 2023/07/12 17:59:59 CET [2023/07/12 11:59:59 ET]
Table '3616038159 1' 3-max Seat #3 is the button
Seat 1: Mahu2021 (485 in chips) 
Seat 3: marissid (1015 in chips) 
marissid: posts small blind 20
Mahu2021: posts big blind 40
*** HOLE CARDS ***
Dealt to Mahu2021 [6c 4c]
marissid: folds 
Uncalled bet (20) returned to Mahu2021
Mahu2021 collected 40 from pot
Mahu2021: doesn't show hand 
*** SUMMARY ***
Total pot 40 | Rake 0 
Seat 1: Mahu2021 (big blind) collected (40)
Seat 3: marissid (button) (small blind) folded before Flop



PokerStars Hand #244771954146: Tournament #3616038159, $0.92+$0.08 USD Hold'em No Limit - Level III (20/40) - 2023/07/12 18:00:03 CET [2023/07/12 12:00:03 ET]
Table '3616038159 1' 3-max Seat #1 is the button
Seat 1: Mahu2021 (505 in chips) 
Seat 3: marissid (995 in chips) 
Mahu2021: posts small blind 20
marissid: posts big blind 40
*** HOLE CARDS ***
Dealt to Mahu2021 [2c 7c]
Mahu2021: folds 
Uncalled bet (20) returned to marissid
marissid collected 40 from pot
marissid: doesn't show hand 
*** SUMMARY ***
Total pot 40 | Rake 0 
Seat 1: Mahu2021 (button) (small blind) folded before Flop
Seat 3: marissid (big blind) collected (40)



PokerStars Hand #244771955051: Tournament #3616038159, $0.92+$0.08 USD Hold'em No Limit - Level III (20/40) - 2023/07/12 18:00:08 CET [2023/07/12 12:00:08 ET]
Table '3616038159 1' 3-max Seat #3 is the button
Seat 1: Mahu2021 (485 in chips) 
Seat 3: marissid (1015 in chips) 
marissid: posts small blind 20
Mahu2021: posts big blind 40
*** HOLE CARDS ***
Dealt to Mahu2021 [9s 4d]
marissid: raises 40 to 80
Mahu2021: folds 
Uncalled bet (40) returned to marissid
marissid collected 80 from pot
marissid: doesn't show hand 
*** SUMMARY ***
Total pot 80 | Rake 0 
Seat 1: Mahu2021 (big blind) folded before Flop
Seat 3: marissid (button) (small blind) collected (80)



PokerStars Hand #244771956096: Tournament #3616038159, $0.92+$0.08 USD Hold'em No Limit - Level III (20/40) - 2023/07/12 18:00:13 CET [2023/07/12 12:00:13 ET]
Table '3616038159 1' 3-max Seat #1 is the button
Seat 1: Mahu2021 (445 in chips) 
Seat 3: marissid (1055 in chips) 
Mahu2021: posts small blind 20
marissid: posts big blind 40
*** HOLE CARDS ***
Dealt to Mahu2021 [8c Kd]
Mahu2021: calls 20
marissid: checks 
*** FLOP *** [7s Qc 8s]
marissid: checks 
Mahu2021: bets 80
marissid: folds 
Uncalled bet (80) returned to Mahu2021
Mahu2021 collected 80 from pot
Mahu2021: doesn't show hand 
*** SUMMARY ***
Total pot 80 | Rake 0 
Board [7s Qc 8s]
Seat 1: Mahu2021 (button) (small blind) collected (80)
Seat 3: marissid (big blind) folded on the Flop



PokerStars Hand #244771958131: Tournament #3616038159, $0.92+$0.08 USD Hold'em No Limit - Level III (20/40) - 2023/07/12 18:00:23 CET [2023/07/12 12:00:23 ET]
Table '3616038159 1' 3-max Seat #3 is the button
Seat 1: Mahu2021 (485 in chips) 
Seat 3: marissid (1015 in chips) 
marissid: posts small blind 20
Mahu2021: posts big blind 40
*** HOLE CARDS ***
Dealt to Mahu2021 [2d 3d]
marissid: calls 20
Mahu2021: checks 
*** FLOP *** [7d Jh 6c]
Mahu2021: checks 
marissid: checks 
*** TURN *** [7d Jh 6c] [4s]
Mahu2021: checks 
marissid: bets 40
Mahu2021: folds 
Uncalled bet (40) returned to marissid
marissid collected 80 from pot
marissid: doesn't show hand 
*** SUMMARY ***
Total pot 80 | Rake 0 
Board [7d Jh 6c 4s]
Seat 1: Mahu2021 (big blind) folded on the Turn
Seat 3: marissid (button) (small blind) collected (80)



PokerStars Hand #244771961714: Tournament #3616038159, $0.92+$0.08 USD Hold'em No Limit - Level IV (30/60) - 2023/07/12 18:00:40 CET [2023/07/12 12:00:40 ET]
Table '3616038159 1' 3-max Seat #1 is the button
Seat 1: Mahu2021 (445 in chips) 
Seat 3: marissid (1055 in chips) 
Mahu2021: posts small blind 30
marissid: posts big blind 60
*** HOLE CARDS ***
Dealt to Mahu2021 [8c Qd]
Mahu2021: calls 30
marissid: raises 60 to 120
Mahu2021: calls 60
*** FLOP *** [2d As 6s]
marissid: checks 
Mahu2021: bets 325 and is all-in
marissid: folds 
Uncalled bet (325) returned to Mahu2021
Mahu2021 collected 240 from pot
Mahu2021: doesn't show hand 
*** SUMMARY ***
Total pot 240 | Rake 0 
Board [2d As 6s]
Seat 1: Mahu2021 (button) (small blind) collected (240)
Seat 3: marissid (big blind) folded on the Flop



PokerStars Hand #244771964293: Tournament #3616038159, $0.92+$0.08 USD Hold'em No Limit - Level IV (30/60) - 2023/07/12 18:00:52 CET [2023/07/12 12:00:52 ET]
Table '3616038159 1' 3-max Seat #3 is the button
Seat 1: Mahu2021 (565 in chips) 
Seat 3: marissid (935 in chips) 
marissid: posts small blind 30
Mahu2021: posts big blind 60
*** HOLE CARDS ***
Dealt to Mahu2021 [Qc Qs]
marissid: folds 
Uncalled bet (30) returned to Mahu2021
Mahu2021 collected 60 from pot
Mahu2021: doesn't show hand 
*** SUMMARY ***
Total pot 60 | Rake 0 
Seat 1: Mahu2021 (big blind) collected (60)
Seat 3: marissid (button) (small blind) folded before Flop



PokerStars Hand #244771965124: Tournament #3616038159, $0.92+$0.08 USD Hold'em No Limit - Level IV (30/60) - 2023/07/12 18:00:56 CET [2023/07/12 12:00:56 ET]
Table '3616038159 1' 3-max Seat #1 is the button
Seat 1: Mahu2021 (595 in chips) 
Seat 3: marissid (905 in chips) 
Mahu2021: posts small blind 30
marissid: posts big blind 60
*** HOLE CARDS ***
Dealt to Mahu2021 [5s 4c]
Mahu2021: calls 30
marissid: checks 
*** FLOP *** [8c 6d 4h]
marissid: checks 
Mahu2021: bets 60
marissid: calls 60
*** TURN *** [8c 6d 4h] [8h]
marissid: checks 
Mahu2021: bets 60
marissid: raises 60 to 120
Mahu2021: raises 355 to 475 and is all-in
marissid: calls 355
*** RIVER *** [8c 6d 4h 8h] [3c]
*** SHOW DOWN ***
marissid: shows [9c 8s] (three of a kind, Eights)
Mahu2021: shows [5s 4c] (two pair, Eights and Fours)
marissid collected 1190 from pot
Mahu2021 finished the tournament in 2nd place
marissid wins the tournament and receives $3.00 - congratulations!
*** SUMMARY ***
Total pot 1190 | Rake 0 
Board [8c 6d 4h 8h 3c]
Seat 1: Mahu2021 (button) (small blind) showed [5s 4c] and lost with two pair, Eights and Fours
Seat 3: marissid (big blind) showed [9c 8s] and won (1190) with three of a kind, Eights



