PokerStars Hand #254411538337: Tournament #3848343908, $4.60+$0.40 USD Hold'em No Limit - Level I (10/20) - 2025/01/17 9:40:01 CET [2025/01/17 3:40:01 ET]
Table '3848343908 1' 3-max Seat #1 is the button
Seat 1: cedriccanada (500 in chips) 
Seat 2: Gu$$father (500 in chips) 
Seat 3: Mahu2021 (500 in chips) 
Gu$$father: posts small blind 10
Mahu2021: posts big blind 20
*** HOLE CARDS ***
Dealt to Mahu2021 [3c Td]
cedriccanada: folds 
Gu$$father: raises 20 to 40
Mahu2021: folds 
Uncalled bet (20) returned to Gu$$father
Gu$$father collected 40 from pot
*** SUMMARY ***
Total pot 40 | Rake 0 
Seat 1: cedriccanada (button) folded before Flop (didn't bet)
Seat 2: Gu$$father (small blind) collected (40)
Seat 3: Mahu2021 (big blind) folded before Flop



PokerStars Hand #254411539212: Tournament #3848343908, $4.60+$0.40 USD Hold'em No Limit - Level I (10/20) - 2025/01/17 9:40:12 CET [2025/01/17 3:40:12 ET]
Table '3848343908 1' 3-max Seat #2 is the button
Seat 1: cedriccanada (500 in chips) 
Seat 2: Gu$$father (520 in chips) 
Seat 3: Mahu2021 (480 in chips) 
Mahu2021: posts small blind 10
cedriccanada: posts big blind 20
*** HOLE CARDS ***
Dealt to Mahu2021 [Ts Qs]
Gu$$father: folds 
Mahu2021: raises 40 to 60
cedriccanada: folds 
Uncalled bet (40) returned to Mahu2021
Mahu2021 collected 40 from pot
Mahu2021: doesn't show hand 
*** SUMMARY ***
Total pot 40 | Rake 0 
Seat 1: cedriccanada (big blind) folded before Flop
Seat 2: Gu$$father (button) folded before Flop (didn't bet)
Seat 3: Mahu2021 (small blind) collected (40)



PokerStars Hand #254411539911: Tournament #3848343908, $4.60+$0.40 USD Hold'em No Limit - Level I (10/20) - 2025/01/17 9:40:20 CET [2025/01/17 3:40:20 ET]
Table '3848343908 1' 3-max Seat #3 is the button
Seat 1: cedriccanada (480 in chips) 
Seat 2: Gu$$father (520 in chips) 
Seat 3: Mahu2021 (500 in chips) 
cedriccanada: posts small blind 10
Gu$$father: posts big blind 20
*** HOLE CARDS ***
Dealt to Mahu2021 [6s 4c]
Mahu2021: folds 
cedriccanada: raises 20 to 40
Gu$$father: calls 20
*** FLOP *** [5h 2h 3c]
cedriccanada: bets 40
Gu$$father: folds 
Uncalled bet (40) returned to cedriccanada
cedriccanada collected 80 from pot
cedriccanada: doesn't show hand 
*** SUMMARY ***
Total pot 80 | Rake 0 
Board [5h 2h 3c]
Seat 1: cedriccanada (small blind) collected (80)
Seat 2: Gu$$father (big blind) folded on the Flop
Seat 3: Mahu2021 (button) folded before Flop (didn't bet)



PokerStars Hand #254411541444: Tournament #3848343908, $4.60+$0.40 USD Hold'em No Limit - Level I (10/20) - 2025/01/17 9:40:39 CET [2025/01/17 3:40:39 ET]
Table '3848343908 1' 3-max Seat #1 is the button
Seat 1: cedriccanada (520 in chips) 
Seat 2: Gu$$father (480 in chips) 
Seat 3: Mahu2021 (500 in chips) 
Gu$$father: posts small blind 10
Mahu2021: posts big blind 20
*** HOLE CARDS ***
Dealt to Mahu2021 [Kh Ah]
cedriccanada: folds 
Gu$$father: raises 20 to 40
Mahu2021: raises 100 to 140
Gu$$father: calls 100
*** FLOP *** [Js 9s Ks]
Gu$$father: checks 
Mahu2021: bets 360 and is all-in
Gu$$father: calls 340 and is all-in
Uncalled bet (20) returned to Mahu2021
*** TURN *** [Js 9s Ks] [3c]
*** RIVER *** [Js 9s Ks 3c] [4c]
*** SHOW DOWN ***
Gu$$father: shows [3s As] (a flush, Ace high)
Mahu2021: shows [Kh Ah] (a pair of Kings)
Gu$$father collected 960 from pot
*** SUMMARY ***
Total pot 960 | Rake 0 
Board [Js 9s Ks 3c 4c]
Seat 1: cedriccanada (button) folded before Flop (didn't bet)
Seat 2: Gu$$father (small blind) showed [3s As] and won (960) with a flush, Ace high
Seat 3: Mahu2021 (big blind) showed [Kh Ah] and lost with a pair of Kings



PokerStars Hand #254411543142: Tournament #3848343908, $4.60+$0.40 USD Hold'em No Limit - Level I (10/20) - 2025/01/17 9:40:59 CET [2025/01/17 3:40:59 ET]
Table '3848343908 1' 3-max Seat #2 is the button
Seat 1: cedriccanada (520 in chips) 
Seat 2: Gu$$father (960 in chips) 
Seat 3: Mahu2021 (20 in chips) 
Mahu2021: posts small blind 10
cedriccanada: posts big blind 20
*** HOLE CARDS ***
Dealt to Mahu2021 [7c Td]
Gu$$father: raises 20 to 40
Mahu2021: calls 10 and is all-in
cedriccanada: folds 
Uncalled bet (20) returned to Gu$$father
*** FLOP *** [Ah 9s 6s]
*** TURN *** [Ah 9s 6s] [Th]
*** RIVER *** [Ah 9s 6s Th] [Jh]
*** SHOW DOWN ***
Mahu2021: shows [7c Td] (a pair of Tens)
Gu$$father: shows [Kh 7h] (a flush, Ace high)
Gu$$father collected 60 from pot
Mahu2021 finished the tournament in 3rd place
*** SUMMARY ***
Total pot 60 | Rake 0 
Board [Ah 9s 6s Th Jh]
Seat 1: cedriccanada (big blind) folded before Flop
Seat 2: Gu$$father (button) showed [Kh 7h] and won (60) with a flush, Ace high
Seat 3: Mahu2021 (small blind) showed [7c Td] and lost with a pair of Tens



