PokerStars Hand #247693844482: Tournament #3687280400, $1.84+$0.16 USD Hold'em No Limit - Level I (10/20) - 2023/12/16 17:49:10 CET [2023/12/16 11:49:10 ET]
Table '3687280400 1' 3-max Seat #1 is the button
Seat 1: Mahu2021 (500 in chips) 
Seat 2: maju1406 (500 in chips) 
Seat 3: Lgpegpa (500 in chips) 
maju1406: posts small blind 10
Lgpegpa: posts big blind 20
*** HOLE CARDS ***
Dealt to Mahu2021 [8s Kd]
Mahu2021: folds 
maju1406: calls 10
Lgpegpa: checks 
*** FLOP *** [4d 4c As]
maju1406: checks 
Lgpegpa: checks 
*** TURN *** [4d 4c As] [2c]
maju1406: checks 
Lgpegpa: bets 20
maju1406: calls 20
*** RIVER *** [4d 4c As 2c] [9s]
maju1406: checks 
Lgpegpa: bets 20
maju1406: folds 
Uncalled bet (20) returned to Lgpegpa
Lgpegpa collected 80 from pot
*** SUMMARY ***
Total pot 80 | Rake 0 
Board [4d 4c As 2c 9s]
Seat 1: Mahu2021 (button) folded before Flop (didn't bet)
Seat 2: maju1406 (small blind) folded on the River
Seat 3: Lgpegpa (big blind) collected (80)



PokerStars Hand #247693854404: Tournament #3687280400, $1.84+$0.16 USD Hold'em No Limit - Level I (10/20) - 2023/12/16 17:49:46 CET [2023/12/16 11:49:46 ET]
Table '3687280400 1' 3-max Seat #2 is the button
Seat 1: Mahu2021 (500 in chips) 
Seat 2: maju1406 (460 in chips) 
Seat 3: Lgpegpa (540 in chips) 
Lgpegpa: posts small blind 10
Mahu2021: posts big blind 20
*** HOLE CARDS ***
Dealt to Mahu2021 [5c Kc]
maju1406: folds 
Lgpegpa: raises 20 to 40
Mahu2021: calls 20
*** FLOP *** [4h 5s 9h]
Lgpegpa: bets 40
Mahu2021: calls 40
*** TURN *** [4h 5s 9h] [4s]
Lgpegpa: bets 20
Mahu2021: calls 20
*** RIVER *** [4h 5s 9h 4s] [2s]
Lgpegpa: checks 
Mahu2021: checks 
*** SHOW DOWN ***
Lgpegpa: shows [7h Kh] (a pair of Fours)
Mahu2021: shows [5c Kc] (two pair, Fives and Fours)
Mahu2021 collected 200 from pot
*** SUMMARY ***
Total pot 200 | Rake 0 
Board [4h 5s 9h 4s 2s]
Seat 1: Mahu2021 (big blind) showed [5c Kc] and won (200) with two pair, Fives and Fours
Seat 2: maju1406 (button) folded before Flop (didn't bet)
Seat 3: Lgpegpa (small blind) showed [7h Kh] and lost with a pair of Fours



PokerStars Hand #247693860281: Tournament #3687280400, $1.84+$0.16 USD Hold'em No Limit - Level I (10/20) - 2023/12/16 17:50:07 CET [2023/12/16 11:50:07 ET]
Table '3687280400 1' 3-max Seat #3 is the button
Seat 1: Mahu2021 (600 in chips) 
Seat 2: maju1406 (460 in chips) 
Seat 3: Lgpegpa (440 in chips) 
Mahu2021: posts small blind 10
maju1406: posts big blind 20
*** HOLE CARDS ***
Dealt to Mahu2021 [6h 7c]
Lgpegpa: raises 40 to 60
Mahu2021: folds 
maju1406: raises 400 to 460 and is all-in
Lgpegpa: calls 380 and is all-in
Uncalled bet (20) returned to maju1406
*** FLOP *** [Ah 7d 5s]
*** TURN *** [Ah 7d 5s] [6d]
*** RIVER *** [Ah 7d 5s 6d] [As]
*** SHOW DOWN ***
maju1406: shows [Ac Js] (three of a kind, Aces)
Lgpegpa: shows [Ks Qh] (a pair of Aces)
maju1406 collected 890 from pot
Lgpegpa finished the tournament in 3rd place
*** SUMMARY ***
Total pot 890 | Rake 0 
Board [Ah 7d 5s 6d As]
Seat 1: Mahu2021 (small blind) folded before Flop
Seat 2: maju1406 (big blind) showed [Ac Js] and won (890) with three of a kind, Aces
Seat 3: Lgpegpa (button) showed [Ks Qh] and lost with a pair of Aces



PokerStars Hand #247693865784: Tournament #3687280400, $1.84+$0.16 USD Hold'em No Limit - Level I (10/20) - 2023/12/16 17:50:27 CET [2023/12/16 11:50:27 ET]
Table '3687280400 1' 3-max Seat #2 is the button
Seat 1: Mahu2021 (590 in chips) 
Seat 2: maju1406 (910 in chips) 
maju1406: posts small blind 10
Mahu2021: posts big blind 20
*** HOLE CARDS ***
Dealt to Mahu2021 [7s 7c]
maju1406: calls 10
Mahu2021: checks 
*** FLOP *** [Th Qs 5s]
Mahu2021: checks 
maju1406: bets 20
Mahu2021: calls 20
*** TURN *** [Th Qs 5s] [Ks]
Mahu2021: checks 
maju1406: checks 
*** RIVER *** [Th Qs 5s Ks] [7h]
Mahu2021: bets 80
maju1406: folds 
Uncalled bet (80) returned to Mahu2021
Mahu2021 collected 80 from pot
Mahu2021: doesn't show hand 
*** SUMMARY ***
Total pot 80 | Rake 0 
Board [Th Qs 5s Ks 7h]
Seat 1: Mahu2021 (big blind) collected (80)
Seat 2: maju1406 (button) (small blind) folded on the River



PokerStars Hand #247693871912: Tournament #3687280400, $1.84+$0.16 USD Hold'em No Limit - Level I (10/20) - 2023/12/16 17:50:49 CET [2023/12/16 11:50:49 ET]
Table '3687280400 1' 3-max Seat #1 is the button
Seat 1: Mahu2021 (630 in chips) 
Seat 2: maju1406 (870 in chips) 
Mahu2021: posts small blind 10
maju1406: posts big blind 20
*** HOLE CARDS ***
Dealt to Mahu2021 [As 4d]
Mahu2021: calls 10
maju1406: checks 
*** FLOP *** [Ah 3d 8c]
maju1406: checks 
Mahu2021: checks 
*** TURN *** [Ah 3d 8c] [6s]
maju1406: bets 28
Mahu2021: calls 28
*** RIVER *** [Ah 3d 8c 6s] [2d]
maju1406: bets 68
Mahu2021: calls 68
*** SHOW DOWN ***
maju1406: shows [8d Th] (a pair of Eights)
Mahu2021: shows [As 4d] (a pair of Aces)
Mahu2021 collected 232 from pot
*** SUMMARY ***
Total pot 232 | Rake 0 
Board [Ah 3d 8c 6s 2d]
Seat 1: Mahu2021 (button) (small blind) showed [As 4d] and won (232) with a pair of Aces
Seat 2: maju1406 (big blind) showed [8d Th] and lost with a pair of Eights



PokerStars Hand #247693877515: Tournament #3687280400, $1.84+$0.16 USD Hold'em No Limit - Level I (10/20) - 2023/12/16 17:51:10 CET [2023/12/16 11:51:10 ET]
Table '3687280400 1' 3-max Seat #2 is the button
Seat 1: Mahu2021 (746 in chips) 
Seat 2: maju1406 (754 in chips) 
maju1406: posts small blind 10
Mahu2021: posts big blind 20
*** HOLE CARDS ***
Dealt to Mahu2021 [4c Js]
maju1406: calls 10
Mahu2021: checks 
*** FLOP *** [5c 3h Tc]
Mahu2021: checks 
maju1406: bets 20
Mahu2021: folds 
Uncalled bet (20) returned to maju1406
maju1406 collected 40 from pot
maju1406: doesn't show hand 
*** SUMMARY ***
Total pot 40 | Rake 0 
Board [5c 3h Tc]
Seat 1: Mahu2021 (big blind) folded on the Flop
Seat 2: maju1406 (button) (small blind) collected (40)



PokerStars Hand #247693881525: Tournament #3687280400, $1.84+$0.16 USD Hold'em No Limit - Level I (10/20) - 2023/12/16 17:51:25 CET [2023/12/16 11:51:25 ET]
Table '3687280400 1' 3-max Seat #1 is the button
Seat 1: Mahu2021 (726 in chips) 
Seat 2: maju1406 (774 in chips) 
Mahu2021: posts small blind 10
maju1406: posts big blind 20
*** HOLE CARDS ***
Dealt to Mahu2021 [8s 2c]
Mahu2021: folds 
Uncalled bet (10) returned to maju1406
maju1406 collected 20 from pot
maju1406: doesn't show hand 
*** SUMMARY ***
Total pot 20 | Rake 0 
Seat 1: Mahu2021 (button) (small blind) folded before Flop
Seat 2: maju1406 (big blind) collected (20)



PokerStars Hand #247693882762: Tournament #3687280400, $1.84+$0.16 USD Hold'em No Limit - Level I (10/20) - 2023/12/16 17:51:29 CET [2023/12/16 11:51:29 ET]
Table '3687280400 1' 3-max Seat #2 is the button
Seat 1: Mahu2021 (716 in chips) 
Seat 2: maju1406 (784 in chips) 
maju1406: posts small blind 10
Mahu2021: posts big blind 20
*** HOLE CARDS ***
Dealt to Mahu2021 [5s 5c]
maju1406: raises 20 to 40
Mahu2021: calls 20
*** FLOP *** [Td 5h 8h]
Mahu2021: checks 
maju1406: bets 24
Mahu2021: calls 24
*** TURN *** [Td 5h 8h] [3s]
Mahu2021: checks 
maju1406: checks 
*** RIVER *** [Td 5h 8h 3s] [Th]
Mahu2021: checks 
maju1406: checks 
*** SHOW DOWN ***
Mahu2021: shows [5s 5c] (a full house, Fives full of Tens)
maju1406: mucks hand 
Mahu2021 collected 128 from pot
*** SUMMARY ***
Total pot 128 | Rake 0 
Board [Td 5h 8h 3s Th]
Seat 1: Mahu2021 (big blind) showed [5s 5c] and won (128) with a full house, Fives full of Tens
Seat 2: maju1406 (button) (small blind) mucked [Ad 9d]



PokerStars Hand #247693887823: Tournament #3687280400, $1.84+$0.16 USD Hold'em No Limit - Level I (10/20) - 2023/12/16 17:51:47 CET [2023/12/16 11:51:47 ET]
Table '3687280400 1' 3-max Seat #1 is the button
Seat 1: Mahu2021 (780 in chips) 
Seat 2: maju1406 (720 in chips) 
Mahu2021: posts small blind 10
maju1406: posts big blind 20
*** HOLE CARDS ***
Dealt to Mahu2021 [2s Qh]
Mahu2021: calls 10
maju1406: checks 
*** FLOP *** [Jc 3h 6d]
maju1406: checks 
Mahu2021: checks 
*** TURN *** [Jc 3h 6d] [5d]
maju1406: checks 
Mahu2021: bets 20
maju1406: folds 
Uncalled bet (20) returned to Mahu2021
Mahu2021 collected 40 from pot
Mahu2021: doesn't show hand 
*** SUMMARY ***
Total pot 40 | Rake 0 
Board [Jc 3h 6d 5d]
Seat 1: Mahu2021 (button) (small blind) collected (40)
Seat 2: maju1406 (big blind) folded on the Turn



PokerStars Hand #247693894372: Tournament #3687280400, $1.84+$0.16 USD Hold'em No Limit - Level I (10/20) - 2023/12/16 17:52:11 CET [2023/12/16 11:52:11 ET]
Table '3687280400 1' 3-max Seat #2 is the button
Seat 1: Mahu2021 (800 in chips) 
Seat 2: maju1406 (700 in chips) 
maju1406: posts small blind 10
Mahu2021: posts big blind 20
*** HOLE CARDS ***
Dealt to Mahu2021 [Qd 4c]
maju1406: calls 10
Mahu2021: checks 
*** FLOP *** [4d 6h Jc]
Mahu2021: bets 20
maju1406: raises 40 to 60
Mahu2021: folds 
Uncalled bet (40) returned to maju1406
maju1406 collected 80 from pot
maju1406: doesn't show hand 
*** SUMMARY ***
Total pot 80 | Rake 0 
Board [4d 6h Jc]
Seat 1: Mahu2021 (big blind) folded on the Flop
Seat 2: maju1406 (button) (small blind) collected (80)



PokerStars Hand #247693904813: Tournament #3687280400, $1.84+$0.16 USD Hold'em No Limit - Level II (15/30) - 2023/12/16 17:52:48 CET [2023/12/16 11:52:48 ET]
Table '3687280400 1' 3-max Seat #1 is the button
Seat 1: Mahu2021 (760 in chips) 
Seat 2: maju1406 (740 in chips) 
Mahu2021: posts small blind 15
maju1406: posts big blind 30
*** HOLE CARDS ***
Dealt to Mahu2021 [Kh Js]
Mahu2021: raises 60 to 90
maju1406: calls 60
*** FLOP *** [8c 8s 7d]
maju1406: checks 
Mahu2021: checks 
*** TURN *** [8c 8s 7d] [Jd]
maju1406: checks 
Mahu2021: bets 180
maju1406: folds 
Uncalled bet (180) returned to Mahu2021
Mahu2021 collected 180 from pot
Mahu2021: doesn't show hand 
*** SUMMARY ***
Total pot 180 | Rake 0 
Board [8c 8s 7d Jd]
Seat 1: Mahu2021 (button) (small blind) collected (180)
Seat 2: maju1406 (big blind) folded on the Turn



PokerStars Hand #247693911683: Tournament #3687280400, $1.84+$0.16 USD Hold'em No Limit - Level II (15/30) - 2023/12/16 17:53:13 CET [2023/12/16 11:53:13 ET]
Table '3687280400 1' 3-max Seat #2 is the button
Seat 1: Mahu2021 (850 in chips) 
Seat 2: maju1406 (650 in chips) 
maju1406: posts small blind 15
Mahu2021: posts big blind 30
*** HOLE CARDS ***
Dealt to Mahu2021 [9s 3h]
maju1406: raises 620 to 650 and is all-in
Mahu2021: folds 
Uncalled bet (620) returned to maju1406
maju1406 collected 60 from pot
maju1406: doesn't show hand 
*** SUMMARY ***
Total pot 60 | Rake 0 
Seat 1: Mahu2021 (big blind) folded before Flop
Seat 2: maju1406 (button) (small blind) collected (60)



PokerStars Hand #247693913771: Tournament #3687280400, $1.84+$0.16 USD Hold'em No Limit - Level II (15/30) - 2023/12/16 17:53:20 CET [2023/12/16 11:53:20 ET]
Table '3687280400 1' 3-max Seat #1 is the button
Seat 1: Mahu2021 (820 in chips) 
Seat 2: maju1406 (680 in chips) 
Mahu2021: posts small blind 15
maju1406: posts big blind 30
*** HOLE CARDS ***
Dealt to Mahu2021 [Ac 4s]
Mahu2021: calls 15
maju1406: checks 
*** FLOP *** [2c 5s 9h]
maju1406: checks 
Mahu2021: checks 
*** TURN *** [2c 5s 9h] [Ad]
maju1406: checks 
Mahu2021: bets 30
maju1406: folds 
Uncalled bet (30) returned to Mahu2021
Mahu2021 collected 60 from pot
Mahu2021: doesn't show hand 
*** SUMMARY ***
Total pot 60 | Rake 0 
Board [2c 5s 9h Ad]
Seat 1: Mahu2021 (button) (small blind) collected (60)
Seat 2: maju1406 (big blind) folded on the Turn



PokerStars Hand #247693923245: Tournament #3687280400, $1.84+$0.16 USD Hold'em No Limit - Level II (15/30) - 2023/12/16 17:53:54 CET [2023/12/16 11:53:54 ET]
Table '3687280400 1' 3-max Seat #2 is the button
Seat 1: Mahu2021 (850 in chips) 
Seat 2: maju1406 (650 in chips) 
maju1406: posts small blind 15
Mahu2021: posts big blind 30
*** HOLE CARDS ***
Dealt to Mahu2021 [Qd Qs]
maju1406: raises 30 to 60
Mahu2021: raises 790 to 850 and is all-in
maju1406: calls 590 and is all-in
Uncalled bet (200) returned to Mahu2021
*** FLOP *** [7h Qh Ad]
*** TURN *** [7h Qh Ad] [9h]
*** RIVER *** [7h Qh Ad 9h] [2s]
*** SHOW DOWN ***
Mahu2021: shows [Qd Qs] (three of a kind, Queens)
maju1406: shows [8d As] (a pair of Aces)
Mahu2021 collected 1300 from pot
maju1406 finished the tournament in 2nd place
Mahu2021 wins the tournament and receives $6.00 - congratulations!
*** SUMMARY ***
Total pot 1300 | Rake 0 
Board [7h Qh Ad 9h 2s]
Seat 1: Mahu2021 (big blind) showed [Qd Qs] and won (1300) with three of a kind, Queens
Seat 2: maju1406 (button) (small blind) showed [8d As] and lost with a pair of Aces



