PokerStars Hand #252441550040: Tournament #3800353465, $1.84+$0.16 USD Hold'em No Limit - Level I (10/20) - 2024/09/14 12:02:47 CET [2024/09/14 6:02:47 ET]
Table '3800353465 1' 3-max Seat #1 is the button
Seat 1: CuteMoon888888 (500 in chips) 
Seat 2: pokking876 (500 in chips) 
Seat 3: Mahu2021 (500 in chips) 
pokking876: posts small blind 10
Mahu2021: posts big blind 20
*** HOLE CARDS ***
Dealt to Mahu2021 [7h 3d]
CuteMoon888888: folds 
pokking876: calls 10
Mahu2021: checks 
*** FLOP *** [Ad 6s Kc]
pokking876: checks 
Mahu2021: checks 
*** TURN *** [Ad 6s Kc] [5h]
pokking876: checks 
Mahu2021: bets 20
pokking876: folds 
Uncalled bet (20) returned to Mahu2021
Mahu2021 collected 40 from pot
Mahu2021: doesn't show hand 
*** SUMMARY ***
Total pot 40 | Rake 0 
Board [Ad 6s Kc 5h]
Seat 1: CuteMoon888888 (button) folded before Flop (didn't bet)
Seat 2: pokking876 (small blind) folded on the Turn
Seat 3: Mahu2021 (big blind) collected (40)



PokerStars Hand #252441552080: Tournament #3800353465, $1.84+$0.16 USD Hold'em No Limit - Level I (10/20) - 2024/09/14 12:03:03 CET [2024/09/14 6:03:03 ET]
Table '3800353465 1' 3-max Seat #2 is the button
Seat 1: CuteMoon888888 (500 in chips) 
Seat 2: pokking876 (480 in chips) 
Seat 3: Mahu2021 (520 in chips) 
Mahu2021: posts small blind 10
CuteMoon888888: posts big blind 20
*** HOLE CARDS ***
Dealt to Mahu2021 [Kd 9c]
pokking876: folds 
Mahu2021: calls 10
CuteMoon888888: checks 
*** FLOP *** [4d 9d Jd]
Mahu2021: checks 
CuteMoon888888: checks 
*** TURN *** [4d 9d Jd] [5s]
Mahu2021: checks 
CuteMoon888888: checks 
*** RIVER *** [4d 9d Jd 5s] [Kc]
Mahu2021: bets 40
CuteMoon888888: calls 40
*** SHOW DOWN ***
Mahu2021: shows [Kd 9c] (two pair, Kings and Nines)
CuteMoon888888: mucks hand 
Mahu2021 collected 120 from pot
*** SUMMARY ***
Total pot 120 | Rake 0 
Board [4d 9d Jd 5s Kc]
Seat 1: CuteMoon888888 (big blind) mucked [9h 6d]
Seat 2: pokking876 (button) folded before Flop (didn't bet)
Seat 3: Mahu2021 (small blind) showed [Kd 9c] and won (120) with two pair, Kings and Nines



PokerStars Hand #252441554533: Tournament #3800353465, $1.84+$0.16 USD Hold'em No Limit - Level I (10/20) - 2024/09/14 12:03:23 CET [2024/09/14 6:03:23 ET]
Table '3800353465 1' 3-max Seat #3 is the button
Seat 1: CuteMoon888888 (440 in chips) 
Seat 2: pokking876 (480 in chips) 
Seat 3: Mahu2021 (580 in chips) 
CuteMoon888888: posts small blind 10
pokking876: posts big blind 20
*** HOLE CARDS ***
Dealt to Mahu2021 [2d 2c]
Mahu2021: raises 20 to 40
CuteMoon888888: calls 30
pokking876: calls 20
*** FLOP *** [Ad 7c Td]
CuteMoon888888: checks 
pokking876: checks 
Mahu2021: bets 40
CuteMoon888888: raises 40 to 80
pokking876: folds 
Mahu2021: folds 
Uncalled bet (40) returned to CuteMoon888888
CuteMoon888888 collected 200 from pot
CuteMoon888888: doesn't show hand 
*** SUMMARY ***
Total pot 200 | Rake 0 
Board [Ad 7c Td]
Seat 1: CuteMoon888888 (small blind) collected (200)
Seat 2: pokking876 (big blind) folded on the Flop
Seat 3: Mahu2021 (button) folded on the Flop



PokerStars Hand #252441557912: Tournament #3800353465, $1.84+$0.16 USD Hold'em No Limit - Level I (10/20) - 2024/09/14 12:03:50 CET [2024/09/14 6:03:50 ET]
Table '3800353465 1' 3-max Seat #1 is the button
Seat 1: CuteMoon888888 (560 in chips) 
Seat 2: pokking876 (440 in chips) 
Seat 3: Mahu2021 (500 in chips) 
pokking876: posts small blind 10
Mahu2021: posts big blind 20
*** HOLE CARDS ***
Dealt to Mahu2021 [2d 2s]
CuteMoon888888: raises 20 to 40
pokking876: folds 
Mahu2021: calls 20
*** FLOP *** [Js 5d 4c]
Mahu2021: checks 
CuteMoon888888: checks 
*** TURN *** [Js 5d 4c] [6s]
Mahu2021: checks 
CuteMoon888888: checks 
*** RIVER *** [Js 5d 4c 6s] [5c]
Mahu2021: bets 40
CuteMoon888888: calls 40
*** SHOW DOWN ***
Mahu2021: shows [2d 2s] (two pair, Fives and Deuces)
CuteMoon888888: shows [3c 3d] (two pair, Fives and Threes)
CuteMoon888888 collected 170 from pot
*** SUMMARY ***
Total pot 170 | Rake 0 
Board [Js 5d 4c 6s 5c]
Seat 1: CuteMoon888888 (button) showed [3c 3d] and won (170) with two pair, Fives and Threes
Seat 2: pokking876 (small blind) folded before Flop
Seat 3: Mahu2021 (big blind) showed [2d 2s] and lost with two pair, Fives and Deuces



PokerStars Hand #252441560120: Tournament #3800353465, $1.84+$0.16 USD Hold'em No Limit - Level I (10/20) - 2024/09/14 12:04:08 CET [2024/09/14 6:04:08 ET]
Table '3800353465 1' 3-max Seat #2 is the button
Seat 1: CuteMoon888888 (650 in chips) 
Seat 2: pokking876 (430 in chips) 
Seat 3: Mahu2021 (420 in chips) 
Mahu2021: posts small blind 10
CuteMoon888888: posts big blind 20
*** HOLE CARDS ***
Dealt to Mahu2021 [9c Ah]
pokking876: raises 20 to 40
Mahu2021: calls 30
CuteMoon888888: raises 40 to 80
pokking876: folds 
Mahu2021: folds 
Uncalled bet (40) returned to CuteMoon888888
CuteMoon888888 collected 120 from pot
CuteMoon888888: doesn't show hand 
*** SUMMARY ***
Total pot 120 | Rake 0 
Seat 1: CuteMoon888888 (big blind) collected (120)
Seat 2: pokking876 (button) folded before Flop
Seat 3: Mahu2021 (small blind) folded before Flop



PokerStars Hand #252441561848: Tournament #3800353465, $1.84+$0.16 USD Hold'em No Limit - Level I (10/20) - 2024/09/14 12:04:22 CET [2024/09/14 6:04:22 ET]
Table '3800353465 1' 3-max Seat #3 is the button
Seat 1: CuteMoon888888 (730 in chips) 
Seat 2: pokking876 (390 in chips) 
Seat 3: Mahu2021 (380 in chips) 
CuteMoon888888: posts small blind 10
pokking876: posts big blind 20
*** HOLE CARDS ***
Dealt to Mahu2021 [Qs Ks]
Mahu2021: raises 20 to 40
CuteMoon888888: folds 
pokking876: calls 20
*** FLOP *** [As 9h 3d]
pokking876: checks 
Mahu2021: bets 40
pokking876: folds 
Uncalled bet (40) returned to Mahu2021
Mahu2021 collected 90 from pot
Mahu2021: doesn't show hand 
*** SUMMARY ***
Total pot 90 | Rake 0 
Board [As 9h 3d]
Seat 1: CuteMoon888888 (small blind) folded before Flop
Seat 2: pokking876 (big blind) folded on the Flop
Seat 3: Mahu2021 (button) collected (90)



PokerStars Hand #252441564402: Tournament #3800353465, $1.84+$0.16 USD Hold'em No Limit - Level I (10/20) - 2024/09/14 12:04:43 CET [2024/09/14 6:04:43 ET]
Table '3800353465 1' 3-max Seat #1 is the button
Seat 1: CuteMoon888888 (720 in chips) 
Seat 2: pokking876 (350 in chips) 
Seat 3: Mahu2021 (430 in chips) 
pokking876: posts small blind 10
Mahu2021: posts big blind 20
*** HOLE CARDS ***
Dealt to Mahu2021 [3c 6s]
CuteMoon888888: calls 20
pokking876: raises 330 to 350 and is all-in
Mahu2021: folds 
CuteMoon888888: folds 
Uncalled bet (330) returned to pokking876
pokking876 collected 60 from pot
pokking876: doesn't show hand 
*** SUMMARY ***
Total pot 60 | Rake 0 
Seat 1: CuteMoon888888 (button) folded before Flop
Seat 2: pokking876 (small blind) collected (60)
Seat 3: Mahu2021 (big blind) folded before Flop



PokerStars Hand #252441565726: Tournament #3800353465, $1.84+$0.16 USD Hold'em No Limit - Level I (10/20) - 2024/09/14 12:04:54 CET [2024/09/14 6:04:54 ET]
Table '3800353465 1' 3-max Seat #2 is the button
Seat 1: CuteMoon888888 (700 in chips) 
Seat 2: pokking876 (390 in chips) 
Seat 3: Mahu2021 (410 in chips) 
Mahu2021: posts small blind 10
CuteMoon888888: posts big blind 20
*** HOLE CARDS ***
Dealt to Mahu2021 [6s Ts]
pokking876: folds 
Mahu2021: calls 10
CuteMoon888888: raises 100 to 120
Mahu2021: folds 
Uncalled bet (100) returned to CuteMoon888888
CuteMoon888888 collected 40 from pot
CuteMoon888888: doesn't show hand 
*** SUMMARY ***
Total pot 40 | Rake 0 
Seat 1: CuteMoon888888 (big blind) collected (40)
Seat 2: pokking876 (button) folded before Flop (didn't bet)
Seat 3: Mahu2021 (small blind) folded before Flop



PokerStars Hand #252441567293: Tournament #3800353465, $1.84+$0.16 USD Hold'em No Limit - Level I (10/20) - 2024/09/14 12:05:06 CET [2024/09/14 6:05:06 ET]
Table '3800353465 1' 3-max Seat #3 is the button
Seat 1: CuteMoon888888 (720 in chips) 
Seat 2: pokking876 (390 in chips) 
Seat 3: Mahu2021 (390 in chips) 
CuteMoon888888: posts small blind 10
pokking876: posts big blind 20
*** HOLE CARDS ***
Dealt to Mahu2021 [3s 3c]
Mahu2021: raises 20 to 40
CuteMoon888888: calls 30
pokking876: calls 20
*** FLOP *** [Ad 6c 2d]
CuteMoon888888: checks 
pokking876: checks 
Mahu2021: bets 120
CuteMoon888888: folds 
pokking876: folds 
Uncalled bet (120) returned to Mahu2021
Mahu2021 collected 120 from pot
Mahu2021: doesn't show hand 
*** SUMMARY ***
Total pot 120 | Rake 0 
Board [Ad 6c 2d]
Seat 1: CuteMoon888888 (small blind) folded on the Flop
Seat 2: pokking876 (big blind) folded on the Flop
Seat 3: Mahu2021 (button) collected (120)



PokerStars Hand #252441570027: Tournament #3800353465, $1.84+$0.16 USD Hold'em No Limit - Level I (10/20) - 2024/09/14 12:05:28 CET [2024/09/14 6:05:28 ET]
Table '3800353465 1' 3-max Seat #1 is the button
Seat 1: CuteMoon888888 (680 in chips) 
Seat 2: pokking876 (350 in chips) 
Seat 3: Mahu2021 (470 in chips) 
pokking876: posts small blind 10
Mahu2021: posts big blind 20
*** HOLE CARDS ***
Dealt to Mahu2021 [7h Jc]
CuteMoon888888: calls 20
pokking876: calls 10
Mahu2021: checks 
*** FLOP *** [2s 3s 7c]
pokking876: checks 
Mahu2021: bets 450 and is all-in
CuteMoon888888: folds 
pokking876: calls 330 and is all-in
Uncalled bet (120) returned to Mahu2021
*** TURN *** [2s 3s 7c] [9s]
*** RIVER *** [2s 3s 7c 9s] [Ts]
*** SHOW DOWN ***
pokking876: shows [Ah 7d] (a pair of Sevens)
Mahu2021: shows [7h Jc] (a pair of Sevens - lower kicker)
pokking876 collected 720 from pot
*** SUMMARY ***
Total pot 720 | Rake 0 
Board [2s 3s 7c 9s Ts]
Seat 1: CuteMoon888888 (button) folded on the Flop
Seat 2: pokking876 (small blind) showed [Ah 7d] and won (720) with a pair of Sevens
Seat 3: Mahu2021 (big blind) showed [7h Jc] and lost with a pair of Sevens



PokerStars Hand #252441573218: Tournament #3800353465, $1.84+$0.16 USD Hold'em No Limit - Level II (15/30) - 2024/09/14 12:05:53 CET [2024/09/14 6:05:53 ET]
Table '3800353465 1' 3-max Seat #2 is the button
Seat 1: CuteMoon888888 (660 in chips) 
Seat 2: pokking876 (720 in chips) 
Seat 3: Mahu2021 (120 in chips) 
Mahu2021: posts small blind 15
CuteMoon888888: posts big blind 30
*** HOLE CARDS ***
Dealt to Mahu2021 [3s 8c]
pokking876: folds 
Mahu2021: folds 
Uncalled bet (15) returned to CuteMoon888888
CuteMoon888888 collected 30 from pot
CuteMoon888888: doesn't show hand 
*** SUMMARY ***
Total pot 30 | Rake 0 
Seat 1: CuteMoon888888 (big blind) collected (30)
Seat 2: pokking876 (button) folded before Flop (didn't bet)
Seat 3: Mahu2021 (small blind) folded before Flop



PokerStars Hand #252441573914: Tournament #3800353465, $1.84+$0.16 USD Hold'em No Limit - Level II (15/30) - 2024/09/14 12:05:58 CET [2024/09/14 6:05:58 ET]
Table '3800353465 1' 3-max Seat #3 is the button
Seat 1: CuteMoon888888 (675 in chips) 
Seat 2: pokking876 (720 in chips) 
Seat 3: Mahu2021 (105 in chips) 
CuteMoon888888: posts small blind 15
pokking876: posts big blind 30
*** HOLE CARDS ***
Dealt to Mahu2021 [3c 3h]
Mahu2021: raises 75 to 105 and is all-in
CuteMoon888888: calls 90
pokking876: calls 75
*** FLOP *** [2h 4d 7s]
CuteMoon888888: checks 
pokking876: checks 
*** TURN *** [2h 4d 7s] [2c]
CuteMoon888888: bets 60
pokking876: folds 
Uncalled bet (60) returned to CuteMoon888888
*** RIVER *** [2h 4d 7s 2c] [4h]
*** SHOW DOWN ***
CuteMoon888888: shows [4c 4s] (four of a kind, Fours)
Mahu2021: shows [3c 3h] (two pair, Fours and Threes)
CuteMoon888888 collected 315 from pot
Mahu2021 finished the tournament in 3rd place
*** SUMMARY ***
Total pot 315 | Rake 0 
Board [2h 4d 7s 2c 4h]
Seat 1: CuteMoon888888 (small blind) showed [4c 4s] and won (315) with four of a kind, Fours
Seat 2: pokking876 (big blind) folded on the Turn
Seat 3: Mahu2021 (button) showed [3c 3h] and lost with two pair, Fours and Threes



