PokerStars Hand #252923691404: Tournament #3811852951, $1.84+$0.16 USD Hold'em No Limit - Level I (10/20) - 2024/10/14 16:06:05 CET [2024/10/14 10:06:05 ET]
Table '3811852951 1' 3-max Seat #1 is the button
Seat 1: ricrockacdc (500 in chips) 
Seat 2: Mahu2021 (500 in chips) 
Seat 3: UésleiSBR (500 in chips) 
Mahu2021: posts small blind 10
UésleiSBR: posts big blind 20
*** HOLE CARDS ***
Dealt to Mahu2021 [Jc 8c]
ricrockacdc: folds 
Mahu2021: raises 40 to 60
UésleiSBR: folds 
Uncalled bet (40) returned to Mahu2021
Mahu2021 collected 40 from pot
Mahu2021: doesn't show hand 
*** SUMMARY ***
Total pot 40 | Rake 0 
Seat 1: ricrockacdc (button) folded before Flop (didn't bet)
Seat 2: Mahu2021 (small blind) collected (40)
Seat 3: UésleiSBR (big blind) folded before Flop



PokerStars Hand #252923693929: Tournament #3811852951, $1.84+$0.16 USD Hold'em No Limit - Level I (10/20) - 2024/10/14 16:06:18 CET [2024/10/14 10:06:18 ET]
Table '3811852951 1' 3-max Seat #2 is the button
Seat 1: ricrockacdc (500 in chips) 
Seat 2: Mahu2021 (520 in chips) 
Seat 3: UésleiSBR (480 in chips) 
UésleiSBR: posts small blind 10
ricrockacdc: posts big blind 20
*** HOLE CARDS ***
Dealt to Mahu2021 [2c Ts]
Mahu2021: folds 
UésleiSBR: folds 
Uncalled bet (10) returned to ricrockacdc
ricrockacdc collected 20 from pot
ricrockacdc: doesn't show hand 
*** SUMMARY ***
Total pot 20 | Rake 0 
Seat 1: ricrockacdc (big blind) collected (20)
Seat 2: Mahu2021 (button) folded before Flop (didn't bet)
Seat 3: UésleiSBR (small blind) folded before Flop



PokerStars Hand #252923695267: Tournament #3811852951, $1.84+$0.16 USD Hold'em No Limit - Level I (10/20) - 2024/10/14 16:06:26 CET [2024/10/14 10:06:26 ET]
Table '3811852951 1' 3-max Seat #3 is the button
Seat 1: ricrockacdc (510 in chips) 
Seat 2: Mahu2021 (520 in chips) 
Seat 3: UésleiSBR (470 in chips) 
ricrockacdc: posts small blind 10
Mahu2021: posts big blind 20
*** HOLE CARDS ***
Dealt to Mahu2021 [2h Tc]
UésleiSBR: calls 20
ricrockacdc: raises 40 to 60
Mahu2021: folds 
UésleiSBR: calls 40
*** FLOP *** [8h 3c 4d]
ricrockacdc: bets 35
UésleiSBR: calls 35
*** TURN *** [8h 3c 4d] [6d]
ricrockacdc: checks 
UésleiSBR: bets 158
ricrockacdc: folds 
Uncalled bet (158) returned to UésleiSBR
UésleiSBR collected 210 from pot
UésleiSBR: doesn't show hand 
*** SUMMARY ***
Total pot 210 | Rake 0 
Board [8h 3c 4d 6d]
Seat 1: ricrockacdc (small blind) folded on the Turn
Seat 2: Mahu2021 (big blind) folded before Flop
Seat 3: UésleiSBR (button) collected (210)



PokerStars Hand #252923704374: Tournament #3811852951, $1.84+$0.16 USD Hold'em No Limit - Level I (10/20) - 2024/10/14 16:07:13 CET [2024/10/14 10:07:13 ET]
Table '3811852951 1' 3-max Seat #1 is the button
Seat 1: ricrockacdc (415 in chips) 
Seat 2: Mahu2021 (500 in chips) 
Seat 3: UésleiSBR (585 in chips) 
Mahu2021: posts small blind 10
UésleiSBR: posts big blind 20
*** HOLE CARDS ***
Dealt to Mahu2021 [6h Td]
ricrockacdc: folds 
Mahu2021: folds 
Uncalled bet (10) returned to UésleiSBR
UésleiSBR collected 20 from pot
UésleiSBR: doesn't show hand 
*** SUMMARY ***
Total pot 20 | Rake 0 
Seat 1: ricrockacdc (button) folded before Flop (didn't bet)
Seat 2: Mahu2021 (small blind) folded before Flop
Seat 3: UésleiSBR (big blind) collected (20)



PokerStars Hand #252923705165: Tournament #3811852951, $1.84+$0.16 USD Hold'em No Limit - Level I (10/20) - 2024/10/14 16:07:18 CET [2024/10/14 10:07:18 ET]
Table '3811852951 1' 3-max Seat #2 is the button
Seat 1: ricrockacdc (415 in chips) 
Seat 2: Mahu2021 (490 in chips) 
Seat 3: UésleiSBR (595 in chips) 
UésleiSBR: posts small blind 10
ricrockacdc: posts big blind 20
*** HOLE CARDS ***
Dealt to Mahu2021 [7d Qh]
Mahu2021: folds 
UésleiSBR: calls 10
ricrockacdc: checks 
*** FLOP *** [4h 9s 7c]
UésleiSBR: bets 30
ricrockacdc: folds 
Uncalled bet (30) returned to UésleiSBR
UésleiSBR collected 40 from pot
UésleiSBR: doesn't show hand 
*** SUMMARY ***
Total pot 40 | Rake 0 
Board [4h 9s 7c]
Seat 1: ricrockacdc (big blind) folded on the Flop
Seat 2: Mahu2021 (button) folded before Flop (didn't bet)
Seat 3: UésleiSBR (small blind) collected (40)



PokerStars Hand #252923712954: Tournament #3811852951, $1.84+$0.16 USD Hold'em No Limit - Level I (10/20) - 2024/10/14 16:07:58 CET [2024/10/14 10:07:58 ET]
Table '3811852951 1' 3-max Seat #3 is the button
Seat 1: ricrockacdc (395 in chips) 
Seat 2: Mahu2021 (490 in chips) 
Seat 3: UésleiSBR (615 in chips) 
ricrockacdc: posts small blind 10
Mahu2021: posts big blind 20
*** HOLE CARDS ***
Dealt to Mahu2021 [3d 7s]
UésleiSBR: calls 20
ricrockacdc has timed out
ricrockacdc: folds 
ricrockacdc is sitting out
Mahu2021: checks 
*** FLOP *** [7c Qd 9h]
ricrockacdc has returned
Mahu2021: checks 
UésleiSBR: bets 38
Mahu2021: folds 
Uncalled bet (38) returned to UésleiSBR
UésleiSBR collected 50 from pot
UésleiSBR: doesn't show hand 
*** SUMMARY ***
Total pot 50 | Rake 0 
Board [7c Qd 9h]
Seat 1: ricrockacdc (small blind) folded before Flop
Seat 2: Mahu2021 (big blind) folded on the Flop
Seat 3: UésleiSBR (button) collected (50)



PokerStars Hand #252923718290: Tournament #3811852951, $1.84+$0.16 USD Hold'em No Limit - Level I (10/20) - 2024/10/14 16:08:26 CET [2024/10/14 10:08:26 ET]
Table '3811852951 1' 3-max Seat #1 is the button
Seat 1: ricrockacdc (385 in chips) 
Seat 2: Mahu2021 (470 in chips) 
Seat 3: UésleiSBR (645 in chips) 
Mahu2021: posts small blind 10
UésleiSBR: posts big blind 20
*** HOLE CARDS ***
Dealt to Mahu2021 [Ad Js]
ricrockacdc: raises 20 to 40
Mahu2021: calls 30
UésleiSBR: calls 20
*** FLOP *** [Qh Kd 5c]
Mahu2021: checks 
UésleiSBR: checks 
ricrockacdc: checks 
*** TURN *** [Qh Kd 5c] [9c]
Mahu2021: checks 
UésleiSBR: bets 60
ricrockacdc: folds 
Mahu2021: folds 
Uncalled bet (60) returned to UésleiSBR
UésleiSBR collected 120 from pot
UésleiSBR: doesn't show hand 
*** SUMMARY ***
Total pot 120 | Rake 0 
Board [Qh Kd 5c 9c]
Seat 1: ricrockacdc (button) folded on the Turn
Seat 2: Mahu2021 (small blind) folded on the Turn
Seat 3: UésleiSBR (big blind) collected (120)



PokerStars Hand #252923724011: Tournament #3811852951, $1.84+$0.16 USD Hold'em No Limit - Level I (10/20) - 2024/10/14 16:08:57 CET [2024/10/14 10:08:57 ET]
Table '3811852951 1' 3-max Seat #2 is the button
Seat 1: ricrockacdc (345 in chips) 
Seat 2: Mahu2021 (430 in chips) 
Seat 3: UésleiSBR (725 in chips) 
UésleiSBR: posts small blind 10
ricrockacdc: posts big blind 20
*** HOLE CARDS ***
Dealt to Mahu2021 [2s 4c]
Mahu2021: folds 
UésleiSBR: folds 
Uncalled bet (10) returned to ricrockacdc
ricrockacdc collected 20 from pot
ricrockacdc: doesn't show hand 
*** SUMMARY ***
Total pot 20 | Rake 0 
Seat 1: ricrockacdc (big blind) collected (20)
Seat 2: Mahu2021 (button) folded before Flop (didn't bet)
Seat 3: UésleiSBR (small blind) folded before Flop



PokerStars Hand #252923725058: Tournament #3811852951, $1.84+$0.16 USD Hold'em No Limit - Level I (10/20) - 2024/10/14 16:09:03 CET [2024/10/14 10:09:03 ET]
Table '3811852951 1' 3-max Seat #3 is the button
Seat 1: ricrockacdc (355 in chips) 
Seat 2: Mahu2021 (430 in chips) 
Seat 3: UésleiSBR (715 in chips) 
ricrockacdc: posts small blind 10
Mahu2021: posts big blind 20
*** HOLE CARDS ***
Dealt to Mahu2021 [Ac 4d]
UésleiSBR: folds 
ricrockacdc: folds 
Uncalled bet (10) returned to Mahu2021
Mahu2021 collected 20 from pot
Mahu2021: doesn't show hand 
*** SUMMARY ***
Total pot 20 | Rake 0 
Seat 1: ricrockacdc (small blind) folded before Flop
Seat 2: Mahu2021 (big blind) collected (20)
Seat 3: UésleiSBR (button) folded before Flop (didn't bet)



PokerStars Hand #252923726814: Tournament #3811852951, $1.84+$0.16 USD Hold'em No Limit - Level II (15/30) - 2024/10/14 16:09:12 CET [2024/10/14 10:09:12 ET]
Table '3811852951 1' 3-max Seat #1 is the button
Seat 1: ricrockacdc (345 in chips) 
Seat 2: Mahu2021 (440 in chips) 
Seat 3: UésleiSBR (715 in chips) 
Mahu2021: posts small blind 15
UésleiSBR: posts big blind 30
*** HOLE CARDS ***
Dealt to Mahu2021 [Kd Jh]
ricrockacdc: folds 
Mahu2021: raises 60 to 90
UésleiSBR: calls 60
*** FLOP *** [8d Jc 6s]
Mahu2021: bets 90
UésleiSBR: folds 
Uncalled bet (90) returned to Mahu2021
Mahu2021 collected 180 from pot
Mahu2021: doesn't show hand 
*** SUMMARY ***
Total pot 180 | Rake 0 
Board [8d Jc 6s]
Seat 1: ricrockacdc (button) folded before Flop (didn't bet)
Seat 2: Mahu2021 (small blind) collected (180)
Seat 3: UésleiSBR (big blind) folded on the Flop



PokerStars Hand #252923729173: Tournament #3811852951, $1.84+$0.16 USD Hold'em No Limit - Level II (15/30) - 2024/10/14 16:09:25 CET [2024/10/14 10:09:25 ET]
Table '3811852951 1' 3-max Seat #2 is the button
Seat 1: ricrockacdc (345 in chips) 
Seat 2: Mahu2021 (530 in chips) 
Seat 3: UésleiSBR (625 in chips) 
UésleiSBR: posts small blind 15
ricrockacdc: posts big blind 30
*** HOLE CARDS ***
Dealt to Mahu2021 [Jc 8c]
Mahu2021: calls 30
UésleiSBR: calls 15
ricrockacdc: raises 315 to 345 and is all-in
Mahu2021: folds 
UésleiSBR: folds 
Uncalled bet (315) returned to ricrockacdc
ricrockacdc collected 90 from pot
ricrockacdc: doesn't show hand 
*** SUMMARY ***
Total pot 90 | Rake 0 
Seat 1: ricrockacdc (big blind) collected (90)
Seat 2: Mahu2021 (button) folded before Flop
Seat 3: UésleiSBR (small blind) folded before Flop



PokerStars Hand #252923731280: Tournament #3811852951, $1.84+$0.16 USD Hold'em No Limit - Level II (15/30) - 2024/10/14 16:09:36 CET [2024/10/14 10:09:36 ET]
Table '3811852951 1' 3-max Seat #3 is the button
Seat 1: ricrockacdc (405 in chips) 
Seat 2: Mahu2021 (500 in chips) 
Seat 3: UésleiSBR (595 in chips) 
ricrockacdc: posts small blind 15
Mahu2021: posts big blind 30
*** HOLE CARDS ***
Dealt to Mahu2021 [Qh Tc]
UésleiSBR: folds 
ricrockacdc: raises 30 to 60
Mahu2021: calls 30
*** FLOP *** [5c 7h Qs]
ricrockacdc: bets 36
Mahu2021: raises 404 to 440 and is all-in
ricrockacdc: folds 
Uncalled bet (404) returned to Mahu2021
Mahu2021 collected 192 from pot
Mahu2021: doesn't show hand 
*** SUMMARY ***
Total pot 192 | Rake 0 
Board [5c 7h Qs]
Seat 1: ricrockacdc (small blind) folded on the Flop
Seat 2: Mahu2021 (big blind) collected (192)
Seat 3: UésleiSBR (button) folded before Flop (didn't bet)



PokerStars Hand #252923736349: Tournament #3811852951, $1.84+$0.16 USD Hold'em No Limit - Level II (15/30) - 2024/10/14 16:10:03 CET [2024/10/14 10:10:03 ET]
Table '3811852951 1' 3-max Seat #1 is the button
Seat 1: ricrockacdc (309 in chips) 
Seat 2: Mahu2021 (596 in chips) 
Seat 3: UésleiSBR (595 in chips) 
Mahu2021: posts small blind 15
UésleiSBR: posts big blind 30
*** HOLE CARDS ***
Dealt to Mahu2021 [9c Jd]
ricrockacdc: folds 
Mahu2021: calls 15
UésleiSBR: checks 
*** FLOP *** [Qs Kd 9h]
Mahu2021: checks 
UésleiSBR: bets 30
Mahu2021: calls 30
*** TURN *** [Qs Kd 9h] [6h]
Mahu2021: checks 
UésleiSBR: bets 90
Mahu2021: folds 
Uncalled bet (90) returned to UésleiSBR
UésleiSBR collected 120 from pot
UésleiSBR: doesn't show hand 
*** SUMMARY ***
Total pot 120 | Rake 0 
Board [Qs Kd 9h 6h]
Seat 1: ricrockacdc (button) folded before Flop (didn't bet)
Seat 2: Mahu2021 (small blind) folded on the Turn
Seat 3: UésleiSBR (big blind) collected (120)



PokerStars Hand #252923739798: Tournament #3811852951, $1.84+$0.16 USD Hold'em No Limit - Level II (15/30) - 2024/10/14 16:10:21 CET [2024/10/14 10:10:21 ET]
Table '3811852951 1' 3-max Seat #2 is the button
Seat 1: ricrockacdc (309 in chips) 
Seat 2: Mahu2021 (536 in chips) 
Seat 3: UésleiSBR (655 in chips) 
UésleiSBR: posts small blind 15
ricrockacdc: posts big blind 30
*** HOLE CARDS ***
Dealt to Mahu2021 [6s 7d]
Mahu2021: folds 
UésleiSBR: raises 30 to 60
ricrockacdc: calls 30
*** FLOP *** [8h 2h 7c]
UésleiSBR: bets 60
ricrockacdc: folds 
Uncalled bet (60) returned to UésleiSBR
UésleiSBR collected 120 from pot
UésleiSBR: doesn't show hand 
*** SUMMARY ***
Total pot 120 | Rake 0 
Board [8h 2h 7c]
Seat 1: ricrockacdc (big blind) folded on the Flop
Seat 2: Mahu2021 (button) folded before Flop (didn't bet)
Seat 3: UésleiSBR (small blind) collected (120)



PokerStars Hand #252923744568: Tournament #3811852951, $1.84+$0.16 USD Hold'em No Limit - Level II (15/30) - 2024/10/14 16:10:47 CET [2024/10/14 10:10:47 ET]
Table '3811852951 1' 3-max Seat #3 is the button
Seat 1: ricrockacdc (249 in chips) 
Seat 2: Mahu2021 (536 in chips) 
Seat 3: UésleiSBR (715 in chips) 
ricrockacdc: posts small blind 15
Mahu2021: posts big blind 30
*** HOLE CARDS ***
Dealt to Mahu2021 [8s 6c]
UésleiSBR: calls 30
ricrockacdc: raises 219 to 249 and is all-in
Mahu2021: folds 
UésleiSBR: calls 219
*** FLOP *** [Qs 2c 7s]
*** TURN *** [Qs 2c 7s] [4s]
*** RIVER *** [Qs 2c 7s 4s] [3h]
*** SHOW DOWN ***
ricrockacdc: shows [As 5s] (a flush, Ace high)
UésleiSBR: shows [Td Ac] (high card Ace)
ricrockacdc collected 528 from pot
*** SUMMARY ***
Total pot 528 | Rake 0 
Board [Qs 2c 7s 4s 3h]
Seat 1: ricrockacdc (small blind) showed [As 5s] and won (528) with a flush, Ace high
Seat 2: Mahu2021 (big blind) folded before Flop
Seat 3: UésleiSBR (button) showed [Td Ac] and lost with high card Ace



PokerStars Hand #252923747446: Tournament #3811852951, $1.84+$0.16 USD Hold'em No Limit - Level II (15/30) - 2024/10/14 16:11:02 CET [2024/10/14 10:11:02 ET]
Table '3811852951 1' 3-max Seat #1 is the button
Seat 1: ricrockacdc (528 in chips) 
Seat 2: Mahu2021 (506 in chips) 
Seat 3: UésleiSBR (466 in chips) 
Mahu2021: posts small blind 15
UésleiSBR: posts big blind 30
*** HOLE CARDS ***
Dealt to Mahu2021 [6d 9d]
ricrockacdc: folds 
Mahu2021: folds 
Uncalled bet (15) returned to UésleiSBR
UésleiSBR collected 30 from pot
UésleiSBR: doesn't show hand 
*** SUMMARY ***
Total pot 30 | Rake 0 
Seat 1: ricrockacdc (button) folded before Flop (didn't bet)
Seat 2: Mahu2021 (small blind) folded before Flop
Seat 3: UésleiSBR (big blind) collected (30)



PokerStars Hand #252923749710: Tournament #3811852951, $1.84+$0.16 USD Hold'em No Limit - Level II (15/30) - 2024/10/14 16:11:14 CET [2024/10/14 10:11:14 ET]
Table '3811852951 1' 3-max Seat #2 is the button
Seat 1: ricrockacdc (528 in chips) 
Seat 2: Mahu2021 (491 in chips) 
Seat 3: UésleiSBR (481 in chips) 
UésleiSBR: posts small blind 15
ricrockacdc: posts big blind 30
*** HOLE CARDS ***
Dealt to Mahu2021 [8d 4c]
Mahu2021: folds 
UésleiSBR: calls 15
ricrockacdc: checks 
*** FLOP *** [Jh 8c Kh]
UésleiSBR: bets 30
ricrockacdc: calls 30
*** TURN *** [Jh 8c Kh] [Tc]
UésleiSBR: checks 
ricrockacdc: checks 
*** RIVER *** [Jh 8c Kh Tc] [2c]
UésleiSBR: checks 
ricrockacdc: checks 
*** SHOW DOWN ***
UésleiSBR: shows [4s 2s] (a pair of Deuces)
ricrockacdc: shows [3h Js] (a pair of Jacks)
ricrockacdc collected 120 from pot
*** SUMMARY ***
Total pot 120 | Rake 0 
Board [Jh 8c Kh Tc 2c]
Seat 1: ricrockacdc (big blind) showed [3h Js] and won (120) with a pair of Jacks
Seat 2: Mahu2021 (button) folded before Flop (didn't bet)
Seat 3: UésleiSBR (small blind) showed [4s 2s] and lost with a pair of Deuces



PokerStars Hand #252923758521: Tournament #3811852951, $1.84+$0.16 USD Hold'em No Limit - Level II (15/30) - 2024/10/14 16:12:00 CET [2024/10/14 10:12:00 ET]
Table '3811852951 1' 3-max Seat #3 is the button
Seat 1: ricrockacdc (588 in chips) 
Seat 2: Mahu2021 (491 in chips) 
Seat 3: UésleiSBR (421 in chips) 
ricrockacdc: posts small blind 15
Mahu2021: posts big blind 30
*** HOLE CARDS ***
Dealt to Mahu2021 [2d 3d]
UésleiSBR: calls 30
ricrockacdc: folds 
Mahu2021: checks 
*** FLOP *** [Ad 2s 7s]
Mahu2021: checks 
UésleiSBR: bets 38
Mahu2021: folds 
Uncalled bet (38) returned to UésleiSBR
UésleiSBR collected 75 from pot
UésleiSBR: doesn't show hand 
*** SUMMARY ***
Total pot 75 | Rake 0 
Board [Ad 2s 7s]
Seat 1: ricrockacdc (small blind) folded before Flop
Seat 2: Mahu2021 (big blind) folded on the Flop
Seat 3: UésleiSBR (button) collected (75)



PokerStars Hand #252923762775: Tournament #3811852951, $1.84+$0.16 USD Hold'em No Limit - Level III (20/40) - 2024/10/14 16:12:23 CET [2024/10/14 10:12:23 ET]
Table '3811852951 1' 3-max Seat #1 is the button
Seat 1: ricrockacdc (573 in chips) 
Seat 2: Mahu2021 (461 in chips) 
Seat 3: UésleiSBR (466 in chips) 
Mahu2021: posts small blind 20
UésleiSBR: posts big blind 40
*** HOLE CARDS ***
Dealt to Mahu2021 [Qd 9d]
ricrockacdc: folds 
Mahu2021: raises 40 to 80
UésleiSBR: folds 
Uncalled bet (40) returned to Mahu2021
Mahu2021 collected 80 from pot
Mahu2021: doesn't show hand 
*** SUMMARY ***
Total pot 80 | Rake 0 
Seat 1: ricrockacdc (button) folded before Flop (didn't bet)
Seat 2: Mahu2021 (small blind) collected (80)
Seat 3: UésleiSBR (big blind) folded before Flop



PokerStars Hand #252923764534: Tournament #3811852951, $1.84+$0.16 USD Hold'em No Limit - Level III (20/40) - 2024/10/14 16:12:33 CET [2024/10/14 10:12:33 ET]
Table '3811852951 1' 3-max Seat #2 is the button
Seat 1: ricrockacdc (573 in chips) 
Seat 2: Mahu2021 (501 in chips) 
Seat 3: UésleiSBR (426 in chips) 
UésleiSBR: posts small blind 20
ricrockacdc: posts big blind 40
*** HOLE CARDS ***
Dealt to Mahu2021 [3d Ac]
Mahu2021: folds 
UésleiSBR: folds 
Uncalled bet (20) returned to ricrockacdc
ricrockacdc collected 40 from pot
ricrockacdc: doesn't show hand 
*** SUMMARY ***
Total pot 40 | Rake 0 
Seat 1: ricrockacdc (big blind) collected (40)
Seat 2: Mahu2021 (button) folded before Flop (didn't bet)
Seat 3: UésleiSBR (small blind) folded before Flop



PokerStars Hand #252923765569: Tournament #3811852951, $1.84+$0.16 USD Hold'em No Limit - Level III (20/40) - 2024/10/14 16:12:38 CET [2024/10/14 10:12:38 ET]
Table '3811852951 1' 3-max Seat #3 is the button
Seat 1: ricrockacdc (593 in chips) 
Seat 2: Mahu2021 (501 in chips) 
Seat 3: UésleiSBR (406 in chips) 
ricrockacdc: posts small blind 20
Mahu2021: posts big blind 40
*** HOLE CARDS ***
Dealt to Mahu2021 [Qs As]
UésleiSBR: folds 
ricrockacdc: folds 
Uncalled bet (20) returned to Mahu2021
Mahu2021 collected 40 from pot
Mahu2021: doesn't show hand 
*** SUMMARY ***
Total pot 40 | Rake 0 
Seat 1: ricrockacdc (small blind) folded before Flop
Seat 2: Mahu2021 (big blind) collected (40)
Seat 3: UésleiSBR (button) folded before Flop (didn't bet)



PokerStars Hand #252923767078: Tournament #3811852951, $1.84+$0.16 USD Hold'em No Limit - Level III (20/40) - 2024/10/14 16:12:46 CET [2024/10/14 10:12:46 ET]
Table '3811852951 1' 3-max Seat #1 is the button
Seat 1: ricrockacdc (573 in chips) 
Seat 2: Mahu2021 (521 in chips) 
Seat 3: UésleiSBR (406 in chips) 
Mahu2021: posts small blind 20
UésleiSBR: posts big blind 40
*** HOLE CARDS ***
Dealt to Mahu2021 [5c Kd]
ricrockacdc: folds 
Mahu2021: calls 20
UésleiSBR: checks 
*** FLOP *** [6c 7h 2h]
Mahu2021: checks 
UésleiSBR: checks 
*** TURN *** [6c 7h 2h] [9c]
Mahu2021: checks 
UésleiSBR: bets 60
Mahu2021: folds 
Uncalled bet (60) returned to UésleiSBR
UésleiSBR collected 80 from pot
UésleiSBR: doesn't show hand 
*** SUMMARY ***
Total pot 80 | Rake 0 
Board [6c 7h 2h 9c]
Seat 1: ricrockacdc (button) folded before Flop (didn't bet)
Seat 2: Mahu2021 (small blind) folded on the Turn
Seat 3: UésleiSBR (big blind) collected (80)



PokerStars Hand #252923769594: Tournament #3811852951, $1.84+$0.16 USD Hold'em No Limit - Level III (20/40) - 2024/10/14 16:12:59 CET [2024/10/14 10:12:59 ET]
Table '3811852951 1' 3-max Seat #2 is the button
Seat 1: ricrockacdc (573 in chips) 
Seat 2: Mahu2021 (481 in chips) 
Seat 3: UésleiSBR (446 in chips) 
UésleiSBR: posts small blind 20
ricrockacdc: posts big blind 40
*** HOLE CARDS ***
Dealt to Mahu2021 [Qc 4s]
Mahu2021: folds 
UésleiSBR: calls 20
ricrockacdc: checks 
*** FLOP *** [2h Tc 9d]
UésleiSBR: checks 
ricrockacdc: bets 40
UésleiSBR: raises 40 to 80
ricrockacdc has timed out
ricrockacdc: folds 
ricrockacdc is sitting out
Uncalled bet (40) returned to UésleiSBR
ricrockacdc has returned
UésleiSBR collected 160 from pot
UésleiSBR: doesn't show hand 
*** SUMMARY ***
Total pot 160 | Rake 0 
Board [2h Tc 9d]
Seat 1: ricrockacdc (big blind) folded on the Flop
Seat 2: Mahu2021 (button) folded before Flop (didn't bet)
Seat 3: UésleiSBR (small blind) collected (160)



PokerStars Hand #252923775840: Tournament #3811852951, $1.84+$0.16 USD Hold'em No Limit - Level III (20/40) - 2024/10/14 16:13:33 CET [2024/10/14 10:13:33 ET]
Table '3811852951 1' 3-max Seat #3 is the button
Seat 1: ricrockacdc (493 in chips) 
Seat 2: Mahu2021 (481 in chips) 
Seat 3: UésleiSBR (526 in chips) 
ricrockacdc: posts small blind 20
Mahu2021: posts big blind 40
*** HOLE CARDS ***
Dealt to Mahu2021 [6c Qs]
UésleiSBR: raises 40 to 80
ricrockacdc: folds 
Mahu2021: calls 40
*** FLOP *** [7s 9c 5c]
Mahu2021: checks 
UésleiSBR: bets 90
Mahu2021: folds 
Uncalled bet (90) returned to UésleiSBR
UésleiSBR collected 180 from pot
UésleiSBR: doesn't show hand 
*** SUMMARY ***
Total pot 180 | Rake 0 
Board [7s 9c 5c]
Seat 1: ricrockacdc (small blind) folded before Flop
Seat 2: Mahu2021 (big blind) folded on the Flop
Seat 3: UésleiSBR (button) collected (180)



PokerStars Hand #252923780846: Tournament #3811852951, $1.84+$0.16 USD Hold'em No Limit - Level III (20/40) - 2024/10/14 16:14:00 CET [2024/10/14 10:14:00 ET]
Table '3811852951 1' 3-max Seat #1 is the button
Seat 1: ricrockacdc (473 in chips) 
Seat 2: Mahu2021 (401 in chips) 
Seat 3: UésleiSBR (626 in chips) 
Mahu2021: posts small blind 20
UésleiSBR: posts big blind 40
*** HOLE CARDS ***
Dealt to Mahu2021 [3d 2d]
ricrockacdc: raises 40 to 80
Mahu2021: folds 
UésleiSBR: folds 
Uncalled bet (40) returned to ricrockacdc
ricrockacdc collected 100 from pot
ricrockacdc: doesn't show hand 
*** SUMMARY ***
Total pot 100 | Rake 0 
Seat 1: ricrockacdc (button) collected (100)
Seat 2: Mahu2021 (small blind) folded before Flop
Seat 3: UésleiSBR (big blind) folded before Flop



PokerStars Hand #252923782427: Tournament #3811852951, $1.84+$0.16 USD Hold'em No Limit - Level III (20/40) - 2024/10/14 16:14:08 CET [2024/10/14 10:14:08 ET]
Table '3811852951 1' 3-max Seat #2 is the button
Seat 1: ricrockacdc (533 in chips) 
Seat 2: Mahu2021 (381 in chips) 
Seat 3: UésleiSBR (586 in chips) 
UésleiSBR: posts small blind 20
ricrockacdc: posts big blind 40
*** HOLE CARDS ***
Dealt to Mahu2021 [Qd Kh]
Mahu2021: raises 80 to 120
UésleiSBR: folds 
ricrockacdc: folds 
Uncalled bet (80) returned to Mahu2021
Mahu2021 collected 100 from pot
Mahu2021: doesn't show hand 
*** SUMMARY ***
Total pot 100 | Rake 0 
Seat 1: ricrockacdc (big blind) folded before Flop
Seat 2: Mahu2021 (button) collected (100)
Seat 3: UésleiSBR (small blind) folded before Flop



PokerStars Hand #252923784512: Tournament #3811852951, $1.84+$0.16 USD Hold'em No Limit - Level III (20/40) - 2024/10/14 16:14:20 CET [2024/10/14 10:14:20 ET]
Table '3811852951 1' 3-max Seat #3 is the button
Seat 1: ricrockacdc (493 in chips) 
Seat 2: Mahu2021 (441 in chips) 
Seat 3: UésleiSBR (566 in chips) 
ricrockacdc: posts small blind 20
Mahu2021: posts big blind 40
*** HOLE CARDS ***
Dealt to Mahu2021 [5c Tc]
UésleiSBR: calls 40
ricrockacdc: raises 453 to 493 and is all-in
Mahu2021: folds 
UésleiSBR: calls 453
*** FLOP *** [2d 8d 6d]
*** TURN *** [2d 8d 6d] [9c]
*** RIVER *** [2d 8d 6d 9c] [2s]
*** SHOW DOWN ***
ricrockacdc: shows [Ac Jd] (a pair of Deuces)
UésleiSBR: shows [As Qc] (a pair of Deuces - Ace+Queen kicker)
UésleiSBR collected 1026 from pot
ricrockacdc finished the tournament in 3rd place
*** SUMMARY ***
Total pot 1026 | Rake 0 
Board [2d 8d 6d 9c 2s]
Seat 1: ricrockacdc (small blind) showed [Ac Jd] and lost with a pair of Deuces
Seat 2: Mahu2021 (big blind) folded before Flop
Seat 3: UésleiSBR (button) showed [As Qc] and won (1026) with a pair of Deuces



PokerStars Hand #252923787821: Tournament #3811852951, $1.84+$0.16 USD Hold'em No Limit - Level III (20/40) - 2024/10/14 16:14:38 CET [2024/10/14 10:14:38 ET]
Table '3811852951 1' 3-max Seat #2 is the button
Seat 2: Mahu2021 (401 in chips) 
Seat 3: UésleiSBR (1099 in chips) 
Mahu2021: posts small blind 20
UésleiSBR: posts big blind 40
*** HOLE CARDS ***
Dealt to Mahu2021 [5s Jh]
Mahu2021: calls 20
UésleiSBR: raises 40 to 80
Mahu2021: calls 40
*** FLOP *** [8s Ks 6h]
UésleiSBR: bets 120
Mahu2021: folds 
Uncalled bet (120) returned to UésleiSBR
UésleiSBR collected 160 from pot
UésleiSBR: doesn't show hand 
*** SUMMARY ***
Total pot 160 | Rake 0 
Board [8s Ks 6h]
Seat 2: Mahu2021 (button) (small blind) folded on the Flop
Seat 3: UésleiSBR (big blind) collected (160)



PokerStars Hand #252923789768: Tournament #3811852951, $1.84+$0.16 USD Hold'em No Limit - Level III (20/40) - 2024/10/14 16:14:48 CET [2024/10/14 10:14:48 ET]
Table '3811852951 1' 3-max Seat #3 is the button
Seat 2: Mahu2021 (321 in chips) 
Seat 3: UésleiSBR (1179 in chips) 
UésleiSBR: posts small blind 20
Mahu2021: posts big blind 40
*** HOLE CARDS ***
Dealt to Mahu2021 [5s 3s]
UésleiSBR: raises 40 to 80
Mahu2021: folds 
Uncalled bet (40) returned to UésleiSBR
UésleiSBR collected 80 from pot
UésleiSBR: doesn't show hand 
*** SUMMARY ***
Total pot 80 | Rake 0 
Seat 2: Mahu2021 (big blind) folded before Flop
Seat 3: UésleiSBR (button) (small blind) collected (80)



PokerStars Hand #252923790857: Tournament #3811852951, $1.84+$0.16 USD Hold'em No Limit - Level III (20/40) - 2024/10/14 16:14:54 CET [2024/10/14 10:14:54 ET]
Table '3811852951 1' 3-max Seat #2 is the button
Seat 2: Mahu2021 (281 in chips) 
Seat 3: UésleiSBR (1219 in chips) 
Mahu2021: posts small blind 20
UésleiSBR: posts big blind 40
*** HOLE CARDS ***
Dealt to Mahu2021 [8c Qc]
Mahu2021: raises 241 to 281 and is all-in
UésleiSBR: calls 241
*** FLOP *** [8d 3c 7d]
*** TURN *** [8d 3c 7d] [Qh]
*** RIVER *** [8d 3c 7d Qh] [Td]
*** SHOW DOWN ***
UésleiSBR: shows [Jc Kh] (high card King)
Mahu2021: shows [8c Qc] (two pair, Queens and Eights)
Mahu2021 collected 562 from pot
*** SUMMARY ***
Total pot 562 | Rake 0 
Board [8d 3c 7d Qh Td]
Seat 2: Mahu2021 (button) (small blind) showed [8c Qc] and won (562) with two pair, Queens and Eights
Seat 3: UésleiSBR (big blind) showed [Jc Kh] and lost with high card King



PokerStars Hand #252923793306: Tournament #3811852951, $1.84+$0.16 USD Hold'em No Limit - Level III (20/40) - 2024/10/14 16:15:07 CET [2024/10/14 10:15:07 ET]
Table '3811852951 1' 3-max Seat #3 is the button
Seat 2: Mahu2021 (562 in chips) 
Seat 3: UésleiSBR (938 in chips) 
UésleiSBR: posts small blind 20
Mahu2021: posts big blind 40
*** HOLE CARDS ***
Dealt to Mahu2021 [Td 9c]
UésleiSBR: calls 20
Mahu2021: checks 
*** FLOP *** [7s Ad 4d]
Mahu2021: checks 
UésleiSBR: bets 60
Mahu2021: folds 
Uncalled bet (60) returned to UésleiSBR
UésleiSBR collected 80 from pot
UésleiSBR: doesn't show hand 
*** SUMMARY ***
Total pot 80 | Rake 0 
Board [7s Ad 4d]
Seat 2: Mahu2021 (big blind) folded on the Flop
Seat 3: UésleiSBR (button) (small blind) collected (80)



PokerStars Hand #252923796037: Tournament #3811852951, $1.84+$0.16 USD Hold'em No Limit - Level IV (30/60) - 2024/10/14 16:15:21 CET [2024/10/14 10:15:21 ET]
Table '3811852951 1' 3-max Seat #2 is the button
Seat 2: Mahu2021 (522 in chips) 
Seat 3: UésleiSBR (978 in chips) 
Mahu2021: posts small blind 30
UésleiSBR: posts big blind 60
*** HOLE CARDS ***
Dealt to Mahu2021 [9h Jh]
Mahu2021: raises 60 to 120
UésleiSBR: folds 
Uncalled bet (60) returned to Mahu2021
Mahu2021 collected 120 from pot
Mahu2021: doesn't show hand 
*** SUMMARY ***
Total pot 120 | Rake 0 
Seat 2: Mahu2021 (button) (small blind) collected (120)
Seat 3: UésleiSBR (big blind) folded before Flop



PokerStars Hand #252923797160: Tournament #3811852951, $1.84+$0.16 USD Hold'em No Limit - Level IV (30/60) - 2024/10/14 16:15:26 CET [2024/10/14 10:15:26 ET]
Table '3811852951 1' 3-max Seat #3 is the button
Seat 2: Mahu2021 (582 in chips) 
Seat 3: UésleiSBR (918 in chips) 
UésleiSBR: posts small blind 30
Mahu2021: posts big blind 60
*** HOLE CARDS ***
Dealt to Mahu2021 [5h 6h]
UésleiSBR: calls 30
Mahu2021: checks 
*** FLOP *** [3h 7d Jh]
Mahu2021: checks 
UésleiSBR: checks 
*** TURN *** [3h 7d Jh] [Jd]
Mahu2021: bets 60
UésleiSBR: calls 60
*** RIVER *** [3h 7d Jh Jd] [2c]
Mahu2021: checks 
UésleiSBR: bets 180
Mahu2021: folds 
Uncalled bet (180) returned to UésleiSBR
UésleiSBR collected 240 from pot
UésleiSBR: doesn't show hand 
*** SUMMARY ***
Total pot 240 | Rake 0 
Board [3h 7d Jh Jd 2c]
Seat 2: Mahu2021 (big blind) folded on the River
Seat 3: UésleiSBR (button) (small blind) collected (240)



PokerStars Hand #252923800348: Tournament #3811852951, $1.84+$0.16 USD Hold'em No Limit - Level IV (30/60) - 2024/10/14 16:15:43 CET [2024/10/14 10:15:43 ET]
Table '3811852951 1' 3-max Seat #2 is the button
Seat 2: Mahu2021 (462 in chips) 
Seat 3: UésleiSBR (1038 in chips) 
Mahu2021: posts small blind 30
UésleiSBR: posts big blind 60
*** HOLE CARDS ***
Dealt to Mahu2021 [Qc 9h]
Mahu2021: calls 30
UésleiSBR: checks 
*** FLOP *** [Ts 7s 4h]
UésleiSBR: bets 90
Mahu2021: folds 
Uncalled bet (90) returned to UésleiSBR
UésleiSBR collected 120 from pot
UésleiSBR: doesn't show hand 
*** SUMMARY ***
Total pot 120 | Rake 0 
Board [Ts 7s 4h]
Seat 2: Mahu2021 (button) (small blind) folded on the Flop
Seat 3: UésleiSBR (big blind) collected (120)



PokerStars Hand #252923802281: Tournament #3811852951, $1.84+$0.16 USD Hold'em No Limit - Level IV (30/60) - 2024/10/14 16:15:53 CET [2024/10/14 10:15:53 ET]
Table '3811852951 1' 3-max Seat #3 is the button
Seat 2: Mahu2021 (402 in chips) 
Seat 3: UésleiSBR (1098 in chips) 
UésleiSBR: posts small blind 30
Mahu2021: posts big blind 60
*** HOLE CARDS ***
Dealt to Mahu2021 [3c 7c]
UésleiSBR: calls 30
Mahu2021: checks 
*** FLOP *** [Kc Kh 8s]
Mahu2021: checks 
UésleiSBR: bets 90
Mahu2021: folds 
Uncalled bet (90) returned to UésleiSBR
UésleiSBR collected 120 from pot
UésleiSBR: doesn't show hand 
*** SUMMARY ***
Total pot 120 | Rake 0 
Board [Kc Kh 8s]
Seat 2: Mahu2021 (big blind) folded on the Flop
Seat 3: UésleiSBR (button) (small blind) collected (120)



PokerStars Hand #252923804132: Tournament #3811852951, $1.84+$0.16 USD Hold'em No Limit - Level IV (30/60) - 2024/10/14 16:16:02 CET [2024/10/14 10:16:02 ET]
Table '3811852951 1' 3-max Seat #2 is the button
Seat 2: Mahu2021 (342 in chips) 
Seat 3: UésleiSBR (1158 in chips) 
Mahu2021: posts small blind 30
UésleiSBR: posts big blind 60
*** HOLE CARDS ***
Dealt to Mahu2021 [2c 3c]
Mahu2021: folds 
Uncalled bet (30) returned to UésleiSBR
UésleiSBR collected 60 from pot
UésleiSBR: doesn't show hand 
*** SUMMARY ***
Total pot 60 | Rake 0 
Seat 2: Mahu2021 (button) (small blind) folded before Flop
Seat 3: UésleiSBR (big blind) collected (60)



PokerStars Hand #252923804955: Tournament #3811852951, $1.84+$0.16 USD Hold'em No Limit - Level IV (30/60) - 2024/10/14 16:16:06 CET [2024/10/14 10:16:06 ET]
Table '3811852951 1' 3-max Seat #3 is the button
Seat 2: Mahu2021 (312 in chips) 
Seat 3: UésleiSBR (1188 in chips) 
UésleiSBR: posts small blind 30
Mahu2021: posts big blind 60
*** HOLE CARDS ***
Dealt to Mahu2021 [Qd 2h]
UésleiSBR: raises 60 to 120
Mahu2021: folds 
Uncalled bet (60) returned to UésleiSBR
UésleiSBR collected 120 from pot
UésleiSBR: doesn't show hand 
*** SUMMARY ***
Total pot 120 | Rake 0 
Seat 2: Mahu2021 (big blind) folded before Flop
Seat 3: UésleiSBR (button) (small blind) collected (120)



PokerStars Hand #252923806173: Tournament #3811852951, $1.84+$0.16 USD Hold'em No Limit - Level IV (30/60) - 2024/10/14 16:16:13 CET [2024/10/14 10:16:13 ET]
Table '3811852951 1' 3-max Seat #2 is the button
Seat 2: Mahu2021 (252 in chips) 
Seat 3: UésleiSBR (1248 in chips) 
Mahu2021: posts small blind 30
UésleiSBR: posts big blind 60
*** HOLE CARDS ***
Dealt to Mahu2021 [Qc 2s]
Mahu2021: raises 192 to 252 and is all-in
UésleiSBR: calls 192
*** FLOP *** [Tc 8d 2c]
*** TURN *** [Tc 8d 2c] [Ah]
*** RIVER *** [Tc 8d 2c Ah] [Qh]
*** SHOW DOWN ***
UésleiSBR: shows [Ks 2h] (a pair of Deuces)
Mahu2021: shows [Qc 2s] (two pair, Queens and Deuces)
Mahu2021 collected 504 from pot
*** SUMMARY ***
Total pot 504 | Rake 0 
Board [Tc 8d 2c Ah Qh]
Seat 2: Mahu2021 (button) (small blind) showed [Qc 2s] and won (504) with two pair, Queens and Deuces
Seat 3: UésleiSBR (big blind) showed [Ks 2h] and lost with a pair of Deuces



PokerStars Hand #252923809080: Tournament #3811852951, $1.84+$0.16 USD Hold'em No Limit - Level IV (30/60) - 2024/10/14 16:16:28 CET [2024/10/14 10:16:28 ET]
Table '3811852951 1' 3-max Seat #3 is the button
Seat 2: Mahu2021 (504 in chips) 
Seat 3: UésleiSBR (996 in chips) 
UésleiSBR: posts small blind 30
Mahu2021: posts big blind 60
*** HOLE CARDS ***
Dealt to Mahu2021 [5h 3c]
UésleiSBR: calls 30
Mahu2021: checks 
*** FLOP *** [Ts Qs 6c]
Mahu2021: checks 
UésleiSBR: checks 
*** TURN *** [Ts Qs 6c] [3h]
Mahu2021: bets 60
UésleiSBR: calls 60
*** RIVER *** [Ts Qs 6c 3h] [4s]
Mahu2021: bets 60
UésleiSBR: calls 60
*** SHOW DOWN ***
Mahu2021: shows [5h 3c] (a pair of Threes)
UésleiSBR: shows [9d Qh] (a pair of Queens)
UésleiSBR collected 360 from pot
*** SUMMARY ***
Total pot 360 | Rake 0 
Board [Ts Qs 6c 3h 4s]
Seat 2: Mahu2021 (big blind) showed [5h 3c] and lost with a pair of Threes
Seat 3: UésleiSBR (button) (small blind) showed [9d Qh] and won (360) with a pair of Queens



PokerStars Hand #252923811951: Tournament #3811852951, $1.84+$0.16 USD Hold'em No Limit - Level IV (30/60) - 2024/10/14 16:16:42 CET [2024/10/14 10:16:42 ET]
Table '3811852951 1' 3-max Seat #2 is the button
Seat 2: Mahu2021 (324 in chips) 
Seat 3: UésleiSBR (1176 in chips) 
Mahu2021: posts small blind 30
UésleiSBR: posts big blind 60
*** HOLE CARDS ***
Dealt to Mahu2021 [9s 3s]
Mahu2021: folds 
Uncalled bet (30) returned to UésleiSBR
UésleiSBR collected 60 from pot
UésleiSBR: doesn't show hand 
*** SUMMARY ***
Total pot 60 | Rake 0 
Seat 2: Mahu2021 (button) (small blind) folded before Flop
Seat 3: UésleiSBR (big blind) collected (60)



PokerStars Hand #252923812783: Tournament #3811852951, $1.84+$0.16 USD Hold'em No Limit - Level IV (30/60) - 2024/10/14 16:16:46 CET [2024/10/14 10:16:46 ET]
Table '3811852951 1' 3-max Seat #3 is the button
Seat 2: Mahu2021 (294 in chips) 
Seat 3: UésleiSBR (1206 in chips) 
UésleiSBR: posts small blind 30
Mahu2021: posts big blind 60
*** HOLE CARDS ***
Dealt to Mahu2021 [6h Js]
UésleiSBR: calls 30
Mahu2021: raises 234 to 294 and is all-in
UésleiSBR: calls 234
*** FLOP *** [Ks 2h 3d]
*** TURN *** [Ks 2h 3d] [Jd]
*** RIVER *** [Ks 2h 3d Jd] [Kc]
*** SHOW DOWN ***
Mahu2021: shows [6h Js] (two pair, Kings and Jacks)
UésleiSBR: shows [Tc 8d] (a pair of Kings)
Mahu2021 collected 588 from pot
*** SUMMARY ***
Total pot 588 | Rake 0 
Board [Ks 2h 3d Jd Kc]
Seat 2: Mahu2021 (big blind) showed [6h Js] and won (588) with two pair, Kings and Jacks
Seat 3: UésleiSBR (button) (small blind) showed [Tc 8d] and lost with a pair of Kings



PokerStars Hand #252923815342: Tournament #3811852951, $1.84+$0.16 USD Hold'em No Limit - Level IV (30/60) - 2024/10/14 16:17:00 CET [2024/10/14 10:17:00 ET]
Table '3811852951 1' 3-max Seat #2 is the button
Seat 2: Mahu2021 (588 in chips) 
Seat 3: UésleiSBR (912 in chips) 
Mahu2021: posts small blind 30
UésleiSBR: posts big blind 60
*** HOLE CARDS ***
Dealt to Mahu2021 [Kc 9h]
Mahu2021: raises 60 to 120
UésleiSBR: folds 
Uncalled bet (60) returned to Mahu2021
Mahu2021 collected 120 from pot
Mahu2021: doesn't show hand 
*** SUMMARY ***
Total pot 120 | Rake 0 
Seat 2: Mahu2021 (button) (small blind) collected (120)
Seat 3: UésleiSBR (big blind) folded before Flop



PokerStars Hand #252923816404: Tournament #3811852951, $1.84+$0.16 USD Hold'em No Limit - Level IV (30/60) - 2024/10/14 16:17:05 CET [2024/10/14 10:17:05 ET]
Table '3811852951 1' 3-max Seat #3 is the button
Seat 2: Mahu2021 (648 in chips) 
Seat 3: UésleiSBR (852 in chips) 
UésleiSBR: posts small blind 30
Mahu2021: posts big blind 60
*** HOLE CARDS ***
Dealt to Mahu2021 [8h Kh]
UésleiSBR: folds 
Uncalled bet (30) returned to Mahu2021
Mahu2021 collected 60 from pot
Mahu2021: doesn't show hand 
*** SUMMARY ***
Total pot 60 | Rake 0 
Seat 2: Mahu2021 (big blind) collected (60)
Seat 3: UésleiSBR (button) (small blind) folded before Flop



PokerStars Hand #252923817270: Tournament #3811852951, $1.84+$0.16 USD Hold'em No Limit - Level IV (30/60) - 2024/10/14 16:17:10 CET [2024/10/14 10:17:10 ET]
Table '3811852951 1' 3-max Seat #2 is the button
Seat 2: Mahu2021 (678 in chips) 
Seat 3: UésleiSBR (822 in chips) 
Mahu2021: posts small blind 30
UésleiSBR: posts big blind 60
*** HOLE CARDS ***
Dealt to Mahu2021 [Qh 8s]
Mahu2021: raises 60 to 120
UésleiSBR: raises 240 to 360
Mahu2021: folds 
Uncalled bet (240) returned to UésleiSBR
UésleiSBR collected 240 from pot
UésleiSBR: doesn't show hand 
*** SUMMARY ***
Total pot 240 | Rake 0 
Seat 2: Mahu2021 (button) (small blind) folded before Flop
Seat 3: UésleiSBR (big blind) collected (240)



PokerStars Hand #252923819071: Tournament #3811852951, $1.84+$0.16 USD Hold'em No Limit - Level IV (30/60) - 2024/10/14 16:17:19 CET [2024/10/14 10:17:19 ET]
Table '3811852951 1' 3-max Seat #3 is the button
Seat 2: Mahu2021 (558 in chips) 
Seat 3: UésleiSBR (942 in chips) 
UésleiSBR: posts small blind 30
Mahu2021: posts big blind 60
*** HOLE CARDS ***
Dealt to Mahu2021 [Th 5d]
UésleiSBR: calls 30
Mahu2021: checks 
*** FLOP *** [8s 9d Tc]
Mahu2021: bets 60
UésleiSBR: calls 60
*** TURN *** [8s 9d Tc] [Qs]
Mahu2021: bets 60
UésleiSBR: calls 60
*** RIVER *** [8s 9d Tc Qs] [6d]
Mahu2021: bets 378 and is all-in
UésleiSBR: folds 
Uncalled bet (378) returned to Mahu2021
Mahu2021 collected 360 from pot
Mahu2021: doesn't show hand 
*** SUMMARY ***
Total pot 360 | Rake 0 
Board [8s 9d Tc Qs 6d]
Seat 2: Mahu2021 (big blind) collected (360)
Seat 3: UésleiSBR (button) (small blind) folded on the River



PokerStars Hand #252923824381: Tournament #3811852951, $1.84+$0.16 USD Hold'em No Limit - Level IV (30/60) - 2024/10/14 16:17:46 CET [2024/10/14 10:17:46 ET]
Table '3811852951 1' 3-max Seat #2 is the button
Seat 2: Mahu2021 (738 in chips) 
Seat 3: UésleiSBR (762 in chips) 
Mahu2021: posts small blind 30
UésleiSBR: posts big blind 60
*** HOLE CARDS ***
Dealt to Mahu2021 [3d 9h]
Mahu2021: folds 
Uncalled bet (30) returned to UésleiSBR
UésleiSBR collected 60 from pot
UésleiSBR: doesn't show hand 
*** SUMMARY ***
Total pot 60 | Rake 0 
Seat 2: Mahu2021 (button) (small blind) folded before Flop
Seat 3: UésleiSBR (big blind) collected (60)



PokerStars Hand #252923825209: Tournament #3811852951, $1.84+$0.16 USD Hold'em No Limit - Level IV (30/60) - 2024/10/14 16:17:50 CET [2024/10/14 10:17:50 ET]
Table '3811852951 1' 3-max Seat #3 is the button
Seat 2: Mahu2021 (708 in chips) 
Seat 3: UésleiSBR (792 in chips) 
UésleiSBR: posts small blind 30
Mahu2021: posts big blind 60
*** HOLE CARDS ***
Dealt to Mahu2021 [4d Ah]
UésleiSBR: calls 30
Mahu2021: raises 120 to 180
UésleiSBR: calls 120
*** FLOP *** [2s 9d 7d]
Mahu2021: bets 180
UésleiSBR: folds 
Uncalled bet (180) returned to Mahu2021
Mahu2021 collected 360 from pot
Mahu2021: doesn't show hand 
*** SUMMARY ***
Total pot 360 | Rake 0 
Board [2s 9d 7d]
Seat 2: Mahu2021 (big blind) collected (360)
Seat 3: UésleiSBR (button) (small blind) folded on the Flop



PokerStars Hand #252923828314: Tournament #3811852951, $1.84+$0.16 USD Hold'em No Limit - Level IV (30/60) - 2024/10/14 16:18:06 CET [2024/10/14 10:18:06 ET]
Table '3811852951 1' 3-max Seat #2 is the button
Seat 2: Mahu2021 (888 in chips) 
Seat 3: UésleiSBR (612 in chips) 
Mahu2021: posts small blind 30
UésleiSBR: posts big blind 60
*** HOLE CARDS ***
Dealt to Mahu2021 [8d Qs]
Mahu2021: calls 30
UésleiSBR: checks 
*** FLOP *** [7d 5d Tc]
UésleiSBR: checks 
Mahu2021: checks 
*** TURN *** [7d 5d Tc] [3c]
UésleiSBR: bets 90
Mahu2021: folds 
Uncalled bet (90) returned to UésleiSBR
UésleiSBR collected 120 from pot
UésleiSBR: doesn't show hand 
*** SUMMARY ***
Total pot 120 | Rake 0 
Board [7d 5d Tc 3c]
Seat 2: Mahu2021 (button) (small blind) folded on the Turn
Seat 3: UésleiSBR (big blind) collected (120)



PokerStars Hand #252923831315: Tournament #3811852951, $1.84+$0.16 USD Hold'em No Limit - Level V (40/80) - 2024/10/14 16:18:21 CET [2024/10/14 10:18:21 ET]
Table '3811852951 1' 3-max Seat #3 is the button
Seat 2: Mahu2021 (828 in chips) 
Seat 3: UésleiSBR (672 in chips) 
UésleiSBR: posts small blind 40
Mahu2021: posts big blind 80
*** HOLE CARDS ***
Dealt to Mahu2021 [As Jh]
UésleiSBR: raises 80 to 160
Mahu2021: raises 668 to 828 and is all-in
UésleiSBR: folds 
Uncalled bet (668) returned to Mahu2021
Mahu2021 collected 320 from pot
Mahu2021: doesn't show hand 
*** SUMMARY ***
Total pot 320 | Rake 0 
Seat 2: Mahu2021 (big blind) collected (320)
Seat 3: UésleiSBR (button) (small blind) folded before Flop



PokerStars Hand #252923832835: Tournament #3811852951, $1.84+$0.16 USD Hold'em No Limit - Level V (40/80) - 2024/10/14 16:18:29 CET [2024/10/14 10:18:29 ET]
Table '3811852951 1' 3-max Seat #2 is the button
Seat 2: Mahu2021 (988 in chips) 
Seat 3: UésleiSBR (512 in chips) 
Mahu2021: posts small blind 40
UésleiSBR: posts big blind 80
*** HOLE CARDS ***
Dealt to Mahu2021 [5h 6s]
Mahu2021: calls 40
UésleiSBR: checks 
*** FLOP *** [Qh Qd 8c]
UésleiSBR: checks 
Mahu2021: bets 80
UésleiSBR: calls 80
*** TURN *** [Qh Qd 8c] [7h]
UésleiSBR: checks 
Mahu2021: checks 
*** RIVER *** [Qh Qd 8c 7h] [9h]
UésleiSBR: checks 
Mahu2021: bets 160
UésleiSBR: raises 192 to 352 and is all-in
Mahu2021: calls 192
*** SHOW DOWN ***
UésleiSBR: shows [Qc 3d] (three of a kind, Queens)
Mahu2021: shows [5h 6s] (a straight, Five to Nine)
Mahu2021 collected 1024 from pot
UésleiSBR finished the tournament in 2nd place
Mahu2021 wins the tournament and receives $8.00 - congratulations!
*** SUMMARY ***
Total pot 1024 | Rake 0 
Board [Qh Qd 8c 7h 9h]
Seat 2: Mahu2021 (button) (small blind) showed [5h 6s] and won (1024) with a straight, Five to Nine
Seat 3: UésleiSBR (big blind) showed [Qc 3d] and lost with three of a kind, Queens



