PokerStars Hand #253417680054: Tournament #3823863380, $0.46+$0.04 USD Hold'em No Limit - Level I (10/20) - 2024/11/15 21:08:01 CET [2024/11/15 15:08:01 ET]
Table '3823863380 1' 3-max Seat #1 is the button
Seat 1: Edgar_Linton (500 in chips) 
Seat 2: Mahu2021 (500 in chips) 
Seat 3: eugenefitz (500 in chips) 
Mahu2021: posts small blind 10
eugenefitz: posts big blind 20
*** HOLE CARDS ***
Dealt to Mahu2021 [As 4s]
Edgar_Linton: folds 
Mahu2021: raises 20 to 40
eugenefitz: calls 20
*** FLOP *** [8d Jd Kc]
Mahu2021: checks 
eugenefitz: checks 
*** TURN *** [8d Jd Kc] [Qs]
Mahu2021: checks 
eugenefitz: bets 460 and is all-in
Mahu2021: folds 
Uncalled bet (460) returned to eugenefitz
eugenefitz collected 80 from pot
*** SUMMARY ***
Total pot 80 | Rake 0 
Board [8d Jd Kc Qs]
Seat 1: Edgar_Linton (button) folded before Flop (didn't bet)
Seat 2: Mahu2021 (small blind) folded on the Turn
Seat 3: eugenefitz (big blind) collected (80)



PokerStars Hand #253417686225: Tournament #3823863380, $0.46+$0.04 USD Hold'em No Limit - Level I (10/20) - 2024/11/15 21:08:23 CET [2024/11/15 15:08:23 ET]
Table '3823863380 1' 3-max Seat #2 is the button
Seat 1: Edgar_Linton (500 in chips) 
Seat 2: Mahu2021 (460 in chips) 
Seat 3: eugenefitz (540 in chips) 
eugenefitz: posts small blind 10
Edgar_Linton: posts big blind 20
*** HOLE CARDS ***
Dealt to Mahu2021 [Kd 9d]
Mahu2021: raises 20 to 40
eugenefitz: calls 30
Edgar_Linton: calls 20
*** FLOP *** [6h 8s Qs]
eugenefitz: checks 
Edgar_Linton: bets 60
Mahu2021: folds 
eugenefitz: raises 60 to 120
Edgar_Linton: folds 
Uncalled bet (60) returned to eugenefitz
eugenefitz collected 240 from pot
*** SUMMARY ***
Total pot 240 | Rake 0 
Board [6h 8s Qs]
Seat 1: Edgar_Linton (big blind) folded on the Flop
Seat 2: Mahu2021 (button) folded on the Flop
Seat 3: eugenefitz (small blind) collected (240)



PokerStars Hand #253417692591: Tournament #3823863380, $0.46+$0.04 USD Hold'em No Limit - Level I (10/20) - 2024/11/15 21:08:44 CET [2024/11/15 15:08:44 ET]
Table '3823863380 1' 3-max Seat #3 is the button
Seat 1: Edgar_Linton (400 in chips) 
Seat 2: Mahu2021 (420 in chips) 
Seat 3: eugenefitz (680 in chips) 
Edgar_Linton: posts small blind 10
Mahu2021: posts big blind 20
*** HOLE CARDS ***
Dealt to Mahu2021 [4s 6c]
eugenefitz: folds 
Edgar_Linton: raises 30 to 50
Mahu2021: folds 
Uncalled bet (30) returned to Edgar_Linton
Edgar_Linton collected 40 from pot
Edgar_Linton: doesn't show hand 
*** SUMMARY ***
Total pot 40 | Rake 0 
Seat 1: Edgar_Linton (small blind) collected (40)
Seat 2: Mahu2021 (big blind) folded before Flop
Seat 3: eugenefitz (button) folded before Flop (didn't bet)



PokerStars Hand #253417695922: Tournament #3823863380, $0.46+$0.04 USD Hold'em No Limit - Level I (10/20) - 2024/11/15 21:08:56 CET [2024/11/15 15:08:56 ET]
Table '3823863380 1' 3-max Seat #1 is the button
Seat 1: Edgar_Linton (420 in chips) 
Seat 2: Mahu2021 (400 in chips) 
Seat 3: eugenefitz (680 in chips) 
Mahu2021: posts small blind 10
eugenefitz: posts big blind 20
*** HOLE CARDS ***
Dealt to Mahu2021 [Ah Js]
Edgar_Linton: raises 30 to 50
Mahu2021: calls 40
eugenefitz: calls 30
*** FLOP *** [3s 8h 4c]
Mahu2021: checks 
eugenefitz: bets 630 and is all-in
Edgar_Linton: folds 
Mahu2021: folds 
Uncalled bet (630) returned to eugenefitz
eugenefitz collected 150 from pot
*** SUMMARY ***
Total pot 150 | Rake 0 
Board [3s 8h 4c]
Seat 1: Edgar_Linton (button) folded on the Flop
Seat 2: Mahu2021 (small blind) folded on the Flop
Seat 3: eugenefitz (big blind) collected (150)



PokerStars Hand #253417701657: Tournament #3823863380, $0.46+$0.04 USD Hold'em No Limit - Level I (10/20) - 2024/11/15 21:09:15 CET [2024/11/15 15:09:15 ET]
Table '3823863380 1' 3-max Seat #2 is the button
Seat 1: Edgar_Linton (370 in chips) 
Seat 2: Mahu2021 (350 in chips) 
Seat 3: eugenefitz (780 in chips) 
eugenefitz: posts small blind 10
Edgar_Linton: posts big blind 20
*** HOLE CARDS ***
Dealt to Mahu2021 [7h 4h]
Mahu2021: folds 
eugenefitz: calls 10
Edgar_Linton: checks 
*** FLOP *** [4c 5c 6d]
eugenefitz: checks 
Edgar_Linton: bets 40
eugenefitz: calls 40
*** TURN *** [4c 5c 6d] [7s]
eugenefitz: checks 
Edgar_Linton: bets 80
eugenefitz: calls 80
*** RIVER *** [4c 5c 6d 7s] [Jh]
eugenefitz: bets 640 and is all-in
Edgar_Linton: calls 230 and is all-in
Uncalled bet (410) returned to eugenefitz
*** SHOW DOWN ***
eugenefitz: shows [4s Qd] (a pair of Fours)
Edgar_Linton: shows [6s Kh] (a pair of Sixes)
Edgar_Linton collected 740 from pot
*** SUMMARY ***
Total pot 740 | Rake 0 
Board [4c 5c 6d 7s Jh]
Seat 1: Edgar_Linton (big blind) showed [6s Kh] and won (740) with a pair of Sixes
Seat 2: Mahu2021 (button) folded before Flop (didn't bet)
Seat 3: eugenefitz (small blind) showed [4s Qd] and lost with a pair of Fours



PokerStars Hand #253417712013: Tournament #3823863380, $0.46+$0.04 USD Hold'em No Limit - Level I (10/20) - 2024/11/15 21:09:50 CET [2024/11/15 15:09:50 ET]
Table '3823863380 1' 3-max Seat #3 is the button
Seat 1: Edgar_Linton (740 in chips) 
Seat 2: Mahu2021 (350 in chips) 
Seat 3: eugenefitz (410 in chips) 
Edgar_Linton: posts small blind 10
Mahu2021: posts big blind 20
*** HOLE CARDS ***
Dealt to Mahu2021 [5h Kd]
eugenefitz: calls 20
Edgar_Linton: folds 
Mahu2021: checks 
*** FLOP *** [Qd 7h Qs]
Mahu2021: checks 
eugenefitz: bets 20
Mahu2021: folds 
Uncalled bet (20) returned to eugenefitz
eugenefitz collected 50 from pot
*** SUMMARY ***
Total pot 50 | Rake 0 
Board [Qd 7h Qs]
Seat 1: Edgar_Linton (small blind) folded before Flop
Seat 2: Mahu2021 (big blind) folded on the Flop
Seat 3: eugenefitz (button) collected (50)



PokerStars Hand #253417718066: Tournament #3823863380, $0.46+$0.04 USD Hold'em No Limit - Level II (15/30) - 2024/11/15 21:10:10 CET [2024/11/15 15:10:10 ET]
Table '3823863380 1' 3-max Seat #1 is the button
Seat 1: Edgar_Linton (730 in chips) 
Seat 2: Mahu2021 (330 in chips) 
Seat 3: eugenefitz (440 in chips) 
Mahu2021: posts small blind 15
eugenefitz: posts big blind 30
*** HOLE CARDS ***
Dealt to Mahu2021 [5d Qs]
Edgar_Linton: folds 
Mahu2021: calls 15
eugenefitz: checks 
*** FLOP *** [Qd 7s Js]
Mahu2021: checks 
eugenefitz: checks 
*** TURN *** [Qd 7s Js] [6h]
Mahu2021: checks 
eugenefitz: checks 
*** RIVER *** [Qd 7s Js 6h] [6c]
Mahu2021: bets 60
eugenefitz: raises 350 to 410 and is all-in
Mahu2021: calls 240 and is all-in
Uncalled bet (110) returned to eugenefitz
*** SHOW DOWN ***
eugenefitz: shows [Jd 9c] (two pair, Jacks and Sixes)
Mahu2021: shows [5d Qs] (two pair, Queens and Sixes)
Mahu2021 collected 660 from pot
*** SUMMARY ***
Total pot 660 | Rake 0 
Board [Qd 7s Js 6h 6c]
Seat 1: Edgar_Linton (button) folded before Flop (didn't bet)
Seat 2: Mahu2021 (small blind) showed [5d Qs] and won (660) with two pair, Queens and Sixes
Seat 3: eugenefitz (big blind) showed [Jd 9c] and lost with two pair, Jacks and Sixes



PokerStars Hand #253417725565: Tournament #3823863380, $0.46+$0.04 USD Hold'em No Limit - Level II (15/30) - 2024/11/15 21:10:35 CET [2024/11/15 15:10:35 ET]
Table '3823863380 1' 3-max Seat #2 is the button
Seat 1: Edgar_Linton (730 in chips) 
Seat 2: Mahu2021 (660 in chips) 
Seat 3: eugenefitz (110 in chips) 
eugenefitz: posts small blind 15
Edgar_Linton: posts big blind 30
*** HOLE CARDS ***
Dealt to Mahu2021 [7s 9c]
Mahu2021: folds 
eugenefitz: raises 80 to 110 and is all-in
Edgar_Linton: calls 80
*** FLOP *** [9h 9s Qd]
*** TURN *** [9h 9s Qd] [2d]
*** RIVER *** [9h 9s Qd 2d] [6d]
*** SHOW DOWN ***
eugenefitz: shows [As 4c] (a pair of Nines)
Edgar_Linton: shows [Kd 7c] (a pair of Nines - lower kicker)
eugenefitz collected 220 from pot
*** SUMMARY ***
Total pot 220 | Rake 0 
Board [9h 9s Qd 2d 6d]
Seat 1: Edgar_Linton (big blind) showed [Kd 7c] and lost with a pair of Nines
Seat 2: Mahu2021 (button) folded before Flop (didn't bet)
Seat 3: eugenefitz (small blind) showed [As 4c] and won (220) with a pair of Nines



PokerStars Hand #253417730583: Tournament #3823863380, $0.46+$0.04 USD Hold'em No Limit - Level II (15/30) - 2024/11/15 21:10:52 CET [2024/11/15 15:10:52 ET]
Table '3823863380 1' 3-max Seat #3 is the button
Seat 1: Edgar_Linton (620 in chips) 
Seat 2: Mahu2021 (660 in chips) 
Seat 3: eugenefitz (220 in chips) 
Edgar_Linton: posts small blind 15
Mahu2021: posts big blind 30
*** HOLE CARDS ***
Dealt to Mahu2021 [6c 5c]
eugenefitz: raises 190 to 220 and is all-in
Edgar_Linton: raises 400 to 620 and is all-in
Mahu2021: folds 
Uncalled bet (400) returned to Edgar_Linton
*** FLOP *** [5s 5d 7d]
*** TURN *** [5s 5d 7d] [6s]
*** RIVER *** [5s 5d 7d 6s] [3h]
*** SHOW DOWN ***
Edgar_Linton: shows [7h 7c] (a full house, Sevens full of Fives)
eugenefitz: shows [Kd Qh] (a pair of Fives)
Edgar_Linton collected 470 from pot
eugenefitz finished the tournament in 3rd place
*** SUMMARY ***
Total pot 470 | Rake 0 
Board [5s 5d 7d 6s 3h]
Seat 1: Edgar_Linton (small blind) showed [7h 7c] and won (470) with a full house, Sevens full of Fives
Seat 2: Mahu2021 (big blind) folded before Flop
Seat 3: eugenefitz (button) showed [Kd Qh] and lost with a pair of Fives



PokerStars Hand #253417736412: Tournament #3823863380, $0.46+$0.04 USD Hold'em No Limit - Level II (15/30) - 2024/11/15 21:11:11 CET [2024/11/15 15:11:11 ET]
Table '3823863380 1' 3-max Seat #2 is the button
Seat 1: Edgar_Linton (870 in chips) 
Seat 2: Mahu2021 (630 in chips) 
Mahu2021: posts small blind 15
Edgar_Linton: posts big blind 30
*** HOLE CARDS ***
Dealt to Mahu2021 [3s 7d]
Mahu2021: folds 
Uncalled bet (15) returned to Edgar_Linton
Edgar_Linton collected 30 from pot
Edgar_Linton: doesn't show hand 
*** SUMMARY ***
Total pot 30 | Rake 0 
Seat 1: Edgar_Linton (big blind) collected (30)
Seat 2: Mahu2021 (button) (small blind) folded before Flop



PokerStars Hand #253417737653: Tournament #3823863380, $0.46+$0.04 USD Hold'em No Limit - Level II (15/30) - 2024/11/15 21:11:15 CET [2024/11/15 15:11:15 ET]
Table '3823863380 1' 3-max Seat #1 is the button
Seat 1: Edgar_Linton (885 in chips) 
Seat 2: Mahu2021 (615 in chips) 
Edgar_Linton: posts small blind 15
Mahu2021: posts big blind 30
*** HOLE CARDS ***
Dealt to Mahu2021 [Ah 7c]
Edgar_Linton: folds 
Uncalled bet (15) returned to Mahu2021
Mahu2021 collected 30 from pot
Mahu2021: doesn't show hand 
*** SUMMARY ***
Total pot 30 | Rake 0 
Seat 1: Edgar_Linton (button) (small blind) folded before Flop
Seat 2: Mahu2021 (big blind) collected (30)



PokerStars Hand #253417738923: Tournament #3823863380, $0.46+$0.04 USD Hold'em No Limit - Level II (15/30) - 2024/11/15 21:11:19 CET [2024/11/15 15:11:19 ET]
Table '3823863380 1' 3-max Seat #2 is the button
Seat 1: Edgar_Linton (870 in chips) 
Seat 2: Mahu2021 (630 in chips) 
Mahu2021: posts small blind 15
Edgar_Linton: posts big blind 30
*** HOLE CARDS ***
Dealt to Mahu2021 [8s 2d]
Mahu2021: folds 
Uncalled bet (15) returned to Edgar_Linton
Edgar_Linton collected 30 from pot
Edgar_Linton: doesn't show hand 
*** SUMMARY ***
Total pot 30 | Rake 0 
Seat 1: Edgar_Linton (big blind) collected (30)
Seat 2: Mahu2021 (button) (small blind) folded before Flop



PokerStars Hand #253417740151: Tournament #3823863380, $0.46+$0.04 USD Hold'em No Limit - Level II (15/30) - 2024/11/15 21:11:24 CET [2024/11/15 15:11:24 ET]
Table '3823863380 1' 3-max Seat #1 is the button
Seat 1: Edgar_Linton (885 in chips) 
Seat 2: Mahu2021 (615 in chips) 
Edgar_Linton: posts small blind 15
Mahu2021: posts big blind 30
*** HOLE CARDS ***
Dealt to Mahu2021 [5s 7d]
Edgar_Linton: raises 30 to 60
Mahu2021: folds 
Uncalled bet (30) returned to Edgar_Linton
Edgar_Linton collected 60 from pot
*** SUMMARY ***
Total pot 60 | Rake 0 
Seat 1: Edgar_Linton (button) (small blind) collected (60)
Seat 2: Mahu2021 (big blind) folded before Flop



PokerStars Hand #253417741644: Tournament #3823863380, $0.46+$0.04 USD Hold'em No Limit - Level II (15/30) - 2024/11/15 21:11:29 CET [2024/11/15 15:11:29 ET]
Table '3823863380 1' 3-max Seat #2 is the button
Seat 1: Edgar_Linton (915 in chips) 
Seat 2: Mahu2021 (585 in chips) 
Mahu2021: posts small blind 15
Edgar_Linton: posts big blind 30
*** HOLE CARDS ***
Dealt to Mahu2021 [3h 3d]
Mahu2021: raises 555 to 585 and is all-in
Edgar_Linton: calls 555
*** FLOP *** [9c 7h Jc]
*** TURN *** [9c 7h Jc] [Kh]
*** RIVER *** [9c 7h Jc Kh] [7s]
*** SHOW DOWN ***
Edgar_Linton: shows [Ah Tc] (a pair of Sevens)
Mahu2021: shows [3h 3d] (two pair, Sevens and Threes)
Mahu2021 collected 1170 from pot
*** SUMMARY ***
Total pot 1170 | Rake 0 
Board [9c 7h Jc Kh 7s]
Seat 1: Edgar_Linton (big blind) showed [Ah Tc] and lost with a pair of Sevens
Seat 2: Mahu2021 (button) (small blind) showed [3h 3d] and won (1170) with two pair, Sevens and Threes



PokerStars Hand #253417745411: Tournament #3823863380, $0.46+$0.04 USD Hold'em No Limit - Level II (15/30) - 2024/11/15 21:11:41 CET [2024/11/15 15:11:41 ET]
Table '3823863380 1' 3-max Seat #1 is the button
Seat 1: Edgar_Linton (330 in chips) 
Seat 2: Mahu2021 (1170 in chips) 
Edgar_Linton: posts small blind 15
Mahu2021: posts big blind 30
*** HOLE CARDS ***
Dealt to Mahu2021 [Qh Td]
Edgar_Linton: raises 300 to 330 and is all-in
Mahu2021: calls 300
*** FLOP *** [4d Th 7c]
*** TURN *** [4d Th 7c] [2d]
*** RIVER *** [4d Th 7c 2d] [2h]
*** SHOW DOWN ***
Mahu2021: shows [Qh Td] (two pair, Tens and Deuces)
Edgar_Linton: shows [3c As] (a pair of Deuces)
Mahu2021 collected 660 from pot
Edgar_Linton finished the tournament in 2nd place
Mahu2021 wins the tournament - congratulations!
Mahu2021 wins a '$1.50 Power Path Step 2 Ticket' ticket
*** SUMMARY ***
Total pot 660 | Rake 0 
Board [4d Th 7c 2d 2h]
Seat 1: Edgar_Linton (button) (small blind) showed [3c As] and lost with a pair of Deuces
Seat 2: Mahu2021 (big blind) showed [Qh Td] and won (660) with two pair, Tens and Deuces



