PokerStars Hand #250078485051: Tournament #3744309293, $1.84+$0.16 USD Hold'em No Limit - Level I (10/20) - 2024/04/20 20:34:20 CET [2024/04/20 14:34:20 ET]
Table '3744309293 1' 3-max Seat #1 is the button
Seat 1: hakkebreiter (500 in chips) 
Seat 2: Mahu2021 (500 in chips) 
Seat 3: Molivepoker (500 in chips) 
Mahu2021: posts small blind 10
Molivepoker: posts big blind 20
*** HOLE CARDS ***
Dealt to Mahu2021 [Kh Qc]
hakkebreiter: calls 20
Mahu2021: calls 10
Molivepoker: raises 20 to 40
hakkebreiter: calls 20
Mahu2021: calls 20
*** FLOP *** [7d 9d Kd]
Mahu2021: checks 
Molivepoker: bets 40
hakkebreiter: folds 
Mahu2021: calls 40
*** TURN *** [7d 9d Kd] [Ac]
Mahu2021: checks 
Molivepoker: bets 40
Mahu2021: calls 40
*** RIVER *** [7d 9d Kd Ac] [7s]
Mahu2021: checks 
Molivepoker: bets 100
Mahu2021: calls 100
*** SHOW DOWN ***
Molivepoker: shows [3c Kc] (two pair, Kings and Sevens)
Mahu2021: shows [Kh Qc] (two pair, Kings and Sevens)
Mahu2021 collected 240 from pot
Molivepoker collected 240 from pot
*** SUMMARY ***
Total pot 480 | Rake 0 
Board [7d 9d Kd Ac 7s]
Seat 1: hakkebreiter (button) folded on the Flop
Seat 2: Mahu2021 (small blind) showed [Kh Qc] and won (240) with two pair, Kings and Sevens
Seat 3: Molivepoker (big blind) showed [3c Kc] and won (240) with two pair, Kings and Sevens



PokerStars Hand #250078498924: Tournament #3744309293, $1.84+$0.16 USD Hold'em No Limit - Level I (10/20) - 2024/04/20 20:35:03 CET [2024/04/20 14:35:03 ET]
Table '3744309293 1' 3-max Seat #2 is the button
Seat 1: hakkebreiter (460 in chips) 
Seat 2: Mahu2021 (520 in chips) 
Seat 3: Molivepoker (520 in chips) 
Molivepoker: posts small blind 10
hakkebreiter: posts big blind 20
*** HOLE CARDS ***
Dealt to Mahu2021 [Qs Tc]
Mahu2021: calls 20
Molivepoker: calls 10
hakkebreiter: checks 
*** FLOP *** [Ks Ac 6s]
Molivepoker: checks 
hakkebreiter: checks 
Mahu2021: checks 
*** TURN *** [Ks Ac 6s] [Td]
Molivepoker: checks 
hakkebreiter: checks 
Mahu2021: checks 
*** RIVER *** [Ks Ac 6s Td] [3h]
Molivepoker: checks 
hakkebreiter: checks 
Mahu2021: checks 
*** SHOW DOWN ***
Molivepoker: shows [Js 4h] (high card Ace)
hakkebreiter: shows [3s 8c] (a pair of Threes)
Mahu2021: shows [Qs Tc] (a pair of Tens)
Mahu2021 collected 60 from pot
*** SUMMARY ***
Total pot 60 | Rake 0 
Board [Ks Ac 6s Td 3h]
Seat 1: hakkebreiter (big blind) showed [3s 8c] and lost with a pair of Threes
Seat 2: Mahu2021 (button) showed [Qs Tc] and won (60) with a pair of Tens
Seat 3: Molivepoker (small blind) showed [Js 4h] and lost with high card Ace



PokerStars Hand #250078506719: Tournament #3744309293, $1.84+$0.16 USD Hold'em No Limit - Level I (10/20) - 2024/04/20 20:35:27 CET [2024/04/20 14:35:27 ET]
Table '3744309293 1' 3-max Seat #3 is the button
Seat 1: hakkebreiter (440 in chips) 
Seat 2: Mahu2021 (560 in chips) 
Seat 3: Molivepoker (500 in chips) 
hakkebreiter: posts small blind 10
Mahu2021: posts big blind 20
*** HOLE CARDS ***
Dealt to Mahu2021 [9s 5h]
Molivepoker: calls 20
hakkebreiter: calls 10
Mahu2021: checks 
*** FLOP *** [5s 3h Td]
hakkebreiter: checks 
Mahu2021: bets 20
Molivepoker: calls 20
hakkebreiter: folds 
*** TURN *** [5s 3h Td] [Ah]
Mahu2021: checks 
Molivepoker: checks 
*** RIVER *** [5s 3h Td Ah] [4h]
Mahu2021: checks 
Molivepoker: checks 
*** SHOW DOWN ***
Mahu2021: shows [9s 5h] (a pair of Fives)
Molivepoker: shows [9c 5c] (a pair of Fives)
Mahu2021 collected 50 from pot
Molivepoker collected 50 from pot
*** SUMMARY ***
Total pot 100 | Rake 0 
Board [5s 3h Td Ah 4h]
Seat 1: hakkebreiter (small blind) folded on the Flop
Seat 2: Mahu2021 (big blind) showed [9s 5h] and won (50) with a pair of Fives
Seat 3: Molivepoker (button) showed [9c 5c] and won (50) with a pair of Fives



PokerStars Hand #250078520353: Tournament #3744309293, $1.84+$0.16 USD Hold'em No Limit - Level I (10/20) - 2024/04/20 20:36:09 CET [2024/04/20 14:36:09 ET]
Table '3744309293 1' 3-max Seat #1 is the button
Seat 1: hakkebreiter (420 in chips) 
Seat 2: Mahu2021 (570 in chips) 
Seat 3: Molivepoker (510 in chips) 
Mahu2021: posts small blind 10
Molivepoker: posts big blind 20
*** HOLE CARDS ***
Dealt to Mahu2021 [Jd 2d]
hakkebreiter: calls 20
Mahu2021: calls 10
Molivepoker: checks 
*** FLOP *** [4d 8h 3s]
Mahu2021: checks 
Molivepoker: checks 
hakkebreiter: bets 20
Mahu2021: folds 
Molivepoker: folds 
Uncalled bet (20) returned to hakkebreiter
hakkebreiter collected 60 from pot
*** SUMMARY ***
Total pot 60 | Rake 0 
Board [4d 8h 3s]
Seat 1: hakkebreiter (button) collected (60)
Seat 2: Mahu2021 (small blind) folded on the Flop
Seat 3: Molivepoker (big blind) folded on the Flop



PokerStars Hand #250078527356: Tournament #3744309293, $1.84+$0.16 USD Hold'em No Limit - Level I (10/20) - 2024/04/20 20:36:31 CET [2024/04/20 14:36:31 ET]
Table '3744309293 1' 3-max Seat #2 is the button
Seat 1: hakkebreiter (460 in chips) 
Seat 2: Mahu2021 (550 in chips) 
Seat 3: Molivepoker (490 in chips) 
Molivepoker: posts small blind 10
hakkebreiter: posts big blind 20
*** HOLE CARDS ***
Dealt to Mahu2021 [Td Js]
Mahu2021: calls 20
Molivepoker: calls 10
hakkebreiter: checks 
*** FLOP *** [7d Kd 2h]
Molivepoker: checks 
hakkebreiter: checks 
Mahu2021: checks 
*** TURN *** [7d Kd 2h] [Ah]
Molivepoker: checks 
hakkebreiter: bets 20
Mahu2021: calls 20
Molivepoker: folds 
*** RIVER *** [7d Kd 2h Ah] [7h]
hakkebreiter: bets 20
Mahu2021: folds 
Uncalled bet (20) returned to hakkebreiter
hakkebreiter collected 100 from pot
*** SUMMARY ***
Total pot 100 | Rake 0 
Board [7d Kd 2h Ah 7h]
Seat 1: hakkebreiter (big blind) collected (100)
Seat 2: Mahu2021 (button) folded on the River
Seat 3: Molivepoker (small blind) folded on the Turn



PokerStars Hand #250078537906: Tournament #3744309293, $1.84+$0.16 USD Hold'em No Limit - Level I (10/20) - 2024/04/20 20:37:04 CET [2024/04/20 14:37:04 ET]
Table '3744309293 1' 3-max Seat #3 is the button
Seat 1: hakkebreiter (520 in chips) 
Seat 2: Mahu2021 (510 in chips) 
Seat 3: Molivepoker (470 in chips) 
hakkebreiter: posts small blind 10
Mahu2021: posts big blind 20
*** HOLE CARDS ***
Dealt to Mahu2021 [6h 7d]
Molivepoker: calls 20
hakkebreiter: calls 10
Mahu2021: checks 
*** FLOP *** [Kh 5c Jh]
hakkebreiter: checks 
Mahu2021: checks 
Molivepoker: bets 40
hakkebreiter: folds 
Mahu2021: folds 
Uncalled bet (40) returned to Molivepoker
Molivepoker collected 60 from pot
Molivepoker: doesn't show hand 
*** SUMMARY ***
Total pot 60 | Rake 0 
Board [Kh 5c Jh]
Seat 1: hakkebreiter (small blind) folded on the Flop
Seat 2: Mahu2021 (big blind) folded on the Flop
Seat 3: Molivepoker (button) collected (60)



PokerStars Hand #250078542942: Tournament #3744309293, $1.84+$0.16 USD Hold'em No Limit - Level I (10/20) - 2024/04/20 20:37:19 CET [2024/04/20 14:37:19 ET]
Table '3744309293 1' 3-max Seat #1 is the button
Seat 1: hakkebreiter (500 in chips) 
Seat 2: Mahu2021 (490 in chips) 
Seat 3: Molivepoker (510 in chips) 
Mahu2021: posts small blind 10
Molivepoker: posts big blind 20
*** HOLE CARDS ***
Dealt to Mahu2021 [7h Jh]
hakkebreiter: calls 20
Mahu2021: calls 10
Molivepoker: raises 20 to 40
hakkebreiter: calls 20
Mahu2021: calls 20
*** FLOP *** [2s Kc 8d]
Mahu2021: checks 
Molivepoker: checks 
hakkebreiter: bets 20
Mahu2021: folds 
Molivepoker: folds 
Uncalled bet (20) returned to hakkebreiter
hakkebreiter collected 120 from pot
*** SUMMARY ***
Total pot 120 | Rake 0 
Board [2s Kc 8d]
Seat 1: hakkebreiter (button) collected (120)
Seat 2: Mahu2021 (small blind) folded on the Flop
Seat 3: Molivepoker (big blind) folded on the Flop



PokerStars Hand #250078555761: Tournament #3744309293, $1.84+$0.16 USD Hold'em No Limit - Level II (15/30) - 2024/04/20 20:37:59 CET [2024/04/20 14:37:59 ET]
Table '3744309293 1' 3-max Seat #2 is the button
Seat 1: hakkebreiter (580 in chips) 
Seat 2: Mahu2021 (450 in chips) 
Seat 3: Molivepoker (470 in chips) 
Molivepoker: posts small blind 15
hakkebreiter: posts big blind 30
*** HOLE CARDS ***
Dealt to Mahu2021 [8h 2c]
Mahu2021: folds 
Molivepoker: calls 15
hakkebreiter: checks 
*** FLOP *** [Ts 2h Ac]
Molivepoker: checks 
hakkebreiter: bets 30
Molivepoker: folds 
Uncalled bet (30) returned to hakkebreiter
hakkebreiter collected 60 from pot
*** SUMMARY ***
Total pot 60 | Rake 0 
Board [Ts 2h Ac]
Seat 1: hakkebreiter (big blind) collected (60)
Seat 2: Mahu2021 (button) folded before Flop (didn't bet)
Seat 3: Molivepoker (small blind) folded on the Flop



PokerStars Hand #250078562221: Tournament #3744309293, $1.84+$0.16 USD Hold'em No Limit - Level II (15/30) - 2024/04/20 20:38:19 CET [2024/04/20 14:38:19 ET]
Table '3744309293 1' 3-max Seat #3 is the button
Seat 1: hakkebreiter (610 in chips) 
Seat 2: Mahu2021 (450 in chips) 
Seat 3: Molivepoker (440 in chips) 
hakkebreiter: posts small blind 15
Mahu2021: posts big blind 30
*** HOLE CARDS ***
Dealt to Mahu2021 [Kc 5d]
Molivepoker: raises 30 to 60
hakkebreiter: calls 45
Mahu2021: calls 30
*** FLOP *** [4c 5h 6d]
hakkebreiter: checks 
Mahu2021: checks 
Molivepoker: bets 30
hakkebreiter: calls 30
Mahu2021: calls 30
*** TURN *** [4c 5h 6d] [4s]
hakkebreiter: checks 
Mahu2021: checks 
Molivepoker: checks 
*** RIVER *** [4c 5h 6d 4s] [4d]
hakkebreiter: checks 
Mahu2021: bets 360 and is all-in
Molivepoker: folds 
hakkebreiter: folds 
Uncalled bet (360) returned to Mahu2021
Mahu2021 collected 270 from pot
Mahu2021: doesn't show hand 
*** SUMMARY ***
Total pot 270 | Rake 0 
Board [4c 5h 6d 4s 4d]
Seat 1: hakkebreiter (small blind) folded on the River
Seat 2: Mahu2021 (big blind) collected (270)
Seat 3: Molivepoker (button) folded on the River



PokerStars Hand #250078571607: Tournament #3744309293, $1.84+$0.16 USD Hold'em No Limit - Level II (15/30) - 2024/04/20 20:38:48 CET [2024/04/20 14:38:48 ET]
Table '3744309293 1' 3-max Seat #1 is the button
Seat 1: hakkebreiter (520 in chips) 
Seat 2: Mahu2021 (630 in chips) 
Seat 3: Molivepoker (350 in chips) 
Mahu2021: posts small blind 15
Molivepoker: posts big blind 30
*** HOLE CARDS ***
Dealt to Mahu2021 [7c 4d]
hakkebreiter: calls 30
Mahu2021: folds 
Molivepoker: checks 
*** FLOP *** [3s 7h Ad]
Molivepoker: bets 30
hakkebreiter: folds 
Uncalled bet (30) returned to Molivepoker
Molivepoker collected 75 from pot
Molivepoker: doesn't show hand 
*** SUMMARY ***
Total pot 75 | Rake 0 
Board [3s 7h Ad]
Seat 1: hakkebreiter (button) folded on the Flop
Seat 2: Mahu2021 (small blind) folded before Flop
Seat 3: Molivepoker (big blind) collected (75)



PokerStars Hand #250078575965: Tournament #3744309293, $1.84+$0.16 USD Hold'em No Limit - Level II (15/30) - 2024/04/20 20:39:02 CET [2024/04/20 14:39:02 ET]
Table '3744309293 1' 3-max Seat #2 is the button
Seat 1: hakkebreiter (490 in chips) 
Seat 2: Mahu2021 (615 in chips) 
Seat 3: Molivepoker (395 in chips) 
Molivepoker: posts small blind 15
hakkebreiter: posts big blind 30
*** HOLE CARDS ***
Dealt to Mahu2021 [Kh 6d]
Mahu2021: calls 30
Molivepoker: calls 15
hakkebreiter: checks 
*** FLOP *** [7h 2c 3s]
Molivepoker: checks 
hakkebreiter: bets 30
Mahu2021: folds 
Molivepoker: folds 
Uncalled bet (30) returned to hakkebreiter
hakkebreiter collected 90 from pot
*** SUMMARY ***
Total pot 90 | Rake 0 
Board [7h 2c 3s]
Seat 1: hakkebreiter (big blind) collected (90)
Seat 2: Mahu2021 (button) folded on the Flop
Seat 3: Molivepoker (small blind) folded on the Flop



PokerStars Hand #250078582817: Tournament #3744309293, $1.84+$0.16 USD Hold'em No Limit - Level II (15/30) - 2024/04/20 20:39:23 CET [2024/04/20 14:39:23 ET]
Table '3744309293 1' 3-max Seat #3 is the button
Seat 1: hakkebreiter (550 in chips) 
Seat 2: Mahu2021 (585 in chips) 
Seat 3: Molivepoker (365 in chips) 
hakkebreiter: posts small blind 15
Mahu2021: posts big blind 30
*** HOLE CARDS ***
Dealt to Mahu2021 [6h Ac]
Molivepoker: folds 
hakkebreiter: calls 15
Mahu2021: checks 
*** FLOP *** [2d 7s 3s]
hakkebreiter: bets 30
Mahu2021: folds 
Uncalled bet (30) returned to hakkebreiter
hakkebreiter collected 60 from pot
*** SUMMARY ***
Total pot 60 | Rake 0 
Board [2d 7s 3s]
Seat 1: hakkebreiter (small blind) collected (60)
Seat 2: Mahu2021 (big blind) folded on the Flop
Seat 3: Molivepoker (button) folded before Flop (didn't bet)



PokerStars Hand #250078587179: Tournament #3744309293, $1.84+$0.16 USD Hold'em No Limit - Level II (15/30) - 2024/04/20 20:39:37 CET [2024/04/20 14:39:37 ET]
Table '3744309293 1' 3-max Seat #1 is the button
Seat 1: hakkebreiter (580 in chips) 
Seat 2: Mahu2021 (555 in chips) 
Seat 3: Molivepoker (365 in chips) 
Mahu2021: posts small blind 15
Molivepoker: posts big blind 30
*** HOLE CARDS ***
Dealt to Mahu2021 [5d 8d]
hakkebreiter: folds 
Mahu2021: calls 15
Molivepoker: checks 
*** FLOP *** [9d 3s 4d]
Mahu2021: checks 
Molivepoker: checks 
*** TURN *** [9d 3s 4d] [7h]
Mahu2021: checks 
Molivepoker: checks 
*** RIVER *** [9d 3s 4d 7h] [Jd]
Mahu2021: bets 60
Molivepoker: folds 
Uncalled bet (60) returned to Mahu2021
Mahu2021 collected 60 from pot
Mahu2021: doesn't show hand 
*** SUMMARY ***
Total pot 60 | Rake 0 
Board [9d 3s 4d 7h Jd]
Seat 1: hakkebreiter (button) folded before Flop (didn't bet)
Seat 2: Mahu2021 (small blind) collected (60)
Seat 3: Molivepoker (big blind) folded on the River



PokerStars Hand #250078603125: Tournament #3744309293, $1.84+$0.16 USD Hold'em No Limit - Level III (20/40) - 2024/04/20 20:40:25 CET [2024/04/20 14:40:25 ET]
Table '3744309293 1' 3-max Seat #2 is the button
Seat 1: hakkebreiter (580 in chips) 
Seat 2: Mahu2021 (585 in chips) 
Seat 3: Molivepoker (335 in chips) 
Molivepoker: posts small blind 20
hakkebreiter: posts big blind 40
*** HOLE CARDS ***
Dealt to Mahu2021 [2s Ad]
Mahu2021: calls 40
Molivepoker: calls 20
hakkebreiter: checks 
*** FLOP *** [4h Kd Ks]
Molivepoker: checks 
hakkebreiter: checks 
Mahu2021: checks 
*** TURN *** [4h Kd Ks] [Td]
Molivepoker: checks 
hakkebreiter: checks 
Mahu2021: checks 
*** RIVER *** [4h Kd Ks Td] [3h]
Molivepoker: checks 
hakkebreiter: checks 
Mahu2021: checks 
*** SHOW DOWN ***
Molivepoker: shows [5s 4s] (two pair, Kings and Fours)
hakkebreiter: mucks hand 
Mahu2021: mucks hand 
Molivepoker collected 120 from pot
*** SUMMARY ***
Total pot 120 | Rake 0 
Board [4h Kd Ks Td 3h]
Seat 1: hakkebreiter (big blind) mucked [8s 5c]
Seat 2: Mahu2021 (button) mucked [2s Ad]
Seat 3: Molivepoker (small blind) showed [5s 4s] and won (120) with two pair, Kings and Fours



PokerStars Hand #250078613108: Tournament #3744309293, $1.84+$0.16 USD Hold'em No Limit - Level III (20/40) - 2024/04/20 20:40:56 CET [2024/04/20 14:40:56 ET]
Table '3744309293 1' 3-max Seat #3 is the button
Seat 1: hakkebreiter (540 in chips) 
Seat 2: Mahu2021 (545 in chips) 
Seat 3: Molivepoker (415 in chips) 
hakkebreiter: posts small blind 20
Mahu2021: posts big blind 40
*** HOLE CARDS ***
Dealt to Mahu2021 [9c 6h]
Molivepoker: calls 40
hakkebreiter: calls 20
Mahu2021: checks 
*** FLOP *** [Kh 4h 2s]
hakkebreiter: checks 
Mahu2021: checks 
Molivepoker: checks 
*** TURN *** [Kh 4h 2s] [3c]
hakkebreiter: checks 
Mahu2021: checks 
Molivepoker: checks 
*** RIVER *** [Kh 4h 2s 3c] [9h]
hakkebreiter: checks 
Mahu2021: checks 
Molivepoker: bets 40
hakkebreiter: folds 
Mahu2021: calls 40
*** SHOW DOWN ***
Molivepoker: shows [Qc 2c] (a pair of Deuces)
Mahu2021: shows [9c 6h] (a pair of Nines)
Mahu2021 collected 200 from pot
*** SUMMARY ***
Total pot 200 | Rake 0 
Board [Kh 4h 2s 3c 9h]
Seat 1: hakkebreiter (small blind) folded on the River
Seat 2: Mahu2021 (big blind) showed [9c 6h] and won (200) with a pair of Nines
Seat 3: Molivepoker (button) showed [Qc 2c] and lost with a pair of Deuces



PokerStars Hand #250078621946: Tournament #3744309293, $1.84+$0.16 USD Hold'em No Limit - Level III (20/40) - 2024/04/20 20:41:24 CET [2024/04/20 14:41:24 ET]
Table '3744309293 1' 3-max Seat #1 is the button
Seat 1: hakkebreiter (500 in chips) 
Seat 2: Mahu2021 (665 in chips) 
Seat 3: Molivepoker (335 in chips) 
Mahu2021: posts small blind 20
Molivepoker: posts big blind 40
*** HOLE CARDS ***
Dealt to Mahu2021 [Ad 9d]
hakkebreiter: folds 
Mahu2021: raises 40 to 80
Molivepoker: calls 40
*** FLOP *** [5d 2h 8s]
Mahu2021: checks 
Molivepoker: checks 
*** TURN *** [5d 2h 8s] [Kh]
Mahu2021: checks 
Molivepoker: checks 
*** RIVER *** [5d 2h 8s Kh] [5c]
Mahu2021: checks 
Molivepoker: bets 80
Mahu2021: folds 
Uncalled bet (80) returned to Molivepoker
Molivepoker collected 160 from pot
Molivepoker: doesn't show hand 
*** SUMMARY ***
Total pot 160 | Rake 0 
Board [5d 2h 8s Kh 5c]
Seat 1: hakkebreiter (button) folded before Flop (didn't bet)
Seat 2: Mahu2021 (small blind) folded on the River
Seat 3: Molivepoker (big blind) collected (160)



PokerStars Hand #250078629954: Tournament #3744309293, $1.84+$0.16 USD Hold'em No Limit - Level III (20/40) - 2024/04/20 20:41:49 CET [2024/04/20 14:41:49 ET]
Table '3744309293 1' 3-max Seat #2 is the button
Seat 1: hakkebreiter (500 in chips) 
Seat 2: Mahu2021 (585 in chips) 
Seat 3: Molivepoker (415 in chips) 
Molivepoker: posts small blind 20
hakkebreiter: posts big blind 40
*** HOLE CARDS ***
Dealt to Mahu2021 [3s 8h]
Mahu2021: folds 
Molivepoker: calls 20
hakkebreiter: checks 
*** FLOP *** [Qh 2h 5h]
Molivepoker: checks 
hakkebreiter: bets 80
Molivepoker: folds 
Uncalled bet (80) returned to hakkebreiter
hakkebreiter collected 80 from pot
*** SUMMARY ***
Total pot 80 | Rake 0 
Board [Qh 2h 5h]
Seat 1: hakkebreiter (big blind) collected (80)
Seat 2: Mahu2021 (button) folded before Flop (didn't bet)
Seat 3: Molivepoker (small blind) folded on the Flop



PokerStars Hand #250078635416: Tournament #3744309293, $1.84+$0.16 USD Hold'em No Limit - Level III (20/40) - 2024/04/20 20:42:06 CET [2024/04/20 14:42:06 ET]
Table '3744309293 1' 3-max Seat #3 is the button
Seat 1: hakkebreiter (540 in chips) 
Seat 2: Mahu2021 (585 in chips) 
Seat 3: Molivepoker (375 in chips) 
hakkebreiter: posts small blind 20
Mahu2021: posts big blind 40
*** HOLE CARDS ***
Dealt to Mahu2021 [7c 4s]
Molivepoker: folds 
hakkebreiter: calls 20
Mahu2021: checks 
*** FLOP *** [Jd 2h 9c]
hakkebreiter: checks 
Mahu2021: checks 
*** TURN *** [Jd 2h 9c] [5d]
hakkebreiter: checks 
Mahu2021: checks 
*** RIVER *** [Jd 2h 9c 5d] [7h]
hakkebreiter: checks 
Mahu2021: bets 80
hakkebreiter: folds 
Uncalled bet (80) returned to Mahu2021
Mahu2021 collected 80 from pot
Mahu2021: doesn't show hand 
*** SUMMARY ***
Total pot 80 | Rake 0 
Board [Jd 2h 9c 5d 7h]
Seat 1: hakkebreiter (small blind) folded on the River
Seat 2: Mahu2021 (big blind) collected (80)
Seat 3: Molivepoker (button) folded before Flop (didn't bet)



PokerStars Hand #250078641281: Tournament #3744309293, $1.84+$0.16 USD Hold'em No Limit - Level III (20/40) - 2024/04/20 20:42:24 CET [2024/04/20 14:42:24 ET]
Table '3744309293 1' 3-max Seat #1 is the button
Seat 1: hakkebreiter (500 in chips) 
Seat 2: Mahu2021 (625 in chips) 
Seat 3: Molivepoker (375 in chips) 
Mahu2021: posts small blind 20
Molivepoker: posts big blind 40
*** HOLE CARDS ***
Dealt to Mahu2021 [Jh Ts]
hakkebreiter: calls 40
Mahu2021: calls 20
Molivepoker: checks 
*** FLOP *** [6s 5s 2d]
Mahu2021: checks 
Molivepoker: checks 
hakkebreiter: checks 
*** TURN *** [6s 5s 2d] [Ks]
Mahu2021: checks 
Molivepoker: checks 
hakkebreiter: bets 40
Mahu2021: calls 40
Molivepoker: folds 
*** RIVER *** [6s 5s 2d Ks] [8c]
Mahu2021: checks 
hakkebreiter: bets 80
Mahu2021: folds 
Uncalled bet (80) returned to hakkebreiter
hakkebreiter collected 200 from pot
*** SUMMARY ***
Total pot 200 | Rake 0 
Board [6s 5s 2d Ks 8c]
Seat 1: hakkebreiter (button) collected (200)
Seat 2: Mahu2021 (small blind) folded on the River
Seat 3: Molivepoker (big blind) folded on the Turn



PokerStars Hand #250078650964: Tournament #3744309293, $1.84+$0.16 USD Hold'em No Limit - Level III (20/40) - 2024/04/20 20:42:54 CET [2024/04/20 14:42:54 ET]
Table '3744309293 1' 3-max Seat #2 is the button
Seat 1: hakkebreiter (620 in chips) 
Seat 2: Mahu2021 (545 in chips) 
Seat 3: Molivepoker (335 in chips) 
Molivepoker: posts small blind 20
hakkebreiter: posts big blind 40
*** HOLE CARDS ***
Dealt to Mahu2021 [7c 4s]
Mahu2021: folds 
Molivepoker: folds 
Uncalled bet (20) returned to hakkebreiter
hakkebreiter collected 40 from pot
*** SUMMARY ***
Total pot 40 | Rake 0 
Seat 1: hakkebreiter (big blind) collected (40)
Seat 2: Mahu2021 (button) folded before Flop (didn't bet)
Seat 3: Molivepoker (small blind) folded before Flop



PokerStars Hand #250078653922: Tournament #3744309293, $1.84+$0.16 USD Hold'em No Limit - Level III (20/40) - 2024/04/20 20:43:03 CET [2024/04/20 14:43:03 ET]
Table '3744309293 1' 3-max Seat #3 is the button
Seat 1: hakkebreiter (640 in chips) 
Seat 2: Mahu2021 (545 in chips) 
Seat 3: Molivepoker (315 in chips) 
hakkebreiter: posts small blind 20
Mahu2021: posts big blind 40
*** HOLE CARDS ***
Dealt to Mahu2021 [Tc 5c]
Molivepoker: folds 
hakkebreiter: calls 20
Mahu2021: checks 
*** FLOP *** [Jd 6d 2s]
hakkebreiter: checks 
Mahu2021: checks 
*** TURN *** [Jd 6d 2s] [9h]
hakkebreiter: checks 
Mahu2021: checks 
*** RIVER *** [Jd 6d 2s 9h] [7s]
hakkebreiter: bets 80
Mahu2021: folds 
Uncalled bet (80) returned to hakkebreiter
hakkebreiter collected 80 from pot
*** SUMMARY ***
Total pot 80 | Rake 0 
Board [Jd 6d 2s 9h 7s]
Seat 1: hakkebreiter (small blind) collected (80)
Seat 2: Mahu2021 (big blind) folded on the River
Seat 3: Molivepoker (button) folded before Flop (didn't bet)



PokerStars Hand #250078664381: Tournament #3744309293, $1.84+$0.16 USD Hold'em No Limit - Level IV (30/60) - 2024/04/20 20:43:35 CET [2024/04/20 14:43:35 ET]
Table '3744309293 1' 3-max Seat #1 is the button
Seat 1: hakkebreiter (680 in chips) 
Seat 2: Mahu2021 (505 in chips) 
Seat 3: Molivepoker (315 in chips) 
Mahu2021: posts small blind 30
Molivepoker: posts big blind 60
*** HOLE CARDS ***
Dealt to Mahu2021 [7s 6h]
hakkebreiter: calls 60
Mahu2021: calls 30
Molivepoker: raises 60 to 120
hakkebreiter: calls 60
Mahu2021: calls 60
*** FLOP *** [8c 3c 5d]
Mahu2021: checks 
Molivepoker: bets 195 and is all-in
hakkebreiter: folds 
Mahu2021: calls 195
*** TURN *** [8c 3c 5d] [7c]
*** RIVER *** [8c 3c 5d 7c] [3s]
*** SHOW DOWN ***
Mahu2021: shows [7s 6h] (two pair, Sevens and Threes)
Molivepoker: shows [Ah 7h] (two pair, Sevens and Threes - Ace kicker)
Molivepoker collected 750 from pot
*** SUMMARY ***
Total pot 750 | Rake 0 
Board [8c 3c 5d 7c 3s]
Seat 1: hakkebreiter (button) folded on the Flop
Seat 2: Mahu2021 (small blind) showed [7s 6h] and lost with two pair, Sevens and Threes
Seat 3: Molivepoker (big blind) showed [Ah 7h] and won (750) with two pair, Sevens and Threes



PokerStars Hand #250078672629: Tournament #3744309293, $1.84+$0.16 USD Hold'em No Limit - Level IV (30/60) - 2024/04/20 20:44:01 CET [2024/04/20 14:44:01 ET]
Table '3744309293 1' 3-max Seat #2 is the button
Seat 1: hakkebreiter (560 in chips) 
Seat 2: Mahu2021 (190 in chips) 
Seat 3: Molivepoker (750 in chips) 
Molivepoker: posts small blind 30
hakkebreiter: posts big blind 60
*** HOLE CARDS ***
Dealt to Mahu2021 [Tc Qs]
Mahu2021: raises 130 to 190 and is all-in
Molivepoker: folds 
hakkebreiter: folds 
Uncalled bet (130) returned to Mahu2021
Mahu2021 collected 150 from pot
Mahu2021: doesn't show hand 
*** SUMMARY ***
Total pot 150 | Rake 0 
Seat 1: hakkebreiter (big blind) folded before Flop
Seat 2: Mahu2021 (button) collected (150)
Seat 3: Molivepoker (small blind) folded before Flop



PokerStars Hand #250078675899: Tournament #3744309293, $1.84+$0.16 USD Hold'em No Limit - Level IV (30/60) - 2024/04/20 20:44:10 CET [2024/04/20 14:44:10 ET]
Table '3744309293 1' 3-max Seat #3 is the button
Seat 1: hakkebreiter (500 in chips) 
Seat 2: Mahu2021 (280 in chips) 
Seat 3: Molivepoker (720 in chips) 
hakkebreiter: posts small blind 30
Mahu2021: posts big blind 60
*** HOLE CARDS ***
Dealt to Mahu2021 [2h Th]
Molivepoker: calls 60
hakkebreiter: folds 
Mahu2021: checks 
*** FLOP *** [Ts Jc Ac]
Mahu2021: checks 
Molivepoker: checks 
*** TURN *** [Ts Jc Ac] [2c]
Mahu2021: bets 60
Molivepoker: folds 
Uncalled bet (60) returned to Mahu2021
Mahu2021 collected 150 from pot
Mahu2021: doesn't show hand 
*** SUMMARY ***
Total pot 150 | Rake 0 
Board [Ts Jc Ac 2c]
Seat 1: hakkebreiter (small blind) folded before Flop
Seat 2: Mahu2021 (big blind) collected (150)
Seat 3: Molivepoker (button) folded on the Turn



PokerStars Hand #250078682351: Tournament #3744309293, $1.84+$0.16 USD Hold'em No Limit - Level IV (30/60) - 2024/04/20 20:44:30 CET [2024/04/20 14:44:30 ET]
Table '3744309293 1' 3-max Seat #1 is the button
Seat 1: hakkebreiter (470 in chips) 
Seat 2: Mahu2021 (370 in chips) 
Seat 3: Molivepoker (660 in chips) 
Mahu2021: posts small blind 30
Molivepoker: posts big blind 60
*** HOLE CARDS ***
Dealt to Mahu2021 [Kd Qs]
hakkebreiter: calls 60
Mahu2021: calls 30
Molivepoker: checks 
*** FLOP *** [Tc 2s As]
Mahu2021: checks 
Molivepoker: bets 60
hakkebreiter: folds 
Mahu2021: calls 60
*** TURN *** [Tc 2s As] [3d]
Mahu2021: checks 
Molivepoker: bets 60
Mahu2021: calls 60
*** RIVER *** [Tc 2s As 3d] [Ah]
Mahu2021: checks 
Molivepoker: checks 
*** SHOW DOWN ***
Mahu2021: shows [Kd Qs] (a pair of Aces)
Molivepoker: shows [Ts 4h] (two pair, Aces and Tens)
Molivepoker collected 420 from pot
*** SUMMARY ***
Total pot 420 | Rake 0 
Board [Tc 2s As 3d Ah]
Seat 1: hakkebreiter (button) folded on the Flop
Seat 2: Mahu2021 (small blind) showed [Kd Qs] and lost with a pair of Aces
Seat 3: Molivepoker (big blind) showed [Ts 4h] and won (420) with two pair, Aces and Tens



PokerStars Hand #250078689366: Tournament #3744309293, $1.84+$0.16 USD Hold'em No Limit - Level IV (30/60) - 2024/04/20 20:44:52 CET [2024/04/20 14:44:52 ET]
Table '3744309293 1' 3-max Seat #2 is the button
Seat 1: hakkebreiter (410 in chips) 
Seat 2: Mahu2021 (190 in chips) 
Seat 3: Molivepoker (900 in chips) 
Molivepoker: posts small blind 30
hakkebreiter: posts big blind 60
*** HOLE CARDS ***
Dealt to Mahu2021 [Kd 6h]
Mahu2021: folds 
Molivepoker: calls 30
hakkebreiter: checks 
*** FLOP *** [5h Qh 5d]
Molivepoker: checks 
hakkebreiter: bets 60
Molivepoker: folds 
Uncalled bet (60) returned to hakkebreiter
hakkebreiter collected 120 from pot
*** SUMMARY ***
Total pot 120 | Rake 0 
Board [5h Qh 5d]
Seat 1: hakkebreiter (big blind) collected (120)
Seat 2: Mahu2021 (button) folded before Flop (didn't bet)
Seat 3: Molivepoker (small blind) folded on the Flop



PokerStars Hand #250078694972: Tournament #3744309293, $1.84+$0.16 USD Hold'em No Limit - Level IV (30/60) - 2024/04/20 20:45:10 CET [2024/04/20 14:45:10 ET]
Table '3744309293 1' 3-max Seat #3 is the button
Seat 1: hakkebreiter (470 in chips) 
Seat 2: Mahu2021 (190 in chips) 
Seat 3: Molivepoker (840 in chips) 
hakkebreiter: posts small blind 30
Mahu2021: posts big blind 60
*** HOLE CARDS ***
Dealt to Mahu2021 [5c 5s]
Molivepoker: raises 60 to 120
hakkebreiter: folds 
Mahu2021: raises 70 to 190 and is all-in
Molivepoker: calls 70
*** FLOP *** [Ac Ah Qh]
*** TURN *** [Ac Ah Qh] [Jh]
*** RIVER *** [Ac Ah Qh Jh] [9h]
*** SHOW DOWN ***
Mahu2021: shows [5c 5s] (two pair, Aces and Fives)
Molivepoker: shows [Kc Qs] (two pair, Aces and Queens)
Molivepoker collected 410 from pot
Mahu2021 finished the tournament in 3rd place
*** SUMMARY ***
Total pot 410 | Rake 0 
Board [Ac Ah Qh Jh 9h]
Seat 1: hakkebreiter (small blind) folded before Flop
Seat 2: Mahu2021 (big blind) showed [5c 5s] and lost with two pair, Aces and Fives
Seat 3: Molivepoker (button) showed [Kc Qs] and won (410) with two pair, Aces and Queens



