PokerStars Hand #245726387908: Tournament #3639391636, $0.92+$0.08 USD Hold'em No Limit - Level I (10/20) - 2023/09/02 11:21:49 CET [2023/09/02 5:21:49 ET]
Table '3639391636 1' 3-max Seat #1 is the button
Seat 1: Atajan7388 (500 in chips) 
Seat 2: City of LBN (500 in chips) 
Seat 3: Mahu2021 (500 in chips) 
City of LBN: posts small blind 10
Mahu2021: posts big blind 20
*** HOLE CARDS ***
Dealt to Mahu2021 [9d Qs]
Atajan7388: calls 20
City of LBN: calls 10
Mahu2021: checks 
*** FLOP *** [6c Jd Ac]
City of LBN: bets 40
Mahu2021: folds 
Atajan7388: calls 40
*** TURN *** [6c Jd Ac] [Kd]
City of LBN: checks 
Atajan7388: checks 
*** RIVER *** [6c Jd Ac Kd] [Qh]
City of LBN: checks 
Atajan7388: checks 
*** SHOW DOWN ***
City of LBN: shows [Qc Jh] (two pair, Queens and Jacks)
Atajan7388: mucks hand 
City of LBN collected 140 from pot
*** SUMMARY ***
Total pot 140 | Rake 0 
Board [6c Jd Ac Kd Qh]
Seat 1: Atajan7388 (button) mucked [Kc 3c]
Seat 2: City of LBN (small blind) showed [Qc Jh] and won (140) with two pair, Queens and Jacks
Seat 3: Mahu2021 (big blind) folded on the Flop



PokerStars Hand #245726391266: Tournament #3639391636, $0.92+$0.08 USD Hold'em No Limit - Level I (10/20) - 2023/09/02 11:22:13 CET [2023/09/02 5:22:13 ET]
Table '3639391636 1' 3-max Seat #2 is the button
Seat 1: Atajan7388 (440 in chips) 
Seat 2: City of LBN (580 in chips) 
Seat 3: Mahu2021 (480 in chips) 
Mahu2021: posts small blind 10
Atajan7388: posts big blind 20
*** HOLE CARDS ***
Dealt to Mahu2021 [2d Qc]
City of LBN: folds 
Mahu2021: folds 
Uncalled bet (10) returned to Atajan7388
Atajan7388 collected 20 from pot
*** SUMMARY ***
Total pot 20 | Rake 0 
Seat 1: Atajan7388 (big blind) collected (20)
Seat 2: City of LBN (button) folded before Flop (didn't bet)
Seat 3: Mahu2021 (small blind) folded before Flop



PokerStars Hand #245726392015: Tournament #3639391636, $0.92+$0.08 USD Hold'em No Limit - Level I (10/20) - 2023/09/02 11:22:18 CET [2023/09/02 5:22:18 ET]
Table '3639391636 1' 3-max Seat #3 is the button
Seat 1: Atajan7388 (450 in chips) 
Seat 2: City of LBN (580 in chips) 
Seat 3: Mahu2021 (470 in chips) 
Atajan7388: posts small blind 10
City of LBN: posts big blind 20
*** HOLE CARDS ***
Dealt to Mahu2021 [8s Qh]
Mahu2021: folds 
Atajan7388: raises 40 to 60
City of LBN: calls 40
*** FLOP *** [9h As 6d]
Atajan7388: bets 60
City of LBN: folds 
Uncalled bet (60) returned to Atajan7388
Atajan7388 collected 120 from pot
*** SUMMARY ***
Total pot 120 | Rake 0 
Board [9h As 6d]
Seat 1: Atajan7388 (small blind) collected (120)
Seat 2: City of LBN (big blind) folded on the Flop
Seat 3: Mahu2021 (button) folded before Flop (didn't bet)



PokerStars Hand #245726394376: Tournament #3639391636, $0.92+$0.08 USD Hold'em No Limit - Level I (10/20) - 2023/09/02 11:22:35 CET [2023/09/02 5:22:35 ET]
Table '3639391636 1' 3-max Seat #1 is the button
Seat 1: Atajan7388 (510 in chips) 
Seat 2: City of LBN (520 in chips) 
Seat 3: Mahu2021 (470 in chips) 
City of LBN: posts small blind 10
Mahu2021: posts big blind 20
*** HOLE CARDS ***
Dealt to Mahu2021 [7s 6c]
Atajan7388: raises 20 to 40
City of LBN: calls 30
Mahu2021: calls 20
*** FLOP *** [2c 7c 5d]
City of LBN: checks 
Mahu2021: bets 40
Atajan7388: calls 40
City of LBN: calls 40
*** TURN *** [2c 7c 5d] [Kh]
City of LBN: checks 
Mahu2021: checks 
Atajan7388: bets 120
City of LBN: folds 
Mahu2021: folds 
Uncalled bet (120) returned to Atajan7388
Atajan7388 collected 240 from pot
*** SUMMARY ***
Total pot 240 | Rake 0 
Board [2c 7c 5d Kh]
Seat 1: Atajan7388 (button) collected (240)
Seat 2: City of LBN (small blind) folded on the Turn
Seat 3: Mahu2021 (big blind) folded on the Turn



PokerStars Hand #245726398384: Tournament #3639391636, $0.92+$0.08 USD Hold'em No Limit - Level I (10/20) - 2023/09/02 11:23:03 CET [2023/09/02 5:23:03 ET]
Table '3639391636 1' 3-max Seat #2 is the button
Seat 1: Atajan7388 (670 in chips) 
Seat 2: City of LBN (440 in chips) 
Seat 3: Mahu2021 (390 in chips) 
Mahu2021: posts small blind 10
Atajan7388: posts big blind 20
*** HOLE CARDS ***
Dealt to Mahu2021 [Kd 7h]
City of LBN: raises 20 to 40
Mahu2021: calls 30
Atajan7388: calls 20
*** FLOP *** [7s Qd Tc]
Mahu2021: checks 
Atajan7388: checks 
City of LBN: bets 80
Mahu2021: folds 
Atajan7388: folds 
Uncalled bet (80) returned to City of LBN
City of LBN collected 120 from pot
City of LBN: doesn't show hand 
*** SUMMARY ***
Total pot 120 | Rake 0 
Board [7s Qd Tc]
Seat 1: Atajan7388 (big blind) folded on the Flop
Seat 2: City of LBN (button) collected (120)
Seat 3: Mahu2021 (small blind) folded on the Flop



PokerStars Hand #245726401076: Tournament #3639391636, $0.92+$0.08 USD Hold'em No Limit - Level I (10/20) - 2023/09/02 11:23:22 CET [2023/09/02 5:23:22 ET]
Table '3639391636 1' 3-max Seat #3 is the button
Seat 1: Atajan7388 (630 in chips) 
Seat 2: City of LBN (520 in chips) 
Seat 3: Mahu2021 (350 in chips) 
Atajan7388: posts small blind 10
City of LBN: posts big blind 20
*** HOLE CARDS ***
Dealt to Mahu2021 [2d Qs]
Mahu2021: folds 
Atajan7388: raises 20 to 40
City of LBN: calls 20
*** FLOP *** [2c 2h 3h]
Atajan7388: checks 
City of LBN: bets 40
Atajan7388: calls 40
*** TURN *** [2c 2h 3h] [Jd]
Atajan7388: checks 
City of LBN: bets 80
Atajan7388: raises 80 to 160
City of LBN: calls 80
*** RIVER *** [2c 2h 3h Jd] [6d]
Atajan7388: bets 240
City of LBN: folds 
Uncalled bet (240) returned to Atajan7388
Atajan7388 collected 480 from pot
*** SUMMARY ***
Total pot 480 | Rake 0 
Board [2c 2h 3h Jd 6d]
Seat 1: Atajan7388 (small blind) collected (480)
Seat 2: City of LBN (big blind) folded on the River
Seat 3: Mahu2021 (button) folded before Flop (didn't bet)



PokerStars Hand #245726405251: Tournament #3639391636, $0.92+$0.08 USD Hold'em No Limit - Level I (10/20) - 2023/09/02 11:23:51 CET [2023/09/02 5:23:51 ET]
Table '3639391636 1' 3-max Seat #1 is the button
Seat 1: Atajan7388 (870 in chips) 
Seat 2: City of LBN (280 in chips) 
Seat 3: Mahu2021 (350 in chips) 
City of LBN: posts small blind 10
Mahu2021: posts big blind 20
*** HOLE CARDS ***
Dealt to Mahu2021 [5c 9d]
Atajan7388: folds 
City of LBN: calls 10
Mahu2021: checks 
*** FLOP *** [Qh 9h 4c]
City of LBN: bets 40
Mahu2021: raises 290 to 330 and is all-in
City of LBN: folds 
Uncalled bet (290) returned to Mahu2021
Mahu2021 collected 120 from pot
Mahu2021: doesn't show hand 
*** SUMMARY ***
Total pot 120 | Rake 0 
Board [Qh 9h 4c]
Seat 1: Atajan7388 (button) folded before Flop (didn't bet)
Seat 2: City of LBN (small blind) folded on the Flop
Seat 3: Mahu2021 (big blind) collected (120)



PokerStars Hand #245726407613: Tournament #3639391636, $0.92+$0.08 USD Hold'em No Limit - Level I (10/20) - 2023/09/02 11:24:07 CET [2023/09/02 5:24:07 ET]
Table '3639391636 1' 3-max Seat #2 is the button
Seat 1: Atajan7388 (870 in chips) 
Seat 2: City of LBN (220 in chips) 
Seat 3: Mahu2021 (410 in chips) 
Mahu2021: posts small blind 10
Atajan7388: posts big blind 20
*** HOLE CARDS ***
Dealt to Mahu2021 [2h Th]
City of LBN: folds 
Mahu2021: folds 
Uncalled bet (10) returned to Atajan7388
Atajan7388 collected 20 from pot
*** SUMMARY ***
Total pot 20 | Rake 0 
Seat 1: Atajan7388 (big blind) collected (20)
Seat 2: City of LBN (button) folded before Flop (didn't bet)
Seat 3: Mahu2021 (small blind) folded before Flop



PokerStars Hand #245726408245: Tournament #3639391636, $0.92+$0.08 USD Hold'em No Limit - Level I (10/20) - 2023/09/02 11:24:12 CET [2023/09/02 5:24:12 ET]
Table '3639391636 1' 3-max Seat #3 is the button
Seat 1: Atajan7388 (880 in chips) 
Seat 2: City of LBN (220 in chips) 
Seat 3: Mahu2021 (400 in chips) 
Atajan7388: posts small blind 10
City of LBN: posts big blind 20
*** HOLE CARDS ***
Dealt to Mahu2021 [Kd 4s]
Mahu2021: folds 
Atajan7388: calls 10
City of LBN: checks 
*** FLOP *** [6c Jc 7h]
Atajan7388: checks 
City of LBN: checks 
*** TURN *** [6c Jc 7h] [3c]
Atajan7388: bets 40
City of LBN: folds 
Uncalled bet (40) returned to Atajan7388
Atajan7388 collected 40 from pot
*** SUMMARY ***
Total pot 40 | Rake 0 
Board [6c Jc 7h 3c]
Seat 1: Atajan7388 (small blind) collected (40)
Seat 2: City of LBN (big blind) folded on the Turn
Seat 3: Mahu2021 (button) folded before Flop (didn't bet)



PokerStars Hand #245726410465: Tournament #3639391636, $0.92+$0.08 USD Hold'em No Limit - Level I (10/20) - 2023/09/02 11:24:28 CET [2023/09/02 5:24:28 ET]
Table '3639391636 1' 3-max Seat #1 is the button
Seat 1: Atajan7388 (900 in chips) 
Seat 2: City of LBN (200 in chips) 
Seat 3: Mahu2021 (400 in chips) 
City of LBN: posts small blind 10
Mahu2021: posts big blind 20
*** HOLE CARDS ***
Dealt to Mahu2021 [Qd 8s]
Atajan7388: folds 
City of LBN: folds 
Uncalled bet (10) returned to Mahu2021
Mahu2021 collected 20 from pot
Mahu2021: doesn't show hand 
*** SUMMARY ***
Total pot 20 | Rake 0 
Seat 1: Atajan7388 (button) folded before Flop (didn't bet)
Seat 2: City of LBN (small blind) folded before Flop
Seat 3: Mahu2021 (big blind) collected (20)



PokerStars Hand #245726411224: Tournament #3639391636, $0.92+$0.08 USD Hold'em No Limit - Level I (10/20) - 2023/09/02 11:24:33 CET [2023/09/02 5:24:33 ET]
Table '3639391636 1' 3-max Seat #2 is the button
Seat 1: Atajan7388 (900 in chips) 
Seat 2: City of LBN (190 in chips) 
Seat 3: Mahu2021 (410 in chips) 
Mahu2021: posts small blind 10
Atajan7388: posts big blind 20
*** HOLE CARDS ***
Dealt to Mahu2021 [Qh 8h]
City of LBN: folds 
Mahu2021: calls 10
Atajan7388: checks 
*** FLOP *** [4h 8d 2d]
Mahu2021: bets 20
Atajan7388: folds 
Uncalled bet (20) returned to Mahu2021
Mahu2021 collected 40 from pot
Mahu2021: doesn't show hand 
*** SUMMARY ***
Total pot 40 | Rake 0 
Board [4h 8d 2d]
Seat 1: Atajan7388 (big blind) folded on the Flop
Seat 2: City of LBN (button) folded before Flop (didn't bet)
Seat 3: Mahu2021 (small blind) collected (40)



PokerStars Hand #245726412612: Tournament #3639391636, $0.92+$0.08 USD Hold'em No Limit - Level I (10/20) - 2023/09/02 11:24:44 CET [2023/09/02 5:24:44 ET]
Table '3639391636 1' 3-max Seat #3 is the button
Seat 1: Atajan7388 (880 in chips) 
Seat 2: City of LBN (190 in chips) 
Seat 3: Mahu2021 (430 in chips) 
Atajan7388: posts small blind 10
City of LBN: posts big blind 20
*** HOLE CARDS ***
Dealt to Mahu2021 [Jh Ac]
Mahu2021: raises 20 to 40
Atajan7388: folds 
City of LBN: folds 
Uncalled bet (20) returned to Mahu2021
Mahu2021 collected 50 from pot
Mahu2021: doesn't show hand 
*** SUMMARY ***
Total pot 50 | Rake 0 
Seat 1: Atajan7388 (small blind) folded before Flop
Seat 2: City of LBN (big blind) folded before Flop
Seat 3: Mahu2021 (button) collected (50)



PokerStars Hand #245726414642: Tournament #3639391636, $0.92+$0.08 USD Hold'em No Limit - Level II (15/30) - 2023/09/02 11:24:58 CET [2023/09/02 5:24:58 ET]
Table '3639391636 1' 3-max Seat #1 is the button
Seat 1: Atajan7388 (870 in chips) 
Seat 2: City of LBN (170 in chips) 
Seat 3: Mahu2021 (460 in chips) 
City of LBN: posts small blind 15
Mahu2021: posts big blind 30
*** HOLE CARDS ***
Dealt to Mahu2021 [Kh Ks]
Atajan7388: folds 
City of LBN: folds 
Uncalled bet (15) returned to Mahu2021
Mahu2021 collected 30 from pot
Mahu2021: doesn't show hand 
*** SUMMARY ***
Total pot 30 | Rake 0 
Seat 1: Atajan7388 (button) folded before Flop (didn't bet)
Seat 2: City of LBN (small blind) folded before Flop
Seat 3: Mahu2021 (big blind) collected (30)



PokerStars Hand #245726415260: Tournament #3639391636, $0.92+$0.08 USD Hold'em No Limit - Level II (15/30) - 2023/09/02 11:25:02 CET [2023/09/02 5:25:02 ET]
Table '3639391636 1' 3-max Seat #2 is the button
Seat 1: Atajan7388 (870 in chips) 
Seat 2: City of LBN (155 in chips) 
Seat 3: Mahu2021 (475 in chips) 
Mahu2021: posts small blind 15
Atajan7388: posts big blind 30
*** HOLE CARDS ***
Dealt to Mahu2021 [Qd 7d]
City of LBN: raises 125 to 155 and is all-in
Mahu2021: folds 
Atajan7388: folds 
Uncalled bet (125) returned to City of LBN
City of LBN collected 75 from pot
City of LBN: doesn't show hand 
*** SUMMARY ***
Total pot 75 | Rake 0 
Seat 1: Atajan7388 (big blind) folded before Flop
Seat 2: City of LBN (button) collected (75)
Seat 3: Mahu2021 (small blind) folded before Flop



PokerStars Hand #245726416284: Tournament #3639391636, $0.92+$0.08 USD Hold'em No Limit - Level II (15/30) - 2023/09/02 11:25:10 CET [2023/09/02 5:25:10 ET]
Table '3639391636 1' 3-max Seat #3 is the button
Seat 1: Atajan7388 (840 in chips) 
Seat 2: City of LBN (200 in chips) 
Seat 3: Mahu2021 (460 in chips) 
Atajan7388: posts small blind 15
City of LBN: posts big blind 30
*** HOLE CARDS ***
Dealt to Mahu2021 [Qc 4d]
Mahu2021: folds 
Atajan7388: folds 
Uncalled bet (15) returned to City of LBN
City of LBN collected 30 from pot
City of LBN: doesn't show hand 
*** SUMMARY ***
Total pot 30 | Rake 0 
Seat 1: Atajan7388 (small blind) folded before Flop
Seat 2: City of LBN (big blind) collected (30)
Seat 3: Mahu2021 (button) folded before Flop (didn't bet)



PokerStars Hand #245726417009: Tournament #3639391636, $0.92+$0.08 USD Hold'em No Limit - Level II (15/30) - 2023/09/02 11:25:15 CET [2023/09/02 5:25:15 ET]
Table '3639391636 1' 3-max Seat #1 is the button
Seat 1: Atajan7388 (825 in chips) 
Seat 2: City of LBN (215 in chips) 
Seat 3: Mahu2021 (460 in chips) 
City of LBN: posts small blind 15
Mahu2021: posts big blind 30
*** HOLE CARDS ***
Dealt to Mahu2021 [Qs 3s]
Atajan7388: folds 
City of LBN: calls 15
Mahu2021: checks 
*** FLOP *** [Th 8h Qh]
City of LBN: checks 
Mahu2021: bets 90
City of LBN: folds 
Uncalled bet (90) returned to Mahu2021
Mahu2021 collected 60 from pot
Mahu2021: doesn't show hand 
*** SUMMARY ***
Total pot 60 | Rake 0 
Board [Th 8h Qh]
Seat 1: Atajan7388 (button) folded before Flop (didn't bet)
Seat 2: City of LBN (small blind) folded on the Flop
Seat 3: Mahu2021 (big blind) collected (60)



PokerStars Hand #245726421440: Tournament #3639391636, $0.92+$0.08 USD Hold'em No Limit - Level II (15/30) - 2023/09/02 11:25:46 CET [2023/09/02 5:25:46 ET]
Table '3639391636 1' 3-max Seat #2 is the button
Seat 1: Atajan7388 (825 in chips) 
Seat 2: City of LBN (185 in chips) 
Seat 3: Mahu2021 (490 in chips) 
Mahu2021: posts small blind 15
Atajan7388: posts big blind 30
*** HOLE CARDS ***
Dealt to Mahu2021 [7h Kc]
City of LBN: folds 
Mahu2021: calls 15
Atajan7388: raises 30 to 60
Mahu2021: calls 30
*** FLOP *** [2h 2c Qh]
Mahu2021: checks 
Atajan7388: bets 60
Mahu2021: folds 
Uncalled bet (60) returned to Atajan7388
Atajan7388 collected 120 from pot
*** SUMMARY ***
Total pot 120 | Rake 0 
Board [2h 2c Qh]
Seat 1: Atajan7388 (big blind) collected (120)
Seat 2: City of LBN (button) folded before Flop (didn't bet)
Seat 3: Mahu2021 (small blind) folded on the Flop



PokerStars Hand #245726424649: Tournament #3639391636, $0.92+$0.08 USD Hold'em No Limit - Level II (15/30) - 2023/09/02 11:26:09 CET [2023/09/02 5:26:09 ET]
Table '3639391636 1' 3-max Seat #3 is the button
Seat 1: Atajan7388 (885 in chips) 
Seat 2: City of LBN (185 in chips) 
Seat 3: Mahu2021 (430 in chips) 
Atajan7388: posts small blind 15
City of LBN: posts big blind 30
*** HOLE CARDS ***
Dealt to Mahu2021 [9d As]
Mahu2021: raises 30 to 60
Atajan7388: folds 
City of LBN: calls 30
*** FLOP *** [8s 2c Jh]
City of LBN: checks 
Mahu2021: checks 
*** TURN *** [8s 2c Jh] [5d]
City of LBN: bets 60
Mahu2021: folds 
Uncalled bet (60) returned to City of LBN
City of LBN collected 135 from pot
City of LBN: doesn't show hand 
*** SUMMARY ***
Total pot 135 | Rake 0 
Board [8s 2c Jh 5d]
Seat 1: Atajan7388 (small blind) folded before Flop
Seat 2: City of LBN (big blind) collected (135)
Seat 3: Mahu2021 (button) folded on the Turn



PokerStars Hand #245726428046: Tournament #3639391636, $0.92+$0.08 USD Hold'em No Limit - Level II (15/30) - 2023/09/02 11:26:33 CET [2023/09/02 5:26:33 ET]
Table '3639391636 1' 3-max Seat #1 is the button
Seat 1: Atajan7388 (870 in chips) 
Seat 2: City of LBN (260 in chips) 
Seat 3: Mahu2021 (370 in chips) 
City of LBN: posts small blind 15
Mahu2021: posts big blind 30
*** HOLE CARDS ***
Dealt to Mahu2021 [Ts Tc]
Atajan7388: folds 
City of LBN: calls 15
Mahu2021: raises 340 to 370 and is all-in
City of LBN: folds 
Uncalled bet (340) returned to Mahu2021
Mahu2021 collected 60 from pot
Mahu2021: doesn't show hand 
*** SUMMARY ***
Total pot 60 | Rake 0 
Seat 1: Atajan7388 (button) folded before Flop (didn't bet)
Seat 2: City of LBN (small blind) folded before Flop
Seat 3: Mahu2021 (big blind) collected (60)



PokerStars Hand #245726430250: Tournament #3639391636, $0.92+$0.08 USD Hold'em No Limit - Level II (15/30) - 2023/09/02 11:26:49 CET [2023/09/02 5:26:49 ET]
Table '3639391636 1' 3-max Seat #2 is the button
Seat 1: Atajan7388 (870 in chips) 
Seat 2: City of LBN (230 in chips) 
Seat 3: Mahu2021 (400 in chips) 
Mahu2021: posts small blind 15
Atajan7388: posts big blind 30
*** HOLE CARDS ***
Dealt to Mahu2021 [Ah 6c]
City of LBN: folds 
Mahu2021: calls 15
Atajan7388: checks 
*** FLOP *** [3h Js 5c]
Mahu2021: checks 
Atajan7388: bets 30
Mahu2021: folds 
Uncalled bet (30) returned to Atajan7388
Atajan7388 collected 60 from pot
*** SUMMARY ***
Total pot 60 | Rake 0 
Board [3h Js 5c]
Seat 1: Atajan7388 (big blind) collected (60)
Seat 2: City of LBN (button) folded before Flop (didn't bet)
Seat 3: Mahu2021 (small blind) folded on the Flop



PokerStars Hand #245726432028: Tournament #3639391636, $0.92+$0.08 USD Hold'em No Limit - Level II (15/30) - 2023/09/02 11:27:01 CET [2023/09/02 5:27:01 ET]
Table '3639391636 1' 3-max Seat #3 is the button
Seat 1: Atajan7388 (900 in chips) 
Seat 2: City of LBN (230 in chips) 
Seat 3: Mahu2021 (370 in chips) 
Atajan7388: posts small blind 15
City of LBN: posts big blind 30
*** HOLE CARDS ***
Dealt to Mahu2021 [Ks Jh]
Mahu2021: raises 30 to 60
Atajan7388: folds 
City of LBN: calls 30
*** FLOP *** [3h Qd 4d]
City of LBN: checks 
Mahu2021: checks 
*** TURN *** [3h Qd 4d] [Qh]
City of LBN: bets 90
Mahu2021: folds 
Uncalled bet (90) returned to City of LBN
City of LBN collected 135 from pot
City of LBN: doesn't show hand 
*** SUMMARY ***
Total pot 135 | Rake 0 
Board [3h Qd 4d Qh]
Seat 1: Atajan7388 (small blind) folded before Flop
Seat 2: City of LBN (big blind) collected (135)
Seat 3: Mahu2021 (button) folded on the Turn



PokerStars Hand #245726435729: Tournament #3639391636, $0.92+$0.08 USD Hold'em No Limit - Level II (15/30) - 2023/09/02 11:27:28 CET [2023/09/02 5:27:28 ET]
Table '3639391636 1' 3-max Seat #1 is the button
Seat 1: Atajan7388 (885 in chips) 
Seat 2: City of LBN (305 in chips) 
Seat 3: Mahu2021 (310 in chips) 
City of LBN: posts small blind 15
Mahu2021: posts big blind 30
*** HOLE CARDS ***
Dealt to Mahu2021 [9c 5d]
Atajan7388: calls 30
City of LBN: calls 15
Mahu2021: checks 
*** FLOP *** [3d Tc 6d]
City of LBN: bets 60
Mahu2021: folds 
Atajan7388: calls 60
*** TURN *** [3d Tc 6d] [As]
City of LBN: checks 
Atajan7388: bets 105
City of LBN: calls 105
*** RIVER *** [3d Tc 6d As] [7h]
City of LBN: checks 
Atajan7388: bets 60
City of LBN: raises 50 to 110 and is all-in
Atajan7388: calls 50
*** SHOW DOWN ***
City of LBN: shows [6h Kh] (a pair of Sixes)
Atajan7388: shows [7s 6s] (two pair, Sevens and Sixes)
Atajan7388 collected 640 from pot
City of LBN finished the tournament in 3rd place
*** SUMMARY ***
Total pot 640 | Rake 0 
Board [3d Tc 6d As 7h]
Seat 1: Atajan7388 (button) showed [7s 6s] and won (640) with two pair, Sevens and Sixes
Seat 2: City of LBN (small blind) showed [6h Kh] and lost with a pair of Sixes
Seat 3: Mahu2021 (big blind) folded on the Flop



PokerStars Hand #245726439871: Tournament #3639391636, $0.92+$0.08 USD Hold'em No Limit - Level III (20/40) - 2023/09/02 11:27:58 CET [2023/09/02 5:27:58 ET]
Table '3639391636 1' 3-max Seat #3 is the button
Seat 1: Atajan7388 (1220 in chips) 
Seat 3: Mahu2021 (280 in chips) 
Mahu2021: posts small blind 20
Atajan7388: posts big blind 40
*** HOLE CARDS ***
Dealt to Mahu2021 [2s Ad]
Mahu2021: raises 240 to 280 and is all-in
Atajan7388: folds 
Uncalled bet (240) returned to Mahu2021
Mahu2021 collected 80 from pot
Mahu2021: doesn't show hand 
*** SUMMARY ***
Total pot 80 | Rake 0 
Seat 1: Atajan7388 (big blind) folded before Flop
Seat 3: Mahu2021 (button) (small blind) collected (80)



PokerStars Hand #245726440757: Tournament #3639391636, $0.92+$0.08 USD Hold'em No Limit - Level III (20/40) - 2023/09/02 11:28:05 CET [2023/09/02 5:28:05 ET]
Table '3639391636 1' 3-max Seat #1 is the button
Seat 1: Atajan7388 (1180 in chips) 
Seat 3: Mahu2021 (320 in chips) 
Atajan7388: posts small blind 20
Mahu2021: posts big blind 40
*** HOLE CARDS ***
Dealt to Mahu2021 [Qh 8s]
Atajan7388: raises 40 to 80
Mahu2021: calls 40
*** FLOP *** [6c Qc 5s]
Mahu2021: checks 
Atajan7388: bets 40
Mahu2021: raises 200 to 240 and is all-in
Atajan7388: calls 200
*** TURN *** [6c Qc 5s] [8c]
*** RIVER *** [6c Qc 5s 8c] [5h]
*** SHOW DOWN ***
Mahu2021: shows [Qh 8s] (two pair, Queens and Eights)
Atajan7388: shows [Kc Kh] (two pair, Kings and Fives)
Atajan7388 collected 640 from pot
Mahu2021 finished the tournament in 2nd place
Atajan7388 wins the tournament and receives $3.00 - congratulations!
*** SUMMARY ***
Total pot 640 | Rake 0 
Board [6c Qc 5s 8c 5h]
Seat 1: Atajan7388 (button) (small blind) showed [Kc Kh] and won (640) with two pair, Kings and Fives
Seat 3: Mahu2021 (big blind) showed [Qh 8s] and lost with two pair, Queens and Eights



