PokerStars Hand #250177226636: Tournament #3747097788, $1.84+$0.16 USD Hold'em No Limit - Level I (10/20) - 2024/04/26 14:07:19 CET [2024/04/26 8:07:19 ET]
Table '3747097788 1' 3-max Seat #1 is the button
Seat 1: Tassinari_86 (500 in chips) 
Seat 2: Mxritz26 (500 in chips) 
Seat 3: Mahu2021 (500 in chips) 
Mxritz26: posts small blind 10
Mahu2021: posts big blind 20
*** HOLE CARDS ***
Dealt to Mahu2021 [Tc Jd]
Tassinari_86: raises 20 to 40
Mxritz26: calls 30
Mahu2021: calls 20
*** FLOP *** [3h Ad 4c]
Mxritz26: checks 
Mahu2021: checks 
Tassinari_86: bets 70
Mxritz26: folds 
Mahu2021: folds 
Uncalled bet (70) returned to Tassinari_86
Tassinari_86 collected 120 from pot
*** SUMMARY ***
Total pot 120 | Rake 0 
Board [3h Ad 4c]
Seat 1: Tassinari_86 (button) collected (120)
Seat 2: Mxritz26 (small blind) folded on the Flop
Seat 3: Mahu2021 (big blind) folded on the Flop



PokerStars Hand #250177230832: Tournament #3747097788, $1.84+$0.16 USD Hold'em No Limit - Level I (10/20) - 2024/04/26 14:07:44 CET [2024/04/26 8:07:44 ET]
Table '3747097788 1' 3-max Seat #2 is the button
Seat 1: Tassinari_86 (580 in chips) 
Seat 2: Mxritz26 (460 in chips) 
Seat 3: Mahu2021 (460 in chips) 
Mahu2021: posts small blind 10
Tassinari_86: posts big blind 20
*** HOLE CARDS ***
Dealt to Mahu2021 [3c Ah]
Mxritz26: calls 20
Mahu2021: calls 10
Tassinari_86: raises 560 to 580 and is all-in
Mxritz26: folds 
Mahu2021: folds 
Uncalled bet (560) returned to Tassinari_86
Tassinari_86 collected 60 from pot
*** SUMMARY ***
Total pot 60 | Rake 0 
Seat 1: Tassinari_86 (big blind) collected (60)
Seat 2: Mxritz26 (button) folded before Flop
Seat 3: Mahu2021 (small blind) folded before Flop



PokerStars Hand #250177232458: Tournament #3747097788, $1.84+$0.16 USD Hold'em No Limit - Level I (10/20) - 2024/04/26 14:07:54 CET [2024/04/26 8:07:54 ET]
Table '3747097788 1' 3-max Seat #3 is the button
Seat 1: Tassinari_86 (620 in chips) 
Seat 2: Mxritz26 (440 in chips) 
Seat 3: Mahu2021 (440 in chips) 
Tassinari_86: posts small blind 10
Mxritz26: posts big blind 20
*** HOLE CARDS ***
Dealt to Mahu2021 [6d 4h]
Mahu2021: folds 
Tassinari_86: raises 600 to 620 and is all-in
Mxritz26: folds 
Uncalled bet (600) returned to Tassinari_86
Tassinari_86 collected 40 from pot
*** SUMMARY ***
Total pot 40 | Rake 0 
Seat 1: Tassinari_86 (small blind) collected (40)
Seat 2: Mxritz26 (big blind) folded before Flop
Seat 3: Mahu2021 (button) folded before Flop (didn't bet)



PokerStars Hand #250177234057: Tournament #3747097788, $1.84+$0.16 USD Hold'em No Limit - Level I (10/20) - 2024/04/26 14:08:04 CET [2024/04/26 8:08:04 ET]
Table '3747097788 1' 3-max Seat #1 is the button
Seat 1: Tassinari_86 (640 in chips) 
Seat 2: Mxritz26 (420 in chips) 
Seat 3: Mahu2021 (440 in chips) 
Mxritz26: posts small blind 10
Mahu2021: posts big blind 20
*** HOLE CARDS ***
Dealt to Mahu2021 [8s 2c]
Tassinari_86: raises 20 to 40
Mxritz26: folds 
Mahu2021: folds 
Uncalled bet (20) returned to Tassinari_86
Tassinari_86 collected 50 from pot
*** SUMMARY ***
Total pot 50 | Rake 0 
Seat 1: Tassinari_86 (button) collected (50)
Seat 2: Mxritz26 (small blind) folded before Flop
Seat 3: Mahu2021 (big blind) folded before Flop



PokerStars Hand #250177234952: Tournament #3747097788, $1.84+$0.16 USD Hold'em No Limit - Level I (10/20) - 2024/04/26 14:08:09 CET [2024/04/26 8:08:09 ET]
Table '3747097788 1' 3-max Seat #2 is the button
Seat 1: Tassinari_86 (670 in chips) 
Seat 2: Mxritz26 (410 in chips) 
Seat 3: Mahu2021 (420 in chips) 
Mahu2021: posts small blind 10
Tassinari_86: posts big blind 20
*** HOLE CARDS ***
Dealt to Mahu2021 [3c Ah]
Mxritz26: calls 20
Mahu2021: calls 10
Tassinari_86: checks 
*** FLOP *** [7d 4c 9d]
Mahu2021: checks 
Tassinari_86: checks 
Mxritz26: bets 60
Mahu2021: folds 
Tassinari_86: folds 
Uncalled bet (60) returned to Mxritz26
Mxritz26 collected 60 from pot
Mxritz26: doesn't show hand 
*** SUMMARY ***
Total pot 60 | Rake 0 
Board [7d 4c 9d]
Seat 1: Tassinari_86 (big blind) folded on the Flop
Seat 2: Mxritz26 (button) collected (60)
Seat 3: Mahu2021 (small blind) folded on the Flop



PokerStars Hand #250177239091: Tournament #3747097788, $1.84+$0.16 USD Hold'em No Limit - Level I (10/20) - 2024/04/26 14:08:34 CET [2024/04/26 8:08:34 ET]
Table '3747097788 1' 3-max Seat #3 is the button
Seat 1: Tassinari_86 (650 in chips) 
Seat 2: Mxritz26 (450 in chips) 
Seat 3: Mahu2021 (400 in chips) 
Tassinari_86: posts small blind 10
Mxritz26: posts big blind 20
*** HOLE CARDS ***
Dealt to Mahu2021 [Td 3h]
Mahu2021: folds 
Tassinari_86: calls 10
Mxritz26: checks 
*** FLOP *** [Ks 3d 8h]
Tassinari_86: bets 20
Mxritz26: calls 20
*** TURN *** [Ks 3d 8h] [2c]
Tassinari_86: checks 
Mxritz26: checks 
*** RIVER *** [Ks 3d 8h 2c] [5c]
Tassinari_86: checks 
Mxritz26: bets 100
Tassinari_86: folds 
Uncalled bet (100) returned to Mxritz26
Mxritz26 collected 80 from pot
Mxritz26: doesn't show hand 
*** SUMMARY ***
Total pot 80 | Rake 0 
Board [Ks 3d 8h 2c 5c]
Seat 1: Tassinari_86 (small blind) folded on the River
Seat 2: Mxritz26 (big blind) collected (80)
Seat 3: Mahu2021 (button) folded before Flop (didn't bet)



PokerStars Hand #250177244727: Tournament #3747097788, $1.84+$0.16 USD Hold'em No Limit - Level I (10/20) - 2024/04/26 14:09:08 CET [2024/04/26 8:09:08 ET]
Table '3747097788 1' 3-max Seat #1 is the button
Seat 1: Tassinari_86 (610 in chips) 
Seat 2: Mxritz26 (490 in chips) 
Seat 3: Mahu2021 (400 in chips) 
Mxritz26: posts small blind 10
Mahu2021: posts big blind 20
*** HOLE CARDS ***
Dealt to Mahu2021 [9c Kd]
Tassinari_86: folds 
Mxritz26: calls 10
Mahu2021: checks 
*** FLOP *** [8d Qs 2h]
Mxritz26: checks 
Mahu2021: checks 
*** TURN *** [8d Qs 2h] [6d]
Mxritz26: checks 
Mahu2021: bets 20
Mxritz26: folds 
Uncalled bet (20) returned to Mahu2021
Mahu2021 collected 40 from pot
Mahu2021: doesn't show hand 
*** SUMMARY ***
Total pot 40 | Rake 0 
Board [8d Qs 2h 6d]
Seat 1: Tassinari_86 (button) folded before Flop (didn't bet)
Seat 2: Mxritz26 (small blind) folded on the Turn
Seat 3: Mahu2021 (big blind) collected (40)



PokerStars Hand #250177247647: Tournament #3747097788, $1.84+$0.16 USD Hold'em No Limit - Level II (15/30) - 2024/04/26 14:09:26 CET [2024/04/26 8:09:26 ET]
Table '3747097788 1' 3-max Seat #2 is the button
Seat 1: Tassinari_86 (610 in chips) 
Seat 2: Mxritz26 (470 in chips) 
Seat 3: Mahu2021 (420 in chips) 
Mahu2021: posts small blind 15
Tassinari_86: posts big blind 30
*** HOLE CARDS ***
Dealt to Mahu2021 [6h 5s]
Mxritz26: folds 
Mahu2021: calls 15
Tassinari_86: checks 
*** FLOP *** [7s 8h 8s]
Mahu2021: bets 30
Tassinari_86: folds 
Uncalled bet (30) returned to Mahu2021
Mahu2021 collected 60 from pot
Mahu2021: doesn't show hand 
*** SUMMARY ***
Total pot 60 | Rake 0 
Board [7s 8h 8s]
Seat 1: Tassinari_86 (big blind) folded on the Flop
Seat 2: Mxritz26 (button) folded before Flop (didn't bet)
Seat 3: Mahu2021 (small blind) collected (60)



PokerStars Hand #250177249587: Tournament #3747097788, $1.84+$0.16 USD Hold'em No Limit - Level II (15/30) - 2024/04/26 14:09:38 CET [2024/04/26 8:09:38 ET]
Table '3747097788 1' 3-max Seat #3 is the button
Seat 1: Tassinari_86 (580 in chips) 
Seat 2: Mxritz26 (470 in chips) 
Seat 3: Mahu2021 (450 in chips) 
Tassinari_86: posts small blind 15
Mxritz26: posts big blind 30
*** HOLE CARDS ***
Dealt to Mahu2021 [5s 6h]
Mahu2021: folds 
Tassinari_86: calls 15
Mxritz26: checks 
*** FLOP *** [Ts 2d Qh]
Tassinari_86: bets 30
Mxritz26: calls 30
*** TURN *** [Ts 2d Qh] [Js]
Tassinari_86: bets 90
Mxritz26: folds 
Uncalled bet (90) returned to Tassinari_86
Tassinari_86 collected 120 from pot
*** SUMMARY ***
Total pot 120 | Rake 0 
Board [Ts 2d Qh Js]
Seat 1: Tassinari_86 (small blind) collected (120)
Seat 2: Mxritz26 (big blind) folded on the Turn
Seat 3: Mahu2021 (button) folded before Flop (didn't bet)



PokerStars Hand #250177254755: Tournament #3747097788, $1.84+$0.16 USD Hold'em No Limit - Level II (15/30) - 2024/04/26 14:10:09 CET [2024/04/26 8:10:09 ET]
Table '3747097788 1' 3-max Seat #1 is the button
Seat 1: Tassinari_86 (640 in chips) 
Seat 2: Mxritz26 (410 in chips) 
Seat 3: Mahu2021 (450 in chips) 
Mxritz26: posts small blind 15
Mahu2021: posts big blind 30
*** HOLE CARDS ***
Dealt to Mahu2021 [6h 3d]
Tassinari_86: folds 
Mxritz26: calls 15
Mahu2021: checks 
*** FLOP *** [7s 9c 4c]
Mxritz26: checks 
Mahu2021: checks 
*** TURN *** [7s 9c 4c] [Ts]
Mxritz26: checks 
Mahu2021: bets 60
Mxritz26: calls 60
*** RIVER *** [7s 9c 4c Ts] [7h]
Mxritz26: checks 
Mahu2021: checks 
*** SHOW DOWN ***
Mxritz26: shows [Qc 6s] (a pair of Sevens)
Mahu2021: mucks hand 
Mxritz26 collected 180 from pot
*** SUMMARY ***
Total pot 180 | Rake 0 
Board [7s 9c 4c Ts 7h]
Seat 1: Tassinari_86 (button) folded before Flop (didn't bet)
Seat 2: Mxritz26 (small blind) showed [Qc 6s] and won (180) with a pair of Sevens
Seat 3: Mahu2021 (big blind) mucked [6h 3d]



PokerStars Hand #250177259222: Tournament #3747097788, $1.84+$0.16 USD Hold'em No Limit - Level II (15/30) - 2024/04/26 14:10:37 CET [2024/04/26 8:10:37 ET]
Table '3747097788 1' 3-max Seat #2 is the button
Seat 1: Tassinari_86 (640 in chips) 
Seat 2: Mxritz26 (500 in chips) 
Seat 3: Mahu2021 (360 in chips) 
Mahu2021: posts small blind 15
Tassinari_86: posts big blind 30
*** HOLE CARDS ***
Dealt to Mahu2021 [Ks As]
Mxritz26: calls 30
Mahu2021: raises 90 to 120
Tassinari_86: folds 
Mxritz26: folds 
Uncalled bet (90) returned to Mahu2021
Mahu2021 collected 90 from pot
Mahu2021: doesn't show hand 
*** SUMMARY ***
Total pot 90 | Rake 0 
Seat 1: Tassinari_86 (big blind) folded before Flop
Seat 2: Mxritz26 (button) folded before Flop
Seat 3: Mahu2021 (small blind) collected (90)



PokerStars Hand #250177261126: Tournament #3747097788, $1.84+$0.16 USD Hold'em No Limit - Level II (15/30) - 2024/04/26 14:10:48 CET [2024/04/26 8:10:48 ET]
Table '3747097788 1' 3-max Seat #3 is the button
Seat 1: Tassinari_86 (610 in chips) 
Seat 2: Mxritz26 (470 in chips) 
Seat 3: Mahu2021 (420 in chips) 
Tassinari_86: posts small blind 15
Mxritz26: posts big blind 30
*** HOLE CARDS ***
Dealt to Mahu2021 [Ts 5h]
Mahu2021: folds 
Tassinari_86: raises 580 to 610 and is all-in
Mxritz26: folds 
Uncalled bet (580) returned to Tassinari_86
Tassinari_86 collected 60 from pot
*** SUMMARY ***
Total pot 60 | Rake 0 
Seat 1: Tassinari_86 (small blind) collected (60)
Seat 2: Mxritz26 (big blind) folded before Flop
Seat 3: Mahu2021 (button) folded before Flop (didn't bet)



PokerStars Hand #250177262456: Tournament #3747097788, $1.84+$0.16 USD Hold'em No Limit - Level II (15/30) - 2024/04/26 14:10:56 CET [2024/04/26 8:10:56 ET]
Table '3747097788 1' 3-max Seat #1 is the button
Seat 1: Tassinari_86 (640 in chips) 
Seat 2: Mxritz26 (440 in chips) 
Seat 3: Mahu2021 (420 in chips) 
Mxritz26: posts small blind 15
Mahu2021: posts big blind 30
*** HOLE CARDS ***
Dealt to Mahu2021 [8c 4s]
Tassinari_86: raises 30 to 60
Mxritz26: calls 45
Mahu2021: folds 
*** FLOP *** [3s 6d Jh]
Mxritz26: checks 
Tassinari_86: bets 90
Mxritz26: folds 
Uncalled bet (90) returned to Tassinari_86
Tassinari_86 collected 150 from pot
*** SUMMARY ***
Total pot 150 | Rake 0 
Board [3s 6d Jh]
Seat 1: Tassinari_86 (button) collected (150)
Seat 2: Mxritz26 (small blind) folded on the Flop
Seat 3: Mahu2021 (big blind) folded before Flop



PokerStars Hand #250177264669: Tournament #3747097788, $1.84+$0.16 USD Hold'em No Limit - Level II (15/30) - 2024/04/26 14:11:09 CET [2024/04/26 8:11:09 ET]
Table '3747097788 1' 3-max Seat #2 is the button
Seat 1: Tassinari_86 (730 in chips) 
Seat 2: Mxritz26 (380 in chips) 
Seat 3: Mahu2021 (390 in chips) 
Mahu2021: posts small blind 15
Tassinari_86: posts big blind 30
*** HOLE CARDS ***
Dealt to Mahu2021 [Td Tc]
Mxritz26: folds 
Mahu2021: calls 15
Tassinari_86: checks 
*** FLOP *** [2d 4s As]
Mahu2021: bets 30
Tassinari_86: calls 30
*** TURN *** [2d 4s As] [7c]
Mahu2021: bets 30
Tassinari_86: folds 
Uncalled bet (30) returned to Mahu2021
Mahu2021 collected 120 from pot
Mahu2021: doesn't show hand 
*** SUMMARY ***
Total pot 120 | Rake 0 
Board [2d 4s As 7c]
Seat 1: Tassinari_86 (big blind) folded on the Turn
Seat 2: Mxritz26 (button) folded before Flop (didn't bet)
Seat 3: Mahu2021 (small blind) collected (120)



PokerStars Hand #250177268804: Tournament #3747097788, $1.84+$0.16 USD Hold'em No Limit - Level III (20/40) - 2024/04/26 14:11:35 CET [2024/04/26 8:11:35 ET]
Table '3747097788 1' 3-max Seat #3 is the button
Seat 1: Tassinari_86 (670 in chips) 
Seat 2: Mxritz26 (380 in chips) 
Seat 3: Mahu2021 (450 in chips) 
Tassinari_86: posts small blind 20
Mxritz26: posts big blind 40
*** HOLE CARDS ***
Dealt to Mahu2021 [2h Ah]
Mahu2021: calls 40
Tassinari_86: raises 630 to 670 and is all-in
Mxritz26: folds 
Mahu2021: folds 
Uncalled bet (630) returned to Tassinari_86
Tassinari_86 collected 120 from pot
*** SUMMARY ***
Total pot 120 | Rake 0 
Seat 1: Tassinari_86 (small blind) collected (120)
Seat 2: Mxritz26 (big blind) folded before Flop
Seat 3: Mahu2021 (button) folded before Flop



PokerStars Hand #250177270573: Tournament #3747097788, $1.84+$0.16 USD Hold'em No Limit - Level III (20/40) - 2024/04/26 14:11:46 CET [2024/04/26 8:11:46 ET]
Table '3747097788 1' 3-max Seat #1 is the button
Seat 1: Tassinari_86 (750 in chips) 
Seat 2: Mxritz26 (340 in chips) 
Seat 3: Mahu2021 (410 in chips) 
Mxritz26: posts small blind 20
Mahu2021: posts big blind 40
*** HOLE CARDS ***
Dealt to Mahu2021 [Jc Qh]
Tassinari_86: folds 
Mxritz26: calls 20
Mahu2021: checks 
*** FLOP *** [7s 4c 5d]
Mxritz26: checks 
Mahu2021: checks 
*** TURN *** [7s 4c 5d] [7c]
Mxritz26: checks 
Mahu2021: checks 
*** RIVER *** [7s 4c 5d 7c] [Js]
Mxritz26: bets 80
Mahu2021: calls 80
*** SHOW DOWN ***
Mxritz26: shows [Ah 3h] (a pair of Sevens)
Mahu2021: shows [Jc Qh] (two pair, Jacks and Sevens)
Mahu2021 collected 240 from pot
*** SUMMARY ***
Total pot 240 | Rake 0 
Board [7s 4c 5d 7c Js]
Seat 1: Tassinari_86 (button) folded before Flop (didn't bet)
Seat 2: Mxritz26 (small blind) showed [Ah 3h] and lost with a pair of Sevens
Seat 3: Mahu2021 (big blind) showed [Jc Qh] and won (240) with two pair, Jacks and Sevens



PokerStars Hand #250177273802: Tournament #3747097788, $1.84+$0.16 USD Hold'em No Limit - Level III (20/40) - 2024/04/26 14:12:05 CET [2024/04/26 8:12:05 ET]
Table '3747097788 1' 3-max Seat #2 is the button
Seat 1: Tassinari_86 (750 in chips) 
Seat 2: Mxritz26 (220 in chips) 
Seat 3: Mahu2021 (530 in chips) 
Mahu2021: posts small blind 20
Tassinari_86: posts big blind 40
*** HOLE CARDS ***
Dealt to Mahu2021 [5s 4s]
Mxritz26: calls 40
Mahu2021: calls 20
Tassinari_86: checks 
*** FLOP *** [3c 5c 2h]
Mahu2021: checks 
Tassinari_86: checks 
Mxritz26: checks 
*** TURN *** [3c 5c 2h] [Kc]
Mahu2021: checks 
Tassinari_86: checks 
Mxritz26: bets 40
Mahu2021: calls 40
Tassinari_86: calls 40
*** RIVER *** [3c 5c 2h Kc] [8h]
Mahu2021: checks 
Tassinari_86: checks 
Mxritz26: checks 
*** SHOW DOWN ***
Mahu2021: shows [5s 4s] (a pair of Fives)
Tassinari_86: mucks hand 
Mxritz26: mucks hand 
Mahu2021 collected 240 from pot
*** SUMMARY ***
Total pot 240 | Rake 0 
Board [3c 5c 2h Kc 8h]
Seat 1: Tassinari_86 (big blind) mucked [3s Qc]
Seat 2: Mxritz26 (button) mucked [3h Jh]
Seat 3: Mahu2021 (small blind) showed [5s 4s] and won (240) with a pair of Fives



PokerStars Hand #250177278455: Tournament #3747097788, $1.84+$0.16 USD Hold'em No Limit - Level III (20/40) - 2024/04/26 14:12:33 CET [2024/04/26 8:12:33 ET]
Table '3747097788 1' 3-max Seat #3 is the button
Seat 1: Tassinari_86 (670 in chips) 
Seat 2: Mxritz26 (140 in chips) 
Seat 3: Mahu2021 (690 in chips) 
Tassinari_86: posts small blind 20
Mxritz26: posts big blind 40
*** HOLE CARDS ***
Dealt to Mahu2021 [4d 5c]
Mahu2021: folds 
Tassinari_86: folds 
Uncalled bet (20) returned to Mxritz26
Mxritz26 collected 40 from pot
Mxritz26: doesn't show hand 
*** SUMMARY ***
Total pot 40 | Rake 0 
Seat 1: Tassinari_86 (small blind) folded before Flop
Seat 2: Mxritz26 (big blind) collected (40)
Seat 3: Mahu2021 (button) folded before Flop (didn't bet)



PokerStars Hand #250177279247: Tournament #3747097788, $1.84+$0.16 USD Hold'em No Limit - Level III (20/40) - 2024/04/26 14:12:38 CET [2024/04/26 8:12:38 ET]
Table '3747097788 1' 3-max Seat #1 is the button
Seat 1: Tassinari_86 (650 in chips) 
Seat 2: Mxritz26 (160 in chips) 
Seat 3: Mahu2021 (690 in chips) 
Mxritz26: posts small blind 20
Mahu2021: posts big blind 40
*** HOLE CARDS ***
Dealt to Mahu2021 [8h 7s]
Tassinari_86: raises 40 to 80
Mxritz26: raises 80 to 160 and is all-in
Mahu2021: folds 
Tassinari_86: calls 80
*** FLOP *** [Kc 4c 6d]
*** TURN *** [Kc 4c 6d] [Qh]
*** RIVER *** [Kc 4c 6d Qh] [Th]
*** SHOW DOWN ***
Mxritz26: shows [Tc Qd] (two pair, Queens and Tens)
Tassinari_86: shows [Ad 5h] (high card Ace)
Mxritz26 collected 360 from pot
*** SUMMARY ***
Total pot 360 | Rake 0 
Board [Kc 4c 6d Qh Th]
Seat 1: Tassinari_86 (button) showed [Ad 5h] and lost with high card Ace
Seat 2: Mxritz26 (small blind) showed [Tc Qd] and won (360) with two pair, Queens and Tens
Seat 3: Mahu2021 (big blind) folded before Flop



PokerStars Hand #250177283207: Tournament #3747097788, $1.84+$0.16 USD Hold'em No Limit - Level III (20/40) - 2024/04/26 14:13:01 CET [2024/04/26 8:13:01 ET]
Table '3747097788 1' 3-max Seat #2 is the button
Seat 1: Tassinari_86 (490 in chips) 
Seat 2: Mxritz26 (360 in chips) 
Seat 3: Mahu2021 (650 in chips) 
Mahu2021: posts small blind 20
Tassinari_86: posts big blind 40
*** HOLE CARDS ***
Dealt to Mahu2021 [8c 6h]
Mxritz26: folds 
Mahu2021: folds 
Uncalled bet (20) returned to Tassinari_86
Tassinari_86 collected 40 from pot
*** SUMMARY ***
Total pot 40 | Rake 0 
Seat 1: Tassinari_86 (big blind) collected (40)
Seat 2: Mxritz26 (button) folded before Flop (didn't bet)
Seat 3: Mahu2021 (small blind) folded before Flop



PokerStars Hand #250177284196: Tournament #3747097788, $1.84+$0.16 USD Hold'em No Limit - Level III (20/40) - 2024/04/26 14:13:07 CET [2024/04/26 8:13:07 ET]
Table '3747097788 1' 3-max Seat #3 is the button
Seat 1: Tassinari_86 (510 in chips) 
Seat 2: Mxritz26 (360 in chips) 
Seat 3: Mahu2021 (630 in chips) 
Tassinari_86: posts small blind 20
Mxritz26: posts big blind 40
*** HOLE CARDS ***
Dealt to Mahu2021 [Ks 8d]
Mahu2021: folds 
Tassinari_86: raises 470 to 510 and is all-in
Mxritz26: folds 
Uncalled bet (470) returned to Tassinari_86
Tassinari_86 collected 80 from pot
*** SUMMARY ***
Total pot 80 | Rake 0 
Seat 1: Tassinari_86 (small blind) collected (80)
Seat 2: Mxritz26 (big blind) folded before Flop
Seat 3: Mahu2021 (button) folded before Flop (didn't bet)



PokerStars Hand #250177285988: Tournament #3747097788, $1.84+$0.16 USD Hold'em No Limit - Level III (20/40) - 2024/04/26 14:13:17 CET [2024/04/26 8:13:17 ET]
Table '3747097788 1' 3-max Seat #1 is the button
Seat 1: Tassinari_86 (550 in chips) 
Seat 2: Mxritz26 (320 in chips) 
Seat 3: Mahu2021 (630 in chips) 
Mxritz26: posts small blind 20
Mahu2021: posts big blind 40
*** HOLE CARDS ***
Dealt to Mahu2021 [9d 9c]
Tassinari_86: folds 
Mxritz26: folds 
Uncalled bet (20) returned to Mahu2021
Mahu2021 collected 40 from pot
Mahu2021: doesn't show hand 
*** SUMMARY ***
Total pot 40 | Rake 0 
Seat 1: Tassinari_86 (button) folded before Flop (didn't bet)
Seat 2: Mxritz26 (small blind) folded before Flop
Seat 3: Mahu2021 (big blind) collected (40)



PokerStars Hand #250177287578: Tournament #3747097788, $1.84+$0.16 USD Hold'em No Limit - Level IV (30/60) - 2024/04/26 14:13:27 CET [2024/04/26 8:13:27 ET]
Table '3747097788 1' 3-max Seat #2 is the button
Seat 1: Tassinari_86 (550 in chips) 
Seat 2: Mxritz26 (300 in chips) 
Seat 3: Mahu2021 (650 in chips) 
Mahu2021: posts small blind 30
Tassinari_86: posts big blind 60
*** HOLE CARDS ***
Dealt to Mahu2021 [7c Tc]
Mxritz26: calls 60
Mahu2021: calls 30
Tassinari_86: raises 490 to 550 and is all-in
Mxritz26: calls 240 and is all-in
Mahu2021: folds 
Uncalled bet (250) returned to Tassinari_86
*** FLOP *** [Ks 9d As]
*** TURN *** [Ks 9d As] [9c]
*** RIVER *** [Ks 9d As 9c] [Js]
*** SHOW DOWN ***
Tassinari_86: shows [5s 5h] (two pair, Nines and Fives)
Mxritz26: shows [Kd Td] (two pair, Kings and Nines)
Mxritz26 collected 660 from pot
*** SUMMARY ***
Total pot 660 | Rake 0 
Board [Ks 9d As 9c Js]
Seat 1: Tassinari_86 (big blind) showed [5s 5h] and lost with two pair, Nines and Fives
Seat 2: Mxritz26 (button) showed [Kd Td] and won (660) with two pair, Kings and Nines
Seat 3: Mahu2021 (small blind) folded before Flop



PokerStars Hand #250177291179: Tournament #3747097788, $1.84+$0.16 USD Hold'em No Limit - Level IV (30/60) - 2024/04/26 14:13:48 CET [2024/04/26 8:13:48 ET]
Table '3747097788 1' 3-max Seat #3 is the button
Seat 1: Tassinari_86 (250 in chips) 
Seat 2: Mxritz26 (660 in chips) 
Seat 3: Mahu2021 (590 in chips) 
Tassinari_86: posts small blind 30
Mxritz26: posts big blind 60
*** HOLE CARDS ***
Dealt to Mahu2021 [9c Th]
Mahu2021: folds 
Tassinari_86: raises 190 to 250 and is all-in
Mxritz26: folds 
Uncalled bet (190) returned to Tassinari_86
Tassinari_86 collected 120 from pot
*** SUMMARY ***
Total pot 120 | Rake 0 
Seat 1: Tassinari_86 (small blind) collected (120)
Seat 2: Mxritz26 (big blind) folded before Flop
Seat 3: Mahu2021 (button) folded before Flop (didn't bet)



PokerStars Hand #250177292526: Tournament #3747097788, $1.84+$0.16 USD Hold'em No Limit - Level IV (30/60) - 2024/04/26 14:13:56 CET [2024/04/26 8:13:56 ET]
Table '3747097788 1' 3-max Seat #1 is the button
Seat 1: Tassinari_86 (310 in chips) 
Seat 2: Mxritz26 (600 in chips) 
Seat 3: Mahu2021 (590 in chips) 
Mxritz26: posts small blind 30
Mahu2021: posts big blind 60
*** HOLE CARDS ***
Dealt to Mahu2021 [Qs Ts]
Tassinari_86: folds 
Mxritz26: calls 30
Mahu2021: checks 
*** FLOP *** [Js 5s Kd]
Mxritz26: checks 
Mahu2021: bets 60
Mxritz26: folds 
Uncalled bet (60) returned to Mahu2021
Mahu2021 collected 120 from pot
Mahu2021: doesn't show hand 
*** SUMMARY ***
Total pot 120 | Rake 0 
Board [Js 5s Kd]
Seat 1: Tassinari_86 (button) folded before Flop (didn't bet)
Seat 2: Mxritz26 (small blind) folded on the Flop
Seat 3: Mahu2021 (big blind) collected (120)



PokerStars Hand #250177294731: Tournament #3747097788, $1.84+$0.16 USD Hold'em No Limit - Level IV (30/60) - 2024/04/26 14:14:09 CET [2024/04/26 8:14:09 ET]
Table '3747097788 1' 3-max Seat #2 is the button
Seat 1: Tassinari_86 (310 in chips) 
Seat 2: Mxritz26 (540 in chips) 
Seat 3: Mahu2021 (650 in chips) 
Mahu2021: posts small blind 30
Tassinari_86: posts big blind 60
*** HOLE CARDS ***
Dealt to Mahu2021 [Qs Tc]
Mxritz26: calls 60
Mahu2021: calls 30
Tassinari_86: checks 
*** FLOP *** [3h 2d 3c]
Mahu2021: checks 
Tassinari_86: checks 
Mxritz26: checks 
*** TURN *** [3h 2d 3c] [4c]
Mahu2021: checks 
Tassinari_86: bets 60
Mxritz26: folds 
Mahu2021: folds 
Uncalled bet (60) returned to Tassinari_86
Tassinari_86 collected 180 from pot
*** SUMMARY ***
Total pot 180 | Rake 0 
Board [3h 2d 3c 4c]
Seat 1: Tassinari_86 (big blind) collected (180)
Seat 2: Mxritz26 (button) folded on the Turn
Seat 3: Mahu2021 (small blind) folded on the Turn



PokerStars Hand #250177299533: Tournament #3747097788, $1.84+$0.16 USD Hold'em No Limit - Level IV (30/60) - 2024/04/26 14:14:38 CET [2024/04/26 8:14:38 ET]
Table '3747097788 1' 3-max Seat #3 is the button
Seat 1: Tassinari_86 (430 in chips) 
Seat 2: Mxritz26 (480 in chips) 
Seat 3: Mahu2021 (590 in chips) 
Tassinari_86: posts small blind 30
Mxritz26: posts big blind 60
*** HOLE CARDS ***
Dealt to Mahu2021 [3c Qd]
Mahu2021: folds 
Tassinari_86: raises 370 to 430 and is all-in
Mxritz26: calls 370
*** FLOP *** [2c 5c 4h]
*** TURN *** [2c 5c 4h] [9s]
*** RIVER *** [2c 5c 4h 9s] [5s]
*** SHOW DOWN ***
Tassinari_86: shows [Kd 9d] (two pair, Nines and Fives)
Mxritz26: shows [6h 6d] (two pair, Sixes and Fives)
Tassinari_86 collected 860 from pot
*** SUMMARY ***
Total pot 860 | Rake 0 
Board [2c 5c 4h 9s 5s]
Seat 1: Tassinari_86 (small blind) showed [Kd 9d] and won (860) with two pair, Nines and Fives
Seat 2: Mxritz26 (big blind) showed [6h 6d] and lost with two pair, Sixes and Fives
Seat 3: Mahu2021 (button) folded before Flop (didn't bet)



PokerStars Hand #250177302249: Tournament #3747097788, $1.84+$0.16 USD Hold'em No Limit - Level IV (30/60) - 2024/04/26 14:14:54 CET [2024/04/26 8:14:54 ET]
Table '3747097788 1' 3-max Seat #1 is the button
Seat 1: Tassinari_86 (860 in chips) 
Seat 2: Mxritz26 (50 in chips) 
Seat 3: Mahu2021 (590 in chips) 
Mxritz26: posts small blind 30
Mahu2021: posts big blind 60
*** HOLE CARDS ***
Dealt to Mahu2021 [Js Qd]
Tassinari_86: folds 
Mxritz26: calls 20 and is all-in
Uncalled bet (10) returned to Mahu2021
*** FLOP *** [4s 3c As]
*** TURN *** [4s 3c As] [Ts]
*** RIVER *** [4s 3c As Ts] [8d]
*** SHOW DOWN ***
Mxritz26: shows [7c 7h] (a pair of Sevens)
Mahu2021: shows [Js Qd] (high card Ace)
Mxritz26 collected 100 from pot
*** SUMMARY ***
Total pot 100 | Rake 0 
Board [4s 3c As Ts 8d]
Seat 1: Tassinari_86 (button) folded before Flop (didn't bet)
Seat 2: Mxritz26 (small blind) showed [7c 7h] and won (100) with a pair of Sevens
Seat 3: Mahu2021 (big blind) showed [Js Qd] and lost with high card Ace



PokerStars Hand #250177304320: Tournament #3747097788, $1.84+$0.16 USD Hold'em No Limit - Level IV (30/60) - 2024/04/26 14:15:06 CET [2024/04/26 8:15:06 ET]
Table '3747097788 1' 3-max Seat #2 is the button
Seat 1: Tassinari_86 (860 in chips) 
Seat 2: Mxritz26 (100 in chips) 
Seat 3: Mahu2021 (540 in chips) 
Mahu2021: posts small blind 30
Tassinari_86: posts big blind 60
*** HOLE CARDS ***
Dealt to Mahu2021 [Qc Th]
Mxritz26: raises 40 to 100 and is all-in
Mahu2021: calls 70
Tassinari_86: folds 
*** FLOP *** [9s 3h 8s]
*** TURN *** [9s 3h 8s] [Qs]
*** RIVER *** [9s 3h 8s Qs] [9h]
*** SHOW DOWN ***
Mahu2021: shows [Qc Th] (two pair, Queens and Nines)
Mxritz26: shows [8c Td] (two pair, Nines and Eights)
Mahu2021 collected 260 from pot
Mxritz26 finished the tournament in 3rd place
*** SUMMARY ***
Total pot 260 | Rake 0 
Board [9s 3h 8s Qs 9h]
Seat 1: Tassinari_86 (big blind) folded before Flop
Seat 2: Mxritz26 (button) showed [8c Td] and lost with two pair, Nines and Eights
Seat 3: Mahu2021 (small blind) showed [Qc Th] and won (260) with two pair, Queens and Nines



PokerStars Hand #250177307079: Tournament #3747097788, $1.84+$0.16 USD Hold'em No Limit - Level IV (30/60) - 2024/04/26 14:15:22 CET [2024/04/26 8:15:22 ET]
Table '3747097788 1' 3-max Seat #1 is the button
Seat 1: Tassinari_86 (800 in chips) 
Seat 3: Mahu2021 (700 in chips) 
Tassinari_86: posts small blind 30
Mahu2021: posts big blind 60
*** HOLE CARDS ***
Dealt to Mahu2021 [6d Ks]
Tassinari_86: calls 30
Mahu2021: checks 
*** FLOP *** [7h Tc 7d]
Mahu2021: checks 
Tassinari_86: checks 
*** TURN *** [7h Tc 7d] [8c]
Mahu2021: bets 60
Tassinari_86: calls 60
*** RIVER *** [7h Tc 7d 8c] [Ah]
Mahu2021: checks 
Tassinari_86: checks 
*** SHOW DOWN ***
Mahu2021: shows [6d Ks] (a pair of Sevens)
Tassinari_86: mucks hand 
Mahu2021 collected 240 from pot
*** SUMMARY ***
Total pot 240 | Rake 0 
Board [7h Tc 7d 8c Ah]
Seat 1: Tassinari_86 (button) (small blind) mucked [9d Qd]
Seat 3: Mahu2021 (big blind) showed [6d Ks] and won (240) with a pair of Sevens



PokerStars Hand #250177311238: Tournament #3747097788, $1.84+$0.16 USD Hold'em No Limit - Level V (40/80) - 2024/04/26 14:15:47 CET [2024/04/26 8:15:47 ET]
Table '3747097788 1' 3-max Seat #3 is the button
Seat 1: Tassinari_86 (680 in chips) 
Seat 3: Mahu2021 (820 in chips) 
Mahu2021: posts small blind 40
Tassinari_86: posts big blind 80
*** HOLE CARDS ***
Dealt to Mahu2021 [Jh 5s]
Mahu2021: calls 40
Tassinari_86: checks 
*** FLOP *** [2d 9s As]
Tassinari_86: checks 
Mahu2021: checks 
*** TURN *** [2d 9s As] [Th]
Tassinari_86: checks 
Mahu2021: checks 
*** RIVER *** [2d 9s As Th] [4h]
Tassinari_86: checks 
Mahu2021: checks 
*** SHOW DOWN ***
Tassinari_86: shows [6h 9d] (a pair of Nines)
Mahu2021: mucks hand 
Tassinari_86 collected 160 from pot
*** SUMMARY ***
Total pot 160 | Rake 0 
Board [2d 9s As Th 4h]
Seat 1: Tassinari_86 (big blind) showed [6h 9d] and won (160) with a pair of Nines
Seat 3: Mahu2021 (button) (small blind) mucked [Jh 5s]



PokerStars Hand #250177313660: Tournament #3747097788, $1.84+$0.16 USD Hold'em No Limit - Level V (40/80) - 2024/04/26 14:16:01 CET [2024/04/26 8:16:01 ET]
Table '3747097788 1' 3-max Seat #1 is the button
Seat 1: Tassinari_86 (760 in chips) 
Seat 3: Mahu2021 (740 in chips) 
Tassinari_86: posts small blind 40
Mahu2021: posts big blind 80
*** HOLE CARDS ***
Dealt to Mahu2021 [Ts 9d]
Tassinari_86: raises 680 to 760 and is all-in
Mahu2021: folds 
Uncalled bet (680) returned to Tassinari_86
Tassinari_86 collected 160 from pot
*** SUMMARY ***
Total pot 160 | Rake 0 
Seat 1: Tassinari_86 (button) (small blind) collected (160)
Seat 3: Mahu2021 (big blind) folded before Flop



PokerStars Hand #250177314572: Tournament #3747097788, $1.84+$0.16 USD Hold'em No Limit - Level V (40/80) - 2024/04/26 14:16:07 CET [2024/04/26 8:16:07 ET]
Table '3747097788 1' 3-max Seat #3 is the button
Seat 1: Tassinari_86 (840 in chips) 
Seat 3: Mahu2021 (660 in chips) 
Mahu2021: posts small blind 40
Tassinari_86: posts big blind 80
*** HOLE CARDS ***
Dealt to Mahu2021 [5h 8d]
Mahu2021: folds 
Uncalled bet (40) returned to Tassinari_86
Tassinari_86 collected 80 from pot
*** SUMMARY ***
Total pot 80 | Rake 0 
Seat 1: Tassinari_86 (big blind) collected (80)
Seat 3: Mahu2021 (button) (small blind) folded before Flop



PokerStars Hand #250177315445: Tournament #3747097788, $1.84+$0.16 USD Hold'em No Limit - Level V (40/80) - 2024/04/26 14:16:12 CET [2024/04/26 8:16:12 ET]
Table '3747097788 1' 3-max Seat #1 is the button
Seat 1: Tassinari_86 (880 in chips) 
Seat 3: Mahu2021 (620 in chips) 
Tassinari_86: posts small blind 40
Mahu2021: posts big blind 80
*** HOLE CARDS ***
Dealt to Mahu2021 [Kd 3c]
Tassinari_86: raises 800 to 880 and is all-in
Mahu2021: folds 
Uncalled bet (800) returned to Tassinari_86
Tassinari_86 collected 160 from pot
*** SUMMARY ***
Total pot 160 | Rake 0 
Seat 1: Tassinari_86 (button) (small blind) collected (160)
Seat 3: Mahu2021 (big blind) folded before Flop



PokerStars Hand #250177316559: Tournament #3747097788, $1.84+$0.16 USD Hold'em No Limit - Level V (40/80) - 2024/04/26 14:16:19 CET [2024/04/26 8:16:19 ET]
Table '3747097788 1' 3-max Seat #3 is the button
Seat 1: Tassinari_86 (960 in chips) 
Seat 3: Mahu2021 (540 in chips) 
Mahu2021: posts small blind 40
Tassinari_86: posts big blind 80
*** HOLE CARDS ***
Dealt to Mahu2021 [Qs 6h]
Mahu2021: calls 40
Tassinari_86: raises 880 to 960 and is all-in
Mahu2021: folds 
Uncalled bet (880) returned to Tassinari_86
Tassinari_86 collected 160 from pot
*** SUMMARY ***
Total pot 160 | Rake 0 
Seat 1: Tassinari_86 (big blind) collected (160)
Seat 3: Mahu2021 (button) (small blind) folded before Flop



PokerStars Hand #250177317834: Tournament #3747097788, $1.84+$0.16 USD Hold'em No Limit - Level V (40/80) - 2024/04/26 14:16:26 CET [2024/04/26 8:16:26 ET]
Table '3747097788 1' 3-max Seat #1 is the button
Seat 1: Tassinari_86 (1040 in chips) 
Seat 3: Mahu2021 (460 in chips) 
Tassinari_86: posts small blind 40
Mahu2021: posts big blind 80
*** HOLE CARDS ***
Dealt to Mahu2021 [6d Jh]
Tassinari_86: raises 960 to 1040 and is all-in
Mahu2021: folds 
Uncalled bet (960) returned to Tassinari_86
Tassinari_86 collected 160 from pot
*** SUMMARY ***
Total pot 160 | Rake 0 
Seat 1: Tassinari_86 (button) (small blind) collected (160)
Seat 3: Mahu2021 (big blind) folded before Flop



PokerStars Hand #250177318606: Tournament #3747097788, $1.84+$0.16 USD Hold'em No Limit - Level V (40/80) - 2024/04/26 14:16:31 CET [2024/04/26 8:16:31 ET]
Table '3747097788 1' 3-max Seat #3 is the button
Seat 1: Tassinari_86 (1120 in chips) 
Seat 3: Mahu2021 (380 in chips) 
Mahu2021: posts small blind 40
Tassinari_86: posts big blind 80
*** HOLE CARDS ***
Dealt to Mahu2021 [As Qc]
Mahu2021: calls 40
Tassinari_86: checks 
*** FLOP *** [3c 5d Ad]
Tassinari_86: checks 
Mahu2021: checks 
*** TURN *** [3c 5d Ad] [8d]
Tassinari_86: bets 80
Mahu2021: raises 220 to 300 and is all-in
Tassinari_86: folds 
Uncalled bet (220) returned to Mahu2021
Mahu2021 collected 320 from pot
Mahu2021: doesn't show hand 
*** SUMMARY ***
Total pot 320 | Rake 0 
Board [3c 5d Ad 8d]
Seat 1: Tassinari_86 (big blind) folded on the Turn
Seat 3: Mahu2021 (button) (small blind) collected (320)



PokerStars Hand #250177322138: Tournament #3747097788, $1.84+$0.16 USD Hold'em No Limit - Level V (40/80) - 2024/04/26 14:16:52 CET [2024/04/26 8:16:52 ET]
Table '3747097788 1' 3-max Seat #1 is the button
Seat 1: Tassinari_86 (960 in chips) 
Seat 3: Mahu2021 (540 in chips) 
Tassinari_86: posts small blind 40
Mahu2021: posts big blind 80
*** HOLE CARDS ***
Dealt to Mahu2021 [Jc 2d]
Tassinari_86: raises 880 to 960 and is all-in
Mahu2021: folds 
Uncalled bet (880) returned to Tassinari_86
Tassinari_86 collected 160 from pot
*** SUMMARY ***
Total pot 160 | Rake 0 
Seat 1: Tassinari_86 (button) (small blind) collected (160)
Seat 3: Mahu2021 (big blind) folded before Flop



PokerStars Hand #250177322993: Tournament #3747097788, $1.84+$0.16 USD Hold'em No Limit - Level V (40/80) - 2024/04/26 14:16:57 CET [2024/04/26 8:16:57 ET]
Table '3747097788 1' 3-max Seat #3 is the button
Seat 1: Tassinari_86 (1040 in chips) 
Seat 3: Mahu2021 (460 in chips) 
Mahu2021: posts small blind 40
Tassinari_86: posts big blind 80
*** HOLE CARDS ***
Dealt to Mahu2021 [Qs Jc]
Mahu2021: calls 40
Tassinari_86: raises 960 to 1040 and is all-in
Mahu2021: calls 380 and is all-in
Uncalled bet (580) returned to Tassinari_86
*** FLOP *** [6c 9d Jh]
*** TURN *** [6c 9d Jh] [6h]
*** RIVER *** [6c 9d Jh 6h] [Qc]
*** SHOW DOWN ***
Tassinari_86: shows [As 3s] (a pair of Sixes)
Mahu2021: shows [Qs Jc] (two pair, Queens and Jacks)
Mahu2021 collected 920 from pot
*** SUMMARY ***
Total pot 920 | Rake 0 
Board [6c 9d Jh 6h Qc]
Seat 1: Tassinari_86 (big blind) showed [As 3s] and lost with a pair of Sixes
Seat 3: Mahu2021 (button) (small blind) showed [Qs Jc] and won (920) with two pair, Queens and Jacks



PokerStars Hand #250177325169: Tournament #3747097788, $1.84+$0.16 USD Hold'em No Limit - Level V (40/80) - 2024/04/26 14:17:11 CET [2024/04/26 8:17:11 ET]
Table '3747097788 1' 3-max Seat #1 is the button
Seat 1: Tassinari_86 (580 in chips) 
Seat 3: Mahu2021 (920 in chips) 
Tassinari_86: posts small blind 40
Mahu2021: posts big blind 80
*** HOLE CARDS ***
Dealt to Mahu2021 [Ah 5s]
Tassinari_86: raises 500 to 580 and is all-in
Mahu2021: calls 500
*** FLOP *** [9s Jh 4c]
*** TURN *** [9s Jh 4c] [8h]
*** RIVER *** [9s Jh 4c 8h] [7s]
*** SHOW DOWN ***
Mahu2021: shows [Ah 5s] (high card Ace)
Tassinari_86: shows [Qc Th] (a straight, Eight to Queen)
Tassinari_86 collected 1160 from pot
*** SUMMARY ***
Total pot 1160 | Rake 0 
Board [9s Jh 4c 8h 7s]
Seat 1: Tassinari_86 (button) (small blind) showed [Qc Th] and won (1160) with a straight, Eight to Queen
Seat 3: Mahu2021 (big blind) showed [Ah 5s] and lost with high card Ace



PokerStars Hand #250177327462: Tournament #3747097788, $1.84+$0.16 USD Hold'em No Limit - Level VI (50/100) - 2024/04/26 14:17:24 CET [2024/04/26 8:17:24 ET]
Table '3747097788 1' 3-max Seat #3 is the button
Seat 1: Tassinari_86 (1160 in chips) 
Seat 3: Mahu2021 (340 in chips) 
Mahu2021: posts small blind 50
Tassinari_86: posts big blind 100
*** HOLE CARDS ***
Dealt to Mahu2021 [Ks 7s]
Mahu2021: raises 240 to 340 and is all-in
Tassinari_86: calls 240
*** FLOP *** [Kd Jd 7c]
*** TURN *** [Kd Jd 7c] [5c]
*** RIVER *** [Kd Jd 7c 5c] [6d]
*** SHOW DOWN ***
Tassinari_86: shows [Ac 8h] (high card Ace)
Mahu2021: shows [Ks 7s] (two pair, Kings and Sevens)
Mahu2021 collected 680 from pot
*** SUMMARY ***
Total pot 680 | Rake 0 
Board [Kd Jd 7c 5c 6d]
Seat 1: Tassinari_86 (big blind) showed [Ac 8h] and lost with high card Ace
Seat 3: Mahu2021 (button) (small blind) showed [Ks 7s] and won (680) with two pair, Kings and Sevens



PokerStars Hand #250177329757: Tournament #3747097788, $1.84+$0.16 USD Hold'em No Limit - Level VI (50/100) - 2024/04/26 14:17:38 CET [2024/04/26 8:17:38 ET]
Table '3747097788 1' 3-max Seat #1 is the button
Seat 1: Tassinari_86 (820 in chips) 
Seat 3: Mahu2021 (680 in chips) 
Tassinari_86: posts small blind 50
Mahu2021: posts big blind 100
*** HOLE CARDS ***
Dealt to Mahu2021 [Ad 9h]
Tassinari_86: raises 720 to 820 and is all-in
Mahu2021: calls 580 and is all-in
Uncalled bet (140) returned to Tassinari_86
*** FLOP *** [4s 4h Kh]
*** TURN *** [4s 4h Kh] [2s]
*** RIVER *** [4s 4h Kh 2s] [2c]
*** SHOW DOWN ***
Mahu2021: shows [Ad 9h] (two pair, Fours and Deuces)
Tassinari_86: shows [7c Qc] (two pair, Fours and Deuces - lower kicker)
Mahu2021 collected 1360 from pot
*** SUMMARY ***
Total pot 1360 | Rake 0 
Board [4s 4h Kh 2s 2c]
Seat 1: Tassinari_86 (button) (small blind) showed [7c Qc] and lost with two pair, Fours and Deuces
Seat 3: Mahu2021 (big blind) showed [Ad 9h] and won (1360) with two pair, Fours and Deuces



PokerStars Hand #250177331596: Tournament #3747097788, $1.84+$0.16 USD Hold'em No Limit - Level VI (50/100) - 2024/04/26 14:17:49 CET [2024/04/26 8:17:49 ET]
Table '3747097788 1' 3-max Seat #3 is the button
Seat 1: Tassinari_86 (140 in chips) 
Seat 3: Mahu2021 (1360 in chips) 
Mahu2021: posts small blind 50
Tassinari_86: posts big blind 100
*** HOLE CARDS ***
Dealt to Mahu2021 [5d 5h]
Mahu2021: raises 100 to 200
Tassinari_86: calls 40 and is all-in
Uncalled bet (60) returned to Mahu2021
*** FLOP *** [As Qs 2d]
*** TURN *** [As Qs 2d] [4d]
*** RIVER *** [As Qs 2d 4d] [5c]
*** SHOW DOWN ***
Tassinari_86: shows [4h Qc] (two pair, Queens and Fours)
Mahu2021: shows [5d 5h] (three of a kind, Fives)
Mahu2021 collected 280 from pot
Tassinari_86 finished the tournament in 2nd place
Mahu2021 wins the tournament and receives $4.00 - congratulations!
*** SUMMARY ***
Total pot 280 | Rake 0 
Board [As Qs 2d 4d 5c]
Seat 1: Tassinari_86 (big blind) showed [4h Qc] and lost with two pair, Queens and Fours
Seat 3: Mahu2021 (button) (small blind) showed [5d 5h] and won (280) with three of a kind, Fives



