PokerStars Hand #247660971432: Tournament #3686469709, $1.84+$0.16 USD Hold'em No Limit - Level I (10/20) - 2023/12/14 21:59:02 CET [2023/12/14 15:59:02 ET]
Table '3686469709 1' 3-max Seat #1 is the button
Seat 1: ad.adriano (500 in chips) 
Seat 2: M1ND4G41NST (500 in chips) 
Seat 3: Mahu2021 (500 in chips) 
M1ND4G41NST: posts small blind 10
Mahu2021: posts big blind 20
*** HOLE CARDS ***
Dealt to Mahu2021 [Ks 2s]
ad.adriano: folds 
M1ND4G41NST: folds 
Uncalled bet (10) returned to Mahu2021
Mahu2021 collected 20 from pot
Mahu2021: doesn't show hand 
*** SUMMARY ***
Total pot 20 | Rake 0 
Seat 1: ad.adriano (button) folded before Flop (didn't bet)
Seat 2: M1ND4G41NST (small blind) folded before Flop
Seat 3: Mahu2021 (big blind) collected (20)



PokerStars Hand #247660974269: Tournament #3686469709, $1.84+$0.16 USD Hold'em No Limit - Level I (10/20) - 2023/12/14 21:59:14 CET [2023/12/14 15:59:14 ET]
Table '3686469709 1' 3-max Seat #2 is the button
Seat 1: ad.adriano (500 in chips) 
Seat 2: M1ND4G41NST (490 in chips) 
Seat 3: Mahu2021 (510 in chips) 
Mahu2021: posts small blind 10
ad.adriano: posts big blind 20
*** HOLE CARDS ***
Dealt to Mahu2021 [Js 8c]
M1ND4G41NST: folds 
Mahu2021: calls 10
ad.adriano: raises 40 to 60
Mahu2021: folds 
Uncalled bet (40) returned to ad.adriano
ad.adriano collected 40 from pot
ad.adriano: doesn't show hand 
*** SUMMARY ***
Total pot 40 | Rake 0 
Seat 1: ad.adriano (big blind) collected (40)
Seat 2: M1ND4G41NST (button) folded before Flop (didn't bet)
Seat 3: Mahu2021 (small blind) folded before Flop



PokerStars Hand #247660977466: Tournament #3686469709, $1.84+$0.16 USD Hold'em No Limit - Level I (10/20) - 2023/12/14 21:59:26 CET [2023/12/14 15:59:26 ET]
Table '3686469709 1' 3-max Seat #3 is the button
Seat 1: ad.adriano (520 in chips) 
Seat 2: M1ND4G41NST (490 in chips) 
Seat 3: Mahu2021 (490 in chips) 
ad.adriano: posts small blind 10
M1ND4G41NST: posts big blind 20
*** HOLE CARDS ***
Dealt to Mahu2021 [Js As]
Mahu2021: raises 40 to 60
ad.adriano: folds 
M1ND4G41NST: folds 
Uncalled bet (40) returned to Mahu2021
Mahu2021 collected 50 from pot
Mahu2021: doesn't show hand 
*** SUMMARY ***
Total pot 50 | Rake 0 
Seat 1: ad.adriano (small blind) folded before Flop
Seat 2: M1ND4G41NST (big blind) folded before Flop
Seat 3: Mahu2021 (button) collected (50)



PokerStars Hand #247660981291: Tournament #3686469709, $1.84+$0.16 USD Hold'em No Limit - Level I (10/20) - 2023/12/14 21:59:41 CET [2023/12/14 15:59:41 ET]
Table '3686469709 1' 3-max Seat #1 is the button
Seat 1: ad.adriano (510 in chips) 
Seat 2: M1ND4G41NST (470 in chips) 
Seat 3: Mahu2021 (520 in chips) 
M1ND4G41NST: posts small blind 10
Mahu2021: posts big blind 20
*** HOLE CARDS ***
Dealt to Mahu2021 [7s 5c]
ad.adriano: folds 
M1ND4G41NST: folds 
Uncalled bet (10) returned to Mahu2021
Mahu2021 collected 20 from pot
Mahu2021: doesn't show hand 
*** SUMMARY ***
Total pot 20 | Rake 0 
Seat 1: ad.adriano (button) folded before Flop (didn't bet)
Seat 2: M1ND4G41NST (small blind) folded before Flop
Seat 3: Mahu2021 (big blind) collected (20)



PokerStars Hand #247660984447: Tournament #3686469709, $1.84+$0.16 USD Hold'em No Limit - Level I (10/20) - 2023/12/14 21:59:53 CET [2023/12/14 15:59:53 ET]
Table '3686469709 1' 3-max Seat #2 is the button
Seat 1: ad.adriano (510 in chips) 
Seat 2: M1ND4G41NST (460 in chips) 
Seat 3: Mahu2021 (530 in chips) 
Mahu2021: posts small blind 10
ad.adriano: posts big blind 20
*** HOLE CARDS ***
Dealt to Mahu2021 [8s 4h]
M1ND4G41NST: folds 
Mahu2021: folds 
Uncalled bet (10) returned to ad.adriano
ad.adriano collected 20 from pot
ad.adriano: doesn't show hand 
*** SUMMARY ***
Total pot 20 | Rake 0 
Seat 1: ad.adriano (big blind) collected (20)
Seat 2: M1ND4G41NST (button) folded before Flop (didn't bet)
Seat 3: Mahu2021 (small blind) folded before Flop



PokerStars Hand #247660985661: Tournament #3686469709, $1.84+$0.16 USD Hold'em No Limit - Level I (10/20) - 2023/12/14 21:59:57 CET [2023/12/14 15:59:57 ET]
Table '3686469709 1' 3-max Seat #3 is the button
Seat 1: ad.adriano (520 in chips) 
Seat 2: M1ND4G41NST (460 in chips) 
Seat 3: Mahu2021 (520 in chips) 
ad.adriano: posts small blind 10
M1ND4G41NST: posts big blind 20
*** HOLE CARDS ***
Dealt to Mahu2021 [2h Kh]
Mahu2021: folds 
ad.adriano: raises 40 to 60
M1ND4G41NST: folds 
Uncalled bet (40) returned to ad.adriano
ad.adriano collected 40 from pot
ad.adriano: doesn't show hand 
*** SUMMARY ***
Total pot 40 | Rake 0 
Seat 1: ad.adriano (small blind) collected (40)
Seat 2: M1ND4G41NST (big blind) folded before Flop
Seat 3: Mahu2021 (button) folded before Flop (didn't bet)



PokerStars Hand #247660989654: Tournament #3686469709, $1.84+$0.16 USD Hold'em No Limit - Level I (10/20) - 2023/12/14 22:00:13 CET [2023/12/14 16:00:13 ET]
Table '3686469709 1' 3-max Seat #1 is the button
Seat 1: ad.adriano (540 in chips) 
Seat 2: M1ND4G41NST (440 in chips) 
Seat 3: Mahu2021 (520 in chips) 
M1ND4G41NST: posts small blind 10
Mahu2021: posts big blind 20
*** HOLE CARDS ***
Dealt to Mahu2021 [7c Th]
ad.adriano: raises 20 to 40
M1ND4G41NST: folds 
Mahu2021: calls 20
*** FLOP *** [3d Ac 4s]
Mahu2021: checks 
ad.adriano: bets 24
Mahu2021: folds 
Uncalled bet (24) returned to ad.adriano
ad.adriano collected 90 from pot
ad.adriano: doesn't show hand 
*** SUMMARY ***
Total pot 90 | Rake 0 
Board [3d Ac 4s]
Seat 1: ad.adriano (button) collected (90)
Seat 2: M1ND4G41NST (small blind) folded before Flop
Seat 3: Mahu2021 (big blind) folded on the Flop



PokerStars Hand #247660996433: Tournament #3686469709, $1.84+$0.16 USD Hold'em No Limit - Level I (10/20) - 2023/12/14 22:00:38 CET [2023/12/14 16:00:38 ET]
Table '3686469709 1' 3-max Seat #2 is the button
Seat 1: ad.adriano (590 in chips) 
Seat 2: M1ND4G41NST (430 in chips) 
Seat 3: Mahu2021 (480 in chips) 
Mahu2021: posts small blind 10
ad.adriano: posts big blind 20
*** HOLE CARDS ***
Dealt to Mahu2021 [8h 5c]
M1ND4G41NST: folds 
Mahu2021: folds 
Uncalled bet (10) returned to ad.adriano
ad.adriano collected 20 from pot
ad.adriano: doesn't show hand 
*** SUMMARY ***
Total pot 20 | Rake 0 
Seat 1: ad.adriano (big blind) collected (20)
Seat 2: M1ND4G41NST (button) folded before Flop (didn't bet)
Seat 3: Mahu2021 (small blind) folded before Flop



PokerStars Hand #247660997607: Tournament #3686469709, $1.84+$0.16 USD Hold'em No Limit - Level I (10/20) - 2023/12/14 22:00:42 CET [2023/12/14 16:00:42 ET]
Table '3686469709 1' 3-max Seat #3 is the button
Seat 1: ad.adriano (600 in chips) 
Seat 2: M1ND4G41NST (430 in chips) 
Seat 3: Mahu2021 (470 in chips) 
ad.adriano: posts small blind 10
M1ND4G41NST: posts big blind 20
*** HOLE CARDS ***
Dealt to Mahu2021 [2h Qh]
Mahu2021: calls 20
ad.adriano: calls 10
M1ND4G41NST: raises 410 to 430 and is all-in
Mahu2021: folds 
ad.adriano: folds 
Uncalled bet (410) returned to M1ND4G41NST
M1ND4G41NST collected 60 from pot
*** SUMMARY ***
Total pot 60 | Rake 0 
Seat 1: ad.adriano (small blind) folded before Flop
Seat 2: M1ND4G41NST (big blind) collected (60)
Seat 3: Mahu2021 (button) folded before Flop



PokerStars Hand #247661005646: Tournament #3686469709, $1.84+$0.16 USD Hold'em No Limit - Level I (10/20) - 2023/12/14 22:01:10 CET [2023/12/14 16:01:10 ET]
Table '3686469709 1' 3-max Seat #1 is the button
Seat 1: ad.adriano (580 in chips) 
Seat 2: M1ND4G41NST (470 in chips) 
Seat 3: Mahu2021 (450 in chips) 
M1ND4G41NST: posts small blind 10
Mahu2021: posts big blind 20
*** HOLE CARDS ***
Dealt to Mahu2021 [Td 4d]
ad.adriano: folds 
M1ND4G41NST: folds 
Uncalled bet (10) returned to Mahu2021
Mahu2021 collected 20 from pot
Mahu2021: doesn't show hand 
*** SUMMARY ***
Total pot 20 | Rake 0 
Seat 1: ad.adriano (button) folded before Flop (didn't bet)
Seat 2: M1ND4G41NST (small blind) folded before Flop
Seat 3: Mahu2021 (big blind) collected (20)



PokerStars Hand #247661010965: Tournament #3686469709, $1.84+$0.16 USD Hold'em No Limit - Level I (10/20) - 2023/12/14 22:01:27 CET [2023/12/14 16:01:27 ET]
Table '3686469709 1' 3-max Seat #2 is the button
Seat 1: ad.adriano (580 in chips) 
Seat 2: M1ND4G41NST (460 in chips) 
Seat 3: Mahu2021 (460 in chips) 
Mahu2021: posts small blind 10
ad.adriano: posts big blind 20
*** HOLE CARDS ***
Dealt to Mahu2021 [3c Qd]
M1ND4G41NST: folds 
Mahu2021: folds 
Uncalled bet (10) returned to ad.adriano
ad.adriano collected 20 from pot
ad.adriano: doesn't show hand 
*** SUMMARY ***
Total pot 20 | Rake 0 
Seat 1: ad.adriano (big blind) collected (20)
Seat 2: M1ND4G41NST (button) folded before Flop (didn't bet)
Seat 3: Mahu2021 (small blind) folded before Flop



PokerStars Hand #247661013532: Tournament #3686469709, $1.84+$0.16 USD Hold'em No Limit - Level I (10/20) - 2023/12/14 22:01:34 CET [2023/12/14 16:01:34 ET]
Table '3686469709 1' 3-max Seat #3 is the button
Seat 1: ad.adriano (590 in chips) 
Seat 2: M1ND4G41NST (460 in chips) 
Seat 3: Mahu2021 (450 in chips) 
ad.adriano: posts small blind 10
M1ND4G41NST: posts big blind 20
*** HOLE CARDS ***
Dealt to Mahu2021 [2c Ad]
Mahu2021: folds 
ad.adriano: folds 
Uncalled bet (10) returned to M1ND4G41NST
M1ND4G41NST collected 20 from pot
*** SUMMARY ***
Total pot 20 | Rake 0 
Seat 1: ad.adriano (small blind) folded before Flop
Seat 2: M1ND4G41NST (big blind) collected (20)
Seat 3: Mahu2021 (button) folded before Flop (didn't bet)



PokerStars Hand #247661016076: Tournament #3686469709, $1.84+$0.16 USD Hold'em No Limit - Level I (10/20) - 2023/12/14 22:01:42 CET [2023/12/14 16:01:42 ET]
Table '3686469709 1' 3-max Seat #1 is the button
Seat 1: ad.adriano (580 in chips) 
Seat 2: M1ND4G41NST (470 in chips) 
Seat 3: Mahu2021 (450 in chips) 
M1ND4G41NST: posts small blind 10
Mahu2021: posts big blind 20
*** HOLE CARDS ***
Dealt to Mahu2021 [8c 2s]
ad.adriano: raises 20 to 40
M1ND4G41NST: folds 
Mahu2021: folds 
Uncalled bet (20) returned to ad.adriano
ad.adriano collected 50 from pot
ad.adriano: doesn't show hand 
*** SUMMARY ***
Total pot 50 | Rake 0 
Seat 1: ad.adriano (button) collected (50)
Seat 2: M1ND4G41NST (small blind) folded before Flop
Seat 3: Mahu2021 (big blind) folded before Flop



PokerStars Hand #247661021129: Tournament #3686469709, $1.84+$0.16 USD Hold'em No Limit - Level I (10/20) - 2023/12/14 22:01:57 CET [2023/12/14 16:01:57 ET]
Table '3686469709 1' 3-max Seat #2 is the button
Seat 1: ad.adriano (610 in chips) 
Seat 2: M1ND4G41NST (460 in chips) 
Seat 3: Mahu2021 (430 in chips) 
Mahu2021: posts small blind 10
ad.adriano: posts big blind 20
*** HOLE CARDS ***
Dealt to Mahu2021 [9d 3d]
M1ND4G41NST: raises 20 to 40
Mahu2021: folds 
ad.adriano: calls 20
*** FLOP *** [Qh 3c Ts]
ad.adriano: checks 
M1ND4G41NST: bets 27
ad.adriano: calls 27
*** TURN *** [Qh 3c Ts] [Js]
ad.adriano: checks 
M1ND4G41NST: bets 72
ad.adriano: folds 
Uncalled bet (72) returned to M1ND4G41NST
M1ND4G41NST collected 144 from pot
*** SUMMARY ***
Total pot 144 | Rake 0 
Board [Qh 3c Ts Js]
Seat 1: ad.adriano (big blind) folded on the Turn
Seat 2: M1ND4G41NST (button) collected (144)
Seat 3: Mahu2021 (small blind) folded before Flop



PokerStars Hand #247661047199: Tournament #3686469709, $1.84+$0.16 USD Hold'em No Limit - Level II (15/30) - 2023/12/14 22:03:13 CET [2023/12/14 16:03:13 ET]
Table '3686469709 1' 3-max Seat #3 is the button
Seat 1: ad.adriano (543 in chips) 
Seat 2: M1ND4G41NST (537 in chips) 
Seat 3: Mahu2021 (420 in chips) 
ad.adriano: posts small blind 15
M1ND4G41NST: posts big blind 30
*** HOLE CARDS ***
Dealt to Mahu2021 [Ks 6d]
Mahu2021: folds 
ad.adriano: folds 
Uncalled bet (15) returned to M1ND4G41NST
M1ND4G41NST collected 30 from pot
*** SUMMARY ***
Total pot 30 | Rake 0 
Seat 1: ad.adriano (small blind) folded before Flop
Seat 2: M1ND4G41NST (big blind) collected (30)
Seat 3: Mahu2021 (button) folded before Flop (didn't bet)



PokerStars Hand #247661051571: Tournament #3686469709, $1.84+$0.16 USD Hold'em No Limit - Level II (15/30) - 2023/12/14 22:03:26 CET [2023/12/14 16:03:26 ET]
Table '3686469709 1' 3-max Seat #1 is the button
Seat 1: ad.adriano (528 in chips) 
Seat 2: M1ND4G41NST (552 in chips) 
Seat 3: Mahu2021 (420 in chips) 
M1ND4G41NST: posts small blind 15
Mahu2021: posts big blind 30
*** HOLE CARDS ***
Dealt to Mahu2021 [Qs Ac]
ad.adriano: folds 
M1ND4G41NST: folds 
Uncalled bet (15) returned to Mahu2021
Mahu2021 collected 30 from pot
Mahu2021: doesn't show hand 
*** SUMMARY ***
Total pot 30 | Rake 0 
Seat 1: ad.adriano (button) folded before Flop (didn't bet)
Seat 2: M1ND4G41NST (small blind) folded before Flop
Seat 3: Mahu2021 (big blind) collected (30)



PokerStars Hand #247661059450: Tournament #3686469709, $1.84+$0.16 USD Hold'em No Limit - Level II (15/30) - 2023/12/14 22:03:48 CET [2023/12/14 16:03:48 ET]
Table '3686469709 1' 3-max Seat #2 is the button
Seat 1: ad.adriano (528 in chips) 
Seat 2: M1ND4G41NST (537 in chips) 
Seat 3: Mahu2021 (435 in chips) 
Mahu2021: posts small blind 15
ad.adriano: posts big blind 30
*** HOLE CARDS ***
Dealt to Mahu2021 [Jh 7d]
M1ND4G41NST: raises 30 to 60
Mahu2021: calls 45
ad.adriano: folds 
*** FLOP *** [9d 5s 2s]
Mahu2021: checks 
M1ND4G41NST: bets 45
Mahu2021: folds 
Uncalled bet (45) returned to M1ND4G41NST
M1ND4G41NST collected 150 from pot
*** SUMMARY ***
Total pot 150 | Rake 0 
Board [9d 5s 2s]
Seat 1: ad.adriano (big blind) folded before Flop
Seat 2: M1ND4G41NST (button) collected (150)
Seat 3: Mahu2021 (small blind) folded on the Flop



PokerStars Hand #247661071538: Tournament #3686469709, $1.84+$0.16 USD Hold'em No Limit - Level II (15/30) - 2023/12/14 22:04:23 CET [2023/12/14 16:04:23 ET]
Table '3686469709 1' 3-max Seat #3 is the button
Seat 1: ad.adriano (498 in chips) 
Seat 2: M1ND4G41NST (627 in chips) 
Seat 3: Mahu2021 (375 in chips) 
ad.adriano: posts small blind 15
M1ND4G41NST: posts big blind 30
*** HOLE CARDS ***
Dealt to Mahu2021 [Td 6h]
Mahu2021: folds 
ad.adriano: raises 45 to 75
M1ND4G41NST: folds 
Uncalled bet (45) returned to ad.adriano
ad.adriano collected 60 from pot
ad.adriano: doesn't show hand 
*** SUMMARY ***
Total pot 60 | Rake 0 
Seat 1: ad.adriano (small blind) collected (60)
Seat 2: M1ND4G41NST (big blind) folded before Flop
Seat 3: Mahu2021 (button) folded before Flop (didn't bet)



PokerStars Hand #247661081623: Tournament #3686469709, $1.84+$0.16 USD Hold'em No Limit - Level II (15/30) - 2023/12/14 22:04:51 CET [2023/12/14 16:04:51 ET]
Table '3686469709 1' 3-max Seat #1 is the button
Seat 1: ad.adriano (528 in chips) 
Seat 2: M1ND4G41NST (597 in chips) 
Seat 3: Mahu2021 (375 in chips) 
M1ND4G41NST: posts small blind 15
Mahu2021: posts big blind 30
*** HOLE CARDS ***
Dealt to Mahu2021 [Th 4s]
ad.adriano: folds 
M1ND4G41NST: calls 15
Mahu2021: checks 
*** FLOP *** [Qc 2d 6c]
M1ND4G41NST: bets 30
Mahu2021: folds 
Uncalled bet (30) returned to M1ND4G41NST
M1ND4G41NST collected 60 from pot
*** SUMMARY ***
Total pot 60 | Rake 0 
Board [Qc 2d 6c]
Seat 1: ad.adriano (button) folded before Flop (didn't bet)
Seat 2: M1ND4G41NST (small blind) collected (60)
Seat 3: Mahu2021 (big blind) folded on the Flop



PokerStars Hand #247661084938: Tournament #3686469709, $1.84+$0.16 USD Hold'em No Limit - Level II (15/30) - 2023/12/14 22:05:01 CET [2023/12/14 16:05:01 ET]
Table '3686469709 1' 3-max Seat #2 is the button
Seat 1: ad.adriano (528 in chips) 
Seat 2: M1ND4G41NST (627 in chips) 
Seat 3: Mahu2021 (345 in chips) 
Mahu2021: posts small blind 15
ad.adriano: posts big blind 30
*** HOLE CARDS ***
Dealt to Mahu2021 [8c Th]
M1ND4G41NST: raises 30 to 60
Mahu2021: folds 
ad.adriano: calls 30
*** FLOP *** [As 7h 3s]
ad.adriano: checks 
M1ND4G41NST: bets 41
ad.adriano: folds 
Uncalled bet (41) returned to M1ND4G41NST
M1ND4G41NST collected 135 from pot
*** SUMMARY ***
Total pot 135 | Rake 0 
Board [As 7h 3s]
Seat 1: ad.adriano (big blind) folded on the Flop
Seat 2: M1ND4G41NST (button) collected (135)
Seat 3: Mahu2021 (small blind) folded before Flop



PokerStars Hand #247661095155: Tournament #3686469709, $1.84+$0.16 USD Hold'em No Limit - Level III (20/40) - 2023/12/14 22:05:30 CET [2023/12/14 16:05:30 ET]
Table '3686469709 1' 3-max Seat #3 is the button
Seat 1: ad.adriano (468 in chips) 
Seat 2: M1ND4G41NST (702 in chips) 
Seat 3: Mahu2021 (330 in chips) 
ad.adriano: posts small blind 20
M1ND4G41NST: posts big blind 40
*** HOLE CARDS ***
Dealt to Mahu2021 [Ah 2s]
Mahu2021: calls 40
ad.adriano: folds 
M1ND4G41NST: checks 
*** FLOP *** [Js 8c 6h]
M1ND4G41NST: checks 
Mahu2021: checks 
*** TURN *** [Js 8c 6h] [6d]
M1ND4G41NST: bets 50
Mahu2021: folds 
Uncalled bet (50) returned to M1ND4G41NST
M1ND4G41NST collected 100 from pot
*** SUMMARY ***
Total pot 100 | Rake 0 
Board [Js 8c 6h 6d]
Seat 1: ad.adriano (small blind) folded before Flop
Seat 2: M1ND4G41NST (big blind) collected (100)
Seat 3: Mahu2021 (button) folded on the Turn



PokerStars Hand #247661106186: Tournament #3686469709, $1.84+$0.16 USD Hold'em No Limit - Level III (20/40) - 2023/12/14 22:06:00 CET [2023/12/14 16:06:00 ET]
Table '3686469709 1' 3-max Seat #1 is the button
Seat 1: ad.adriano (448 in chips) 
Seat 2: M1ND4G41NST (762 in chips) 
Seat 3: Mahu2021 (290 in chips) 
M1ND4G41NST: posts small blind 20
Mahu2021: posts big blind 40
*** HOLE CARDS ***
Dealt to Mahu2021 [6s 2s]
ad.adriano: folds 
M1ND4G41NST: raises 722 to 762 and is all-in
Mahu2021: folds 
Uncalled bet (722) returned to M1ND4G41NST
M1ND4G41NST collected 80 from pot
*** SUMMARY ***
Total pot 80 | Rake 0 
Seat 1: ad.adriano (button) folded before Flop (didn't bet)
Seat 2: M1ND4G41NST (small blind) collected (80)
Seat 3: Mahu2021 (big blind) folded before Flop



PokerStars Hand #247661111339: Tournament #3686469709, $1.84+$0.16 USD Hold'em No Limit - Level III (20/40) - 2023/12/14 22:06:15 CET [2023/12/14 16:06:15 ET]
Table '3686469709 1' 3-max Seat #2 is the button
Seat 1: ad.adriano (448 in chips) 
Seat 2: M1ND4G41NST (802 in chips) 
Seat 3: Mahu2021 (250 in chips) 
Mahu2021: posts small blind 20
ad.adriano: posts big blind 40
*** HOLE CARDS ***
Dealt to Mahu2021 [Ks Tc]
M1ND4G41NST: raises 40 to 80
Mahu2021: raises 170 to 250 and is all-in
ad.adriano: folds 
M1ND4G41NST: calls 170
*** FLOP *** [4c 7c 2h]
*** TURN *** [4c 7c 2h] [8s]
*** RIVER *** [4c 7c 2h 8s] [3s]
*** SHOW DOWN ***
Mahu2021: shows [Ks Tc] (high card King)
M1ND4G41NST: shows [Kd 9c] (high card King - lower kicker)
Mahu2021 collected 540 from pot
*** SUMMARY ***
Total pot 540 | Rake 0 
Board [4c 7c 2h 8s 3s]
Seat 1: ad.adriano (big blind) folded before Flop
Seat 2: M1ND4G41NST (button) showed [Kd 9c] and lost with high card King
Seat 3: Mahu2021 (small blind) showed [Ks Tc] and won (540) with high card King



PokerStars Hand #247661121243: Tournament #3686469709, $1.84+$0.16 USD Hold'em No Limit - Level III (20/40) - 2023/12/14 22:06:43 CET [2023/12/14 16:06:43 ET]
Table '3686469709 1' 3-max Seat #3 is the button
Seat 1: ad.adriano (408 in chips) 
Seat 2: M1ND4G41NST (552 in chips) 
Seat 3: Mahu2021 (540 in chips) 
ad.adriano: posts small blind 20
M1ND4G41NST: posts big blind 40
*** HOLE CARDS ***
Dealt to Mahu2021 [Jd 3c]
Mahu2021: folds 
ad.adriano: raises 368 to 408 and is all-in
M1ND4G41NST: folds 
Uncalled bet (368) returned to ad.adriano
ad.adriano collected 80 from pot
ad.adriano: doesn't show hand 
*** SUMMARY ***
Total pot 80 | Rake 0 
Seat 1: ad.adriano (small blind) collected (80)
Seat 2: M1ND4G41NST (big blind) folded before Flop
Seat 3: Mahu2021 (button) folded before Flop (didn't bet)



PokerStars Hand #247661126786: Tournament #3686469709, $1.84+$0.16 USD Hold'em No Limit - Level III (20/40) - 2023/12/14 22:06:59 CET [2023/12/14 16:06:59 ET]
Table '3686469709 1' 3-max Seat #1 is the button
Seat 1: ad.adriano (448 in chips) 
Seat 2: M1ND4G41NST (512 in chips) 
Seat 3: Mahu2021 (540 in chips) 
M1ND4G41NST: posts small blind 20
Mahu2021: posts big blind 40
*** HOLE CARDS ***
Dealt to Mahu2021 [Ts 3s]
ad.adriano: raises 40 to 80
M1ND4G41NST: raises 432 to 512 and is all-in
Mahu2021: folds 
ad.adriano: calls 368 and is all-in
Uncalled bet (64) returned to M1ND4G41NST
*** FLOP *** [7h Ah Js]
*** TURN *** [7h Ah Js] [5c]
*** RIVER *** [7h Ah Js 5c] [2d]
*** SHOW DOWN ***
M1ND4G41NST: shows [6s 6h] (a pair of Sixes)
ad.adriano: shows [Ac Ad] (three of a kind, Aces)
ad.adriano collected 936 from pot
*** SUMMARY ***
Total pot 936 | Rake 0 
Board [7h Ah Js 5c 2d]
Seat 1: ad.adriano (button) showed [Ac Ad] and won (936) with three of a kind, Aces
Seat 2: M1ND4G41NST (small blind) showed [6s 6h] and lost with a pair of Sixes
Seat 3: Mahu2021 (big blind) folded before Flop



PokerStars Hand #247661137883: Tournament #3686469709, $1.84+$0.16 USD Hold'em No Limit - Level III (20/40) - 2023/12/14 22:07:31 CET [2023/12/14 16:07:31 ET]
Table '3686469709 1' 3-max Seat #2 is the button
Seat 1: ad.adriano (936 in chips) 
Seat 2: M1ND4G41NST (64 in chips) 
Seat 3: Mahu2021 (500 in chips) 
Mahu2021: posts small blind 20
ad.adriano: posts big blind 40
*** HOLE CARDS ***
Dealt to Mahu2021 [As 3s]
M1ND4G41NST: raises 24 to 64 and is all-in
Mahu2021: calls 44
ad.adriano: calls 24
*** FLOP *** [9c 3d 2d]
Mahu2021: checks 
ad.adriano: checks 
*** TURN *** [9c 3d 2d] [2s]
Mahu2021: checks 
ad.adriano: checks 
*** RIVER *** [9c 3d 2d 2s] [4s]
Mahu2021: checks 
ad.adriano: checks 
*** SHOW DOWN ***
Mahu2021: shows [As 3s] (two pair, Threes and Deuces)
ad.adriano: mucks hand 
M1ND4G41NST: mucks hand 
Mahu2021 collected 192 from pot
M1ND4G41NST finished the tournament in 3rd place
*** SUMMARY ***
Total pot 192 | Rake 0 
Board [9c 3d 2d 2s 4s]
Seat 1: ad.adriano (big blind) mucked [8h 7c]
Seat 2: M1ND4G41NST (button) mucked [Jh Td]
Seat 3: Mahu2021 (small blind) showed [As 3s] and won (192) with two pair, Threes and Deuces



PokerStars Hand #247661157638: Tournament #3686469709, $1.84+$0.16 USD Hold'em No Limit - Level IV (30/60) - 2023/12/14 22:08:27 CET [2023/12/14 16:08:27 ET]
Table '3686469709 1' 3-max Seat #1 is the button
Seat 1: ad.adriano (872 in chips) 
Seat 3: Mahu2021 (628 in chips) 
ad.adriano: posts small blind 30
Mahu2021: posts big blind 60
*** HOLE CARDS ***
Dealt to Mahu2021 [7h Td]
ad.adriano: raises 812 to 872 and is all-in
Mahu2021: folds 
Uncalled bet (812) returned to ad.adriano
ad.adriano collected 120 from pot
ad.adriano: doesn't show hand 
*** SUMMARY ***
Total pot 120 | Rake 0 
Seat 1: ad.adriano (button) (small blind) collected (120)
Seat 3: Mahu2021 (big blind) folded before Flop



PokerStars Hand #247661159939: Tournament #3686469709, $1.84+$0.16 USD Hold'em No Limit - Level IV (30/60) - 2023/12/14 22:08:34 CET [2023/12/14 16:08:34 ET]
Table '3686469709 1' 3-max Seat #3 is the button
Seat 1: ad.adriano (932 in chips) 
Seat 3: Mahu2021 (568 in chips) 
Mahu2021: posts small blind 30
ad.adriano: posts big blind 60
*** HOLE CARDS ***
Dealt to Mahu2021 [Qc 6h]
Mahu2021: calls 30
ad.adriano: raises 872 to 932 and is all-in
Mahu2021: folds 
Uncalled bet (872) returned to ad.adriano
ad.adriano collected 120 from pot
ad.adriano: doesn't show hand 
*** SUMMARY ***
Total pot 120 | Rake 0 
Seat 1: ad.adriano (big blind) collected (120)
Seat 3: Mahu2021 (button) (small blind) folded before Flop



PokerStars Hand #247661165536: Tournament #3686469709, $1.84+$0.16 USD Hold'em No Limit - Level IV (30/60) - 2023/12/14 22:08:49 CET [2023/12/14 16:08:49 ET]
Table '3686469709 1' 3-max Seat #1 is the button
Seat 1: ad.adriano (992 in chips) 
Seat 3: Mahu2021 (508 in chips) 
ad.adriano: posts small blind 30
Mahu2021: posts big blind 60
*** HOLE CARDS ***
Dealt to Mahu2021 [7h 9h]
ad.adriano: calls 30
Mahu2021: checks 
*** FLOP *** [9c Td Tc]
Mahu2021: bets 60
ad.adriano: calls 60
*** TURN *** [9c Td Tc] [7s]
Mahu2021: bets 388 and is all-in
ad.adriano: folds 
Uncalled bet (388) returned to Mahu2021
Mahu2021 collected 240 from pot
Mahu2021: doesn't show hand 
*** SUMMARY ***
Total pot 240 | Rake 0 
Board [9c Td Tc 7s]
Seat 1: ad.adriano (button) (small blind) folded on the Turn
Seat 3: Mahu2021 (big blind) collected (240)



PokerStars Hand #247661176507: Tournament #3686469709, $1.84+$0.16 USD Hold'em No Limit - Level IV (30/60) - 2023/12/14 22:09:21 CET [2023/12/14 16:09:21 ET]
Table '3686469709 1' 3-max Seat #3 is the button
Seat 1: ad.adriano (872 in chips) 
Seat 3: Mahu2021 (628 in chips) 
Mahu2021: posts small blind 30
ad.adriano: posts big blind 60
*** HOLE CARDS ***
Dealt to Mahu2021 [Jc 8c]
Mahu2021: calls 30
ad.adriano: raises 812 to 872 and is all-in
Mahu2021: calls 568 and is all-in
Uncalled bet (244) returned to ad.adriano
*** FLOP *** [Qh 7s 6c]
*** TURN *** [Qh 7s 6c] [8d]
*** RIVER *** [Qh 7s 6c 8d] [Js]
*** SHOW DOWN ***
ad.adriano: shows [5d Ah] (high card Ace)
Mahu2021: shows [Jc 8c] (two pair, Jacks and Eights)
Mahu2021 collected 1256 from pot
*** SUMMARY ***
Total pot 1256 | Rake 0 
Board [Qh 7s 6c 8d Js]
Seat 1: ad.adriano (big blind) showed [5d Ah] and lost with high card Ace
Seat 3: Mahu2021 (button) (small blind) showed [Jc 8c] and won (1256) with two pair, Jacks and Eights



PokerStars Hand #247661183279: Tournament #3686469709, $1.84+$0.16 USD Hold'em No Limit - Level IV (30/60) - 2023/12/14 22:09:40 CET [2023/12/14 16:09:40 ET]
Table '3686469709 1' 3-max Seat #1 is the button
Seat 1: ad.adriano (244 in chips) 
Seat 3: Mahu2021 (1256 in chips) 
ad.adriano: posts small blind 30
Mahu2021: posts big blind 60
*** HOLE CARDS ***
Dealt to Mahu2021 [6s Ad]
ad.adriano: folds 
Uncalled bet (30) returned to Mahu2021
Mahu2021 collected 60 from pot
Mahu2021: doesn't show hand 
*** SUMMARY ***
Total pot 60 | Rake 0 
Seat 1: ad.adriano (button) (small blind) folded before Flop
Seat 3: Mahu2021 (big blind) collected (60)



PokerStars Hand #247661186716: Tournament #3686469709, $1.84+$0.16 USD Hold'em No Limit - Level IV (30/60) - 2023/12/14 22:09:50 CET [2023/12/14 16:09:50 ET]
Table '3686469709 1' 3-max Seat #3 is the button
Seat 1: ad.adriano (214 in chips) 
Seat 3: Mahu2021 (1286 in chips) 
Mahu2021: posts small blind 30
ad.adriano: posts big blind 60
*** HOLE CARDS ***
Dealt to Mahu2021 [6c Ts]
Mahu2021: folds 
Uncalled bet (30) returned to ad.adriano
ad.adriano collected 60 from pot
ad.adriano: doesn't show hand 
*** SUMMARY ***
Total pot 60 | Rake 0 
Seat 1: ad.adriano (big blind) collected (60)
Seat 3: Mahu2021 (button) (small blind) folded before Flop



PokerStars Hand #247661188323: Tournament #3686469709, $1.84+$0.16 USD Hold'em No Limit - Level IV (30/60) - 2023/12/14 22:09:55 CET [2023/12/14 16:09:55 ET]
Table '3686469709 1' 3-max Seat #1 is the button
Seat 1: ad.adriano (244 in chips) 
Seat 3: Mahu2021 (1256 in chips) 
ad.adriano: posts small blind 30
Mahu2021: posts big blind 60
*** HOLE CARDS ***
Dealt to Mahu2021 [9d 9h]
ad.adriano: raises 184 to 244 and is all-in
Mahu2021: calls 184
*** FLOP *** [2h Kd Td]
*** TURN *** [2h Kd Td] [5c]
*** RIVER *** [2h Kd Td 5c] [As]
*** SHOW DOWN ***
Mahu2021: shows [9d 9h] (a pair of Nines)
ad.adriano: shows [Ad 3h] (a pair of Aces)
ad.adriano collected 488 from pot
*** SUMMARY ***
Total pot 488 | Rake 0 
Board [2h Kd Td 5c As]
Seat 1: ad.adriano (button) (small blind) showed [Ad 3h] and won (488) with a pair of Aces
Seat 3: Mahu2021 (big blind) showed [9d 9h] and lost with a pair of Nines



PokerStars Hand #247661194333: Tournament #3686469709, $1.84+$0.16 USD Hold'em No Limit - Level IV (30/60) - 2023/12/14 22:10:12 CET [2023/12/14 16:10:12 ET]
Table '3686469709 1' 3-max Seat #3 is the button
Seat 1: ad.adriano (488 in chips) 
Seat 3: Mahu2021 (1012 in chips) 
Mahu2021: posts small blind 30
ad.adriano: posts big blind 60
*** HOLE CARDS ***
Dealt to Mahu2021 [6c 2s]
Mahu2021: folds 
Uncalled bet (30) returned to ad.adriano
ad.adriano collected 60 from pot
ad.adriano: doesn't show hand 
*** SUMMARY ***
Total pot 60 | Rake 0 
Seat 1: ad.adriano (big blind) collected (60)
Seat 3: Mahu2021 (button) (small blind) folded before Flop



PokerStars Hand #247661195938: Tournament #3686469709, $1.84+$0.16 USD Hold'em No Limit - Level IV (30/60) - 2023/12/14 22:10:16 CET [2023/12/14 16:10:16 ET]
Table '3686469709 1' 3-max Seat #1 is the button
Seat 1: ad.adriano (518 in chips) 
Seat 3: Mahu2021 (982 in chips) 
ad.adriano: posts small blind 30
Mahu2021: posts big blind 60
*** HOLE CARDS ***
Dealt to Mahu2021 [Tc 4h]
ad.adriano: folds 
Uncalled bet (30) returned to Mahu2021
Mahu2021 collected 60 from pot
Mahu2021: doesn't show hand 
*** SUMMARY ***
Total pot 60 | Rake 0 
Seat 1: ad.adriano (button) (small blind) folded before Flop
Seat 3: Mahu2021 (big blind) collected (60)



PokerStars Hand #247661199543: Tournament #3686469709, $1.84+$0.16 USD Hold'em No Limit - Level IV (30/60) - 2023/12/14 22:10:27 CET [2023/12/14 16:10:27 ET]
Table '3686469709 1' 3-max Seat #3 is the button
Seat 1: ad.adriano (488 in chips) 
Seat 3: Mahu2021 (1012 in chips) 
Mahu2021: posts small blind 30
ad.adriano: posts big blind 60
*** HOLE CARDS ***
Dealt to Mahu2021 [6d 7d]
Mahu2021: calls 30
ad.adriano: checks 
*** FLOP *** [5c 5s Qh]
ad.adriano: checks 
Mahu2021: checks 
*** TURN *** [5c 5s Qh] [7h]
ad.adriano: checks 
Mahu2021: checks 
*** RIVER *** [5c 5s Qh 7h] [3d]
ad.adriano: checks 
Mahu2021: checks 
*** SHOW DOWN ***
ad.adriano: shows [7s 9c] (two pair, Sevens and Fives)
Mahu2021: shows [6d 7d] (two pair, Sevens and Fives)
ad.adriano collected 60 from pot
Mahu2021 collected 60 from pot
*** SUMMARY ***
Total pot 120 | Rake 0 
Board [5c 5s Qh 7h 3d]
Seat 1: ad.adriano (big blind) showed [7s 9c] and won (60) with two pair, Sevens and Fives
Seat 3: Mahu2021 (button) (small blind) showed [6d 7d] and won (60) with two pair, Sevens and Fives



PokerStars Hand #247661216183: Tournament #3686469709, $1.84+$0.16 USD Hold'em No Limit - Level V (40/80) - 2023/12/14 22:11:13 CET [2023/12/14 16:11:13 ET]
Table '3686469709 1' 3-max Seat #1 is the button
Seat 1: ad.adriano (488 in chips) 
Seat 3: Mahu2021 (1012 in chips) 
ad.adriano: posts small blind 40
Mahu2021: posts big blind 80
*** HOLE CARDS ***
Dealt to Mahu2021 [Kc 3d]
ad.adriano: raises 408 to 488 and is all-in
Mahu2021: calls 408
*** FLOP *** [8d 2c 3s]
*** TURN *** [8d 2c 3s] [4c]
*** RIVER *** [8d 2c 3s 4c] [Qh]
*** SHOW DOWN ***
Mahu2021: shows [Kc 3d] (a pair of Threes)
ad.adriano: shows [Jc 5c] (high card Queen)
Mahu2021 collected 976 from pot
ad.adriano finished the tournament in 2nd place
Mahu2021 wins the tournament and receives $6.00 - congratulations!
*** SUMMARY ***
Total pot 976 | Rake 0 
Board [8d 2c 3s 4c Qh]
Seat 1: ad.adriano (button) (small blind) showed [Jc 5c] and lost with high card Queen
Seat 3: Mahu2021 (big blind) showed [Kc 3d] and won (976) with a pair of Threes



