PokerStars Zoom Hand #253776890954:  Hold'em No Limit ($0.05/$0.10) - 2024/12/09 18:27:12 CET [2024/12/09 12:27:12 ET]
Table 'Aludra' 6-max Seat #1 is the button
Seat 1: 1857Dan ($10 in chips) 
Seat 2: Shakawka ($10 in chips) 
Seat 3: Mahu2021 ($10 in chips) 
Seat 4: NüssliNici94 ($10.01 in chips) 
Seat 5: RobertByku2 ($12.58 in chips) 
Seat 6: kidirish77 ($15.65 in chips) 
Shakawka: posts small blind $0.05
Mahu2021: posts big blind $0.10
*** HOLE CARDS ***
Dealt to Mahu2021 [Kc 4s]
NüssliNici94: folds 
RobertByku2: folds 
kidirish77: raises $0.10 to $0.20
1857Dan: calls $0.20
Shakawka: folds 
Mahu2021: folds 
*** FLOP *** [5c 5d Qh]
kidirish77: checks 
1857Dan: checks 
*** TURN *** [5c 5d Qh] [Ah]
kidirish77: bets $0.27
1857Dan: folds 
Uncalled bet ($0.27) returned to kidirish77
kidirish77 collected $0.53 from pot
kidirish77: doesn't show hand 
*** SUMMARY ***
Total pot $0.55 | Rake $0.02 
Board [5c 5d Qh Ah]
Seat 1: 1857Dan (button) folded on the Turn
Seat 2: Shakawka (small blind) folded before Flop
Seat 3: Mahu2021 (big blind) folded before Flop
Seat 4: NüssliNici94 folded before Flop (didn't bet)
Seat 5: RobertByku2 folded before Flop (didn't bet)
Seat 6: kidirish77 collected ($0.53)



PokerStars Zoom Hand #253776892995:  Hold'em No Limit ($0.05/$0.10) - 2024/12/09 18:27:20 CET [2024/12/09 12:27:20 ET]
Table 'Aludra' 6-max Seat #1 is the button
Seat 1: Cdmarola ($10 in chips) 
Seat 2: Mahu2021 ($9.90 in chips) 
Seat 3: sharakov ($12.60 in chips) 
Seat 4: blindprotector ($10.89 in chips) 
Seat 5: RobertByku2 ($18.54 in chips) 
Seat 6: agustinmh ($14.90 in chips) 
Mahu2021: posts small blind $0.05
sharakov: posts big blind $0.10
*** HOLE CARDS ***
Dealt to Mahu2021 [9h 8h]
blindprotector: folds 
RobertByku2: folds 
agustinmh: folds 
Cdmarola: folds 
Mahu2021: raises $0.20 to $0.30
sharakov: calls $0.20
*** FLOP *** [Qd 6c 9c]
Mahu2021: bets $0.30
sharakov: calls $0.30
*** TURN *** [Qd 6c 9c] [4d]
Mahu2021: bets $0.30
sharakov: calls $0.30
*** RIVER *** [Qd 6c 9c 4d] [6h]
Mahu2021: bets $0.30
sharakov: calls $0.30
*** SHOW DOWN ***
Mahu2021: shows [9h 8h] (two pair, Nines and Sixes)
sharakov: mucks hand 
Mahu2021 collected $2.29 from pot
*** SUMMARY ***
Total pot $2.40 | Rake $0.11 
Board [Qd 6c 9c 4d 6h]
Seat 1: Cdmarola (button) folded before Flop (didn't bet)
Seat 2: Mahu2021 (small blind) showed [9h 8h] and won ($2.29) with two pair, Nines and Sixes
Seat 3: sharakov (big blind) mucked [3c 3h]
Seat 4: blindprotector folded before Flop (didn't bet)
Seat 5: RobertByku2 folded before Flop (didn't bet)
Seat 6: agustinmh folded before Flop (didn't bet)



PokerStars Zoom Hand #253776899735:  Hold'em No Limit ($0.05/$0.10) - 2024/12/09 18:27:48 CET [2024/12/09 12:27:48 ET]
Table 'Aludra' 6-max Seat #1 is the button
Seat 1: Mahu2021 ($10.99 in chips) 
Seat 2: Volwebnik1 ($10.35 in chips) 
Seat 3: Stigm@09 ($10 in chips) 
Seat 4: noisiAAAA ($10.05 in chips) 
Seat 5: Delpech666 ($37.73 in chips) 
Seat 6: SeregaFiL ($6.99 in chips) 
Volwebnik1: posts small blind $0.05
Stigm@09: posts big blind $0.10
*** HOLE CARDS ***
Dealt to Mahu2021 [5h 9c]
noisiAAAA: folds 
Delpech666: folds 
SeregaFiL: folds 
Mahu2021: folds 
Volwebnik1: folds 
Uncalled bet ($0.05) returned to Stigm@09
Stigm@09 collected $0.10 from pot
Stigm@09: doesn't show hand 
*** SUMMARY ***
Total pot $0.10 | Rake $0 
Seat 1: Mahu2021 (button) folded before Flop (didn't bet)
Seat 2: Volwebnik1 (small blind) folded before Flop
Seat 3: Stigm@09 (big blind) collected ($0.10)
Seat 4: noisiAAAA folded before Flop (didn't bet)
Seat 5: Delpech666 folded before Flop (didn't bet)
Seat 6: SeregaFiL folded before Flop (didn't bet)



PokerStars Zoom Hand #253776902556:  Hold'em No Limit ($0.05/$0.10) - 2024/12/09 18:28:00 CET [2024/12/09 12:28:00 ET]
Table 'Aludra' 6-max Seat #1 is the button
Seat 1: leon05 ($9.31 in chips) 
Seat 2: el_vitor11 ($5 in chips) 
Seat 3: Delpech666 ($13.18 in chips) 
Seat 4: SeregaFiL ($6.99 in chips) 
Seat 5: Mahu2021 ($10.99 in chips) 
Seat 6: zarpapis ($10.30 in chips) 
el_vitor11: posts small blind $0.05
Delpech666: posts big blind $0.10
*** HOLE CARDS ***
Dealt to Mahu2021 [Ts 7h]
SeregaFiL: folds 
Mahu2021: folds 
zarpapis: folds 
leon05: folds 
el_vitor11: raises $0.15 to $0.25
Delpech666: folds 
Uncalled bet ($0.15) returned to el_vitor11
el_vitor11 collected $0.20 from pot
el_vitor11: doesn't show hand 
*** SUMMARY ***
Total pot $0.20 | Rake $0 
Seat 1: leon05 (button) folded before Flop (didn't bet)
Seat 2: el_vitor11 (small blind) collected ($0.20)
Seat 3: Delpech666 (big blind) folded before Flop
Seat 4: SeregaFiL folded before Flop (didn't bet)
Seat 5: Mahu2021 folded before Flop (didn't bet)
Seat 6: zarpapis folded before Flop (didn't bet)



PokerStars Zoom Hand #253776903212:  Hold'em No Limit ($0.05/$0.10) - 2024/12/09 18:28:02 CET [2024/12/09 12:28:02 ET]
Table 'Aludra' 6-max Seat #1 is the button
Seat 1: GregX22 ($6.27 in chips) 
Seat 2: Mahu2021 ($10.99 in chips) 
Seat 3: zarpapis ($10.30 in chips) 
Seat 4: danyboy6969 ($10 in chips) 
Seat 5: CampeaoBra ($10.23 in chips) 
Seat 6: Rafael_TT13 ($20.37 in chips) 
Mahu2021: posts small blind $0.05
zarpapis: posts big blind $0.10
*** HOLE CARDS ***
Dealt to Mahu2021 [Tc 9d]
danyboy6969: folds 
CampeaoBra: folds 
Rafael_TT13: folds 
GregX22: folds 
Mahu2021: folds 
Uncalled bet ($0.05) returned to zarpapis
zarpapis collected $0.10 from pot
zarpapis: doesn't show hand 
*** SUMMARY ***
Total pot $0.10 | Rake $0 
Seat 1: GregX22 (button) folded before Flop (didn't bet)
Seat 2: Mahu2021 (small blind) folded before Flop
Seat 3: zarpapis (big blind) collected ($0.10)
Seat 4: danyboy6969 folded before Flop (didn't bet)
Seat 5: CampeaoBra folded before Flop (didn't bet)
Seat 6: Rafael_TT13 folded before Flop (didn't bet)



PokerStars Zoom Hand #253776903982:  Hold'em No Limit ($0.05/$0.10) - 2024/12/09 18:28:05 CET [2024/12/09 12:28:05 ET]
Table 'Aludra' 6-max Seat #1 is the button
Seat 1: RobertByku2 ($38.81 in chips) 
Seat 2: sharakov ($12.04 in chips) 
Seat 3: Mahu2021 ($10.94 in chips) 
Seat 4: noisiAAAA ($14 in chips) 
Seat 5: Cdmarola ($10 in chips) 
Seat 6: julianowww ($14.13 in chips) 
sharakov: posts small blind $0.05
Mahu2021: posts big blind $0.10
*** HOLE CARDS ***
Dealt to Mahu2021 [3d 6d]
noisiAAAA: folds 
Cdmarola: folds 
julianowww has timed out
julianowww: folds 
RobertByku2: folds 
sharakov: folds 
Uncalled bet ($0.05) returned to Mahu2021
Mahu2021 collected $0.10 from pot
Mahu2021: doesn't show hand 
*** SUMMARY ***
Total pot $0.10 | Rake $0 
Seat 1: RobertByku2 (button) folded before Flop (didn't bet)
Seat 2: sharakov (small blind) folded before Flop
Seat 3: Mahu2021 (big blind) collected ($0.10)
Seat 4: noisiAAAA folded before Flop (didn't bet)
Seat 5: Cdmarola folded before Flop (didn't bet)
Seat 6: julianowww folded before Flop (didn't bet)



PokerStars Zoom Hand #253776901583:  Hold'em No Limit ($0.05/$0.10) - 2024/12/09 18:27:56 CET [2024/12/09 12:27:56 ET]
Table 'Aludra' 6-max Seat #1 is the button
Seat 1: zarpapis ($10.30 in chips) 
Seat 2: DIAMOND_0920 ($11.24 in chips) 
Seat 3: oyuka1988 ($7.41 in chips) 
Seat 4: lEternamente ($10.96 in chips) 
Seat 5: SuperAlex23 ($9.42 in chips) 
Seat 6: Mahu2021 ($10.99 in chips) 
DIAMOND_0920: posts small blind $0.05
oyuka1988: posts big blind $0.10
*** HOLE CARDS ***
Dealt to Mahu2021 [3c 5s]
lEternamente: folds 
SuperAlex23: folds 
Mahu2021: folds 
zarpapis: folds 
DIAMOND_0920: raises $0.20 to $0.30
oyuka1988: raises $0.50 to $0.80
DIAMOND_0920: calls $0.50
*** FLOP *** [Td Ts 5c]
DIAMOND_0920: checks 
oyuka1988: bets $0.57
DIAMOND_0920: folds 
Uncalled bet ($0.57) returned to oyuka1988
oyuka1988 collected $1.53 from pot
oyuka1988: doesn't show hand 
*** SUMMARY ***
Total pot $1.60 | Rake $0.07 
Board [Td Ts 5c]
Seat 1: zarpapis (button) folded before Flop (didn't bet)
Seat 2: DIAMOND_0920 (small blind) folded on the Flop
Seat 3: oyuka1988 (big blind) collected ($1.53)
Seat 4: lEternamente folded before Flop (didn't bet)
Seat 5: SuperAlex23 folded before Flop (didn't bet)
Seat 6: Mahu2021 folded before Flop (didn't bet)



PokerStars Zoom Hand #253776909890:  Hold'em No Limit ($0.05/$0.10) - 2024/12/09 18:28:30 CET [2024/12/09 12:28:30 ET]
Table 'Aludra' 6-max Seat #1 is the button
Seat 1: DIAMOND_0920 ($10.44 in chips) 
Seat 2: Shakawka ($14.28 in chips) 
Seat 3: kidirish77 ($16.53 in chips) 
Seat 4: sharakov ($11.99 in chips) 
Seat 5: Mahu2021 ($10.99 in chips) 
Seat 6: happyyak ($8.99 in chips) 
Shakawka: posts small blind $0.05
kidirish77: posts big blind $0.10
*** HOLE CARDS ***
Dealt to Mahu2021 [3s Kh]
sharakov: folds 
Mahu2021: folds 
happyyak: folds 
DIAMOND_0920: folds 
Shakawka: folds 
Uncalled bet ($0.05) returned to kidirish77
kidirish77 collected $0.10 from pot
kidirish77: doesn't show hand 
*** SUMMARY ***
Total pot $0.10 | Rake $0 
Seat 1: DIAMOND_0920 (button) folded before Flop (didn't bet)
Seat 2: Shakawka (small blind) folded before Flop
Seat 3: kidirish77 (big blind) collected ($0.10)
Seat 4: sharakov folded before Flop (didn't bet)
Seat 5: Mahu2021 folded before Flop (didn't bet)
Seat 6: happyyak folded before Flop (didn't bet)



PokerStars Zoom Hand #253776910882:  Hold'em No Limit ($0.05/$0.10) - 2024/12/09 18:28:34 CET [2024/12/09 12:28:34 ET]
Table 'Aludra' 6-max Seat #1 is the button
Seat 1: Cdmarola ($10.43 in chips) 
Seat 2: Andersen771 ($11.05 in chips) 
Seat 3: cghap ($14.51 in chips) 
Seat 4: GregX22 ($6.12 in chips) 
Seat 5: Schackpro ($11.58 in chips) 
Seat 6: Mahu2021 ($10.99 in chips) 
Andersen771: posts small blind $0.05
cghap: posts big blind $0.10
*** HOLE CARDS ***
Dealt to Mahu2021 [8c Js]
GregX22: folds 
Schackpro: raises $0.15 to $0.25
Mahu2021: folds 
Cdmarola: folds 
Andersen771: folds 
cghap: folds 
Uncalled bet ($0.15) returned to Schackpro
Schackpro collected $0.25 from pot
Schackpro: doesn't show hand 
*** SUMMARY ***
Total pot $0.25 | Rake $0 
Seat 1: Cdmarola (button) folded before Flop (didn't bet)
Seat 2: Andersen771 (small blind) folded before Flop
Seat 3: cghap (big blind) folded before Flop
Seat 4: GregX22 folded before Flop (didn't bet)
Seat 5: Schackpro collected ($0.25)
Seat 6: Mahu2021 folded before Flop (didn't bet)



PokerStars Zoom Hand #253776915806:  Hold'em No Limit ($0.05/$0.10) - 2024/12/09 18:28:54 CET [2024/12/09 12:28:54 ET]
Table 'Aludra' 6-max Seat #1 is the button
Seat 1: Baratrum777 ($10.99 in chips) 
Seat 2: Mahu2021 ($10.89 in chips) 
Seat 3: Schackpro ($11.73 in chips) 
Seat 4: R.S.Scherer ($14.32 in chips) 
Seat 5: Andrei232Zah ($4.63 in chips) 
Seat 6: Cdmarola ($10.38 in chips) 
Mahu2021: posts small blind $0.05
Schackpro: posts big blind $0.10
*** HOLE CARDS ***
Dealt to Mahu2021 [4c Ah]
R.S.Scherer: folds 
Andrei232Zah: folds 
Cdmarola: folds 
Baratrum777: folds 
Mahu2021: raises $0.20 to $0.30
Schackpro: folds 
Uncalled bet ($0.20) returned to Mahu2021
Mahu2021 collected $0.20 from pot
Mahu2021: doesn't show hand 
*** SUMMARY ***
Total pot $0.20 | Rake $0 
Seat 1: Baratrum777 (button) folded before Flop (didn't bet)
Seat 2: Mahu2021 (small blind) collected ($0.20)
Seat 3: Schackpro (big blind) folded before Flop
Seat 4: R.S.Scherer folded before Flop (didn't bet)
Seat 5: Andrei232Zah folded before Flop (didn't bet)
Seat 6: Cdmarola folded before Flop (didn't bet)



PokerStars Zoom Hand #253776911798:  Hold'em No Limit ($0.05/$0.10) - 2024/12/09 18:28:38 CET [2024/12/09 12:28:38 ET]
Table 'Aludra' 6-max Seat #1 is the button
Seat 1: VitorArj ($10 in chips) 
Seat 2: ioska0808 ($18.21 in chips) 
Seat 3: Mahu2021 ($10.99 in chips) 
Seat 4: Delpech666 ($37.73 in chips) 
Seat 5: oyuka1988 ($10.59 in chips) 
Seat 6: danyboy6969 ($10 in chips) 
ioska0808: posts small blind $0.05
Mahu2021: posts big blind $0.10
*** HOLE CARDS ***
Dealt to Mahu2021 [As 4h]
Delpech666: folds 
oyuka1988: folds 
danyboy6969: raises $0.15 to $0.25
VitorArj: folds 
ioska0808: calls $0.20
Mahu2021: folds 
*** FLOP *** [6d 6c Jc]
ioska0808: checks 
danyboy6969: bets $0.20
ioska0808: folds 
Uncalled bet ($0.20) returned to danyboy6969
danyboy6969 collected $0.57 from pot
danyboy6969: doesn't show hand 
*** SUMMARY ***
Total pot $0.60 | Rake $0.03 
Board [6d 6c Jc]
Seat 1: VitorArj (button) folded before Flop (didn't bet)
Seat 2: ioska0808 (small blind) folded on the Flop
Seat 3: Mahu2021 (big blind) folded before Flop
Seat 4: Delpech666 folded before Flop (didn't bet)
Seat 5: oyuka1988 folded before Flop (didn't bet)
Seat 6: danyboy6969 collected ($0.57)



PokerStars Zoom Hand #253776908894:  Hold'em No Limit ($0.05/$0.10) - 2024/12/09 18:28:26 CET [2024/12/09 12:28:26 ET]
Table 'Aludra' 6-max Seat #1 is the button
Seat 1: Mahu2021 ($10.99 in chips) 
Seat 2: kingkong0123 ($8.05 in chips) 
Seat 3: VitorArj ($10.97 in chips) 
Seat 4: Schackpro ($13.73 in chips) 
Seat 5: julianowww ($16.94 in chips) 
Seat 6: fodakill ($2.33 in chips) 
kingkong0123: posts small blind $0.05
VitorArj: posts big blind $0.10
*** HOLE CARDS ***
Dealt to Mahu2021 [Tc 2h]
Schackpro: folds 
julianowww: folds 
fodakill: folds 
Mahu2021: folds 
kingkong0123: calls $0.05
VitorArj: raises $0.20 to $0.30
kingkong0123: calls $0.20
*** FLOP *** [Qc 5d 9s]
kingkong0123: bets $0.30
VitorArj: calls $0.30
*** TURN *** [Qc 5d 9s] [Qh]
kingkong0123: bets $0.70
VitorArj: calls $0.70
*** RIVER *** [Qc 5d 9s Qh] [4h]
kingkong0123: checks 
VitorArj: checks 
*** SHOW DOWN ***
kingkong0123: shows [Ks 9h] (two pair, Queens and Nines)
VitorArj: mucks hand 
kingkong0123 collected $2.48 from pot
*** SUMMARY ***
Total pot $2.60 | Rake $0.12 
Board [Qc 5d 9s Qh 4h]
Seat 1: Mahu2021 (button) folded before Flop (didn't bet)
Seat 2: kingkong0123 (small blind) showed [Ks 9h] and won ($2.48) with two pair, Queens and Nines
Seat 3: VitorArj (big blind) mucked [8s 5s]
Seat 4: Schackpro folded before Flop (didn't bet)
Seat 5: julianowww folded before Flop (didn't bet)
Seat 6: fodakill folded before Flop (didn't bet)



PokerStars Zoom Hand #253776919697:  Hold'em No Limit ($0.05/$0.10) - 2024/12/09 18:29:10 CET [2024/12/09 12:29:10 ET]
Table 'Aludra' 6-max Seat #1 is the button
Seat 1: lEternamente ($10 in chips) 
Seat 2: SeregaFiL ($7.14 in chips) 
Seat 3: SyraXmaX ($21.82 in chips) 
Seat 4: Mahu2021 ($10.99 in chips) 
Seat 5: Cdmarola ($19.09 in chips) 
Seat 6: kalynnn ($13.83 in chips) 
SeregaFiL: posts small blind $0.05
SyraXmaX: posts big blind $0.10
*** HOLE CARDS ***
Dealt to Mahu2021 [7h Ah]
Mahu2021: raises $0.10 to $0.20
Cdmarola: folds 
kalynnn: folds 
lEternamente: raises $0.55 to $0.75
SeregaFiL: calls $0.70
SyraXmaX: folds 
Mahu2021: calls $0.55
*** FLOP *** [3d 6h Ks]
SeregaFiL: checks 
Mahu2021: checks 
lEternamente: bets $1.12
SeregaFiL: folds 
Mahu2021: folds 
Uncalled bet ($1.12) returned to lEternamente
lEternamente collected $2.24 from pot
lEternamente: doesn't show hand 
*** SUMMARY ***
Total pot $2.35 | Rake $0.11 
Board [3d 6h Ks]
Seat 1: lEternamente (button) collected ($2.24)
Seat 2: SeregaFiL (small blind) folded on the Flop
Seat 3: SyraXmaX (big blind) folded before Flop
Seat 4: Mahu2021 folded on the Flop
Seat 5: Cdmarola folded before Flop (didn't bet)
Seat 6: kalynnn folded before Flop (didn't bet)



PokerStars Zoom Hand #253776928099:  Hold'em No Limit ($0.05/$0.10) - 2024/12/09 18:29:45 CET [2024/12/09 12:29:45 ET]
Table 'Aludra' 6-max Seat #1 is the button
Seat 1: Mahu2021 ($10.24 in chips) 
Seat 2: Andrei232Zah ($5.76 in chips) 
Seat 3: CampeaoBra ($10.10 in chips) 
Seat 4: B1ackwaterPark ($26.27 in chips) 
Seat 5: zm kavabata ($16.08 in chips) 
Seat 6: Baratrum777 ($10.84 in chips) 
Andrei232Zah: posts small blind $0.05
CampeaoBra: posts big blind $0.10
*** HOLE CARDS ***
Dealt to Mahu2021 [9s Kh]
B1ackwaterPark: folds 
zm kavabata: folds 
Baratrum777: raises $0.14 to $0.24
Mahu2021: folds 
Andrei232Zah: folds 
CampeaoBra: folds 
Uncalled bet ($0.14) returned to Baratrum777
Baratrum777 collected $0.25 from pot
Baratrum777: doesn't show hand 
*** SUMMARY ***
Total pot $0.25 | Rake $0 
Seat 1: Mahu2021 (button) folded before Flop (didn't bet)
Seat 2: Andrei232Zah (small blind) folded before Flop
Seat 3: CampeaoBra (big blind) folded before Flop
Seat 4: B1ackwaterPark folded before Flop (didn't bet)
Seat 5: zm kavabata folded before Flop (didn't bet)
Seat 6: Baratrum777 collected ($0.25)



PokerStars Zoom Hand #253776929467:  Hold'em No Limit ($0.05/$0.10) - 2024/12/09 18:29:50 CET [2024/12/09 12:29:50 ET]
Table 'Aludra' 6-max Seat #1 is the button
Seat 1: Andersen771 ($28.90 in chips) 
Seat 2: doctornicola ($9.25 in chips) 
Seat 3: Rafael_TT13 ($18.13 in chips) 
Seat 4: Mahu2021 ($10.24 in chips) 
Seat 5: B1ackwaterPark ($26.27 in chips) 
Seat 6: Cdmarola ($19.09 in chips) 
doctornicola: posts small blind $0.05
Rafael_TT13: posts big blind $0.10
*** HOLE CARDS ***
Dealt to Mahu2021 [9c 2s]
Mahu2021: folds 
B1ackwaterPark: folds 
Cdmarola: folds 
Andersen771: raises $0.12 to $0.22
doctornicola: folds 
Rafael_TT13: calls $0.12
*** FLOP *** [8s 5h 6c]
Rafael_TT13: checks 
Andersen771: checks 
*** TURN *** [8s 5h 6c] [5s]
Rafael_TT13: checks 
Andersen771: bets $0.38
Rafael_TT13: calls $0.38
*** RIVER *** [8s 5h 6c 5s] [2h]
Rafael_TT13: checks 
Andersen771: bets $0.70
Rafael_TT13: folds 
Uncalled bet ($0.70) returned to Andersen771
Andersen771 collected $1.19 from pot
Andersen771: doesn't show hand 
*** SUMMARY ***
Total pot $1.25 | Rake $0.06 
Board [8s 5h 6c 5s 2h]
Seat 1: Andersen771 (button) collected ($1.19)
Seat 2: doctornicola (small blind) folded before Flop
Seat 3: Rafael_TT13 (big blind) folded on the River
Seat 4: Mahu2021 folded before Flop (didn't bet)
Seat 5: B1ackwaterPark folded before Flop (didn't bet)
Seat 6: Cdmarola folded before Flop (didn't bet)



PokerStars Zoom Hand #253776930428:  Hold'em No Limit ($0.05/$0.10) - 2024/12/09 18:29:54 CET [2024/12/09 12:29:54 ET]
Table 'Aludra' 6-max Seat #1 is the button
Seat 1: hong0627 ($22.78 in chips) 
Seat 2: Baratrum777 ($10 in chips) 
Seat 3: CampeaoBra ($10.56 in chips) 
Seat 4: Eddy Rockin ($12.71 in chips) 
Seat 5: Schackpro ($34.99 in chips) 
Seat 6: Mahu2021 ($10.24 in chips) 
Baratrum777: posts small blind $0.05
CampeaoBra: posts big blind $0.10
*** HOLE CARDS ***
Dealt to Mahu2021 [9s 9c]
Eddy Rockin: folds 
Schackpro: folds 
Mahu2021: raises $0.20 to $0.30
hong0627: folds 
Baratrum777: folds 
CampeaoBra: calls $0.20
*** FLOP *** [Kh Qh Td]
CampeaoBra: checks 
Mahu2021: checks 
*** TURN *** [Kh Qh Td] [9d]
CampeaoBra: checks 
Mahu2021: checks 
*** RIVER *** [Kh Qh Td 9d] [8c]
CampeaoBra: checks 
Mahu2021: bets $0.62
CampeaoBra: calls $0.62
*** SHOW DOWN ***
Mahu2021: shows [9s 9c] (three of a kind, Nines)
CampeaoBra: mucks hand 
Mahu2021 collected $1.80 from pot
*** SUMMARY ***
Total pot $1.89 | Rake $0.09 
Board [Kh Qh Td 9d 8c]
Seat 1: hong0627 (button) folded before Flop (didn't bet)
Seat 2: Baratrum777 (small blind) folded before Flop
Seat 3: CampeaoBra (big blind) mucked [Kc 7c]
Seat 4: Eddy Rockin folded before Flop (didn't bet)
Seat 5: Schackpro folded before Flop (didn't bet)
Seat 6: Mahu2021 showed [9s 9c] and won ($1.80) with three of a kind, Nines



PokerStars Zoom Hand #253776941406:  Hold'em No Limit ($0.05/$0.10) - 2024/12/09 18:30:38 CET [2024/12/09 12:30:38 ET]
Table 'Aludra' 6-max Seat #1 is the button
Seat 1: Cdmarola ($10.05 in chips) 
Seat 2: Baratrum777 ($10.74 in chips) 
Seat 3: GregX22 ($6.73 in chips) 
Seat 4: Delpech666 ($39.28 in chips) 
Seat 5: Mahu2021 ($11.12 in chips) 
Seat 6: Hawborn ($10.92 in chips) 
Baratrum777: posts small blind $0.05
GregX22: posts big blind $0.10
*** HOLE CARDS ***
Dealt to Mahu2021 [3s 6c]
Delpech666: folds 
Mahu2021: folds 
Hawborn: folds 
Cdmarola: folds 
Baratrum777: folds 
Uncalled bet ($0.05) returned to GregX22
GregX22 collected $0.10 from pot
GregX22: doesn't show hand 
*** SUMMARY ***
Total pot $0.10 | Rake $0 
Seat 1: Cdmarola (button) folded before Flop (didn't bet)
Seat 2: Baratrum777 (small blind) folded before Flop
Seat 3: GregX22 (big blind) collected ($0.10)
Seat 4: Delpech666 folded before Flop (didn't bet)
Seat 5: Mahu2021 folded before Flop (didn't bet)
Seat 6: Hawborn folded before Flop (didn't bet)



PokerStars Zoom Hand #253776943192:  Hold'em No Limit ($0.05/$0.10) - 2024/12/09 18:30:45 CET [2024/12/09 12:30:45 ET]
Table 'Aludra' 6-max Seat #1 is the button
Seat 1: eu_kvl ($10.21 in chips) 
Seat 2: rGiosa ($12.29 in chips) 
Seat 3: N12345654 ($10 in chips) 
Seat 4: hong0627 ($11.39 in chips) 
Seat 5: Mahu2021 ($11.12 in chips) 
Seat 6: Shakawka ($10.37 in chips) 
rGiosa: posts small blind $0.05
N12345654: posts big blind $0.10
*** HOLE CARDS ***
Dealt to Mahu2021 [Qs 5c]
hong0627: folds 
Mahu2021: folds 
Shakawka: folds 
eu_kvl: raises $0.15 to $0.25
rGiosa: folds 
N12345654: calls $0.15
*** FLOP *** [7s 2s Jh]
N12345654: checks 
eu_kvl: checks 
*** TURN *** [7s 2s Jh] [8d]
N12345654: bets $0.27
eu_kvl: calls $0.27
*** RIVER *** [7s 2s Jh 8d] [9s]
N12345654: bets $0.52
eu_kvl: calls $0.52
*** SHOW DOWN ***
N12345654: shows [9h 8c] (two pair, Nines and Eights)
eu_kvl: shows [Jc Th] (a straight, Seven to Jack)
eu_kvl collected $2.03 from pot
*** SUMMARY ***
Total pot $2.13 | Rake $0.10 
Board [7s 2s Jh 8d 9s]
Seat 1: eu_kvl (button) showed [Jc Th] and won ($2.03) with a straight, Seven to Jack
Seat 2: rGiosa (small blind) folded before Flop
Seat 3: N12345654 (big blind) showed [9h 8c] and lost with two pair, Nines and Eights
Seat 4: hong0627 folded before Flop (didn't bet)
Seat 5: Mahu2021 folded before Flop (didn't bet)
Seat 6: Shakawka folded before Flop (didn't bet)



PokerStars Zoom Hand #253776945109:  Hold'em No Limit ($0.05/$0.10) - 2024/12/09 18:30:53 CET [2024/12/09 12:30:53 ET]
Table 'Aludra' 6-max Seat #1 is the button
Seat 1: sharakov ($11.44 in chips) 
Seat 2: Mahu2021 ($11.12 in chips) 
Seat 3: Poker Don1994 ($4.08 in chips) 
Seat 4: shwozzer ($10 in chips) 
Seat 5: HyperBete ($20.74 in chips) 
Seat 6: Baratrum777 ($10 in chips) 
Mahu2021: posts small blind $0.05
Poker Don1994: posts big blind $0.10
*** HOLE CARDS ***
Dealt to Mahu2021 [Th Ad]
shwozzer: raises $0.20 to $0.30
HyperBete: folds 
Baratrum777: folds 
sharakov: folds 
Mahu2021: calls $0.25
Poker Don1994: calls $0.20
*** FLOP *** [Qh Kh 4s]
Mahu2021: checks 
Poker Don1994: bets $0.30
shwozzer: calls $0.30
Mahu2021: calls $0.30
*** TURN *** [Qh Kh 4s] [2c]
Mahu2021: checks 
Poker Don1994: checks 
shwozzer: checks 
*** RIVER *** [Qh Kh 4s 2c] [6h]
Mahu2021: checks 
Poker Don1994: checks 
shwozzer: checks 
*** SHOW DOWN ***
Mahu2021: shows [Th Ad] (high card Ace)
Poker Don1994: shows [Qc 7c] (a pair of Queens)
shwozzer: mucks hand 
Poker Don1994 collected $1.72 from pot
*** SUMMARY ***
Total pot $1.80 | Rake $0.08 
Board [Qh Kh 4s 2c 6h]
Seat 1: sharakov (button) folded before Flop (didn't bet)
Seat 2: Mahu2021 (small blind) showed [Th Ad] and lost with high card Ace
Seat 3: Poker Don1994 (big blind) showed [Qc 7c] and won ($1.72) with a pair of Queens
Seat 4: shwozzer mucked [Ts Td]
Seat 5: HyperBete folded before Flop (didn't bet)
Seat 6: Baratrum777 folded before Flop (didn't bet)



PokerStars Zoom Hand #253776958678:  Hold'em No Limit ($0.05/$0.10) - 2024/12/09 18:31:48 CET [2024/12/09 12:31:48 ET]
Table 'Aludra' 6-max Seat #1 is the button
Seat 1: openymir ($10.37 in chips) 
Seat 2: humo97 ($20.77 in chips) 
Seat 3: Delpech666 ($37.58 in chips) 
Seat 4: RobertByku2 ($41.38 in chips) 
Seat 5: Mahu2021 ($10.42 in chips) 
Seat 6: hx32 ($10.06 in chips) 
humo97: posts small blind $0.05
Delpech666: posts big blind $0.10
*** HOLE CARDS ***
Dealt to Mahu2021 [Jh Jd]
RobertByku2: folds 
Mahu2021: raises $0.20 to $0.30
hx32: folds 
openymir: folds 
humo97: folds 
Delpech666: folds 
Uncalled bet ($0.20) returned to Mahu2021
Mahu2021 collected $0.25 from pot
Mahu2021: doesn't show hand 
*** SUMMARY ***
Total pot $0.25 | Rake $0 
Seat 1: openymir (button) folded before Flop (didn't bet)
Seat 2: humo97 (small blind) folded before Flop
Seat 3: Delpech666 (big blind) folded before Flop
Seat 4: RobertByku2 folded before Flop (didn't bet)
Seat 5: Mahu2021 collected ($0.25)
Seat 6: hx32 folded before Flop (didn't bet)



PokerStars Zoom Hand #253776955650:  Hold'em No Limit ($0.05/$0.10) - 2024/12/09 18:31:36 CET [2024/12/09 12:31:36 ET]
Table 'Aludra' 6-max Seat #1 is the button
Seat 1: franksantiago ($4.35 in chips) 
Seat 2: HyperBete ($20.79 in chips) 
Seat 3: Mahu2021 ($10.52 in chips) 
Seat 4: noisiAAAA ($10.48 in chips) 
Seat 5: Techd3nc4 ($10 in chips) 
Seat 6: Poker Don1994 ($5.20 in chips) 
HyperBete: posts small blind $0.05
Mahu2021: posts big blind $0.10
*** HOLE CARDS ***
Dealt to Mahu2021 [7c 2c]
noisiAAAA: raises $0.15 to $0.25
Techd3nc4: folds 
Poker Don1994: calls $0.25
franksantiago: folds 
HyperBete: folds 
Mahu2021: folds 
*** FLOP *** [Jd 5d 8c]
noisiAAAA: bets $0.25
Poker Don1994: calls $0.25
*** TURN *** [Jd 5d 8c] [Qd]
noisiAAAA: checks 
Poker Don1994: bets $0.35
noisiAAAA: calls $0.35
*** RIVER *** [Jd 5d 8c Qd] [Kh]
noisiAAAA: checks 
Poker Don1994: checks 
*** SHOW DOWN ***
noisiAAAA: shows [8h 8s] (three of a kind, Eights)
Poker Don1994: mucks hand 
noisiAAAA collected $1.77 from pot
*** SUMMARY ***
Total pot $1.85 | Rake $0.08 
Board [Jd 5d 8c Qd Kh]
Seat 1: franksantiago (button) folded before Flop (didn't bet)
Seat 2: HyperBete (small blind) folded before Flop
Seat 3: Mahu2021 (big blind) folded before Flop
Seat 4: noisiAAAA showed [8h 8s] and won ($1.77) with three of a kind, Eights
Seat 5: Techd3nc4 folded before Flop (didn't bet)
Seat 6: Poker Don1994 mucked [9h 8d]



PokerStars Zoom Hand #253776956987:  Hold'em No Limit ($0.05/$0.10) - 2024/12/09 18:31:41 CET [2024/12/09 12:31:41 ET]
Table 'Aludra' 6-max Seat #1 is the button
Seat 1: Mahu2021 ($10.42 in chips) 
Seat 2: Johanhh26 ($10.05 in chips) 
Seat 3: danyboy6969 ($21.18 in chips) 
Seat 4: BELGAZ ($10.18 in chips) 
Seat 5: sharakov ($11.09 in chips) 
Seat 6: B1ackwaterPark ($17.53 in chips) 
Johanhh26: posts small blind $0.05
danyboy6969: posts big blind $0.10
*** HOLE CARDS ***
Dealt to Mahu2021 [8c 4h]
BELGAZ: folds 
sharakov: folds 
B1ackwaterPark: folds 
Mahu2021: folds 
Johanhh26: calls $0.05
danyboy6969: raises $0.30 to $0.40
Johanhh26: calls $0.30
*** FLOP *** [8h 6c 5d]
Johanhh26: checks 
danyboy6969: bets $0.60
Johanhh26: calls $0.60
*** TURN *** [8h 6c 5d] [4d]
Johanhh26: checks 
danyboy6969: bets $1.55
Johanhh26: raises $5.01 to $6.56
danyboy6969: folds 
Uncalled bet ($5.01) returned to Johanhh26
Johanhh26 collected $4.87 from pot
Johanhh26: doesn't show hand 
*** SUMMARY ***
Total pot $5.10 | Rake $0.23 
Board [8h 6c 5d 4d]
Seat 1: Mahu2021 (button) folded before Flop (didn't bet)
Seat 2: Johanhh26 (small blind) collected ($4.87)
Seat 3: danyboy6969 (big blind) folded on the Turn
Seat 4: BELGAZ folded before Flop (didn't bet)
Seat 5: sharakov folded before Flop (didn't bet)
Seat 6: B1ackwaterPark folded before Flop (didn't bet)



PokerStars Zoom Hand #253776957680:  Hold'em No Limit ($0.05/$0.10) - 2024/12/09 18:31:44 CET [2024/12/09 12:31:44 ET]
Table 'Aludra' 6-max Seat #1 is the button
Seat 1: copperfield ($7.08 in chips) 
Seat 2: sharakov ($10.32 in chips) 
Seat 3: MISU30 ($9.99 in chips) 
Seat 4: hiding.by ($10.27 in chips) 
Seat 5: Volwebnik1 ($13.81 in chips) 
Seat 6: Mahu2021 ($10.42 in chips) 
sharakov: posts small blind $0.05
MISU30: posts big blind $0.10
*** HOLE CARDS ***
Dealt to Mahu2021 [4c Td]
hiding.by: folds 
Volwebnik1: folds 
Mahu2021: folds 
copperfield: raises $0.10 to $0.20
sharakov: folds 
MISU30: raises $0.30 to $0.50
copperfield: calls $0.30
*** FLOP *** [8h Tc 7h]
MISU30: checks 
copperfield: checks 
*** TURN *** [8h Tc 7h] [7s]
MISU30: checks 
copperfield: checks 
*** RIVER *** [8h Tc 7h 7s] [Ad]
MISU30: bets $0.50
copperfield: calls $0.50
*** SHOW DOWN ***
MISU30: shows [Qc Jc] (a pair of Sevens)
copperfield: shows [3s Ah] (two pair, Aces and Sevens)
copperfield collected $1.96 from pot
*** SUMMARY ***
Total pot $2.05 | Rake $0.09 
Board [8h Tc 7h 7s Ad]
Seat 1: copperfield (button) showed [3s Ah] and won ($1.96) with two pair, Aces and Sevens
Seat 2: sharakov (small blind) folded before Flop
Seat 3: MISU30 (big blind) showed [Qc Jc] and lost with a pair of Sevens
Seat 4: hiding.by folded before Flop (didn't bet)
Seat 5: Volwebnik1 folded before Flop (didn't bet)
Seat 6: Mahu2021 folded before Flop (didn't bet)



PokerStars Zoom Hand #253776961174:  Hold'em No Limit ($0.05/$0.10) - 2024/12/09 18:31:58 CET [2024/12/09 12:31:58 ET]
Table 'Aludra' 6-max Seat #1 is the button
Seat 1: TOMBAR_777 ($9.85 in chips) 
Seat 2: danyboy6969 ($16.01 in chips) 
Seat 3: Delpech666 ($21.72 in chips) 
Seat 4: Mahu2021 ($10.57 in chips) 
Seat 5: Lenusia392 ($6.22 in chips) 
Seat 6: hx32 ($9.50 in chips) 
danyboy6969: posts small blind $0.05
Delpech666: posts big blind $0.10
*** HOLE CARDS ***
Dealt to Mahu2021 [Kc Ah]
Mahu2021: raises $0.20 to $0.30
Lenusia392: calls $0.30
hx32: folds 
TOMBAR_777: folds 
danyboy6969: folds 
Delpech666: folds 
*** FLOP *** [4d Ks As]
Mahu2021: checks 
Lenusia392: checks 
*** TURN *** [4d Ks As] [Jd]
Mahu2021: checks 
Lenusia392: bets $0.36
Mahu2021: calls $0.36
*** RIVER *** [4d Ks As Jd] [Js]
Mahu2021: checks 
Lenusia392: bets $0.70
Mahu2021: calls $0.70
*** SHOW DOWN ***
Lenusia392: shows [4s 4c] (a full house, Fours full of Jacks)
Mahu2021: mucks hand 
Lenusia392 collected $2.74 from pot
*** SUMMARY ***
Total pot $2.87 | Rake $0.13 
Board [4d Ks As Jd Js]
Seat 1: TOMBAR_777 (button) folded before Flop (didn't bet)
Seat 2: danyboy6969 (small blind) folded before Flop
Seat 3: Delpech666 (big blind) folded before Flop
Seat 4: Mahu2021 mucked [Kc Ah]
Seat 5: Lenusia392 showed [4s 4c] and won ($2.74) with a full house, Fours full of Jacks
Seat 6: hx32 folded before Flop (didn't bet)



PokerStars Zoom Hand #253776969714:  Hold'em No Limit ($0.05/$0.10) - 2024/12/09 18:32:33 CET [2024/12/09 12:32:33 ET]
Table 'Aludra' 6-max Seat #1 is the button
Seat 1: blindprotector ($10.18 in chips) 
Seat 2: sterg1818 ($24.62 in chips) 
Seat 3: Mahu2021 ($9.21 in chips) 
Seat 4: el_vitor11 ($6.39 in chips) 
Seat 5: franksantiago ($4.20 in chips) 
Seat 6: danyboy6969 ($10.96 in chips) 
sterg1818: posts small blind $0.05
Mahu2021: posts big blind $0.10
*** HOLE CARDS ***
Dealt to Mahu2021 [6c Qs]
el_vitor11: folds 
franksantiago: folds 
danyboy6969: folds 
blindprotector: raises $0.15 to $0.25
sterg1818: folds 
Mahu2021: folds 
Uncalled bet ($0.15) returned to blindprotector
blindprotector collected $0.25 from pot
blindprotector: doesn't show hand 
*** SUMMARY ***
Total pot $0.25 | Rake $0 
Seat 1: blindprotector (button) collected ($0.25)
Seat 2: sterg1818 (small blind) folded before Flop
Seat 3: Mahu2021 (big blind) folded before Flop
Seat 4: el_vitor11 folded before Flop (didn't bet)
Seat 5: franksantiago folded before Flop (didn't bet)
Seat 6: danyboy6969 folded before Flop (didn't bet)



PokerStars Zoom Hand #253776975035:  Hold'em No Limit ($0.05/$0.10) - 2024/12/09 18:32:55 CET [2024/12/09 12:32:55 ET]
Table 'Aludra' 6-max Seat #1 is the button
Seat 1: TOMBAR_777 ($9.65 in chips) 
Seat 2: Mahu2021 ($9.11 in chips) 
Seat 3: YNGD ($10.30 in chips) 
Seat 4: CampeaoBra ($15.56 in chips) 
Seat 5: Rafael_TT13 ($17.58 in chips) 
Seat 6: Schackpro ($13.33 in chips) 
Mahu2021: posts small blind $0.05
YNGD: posts big blind $0.10
*** HOLE CARDS ***
Dealt to Mahu2021 [6d 2d]
CampeaoBra: folds 
Rafael_TT13: folds 
Schackpro: folds 
TOMBAR_777: folds 
Mahu2021: folds 
Uncalled bet ($0.05) returned to YNGD
YNGD collected $0.10 from pot
YNGD: doesn't show hand 
*** SUMMARY ***
Total pot $0.10 | Rake $0 
Seat 1: TOMBAR_777 (button) folded before Flop (didn't bet)
Seat 2: Mahu2021 (small blind) folded before Flop
Seat 3: YNGD (big blind) collected ($0.10)
Seat 4: CampeaoBra folded before Flop (didn't bet)
Seat 5: Rafael_TT13 folded before Flop (didn't bet)
Seat 6: Schackpro folded before Flop (didn't bet)



PokerStars Zoom Hand #253776973905:  Hold'em No Limit ($0.05/$0.10) - 2024/12/09 18:32:50 CET [2024/12/09 12:32:50 ET]
Table 'Aludra' 6-max Seat #1 is the button
Seat 1: macak111 ($3.99 in chips) 
Seat 2: imthes34 ($20.25 in chips) 
Seat 3: Eddy Rockin ($12.96 in chips) 
Seat 4: Mahu2021 ($9.11 in chips) 
Seat 5: TOMBAR_777 ($9.65 in chips) 
Seat 6: MISU30 ($8.89 in chips) 
imthes34: posts small blind $0.05
Eddy Rockin: posts big blind $0.10
*** HOLE CARDS ***
Dealt to Mahu2021 [Ts 8d]
Mahu2021: folds 
TOMBAR_777: folds 
MISU30: raises $0.20 to $0.30
macak111: folds 
imthes34: folds 
Eddy Rockin: calls $0.20
*** FLOP *** [Tc 9c 7h]
Eddy Rockin: checks 
MISU30: checks 
*** TURN *** [Tc 9c 7h] [9d]
Eddy Rockin: bets $0.47
MISU30: folds 
Uncalled bet ($0.47) returned to Eddy Rockin
Eddy Rockin collected $0.62 from pot
Eddy Rockin: doesn't show hand 
*** SUMMARY ***
Total pot $0.65 | Rake $0.03 
Board [Tc 9c 7h 9d]
Seat 1: macak111 (button) folded before Flop (didn't bet)
Seat 2: imthes34 (small blind) folded before Flop
Seat 3: Eddy Rockin (big blind) collected ($0.62)
Seat 4: Mahu2021 folded before Flop (didn't bet)
Seat 5: TOMBAR_777 folded before Flop (didn't bet)
Seat 6: MISU30 folded on the Turn



PokerStars Zoom Hand #253776977107:  Hold'em No Limit ($0.05/$0.10) - 2024/12/09 18:33:03 CET [2024/12/09 12:33:03 ET]
Table 'Aludra' 6-max Seat #1 is the button
Seat 1: sork0516 ($10.24 in chips) 
Seat 2: javierdevaux ($6.76 in chips) 
Seat 3: Mahu2021 ($9.06 in chips) 
Seat 4: bielelias ($5 in chips) 
Seat 5: noisiAAAA ($11.45 in chips) 
Seat 6: Shakawka ($20.66 in chips) 
javierdevaux: posts small blind $0.05
Mahu2021: posts big blind $0.10
*** HOLE CARDS ***
Dealt to Mahu2021 [Ac 5s]
bielelias: folds 
noisiAAAA: folds 
Shakawka: folds 
sork0516: folds 
javierdevaux: raises $0.20 to $0.30
Mahu2021: calls $0.20
*** FLOP *** [4h 7s Tc]
javierdevaux: checks 
Mahu2021: checks 
*** TURN *** [4h 7s Tc] [9s]
javierdevaux: bets $0.29
Mahu2021: calls $0.29
*** RIVER *** [4h 7s Tc 9s] [Td]
javierdevaux: bets $0.57
Mahu2021: raises $0.73 to $1.30
javierdevaux: folds 
Uncalled bet ($0.73) returned to Mahu2021
Mahu2021 collected $2.22 from pot
Mahu2021: doesn't show hand 
*** SUMMARY ***
Total pot $2.32 | Rake $0.10 
Board [4h 7s Tc 9s Td]
Seat 1: sork0516 (button) folded before Flop (didn't bet)
Seat 2: javierdevaux (small blind) folded on the River
Seat 3: Mahu2021 (big blind) collected ($2.22)
Seat 4: bielelias folded before Flop (didn't bet)
Seat 5: noisiAAAA folded before Flop (didn't bet)
Seat 6: Shakawka folded before Flop (didn't bet)



PokerStars Zoom Hand #253776975953:  Hold'em No Limit ($0.05/$0.10) - 2024/12/09 18:32:59 CET [2024/12/09 12:32:59 ET]
Table 'Aludra' 6-max Seat #1 is the button
Seat 1: radusamson ($8.43 in chips) 
Seat 2: thorindorf ($14.27 in chips) 
Seat 3: Delpech666 ($11.98 in chips) 
Seat 4: FruGraae ($9.61 in chips) 
Seat 5: Schackpro ($13.33 in chips) 
Seat 6: Mahu2021 ($9.06 in chips) 
thorindorf: posts small blind $0.05
Delpech666: posts big blind $0.10
*** HOLE CARDS ***
Dealt to Mahu2021 [2c Ah]
FruGraae: raises $0.14 to $0.24
Schackpro: folds 
Mahu2021: folds 
radusamson: folds 
thorindorf: folds 
Delpech666: calls $0.14
*** FLOP *** [7s Td Th]
Delpech666: checks 
FruGraae: checks 
*** TURN *** [7s Td Th] [5d]
Delpech666: checks 
FruGraae: checks 
*** RIVER *** [7s Td Th 5d] [2h]
Delpech666: checks 
FruGraae: checks 
*** SHOW DOWN ***
Delpech666: shows [Kh 9h] (a pair of Tens)
FruGraae: shows [9c Ac] (a pair of Tens - Ace kicker)
FruGraae collected $0.51 from pot
*** SUMMARY ***
Total pot $0.53 | Rake $0.02 
Board [7s Td Th 5d 2h]
Seat 1: radusamson (button) folded before Flop (didn't bet)
Seat 2: thorindorf (small blind) folded before Flop
Seat 3: Delpech666 (big blind) showed [Kh 9h] and lost with a pair of Tens
Seat 4: FruGraae showed [9c Ac] and won ($0.51) with a pair of Tens
Seat 5: Schackpro folded before Flop (didn't bet)
Seat 6: Mahu2021 folded before Flop (didn't bet)



PokerStars Zoom Hand #253776985178:  Hold'em No Limit ($0.05/$0.10) - 2024/12/09 18:33:36 CET [2024/12/09 12:33:36 ET]
Table 'Aludra' 6-max Seat #1 is the button
Seat 1: Mahu2021 ($10.12 in chips) 
Seat 2: FreeDermo94 ($10.64 in chips) 
Seat 3: CampeaoBra ($10.45 in chips) 
Seat 4: macak111 ($3.99 in chips) 
Seat 5: openymir ($9.11 in chips) 
Seat 6: hong0627 ($10.09 in chips) 
FreeDermo94: posts small blind $0.05
CampeaoBra: posts big blind $0.10
*** HOLE CARDS ***
Dealt to Mahu2021 [7s Kh]
macak111: folds 
openymir: folds 
hong0627: folds 
Mahu2021: folds 
FreeDermo94: folds 
Uncalled bet ($0.05) returned to CampeaoBra
CampeaoBra collected $0.10 from pot
CampeaoBra: doesn't show hand 
*** SUMMARY ***
Total pot $0.10 | Rake $0 
Seat 1: Mahu2021 (button) folded before Flop (didn't bet)
Seat 2: FreeDermo94 (small blind) folded before Flop
Seat 3: CampeaoBra (big blind) collected ($0.10)
Seat 4: macak111 folded before Flop (didn't bet)
Seat 5: openymir folded before Flop (didn't bet)
Seat 6: hong0627 folded before Flop (didn't bet)



PokerStars Zoom Hand #253776986370:  Hold'em No Limit ($0.05/$0.10) - 2024/12/09 18:33:42 CET [2024/12/09 12:33:42 ET]
Table 'Aludra' 6-max Seat #1 is the button
Seat 1: BELGAZ ($10.43 in chips) 
Seat 2: isdid ($8.24 in chips) 
Seat 3: Stigm@09 ($10.88 in chips) 
Seat 4: imthes34 ($20.20 in chips) 
Seat 5: Mahu2021 ($10.12 in chips) 
Seat 6: NüssliNici94 ($23.21 in chips) 
isdid: posts small blind $0.05
Stigm@09: posts big blind $0.10
*** HOLE CARDS ***
Dealt to Mahu2021 [Kh Ks]
imthes34: folds 
Mahu2021: raises $0.20 to $0.30
NüssliNici94: folds 
BELGAZ: folds 
isdid: raises $0.70 to $1
Stigm@09: folds 
Mahu2021: raises $9.12 to $10.12 and is all-in
isdid: folds 
Uncalled bet ($9.12) returned to Mahu2021
Mahu2021 collected $2.10 from pot
Mahu2021: doesn't show hand 
*** SUMMARY ***
Total pot $2.10 | Rake $0 
Seat 1: BELGAZ (button) folded before Flop (didn't bet)
Seat 2: isdid (small blind) folded before Flop
Seat 3: Stigm@09 (big blind) folded before Flop
Seat 4: imthes34 folded before Flop (didn't bet)
Seat 5: Mahu2021 collected ($2.10)
Seat 6: NüssliNici94 folded before Flop (didn't bet)



PokerStars Zoom Hand #253776990508:  Hold'em No Limit ($0.05/$0.10) - 2024/12/09 18:33:58 CET [2024/12/09 12:33:58 ET]
Table 'Aludra' 6-max Seat #1 is the button
Seat 1: Mahu2021 ($11.22 in chips) 
Seat 2: openymir ($9.11 in chips) 
Seat 3: Baratrum777 ($10 in chips) 
Seat 4: Delpech666 ($37.73 in chips) 
Seat 5: B1ackwaterPark ($17.13 in chips) 
Seat 6: VitorArj ($11.53 in chips) 
openymir: posts small blind $0.05
Baratrum777: posts big blind $0.10
*** HOLE CARDS ***
Dealt to Mahu2021 [Qh 3h]
Delpech666: folds 
B1ackwaterPark: folds 
VitorArj: folds 
Mahu2021: folds 
openymir: folds 
Uncalled bet ($0.05) returned to Baratrum777
Baratrum777 collected $0.10 from pot
Baratrum777: doesn't show hand 
*** SUMMARY ***
Total pot $0.10 | Rake $0 
Seat 1: Mahu2021 (button) folded before Flop (didn't bet)
Seat 2: openymir (small blind) folded before Flop
Seat 3: Baratrum777 (big blind) collected ($0.10)
Seat 4: Delpech666 folded before Flop (didn't bet)
Seat 5: B1ackwaterPark folded before Flop (didn't bet)
Seat 6: VitorArj folded before Flop (didn't bet)



PokerStars Zoom Hand #253776995976:  Hold'em No Limit ($0.05/$0.10) - 2024/12/09 18:34:20 CET [2024/12/09 12:34:20 ET]
Table 'Aludra' 6-max Seat #1 is the button
Seat 1: Schackpro ($18.66 in chips) 
Seat 2: kingkong0123 ($8.20 in chips) 
Seat 3: shwozzer ($10 in chips) 
Seat 4: Mahu2021 ($11.17 in chips) 
Seat 5: Cdmarola ($10 in chips) 
Seat 6: YNGD ($10.33 in chips) 
kingkong0123: posts small blind $0.05
shwozzer: posts big blind $0.10
*** HOLE CARDS ***
Dealt to Mahu2021 [Jc As]
Mahu2021: raises $0.20 to $0.30
Cdmarola: folds 
YNGD: folds 
Schackpro: folds 
kingkong0123: folds 
shwozzer: folds 
Uncalled bet ($0.20) returned to Mahu2021
Mahu2021 collected $0.25 from pot
Mahu2021: doesn't show hand 
*** SUMMARY ***
Total pot $0.25 | Rake $0 
Seat 1: Schackpro (button) folded before Flop (didn't bet)
Seat 2: kingkong0123 (small blind) folded before Flop
Seat 3: shwozzer (big blind) folded before Flop
Seat 4: Mahu2021 collected ($0.25)
Seat 5: Cdmarola folded before Flop (didn't bet)
Seat 6: YNGD folded before Flop (didn't bet)



PokerStars Zoom Hand #253776991490:  Hold'em No Limit ($0.05/$0.10) - 2024/12/09 18:34:03 CET [2024/12/09 12:34:03 ET]
Table 'Aludra' 6-max Seat #1 is the button
Seat 1: ioska0808 ($20.06 in chips) 
Seat 2: Mahu2021 ($11.22 in chips) 
Seat 3: Stigm@09 ($10 in chips) 
Seat 4: SyraXmaX ($10.41 in chips) 
Seat 5: julianowww ($12.95 in chips) 
Seat 6: Bur1k ($5.10 in chips) 
Mahu2021: posts small blind $0.05
Stigm@09: posts big blind $0.10
*** HOLE CARDS ***
Dealt to Mahu2021 [9h 8h]
SyraXmaX: raises $0.15 to $0.25
julianowww: folds 
Bur1k: folds 
ioska0808: raises $0.65 to $0.90
Mahu2021: folds 
Stigm@09: folds 
SyraXmaX: calls $0.65
*** FLOP *** [Js Ac 8d]
SyraXmaX: checks 
ioska0808: bets $1.86
SyraXmaX: folds 
Uncalled bet ($1.86) returned to ioska0808
ioska0808 collected $1.86 from pot
ioska0808: doesn't show hand 
*** SUMMARY ***
Total pot $1.95 | Rake $0.09 
Board [Js Ac 8d]
Seat 1: ioska0808 (button) collected ($1.86)
Seat 2: Mahu2021 (small blind) folded before Flop
Seat 3: Stigm@09 (big blind) folded before Flop
Seat 4: SyraXmaX folded on the Flop
Seat 5: julianowww folded before Flop (didn't bet)
Seat 6: Bur1k folded before Flop (didn't bet)



PokerStars Zoom Hand #253776999611:  Hold'em No Limit ($0.05/$0.10) - 2024/12/09 18:34:35 CET [2024/12/09 12:34:35 ET]
Table 'Aludra' 6-max Seat #1 is the button
Seat 1: noisiAAAA ($17.85 in chips) 
Seat 2: HazyDaizy ($10.05 in chips) 
Seat 3: CampeaoBra ($16.71 in chips) 
Seat 4: cghap ($10.15 in chips) 
Seat 5: Mahu2021 ($11.32 in chips) 
Seat 6: TOMBAR_777 ($8.34 in chips) 
HazyDaizy: posts small blind $0.05
CampeaoBra: posts big blind $0.10
*** HOLE CARDS ***
Dealt to Mahu2021 [Kh 3s]
cghap: folds 
Mahu2021: folds 
TOMBAR_777: raises $0.10 to $0.20
noisiAAAA: folds 
HazyDaizy: folds 
CampeaoBra: folds 
Uncalled bet ($0.10) returned to TOMBAR_777
TOMBAR_777 collected $0.25 from pot
TOMBAR_777: doesn't show hand 
*** SUMMARY ***
Total pot $0.25 | Rake $0 
Seat 1: noisiAAAA (button) folded before Flop (didn't bet)
Seat 2: HazyDaizy (small blind) folded before Flop
Seat 3: CampeaoBra (big blind) folded before Flop
Seat 4: cghap folded before Flop (didn't bet)
Seat 5: Mahu2021 folded before Flop (didn't bet)
Seat 6: TOMBAR_777 collected ($0.25)



PokerStars Zoom Hand #253777000585:  Hold'em No Limit ($0.05/$0.10) - 2024/12/09 18:34:39 CET [2024/12/09 12:34:39 ET]
Table 'Aludra' 6-max Seat #1 is the button
Seat 1: HazyDaizy ($10 in chips) 
Seat 2: Mahu2021 ($11.32 in chips) 
Seat 3: Baratrum777 ($10 in chips) 
Seat 4: GustavH8 ($23.27 in chips) 
Seat 5: jhami24 ($11.13 in chips) 
Seat 6: Shakawka ($10.48 in chips) 
Mahu2021: posts small blind $0.05
Baratrum777: posts big blind $0.10
*** HOLE CARDS ***
Dealt to Mahu2021 [6s 7s]
GustavH8: folds 
jhami24: folds 
Shakawka: folds 
HazyDaizy: folds 
Mahu2021: raises $0.20 to $0.30
Baratrum777: raises $0.74 to $1.04
Mahu2021: folds 
Uncalled bet ($0.74) returned to Baratrum777
Baratrum777 collected $0.60 from pot
Baratrum777: doesn't show hand 
*** SUMMARY ***
Total pot $0.60 | Rake $0 
Seat 1: HazyDaizy (button) folded before Flop (didn't bet)
Seat 2: Mahu2021 (small blind) folded before Flop
Seat 3: Baratrum777 (big blind) collected ($0.60)
Seat 4: GustavH8 folded before Flop (didn't bet)
Seat 5: jhami24 folded before Flop (didn't bet)
Seat 6: Shakawka folded before Flop (didn't bet)



PokerStars Zoom Hand #253776995014:  Hold'em No Limit ($0.05/$0.10) - 2024/12/09 18:34:16 CET [2024/12/09 12:34:16 ET]
Table 'Aludra' 6-max Seat #1 is the button
Seat 1: FuzzyWiBBle ($11.13 in chips) 
Seat 2: DIAMOND_0920 ($21.73 in chips) 
Seat 3: eu_kvl ($11.35 in chips) 
Seat 4: sork0516 ($10.69 in chips) 
Seat 5: cghap ($10.15 in chips) 
Seat 6: Mahu2021 ($11.17 in chips) 
DIAMOND_0920: posts small blind $0.05
eu_kvl: posts big blind $0.10
*** HOLE CARDS ***
Dealt to Mahu2021 [3c Ts]
sork0516: folds 
cghap: folds 
Mahu2021: folds 
FuzzyWiBBle: raises $0.20 to $0.30
DIAMOND_0920: folds 
eu_kvl: calls $0.20
*** FLOP *** [9c 7c 7s]
eu_kvl: checks 
FuzzyWiBBle: checks 
*** TURN *** [9c 7c 7s] [5s]
eu_kvl: bets $0.40
FuzzyWiBBle: calls $0.40
*** RIVER *** [9c 7c 7s 5s] [Js]
eu_kvl: bets $0.80
FuzzyWiBBle: folds 
Uncalled bet ($0.80) returned to eu_kvl
eu_kvl collected $1.38 from pot
eu_kvl: doesn't show hand 
*** SUMMARY ***
Total pot $1.45 | Rake $0.07 
Board [9c 7c 7s 5s Js]
Seat 1: FuzzyWiBBle (button) folded on the River
Seat 2: DIAMOND_0920 (small blind) folded before Flop
Seat 3: eu_kvl (big blind) collected ($1.38)
Seat 4: sork0516 folded before Flop (didn't bet)
Seat 5: cghap folded before Flop (didn't bet)
Seat 6: Mahu2021 folded before Flop (didn't bet)



PokerStars Zoom Hand #253777007233:  Hold'em No Limit ($0.05/$0.10) - 2024/12/09 18:35:07 CET [2024/12/09 12:35:07 ET]
Table 'Aludra' 6-max Seat #1 is the button
Seat 1: openymir ($12.86 in chips) 
Seat 2: Delpech666 ($21.52 in chips) 
Seat 3: Mahu2021 ($11.02 in chips) 
Seat 4: hx32 ($10.23 in chips) 
Seat 5: radusamson ($7.21 in chips) 
Seat 6: danyboy6969 ($19.11 in chips) 
Delpech666: posts small blind $0.05
Mahu2021: posts big blind $0.10
*** HOLE CARDS ***
Dealt to Mahu2021 [5h Jd]
hx32: folds 
radusamson: raises $0.20 to $0.30
danyboy6969: folds 
openymir: folds 
Delpech666: folds 
Mahu2021: folds 
Uncalled bet ($0.20) returned to radusamson
radusamson collected $0.25 from pot
radusamson: doesn't show hand 
*** SUMMARY ***
Total pot $0.25 | Rake $0 
Seat 1: openymir (button) folded before Flop (didn't bet)
Seat 2: Delpech666 (small blind) folded before Flop
Seat 3: Mahu2021 (big blind) folded before Flop
Seat 4: hx32 folded before Flop (didn't bet)
Seat 5: radusamson collected ($0.25)
Seat 6: danyboy6969 folded before Flop (didn't bet)



PokerStars Zoom Hand #253777012226:  Hold'em No Limit ($0.05/$0.10) - 2024/12/09 18:35:27 CET [2024/12/09 12:35:27 ET]
Table 'Aludra' 6-max Seat #1 is the button
Seat 1: ElonzIllesc ($10 in chips) 
Seat 2: l00seanyway ($10.19 in chips) 
Seat 3: BloaterW ($0.98 in chips) 
Seat 4: YNGD ($10.15 in chips) 
Seat 5: Mahu2021 ($10.92 in chips) 
Seat 6: GustavH8 ($23.22 in chips) 
l00seanyway: posts small blind $0.05
BloaterW: posts big blind $0.10
*** HOLE CARDS ***
Dealt to Mahu2021 [Qh Ad]
YNGD: folds 
Mahu2021: raises $0.20 to $0.30
GustavH8: folds 
ElonzIllesc: folds 
l00seanyway: calls $0.25
BloaterW: folds 
*** FLOP *** [8h 6h 7s]
l00seanyway: checks 
Mahu2021: checks 
*** TURN *** [8h 6h 7s] [2d]
l00seanyway: checks 
Mahu2021: checks 
*** RIVER *** [8h 6h 7s 2d] [Ts]
l00seanyway: checks 
Mahu2021: checks 
*** SHOW DOWN ***
l00seanyway: shows [5d 5c] (a pair of Fives)
Mahu2021: mucks hand 
l00seanyway collected $0.66 from pot
*** SUMMARY ***
Total pot $0.70 | Rake $0.04 
Board [8h 6h 7s 2d Ts]
Seat 1: ElonzIllesc (button) folded before Flop (didn't bet)
Seat 2: l00seanyway (small blind) showed [5d 5c] and won ($0.66) with a pair of Fives
Seat 3: BloaterW (big blind) folded before Flop
Seat 4: YNGD folded before Flop (didn't bet)
Seat 5: Mahu2021 mucked [Qh Ad]
Seat 6: GustavH8 folded before Flop (didn't bet)



PokerStars Zoom Hand #253777011238:  Hold'em No Limit ($0.05/$0.10) - 2024/12/09 18:35:23 CET [2024/12/09 12:35:23 ET]
Table 'Aludra' 6-max Seat #1 is the button
Seat 1: Mahu2021 ($10.92 in chips) 
Seat 2: zarpapis ($10 in chips) 
Seat 3: Lenusia392 ($6.96 in chips) 
Seat 4: ioska0808 ($21.48 in chips) 
Seat 5: l00seanyway ($10.19 in chips) 
Seat 6: NüssliNici94 ($19.16 in chips) 
zarpapis: posts small blind $0.05
Lenusia392: posts big blind $0.10
*** HOLE CARDS ***
Dealt to Mahu2021 [Js 6h]
ioska0808: folds 
l00seanyway: folds 
NüssliNici94: raises $0.10 to $0.20
Mahu2021: folds 
zarpapis: folds 
Lenusia392: calls $0.10
*** FLOP *** [Qs 9s Jh]
Lenusia392: checks 
NüssliNici94: bets $0.22
Lenusia392: folds 
Uncalled bet ($0.22) returned to NüssliNici94
NüssliNici94 collected $0.43 from pot
NüssliNici94: doesn't show hand 
*** SUMMARY ***
Total pot $0.45 | Rake $0.02 
Board [Qs 9s Jh]
Seat 1: Mahu2021 (button) folded before Flop (didn't bet)
Seat 2: zarpapis (small blind) folded before Flop
Seat 3: Lenusia392 (big blind) folded on the Flop
Seat 4: ioska0808 folded before Flop (didn't bet)
Seat 5: l00seanyway folded before Flop (didn't bet)
Seat 6: NüssliNici94 collected ($0.43)



PokerStars Zoom Hand #253777018425:  Hold'em No Limit ($0.05/$0.10) - 2024/12/09 18:35:52 CET [2024/12/09 12:35:52 ET]
Table 'Aludra' 6-max Seat #1 is the button
Seat 1: GustavH8 ($23.12 in chips) 
Seat 2: ScoobieDoo75 ($10.09 in chips) 
Seat 3: l00seanyway ($10.55 in chips) 
Seat 4: jhami24 ($10.78 in chips) 
Seat 5: macak111 ($3.82 in chips) 
Seat 6: Mahu2021 ($10.62 in chips) 
ScoobieDoo75: posts small blind $0.05
l00seanyway: posts big blind $0.10
*** HOLE CARDS ***
Dealt to Mahu2021 [As Th]
jhami24: folds 
macak111: folds 
Mahu2021: raises $0.20 to $0.30
GustavH8: folds 
ScoobieDoo75: folds 
l00seanyway: calls $0.20
*** FLOP *** [2c Td Ks]
l00seanyway: checks 
Mahu2021: bets $0.30
l00seanyway: folds 
Uncalled bet ($0.30) returned to Mahu2021
Mahu2021 collected $0.62 from pot
Mahu2021: doesn't show hand 
*** SUMMARY ***
Total pot $0.65 | Rake $0.03 
Board [2c Td Ks]
Seat 1: GustavH8 (button) folded before Flop (didn't bet)
Seat 2: ScoobieDoo75 (small blind) folded before Flop
Seat 3: l00seanyway (big blind) folded on the Flop
Seat 4: jhami24 folded before Flop (didn't bet)
Seat 5: macak111 folded before Flop (didn't bet)
Seat 6: Mahu2021 collected ($0.62)



PokerStars Zoom Hand #253777026249:  Hold'em No Limit ($0.05/$0.10) - 2024/12/09 18:36:23 CET [2024/12/09 12:36:23 ET]
Table 'Aludra' 6-max Seat #1 is the button
Seat 1: sharakov ($10 in chips) 
Seat 2: oyuka1988 ($12.68 in chips) 
Seat 3: Mahu2021 ($10.89 in chips) 
Seat 4: titus348 ($10.81 in chips) 
Seat 5: copperfield ($2.54 in chips) 
Seat 6: cghap ($20.01 in chips) 
oyuka1988: posts small blind $0.05
Mahu2021: posts big blind $0.10
*** HOLE CARDS ***
Dealt to Mahu2021 [8c 9h]
titus348: folds 
copperfield: folds 
cghap: raises $0.15 to $0.25
sharakov: folds 
oyuka1988: folds 
Mahu2021: folds 
Uncalled bet ($0.15) returned to cghap
cghap collected $0.25 from pot
cghap: doesn't show hand 
*** SUMMARY ***
Total pot $0.25 | Rake $0 
Seat 1: sharakov (button) folded before Flop (didn't bet)
Seat 2: oyuka1988 (small blind) folded before Flop
Seat 3: Mahu2021 (big blind) folded before Flop
Seat 4: titus348 folded before Flop (didn't bet)
Seat 5: copperfield folded before Flop (didn't bet)
Seat 6: cghap collected ($0.25)



PokerStars Zoom Hand #253777031535:  Hold'em No Limit ($0.05/$0.10) - 2024/12/09 18:36:44 CET [2024/12/09 12:36:44 ET]
Table 'Aludra' 6-max Seat #1 is the button
Seat 1: DIAMOND_0920 ($10.98 in chips) 
Seat 2: Hisapowa ($7.26 in chips) 
Seat 3: B1ackwaterPark ($17.88 in chips) 
Seat 4: Mahu2021 ($10.79 in chips) 
Seat 5: plutishka4 ($10.46 in chips) 
Seat 6: Delpech666 ($21.62 in chips) 
Hisapowa: posts small blind $0.05
B1ackwaterPark: posts big blind $0.10
*** HOLE CARDS ***
Dealt to Mahu2021 [Tc 5s]
Mahu2021: folds 
plutishka4: raises $0.20 to $0.30
Delpech666: folds 
DIAMOND_0920: folds 
Hisapowa: folds 
B1ackwaterPark: folds 
Uncalled bet ($0.20) returned to plutishka4
plutishka4 collected $0.25 from pot
plutishka4: doesn't show hand 
*** SUMMARY ***
Total pot $0.25 | Rake $0 
Seat 1: DIAMOND_0920 (button) folded before Flop (didn't bet)
Seat 2: Hisapowa (small blind) folded before Flop
Seat 3: B1ackwaterPark (big blind) folded before Flop
Seat 4: Mahu2021 folded before Flop (didn't bet)
Seat 5: plutishka4 collected ($0.25)
Seat 6: Delpech666 folded before Flop (didn't bet)



PokerStars Zoom Hand #253777033405:  Hold'em No Limit ($0.05/$0.10) - 2024/12/09 18:36:52 CET [2024/12/09 12:36:52 ET]
Table 'Aludra' 6-max Seat #1 is the button
Seat 1: DIAMOND_0920 ($20.19 in chips) 
Seat 2: Cdmarola ($11.91 in chips) 
Seat 3: openymir ($12.56 in chips) 
Seat 4: danyboy6969 ($10.03 in chips) 
Seat 5: Delpech666 ($21.62 in chips) 
Seat 6: Mahu2021 ($10.79 in chips) 
Cdmarola: posts small blind $0.05
openymir: posts big blind $0.10
*** HOLE CARDS ***
Dealt to Mahu2021 [2d 6s]
danyboy6969: folds 
Delpech666: folds 
Mahu2021: folds 
DIAMOND_0920: folds 
Cdmarola: folds 
Uncalled bet ($0.05) returned to openymir
openymir collected $0.10 from pot
openymir: doesn't show hand 
*** SUMMARY ***
Total pot $0.10 | Rake $0 
Seat 1: DIAMOND_0920 (button) folded before Flop (didn't bet)
Seat 2: Cdmarola (small blind) folded before Flop
Seat 3: openymir (big blind) collected ($0.10)
Seat 4: danyboy6969 folded before Flop (didn't bet)
Seat 5: Delpech666 folded before Flop (didn't bet)
Seat 6: Mahu2021 folded before Flop (didn't bet)



PokerStars Zoom Hand #253777024693:  Hold'em No Limit ($0.05/$0.10) - 2024/12/09 18:36:17 CET [2024/12/09 12:36:17 ET]
Table 'Aludra' 6-max Seat #1 is the button
Seat 1: VitorArj ($12.12 in chips) 
Seat 2: Mahu2021 ($10.94 in chips) 
Seat 3: bielelias ($4.65 in chips) 
Seat 4: Chakman1990 ($11.82 in chips) 
Seat 5: BELGAZ ($10.28 in chips) 
Seat 6: HazyDaizy ($10.82 in chips) 
Mahu2021: posts small blind $0.05
bielelias: posts big blind $0.10
*** HOLE CARDS ***
Dealt to Mahu2021 [3c Kd]
Chakman1990: folds 
BELGAZ: raises $0.15 to $0.25
HazyDaizy: folds 
VitorArj: folds 
Mahu2021: folds 
bielelias: calls $0.15
*** FLOP *** [7c 7d 8h]
bielelias: checks 
BELGAZ: checks 
*** TURN *** [7c 7d 8h] [Qh]
bielelias: checks 
BELGAZ: bets $0.35
bielelias: folds 
Uncalled bet ($0.35) returned to BELGAZ
BELGAZ collected $0.53 from pot
BELGAZ: doesn't show hand 
*** SUMMARY ***
Total pot $0.55 | Rake $0.02 
Board [7c 7d 8h Qh]
Seat 1: VitorArj (button) folded before Flop (didn't bet)
Seat 2: Mahu2021 (small blind) folded before Flop
Seat 3: bielelias (big blind) folded on the Turn
Seat 4: Chakman1990 folded before Flop (didn't bet)
Seat 5: BELGAZ collected ($0.53)
Seat 6: HazyDaizy folded before Flop (didn't bet)



PokerStars Zoom Hand #253777035372:  Hold'em No Limit ($0.05/$0.10) - 2024/12/09 18:37:00 CET [2024/12/09 12:37:00 ET]
Table 'Aludra' 6-max Seat #1 is the button
Seat 1: Poker Don1994 ($7.59 in chips) 
Seat 2: Andrei232Zah ($7.17 in chips) 
Seat 3: N12345654 ($4.22 in chips) 
Seat 4: Mahu2021 ($10.79 in chips) 
Seat 5: VitorArj ($10.67 in chips) 
Seat 6: hx32 ($10.63 in chips) 
Andrei232Zah: posts small blind $0.05
N12345654: posts big blind $0.10
*** HOLE CARDS ***
Dealt to Mahu2021 [Kd 8d]
Mahu2021: raises $0.20 to $0.30
VitorArj: folds 
hx32: folds 
Poker Don1994: raises $0.60 to $0.90
Andrei232Zah: folds 
N12345654: folds 
Mahu2021: calls $0.60
*** FLOP *** [6h 7s Ts]
Mahu2021: checks 
Poker Don1994: bets $0.60
Mahu2021: folds 
Uncalled bet ($0.60) returned to Poker Don1994
Poker Don1994 collected $1.86 from pot
Poker Don1994: doesn't show hand 
*** SUMMARY ***
Total pot $1.95 | Rake $0.09 
Board [6h 7s Ts]
Seat 1: Poker Don1994 (button) collected ($1.86)
Seat 2: Andrei232Zah (small blind) folded before Flop
Seat 3: N12345654 (big blind) folded before Flop
Seat 4: Mahu2021 folded on the Flop
Seat 5: VitorArj folded before Flop (didn't bet)
Seat 6: hx32 folded before Flop (didn't bet)



PokerStars Zoom Hand #253777034409:  Hold'em No Limit ($0.05/$0.10) - 2024/12/09 18:36:56 CET [2024/12/09 12:36:56 ET]
Table 'Aludra' 6-max Seat #1 is the button
Seat 1: franksantiago ($5.53 in chips) 
Seat 2: bielelias ($6.17 in chips) 
Seat 3: danyboy6969 ($13.91 in chips) 
Seat 4: Hisapowa ($7.26 in chips) 
Seat 5: Mahu2021 ($10.79 in chips) 
Seat 6: Stigm@09 ($10.30 in chips) 
bielelias: posts small blind $0.05
danyboy6969: posts big blind $0.10
*** HOLE CARDS ***
Dealt to Mahu2021 [2d Kc]
Hisapowa: folds 
Mahu2021: folds 
Stigm@09: folds 
franksantiago: folds 
bielelias: raises $0.20 to $0.30
danyboy6969: calls $0.20
*** FLOP *** [5h 8s Kd]
bielelias: bets $0.15
danyboy6969: raises $0.30 to $0.45
bielelias: folds 
Uncalled bet ($0.30) returned to danyboy6969
danyboy6969 collected $0.86 from pot
danyboy6969: doesn't show hand 
*** SUMMARY ***
Total pot $0.90 | Rake $0.04 
Board [5h 8s Kd]
Seat 1: franksantiago (button) folded before Flop (didn't bet)
Seat 2: bielelias (small blind) folded on the Flop
Seat 3: danyboy6969 (big blind) collected ($0.86)
Seat 4: Hisapowa folded before Flop (didn't bet)
Seat 5: Mahu2021 folded before Flop (didn't bet)
Seat 6: Stigm@09 folded before Flop (didn't bet)



PokerStars Zoom Hand #253777041628:  Hold'em No Limit ($0.05/$0.10) - 2024/12/09 18:37:25 CET [2024/12/09 12:37:25 ET]
Table 'Aludra' 6-max Seat #1 is the button
Seat 1: frankajax98 ($10 in chips) 
Seat 2: NüssliNici94 ($19.52 in chips) 
Seat 3: Mahu2021 ($9.89 in chips) 
Seat 4: javierdevaux ($9.59 in chips) 
Seat 5: Delpech666 ($18.60 in chips) 
Seat 6: radusamson ($9.80 in chips) 
NüssliNici94: posts small blind $0.05
Mahu2021: posts big blind $0.10
*** HOLE CARDS ***
Dealt to Mahu2021 [2h Ks]
javierdevaux: raises $0.20 to $0.30
Delpech666: folds 
radusamson: folds 
frankajax98: folds 
NüssliNici94: folds 
Mahu2021: folds 
Uncalled bet ($0.20) returned to javierdevaux
javierdevaux collected $0.25 from pot
javierdevaux: doesn't show hand 
*** SUMMARY ***
Total pot $0.25 | Rake $0 
Seat 1: frankajax98 (button) folded before Flop (didn't bet)
Seat 2: NüssliNici94 (small blind) folded before Flop
Seat 3: Mahu2021 (big blind) folded before Flop
Seat 4: javierdevaux collected ($0.25)
Seat 5: Delpech666 folded before Flop (didn't bet)
Seat 6: radusamson folded before Flop (didn't bet)



PokerStars Zoom Hand #253777043167:  Hold'em No Limit ($0.05/$0.10) - 2024/12/09 18:37:31 CET [2024/12/09 12:37:31 ET]
Table 'Aludra' 6-max Seat #1 is the button
Seat 1: YNGD ($10 in chips) 
Seat 2: franksantiago ($5.43 in chips) 
Seat 3: JeanRicardo8 ($10 in chips) 
Seat 4: Mahu2021 ($9.79 in chips) 
Seat 5: Chakman1990 ($11.57 in chips) 
Seat 6: RobertByku2 ($11.04 in chips) 
franksantiago: posts small blind $0.05
JeanRicardo8: posts big blind $0.10
*** HOLE CARDS ***
Dealt to Mahu2021 [Td 9h]
Mahu2021: folds 
Chakman1990: folds 
RobertByku2: folds 
YNGD: folds 
franksantiago: folds 
Uncalled bet ($0.05) returned to JeanRicardo8
JeanRicardo8 collected $0.10 from pot
JeanRicardo8: doesn't show hand 
*** SUMMARY ***
Total pot $0.10 | Rake $0 
Seat 1: YNGD (button) folded before Flop (didn't bet)
Seat 2: franksantiago (small blind) folded before Flop
Seat 3: JeanRicardo8 (big blind) collected ($0.10)
Seat 4: Mahu2021 folded before Flop (didn't bet)
Seat 5: Chakman1990 folded before Flop (didn't bet)
Seat 6: RobertByku2 folded before Flop (didn't bet)



PokerStars Zoom Hand #253777032224:  Hold'em No Limit ($0.05/$0.10) - 2024/12/09 18:36:47 CET [2024/12/09 12:36:47 ET]
Table 'Aludra' 6-max Seat #1 is the button
Seat 1: Mahu2021 ($10.79 in chips) 
Seat 2: YNGD ($10.15 in chips) 
Seat 3: ScoobieDoo75 ($10.77 in chips) 
Seat 4: Poker Don1994 ($7.84 in chips) 
Seat 5: Baratrum777 ($10 in chips) 
Seat 6: Volwebnik1 ($10 in chips) 
YNGD: posts small blind $0.05
ScoobieDoo75: posts big blind $0.10
*** HOLE CARDS ***
Dealt to Mahu2021 [Kc 8h]
Poker Don1994: folds 
Baratrum777: folds 
Volwebnik1: folds 
Mahu2021: folds 
YNGD: raises $0.20 to $0.30
ScoobieDoo75: calls $0.20
*** FLOP *** [Js Qs Qc]
YNGD: checks 
ScoobieDoo75: checks 
*** TURN *** [Js Qs Qc] [4h]
YNGD: bets $0.43
ScoobieDoo75: calls $0.43
*** RIVER *** [Js Qs Qc 4h] [7h]
YNGD: bets $1.04
ScoobieDoo75: calls $1.04
*** SHOW DOWN ***
YNGD: shows [Ah Ad] (two pair, Aces and Queens)
ScoobieDoo75: mucks hand 
YNGD collected $3.38 from pot
*** SUMMARY ***
Total pot $3.54 | Rake $0.16 
Board [Js Qs Qc 4h 7h]
Seat 1: Mahu2021 (button) folded before Flop (didn't bet)
Seat 2: YNGD (small blind) showed [Ah Ad] and won ($3.38) with two pair, Aces and Queens
Seat 3: ScoobieDoo75 (big blind) mucked [Tc Th]
Seat 4: Poker Don1994 folded before Flop (didn't bet)
Seat 5: Baratrum777 folded before Flop (didn't bet)
Seat 6: Volwebnik1 folded before Flop (didn't bet)



PokerStars Zoom Hand #253777044373:  Hold'em No Limit ($0.05/$0.10) - 2024/12/09 18:37:36 CET [2024/12/09 12:37:36 ET]
Table 'Aludra' 6-max Seat #1 is the button
Seat 1: emstmanu ($6.48 in chips) 
Seat 2: Mahu2021 ($9.79 in chips) 
Seat 3: sharakov ($12.62 in chips) 
Seat 4: Opaschkou ($10.15 in chips) 
Seat 5: BloaterW ($1.92 in chips) 
Seat 6: R.S.Scherer ($10.22 in chips) 
Mahu2021: posts small blind $0.05
sharakov: posts big blind $0.10
*** HOLE CARDS ***
Dealt to Mahu2021 [5h Jh]
Opaschkou: folds 
BloaterW: folds 
R.S.Scherer: raises $0.15 to $0.25
emstmanu: calls $0.25
Mahu2021: folds 
sharakov: calls $0.15
*** FLOP *** [4s 7h 2s]
sharakov: bets $0.53
R.S.Scherer: folds 
emstmanu: folds 
Uncalled bet ($0.53) returned to sharakov
sharakov collected $0.76 from pot
sharakov: doesn't show hand 
*** SUMMARY ***
Total pot $0.80 | Rake $0.04 
Board [4s 7h 2s]
Seat 1: emstmanu (button) folded on the Flop
Seat 2: Mahu2021 (small blind) folded before Flop
Seat 3: sharakov (big blind) collected ($0.76)
Seat 4: Opaschkou folded before Flop (didn't bet)
Seat 5: BloaterW folded before Flop (didn't bet)
Seat 6: R.S.Scherer folded on the Flop



PokerStars Zoom Hand #253777046945:  Hold'em No Limit ($0.05/$0.10) - 2024/12/09 18:37:46 CET [2024/12/09 12:37:46 ET]
Table 'Aludra' 6-max Seat #1 is the button
Seat 1: Mahu2021 ($9.74 in chips) 
Seat 2: Stigm@09 ($15.16 in chips) 
Seat 3: Xenoon54 ($15.58 in chips) 
Seat 4: Bur1k ($5.05 in chips) 
Seat 5: bielelias ($0.65 in chips) 
Seat 6: BloaterW ($1.92 in chips) 
Stigm@09: posts small blind $0.05
Xenoon54: posts big blind $0.10
*** HOLE CARDS ***
Dealt to Mahu2021 [2c 2d]
Bur1k: folds 
bielelias: folds 
BloaterW: raises $0.20 to $0.30
Mahu2021: calls $0.30
Stigm@09: folds 
Xenoon54: folds 
*** FLOP *** [Jh 3c Qc]
BloaterW: bets $0.10
Mahu2021: calls $0.10
*** TURN *** [Jh 3c Qc] [Kc]
BloaterW: bets $0.91
Mahu2021: folds 
Uncalled bet ($0.91) returned to BloaterW
BloaterW collected $0.91 from pot
BloaterW: doesn't show hand 
*** SUMMARY ***
Total pot $0.95 | Rake $0.04 
Board [Jh 3c Qc Kc]
Seat 1: Mahu2021 (button) folded on the Turn
Seat 2: Stigm@09 (small blind) folded before Flop
Seat 3: Xenoon54 (big blind) folded before Flop
Seat 4: Bur1k folded before Flop (didn't bet)
Seat 5: bielelias folded before Flop (didn't bet)
Seat 6: BloaterW collected ($0.91)



PokerStars Zoom Hand #253777055964:  Hold'em No Limit ($0.05/$0.10) - 2024/12/09 18:38:22 CET [2024/12/09 12:38:22 ET]
Table 'Aludra' 6-max Seat #1 is the button
Seat 1: VitorArj ($10 in chips) 
Seat 2: NüssliNici94 ($11.10 in chips) 
Seat 3: Mahu2021 ($9.29 in chips) 
Seat 4: DIAMOND_0920 ($12.19 in chips) 
Seat 5: Hisapowa ($7.74 in chips) 
Seat 6: Eddy Rockin ($21.46 in chips) 
NüssliNici94: posts small blind $0.05
Mahu2021: posts big blind $0.10
*** HOLE CARDS ***
Dealt to Mahu2021 [Kc Qc]
DIAMOND_0920: raises $0.10 to $0.20
Hisapowa: folds 
Eddy Rockin: raises $0.50 to $0.70
VitorArj: folds 
NüssliNici94: folds 
Mahu2021: calls $0.60
DIAMOND_0920: folds 
*** FLOP *** [3d 9c Ts]
Mahu2021: checks 
Eddy Rockin: checks 
*** TURN *** [3d 9c Ts] [Jc]
Mahu2021: checks 
Eddy Rockin: checks 
*** RIVER *** [3d 9c Ts Jc] [3c]
Mahu2021: bets $0.90
Eddy Rockin: folds 
Uncalled bet ($0.90) returned to Mahu2021
Mahu2021 collected $1.58 from pot
Mahu2021: doesn't show hand 
*** SUMMARY ***
Total pot $1.65 | Rake $0.07 
Board [3d 9c Ts Jc 3c]
Seat 1: VitorArj (button) folded before Flop (didn't bet)
Seat 2: NüssliNici94 (small blind) folded before Flop
Seat 3: Mahu2021 (big blind) collected ($1.58)
Seat 4: DIAMOND_0920 folded before Flop
Seat 5: Hisapowa folded before Flop (didn't bet)
Seat 6: Eddy Rockin folded on the River



PokerStars Zoom Hand #253777054722:  Hold'em No Limit ($0.05/$0.10) - 2024/12/09 18:38:17 CET [2024/12/09 12:38:17 ET]
Table 'Aludra' 6-max Seat #1 is the button
Seat 1: frankajax98 ($10 in chips) 
Seat 2: Mahu2021 ($9.34 in chips) 
Seat 3: B1ackwaterPark ($26.08 in chips) 
Seat 4: l00seanyway ($9.55 in chips) 
Seat 5: sharakov ($13.08 in chips) 
Seat 6: 1991vibes ($7.18 in chips) 
Mahu2021: posts small blind $0.05
B1ackwaterPark: posts big blind $0.10
*** HOLE CARDS ***
Dealt to Mahu2021 [4h 7d]
l00seanyway: raises $0.25 to $0.35
sharakov: folds 
1991vibes: folds 
frankajax98: folds 
Mahu2021: folds 
B1ackwaterPark: calls $0.25
*** FLOP *** [Kc 6s Kh]
B1ackwaterPark: checks 
l00seanyway: bets $0.36
B1ackwaterPark: calls $0.36
*** TURN *** [Kc 6s Kh] [6h]
B1ackwaterPark: checks 
l00seanyway: checks 
*** RIVER *** [Kc 6s Kh 6h] [3h]
B1ackwaterPark: bets $1.40
l00seanyway: calls $1.40
*** SHOW DOWN ***
B1ackwaterPark: shows [9d Kd] (a full house, Kings full of Sixes)
l00seanyway: shows [8h 8c] (two pair, Kings and Eights)
B1ackwaterPark collected $4.08 from pot
*** SUMMARY ***
Total pot $4.27 | Rake $0.19 
Board [Kc 6s Kh 6h 3h]
Seat 1: frankajax98 (button) folded before Flop (didn't bet)
Seat 2: Mahu2021 (small blind) folded before Flop
Seat 3: B1ackwaterPark (big blind) showed [9d Kd] and won ($4.08) with a full house, Kings full of Sixes
Seat 4: l00seanyway showed [8h 8c] and lost with two pair, Kings and Eights
Seat 5: sharakov folded before Flop (didn't bet)
Seat 6: 1991vibes folded before Flop (didn't bet)



PokerStars Zoom Hand #253777072816:  Hold'em No Limit ($0.05/$0.10) - 2024/12/09 18:39:29 CET [2024/12/09 12:39:29 ET]
Table 'Aludra' 6-max Seat #1 is the button
Seat 1: l00seanyway ($7.44 in chips) 
Seat 2: Poker Don1994 ($16.48 in chips) 
Seat 3: SeregaFiL ($13.51 in chips) 
Seat 4: BELGAZ ($11.46 in chips) 
Seat 5: Mahu2021 ($10.17 in chips) 
Seat 6: leon05 ($7.03 in chips) 
Poker Don1994: posts small blind $0.05
SeregaFiL: posts big blind $0.10
*** HOLE CARDS ***
Dealt to Mahu2021 [7h 8d]
BELGAZ: folds 
Mahu2021: folds 
leon05: folds 
l00seanyway: folds 
Poker Don1994: folds 
Uncalled bet ($0.05) returned to SeregaFiL
SeregaFiL collected $0.10 from pot
SeregaFiL: doesn't show hand 
*** SUMMARY ***
Total pot $0.10 | Rake $0 
Seat 1: l00seanyway (button) folded before Flop (didn't bet)
Seat 2: Poker Don1994 (small blind) folded before Flop
Seat 3: SeregaFiL (big blind) collected ($0.10)
Seat 4: BELGAZ folded before Flop (didn't bet)
Seat 5: Mahu2021 folded before Flop (didn't bet)
Seat 6: leon05 folded before Flop (didn't bet)



PokerStars Zoom Hand #253777070728:  Hold'em No Limit ($0.05/$0.10) - 2024/12/09 18:39:21 CET [2024/12/09 12:39:21 ET]
Table 'Aludra' 6-max Seat #1 is the button
Seat 1: YNGD ($12.49 in chips) 
Seat 2: oyuka1988 ($6.94 in chips) 
Seat 3: Xenoon54 ($15.08 in chips) 
Seat 4: GregX22 ($4.42 in chips) 
Seat 5: scousepsych2 ($10 in chips) 
Seat 6: Mahu2021 ($10.17 in chips) 
oyuka1988: posts small blind $0.05
Xenoon54: posts big blind $0.10
*** HOLE CARDS ***
Dealt to Mahu2021 [7d 5s]
GregX22: raises $0.20 to $0.30
scousepsych2: folds 
Mahu2021: folds 
YNGD: folds 
oyuka1988: folds 
Xenoon54: folds 
Uncalled bet ($0.20) returned to GregX22
GregX22 collected $0.25 from pot
GregX22: doesn't show hand 
*** SUMMARY ***
Total pot $0.25 | Rake $0 
Seat 1: YNGD (button) folded before Flop (didn't bet)
Seat 2: oyuka1988 (small blind) folded before Flop
Seat 3: Xenoon54 (big blind) folded before Flop
Seat 4: GregX22 collected ($0.25)
Seat 5: scousepsych2 folded before Flop (didn't bet)
Seat 6: Mahu2021 folded before Flop (didn't bet)



PokerStars Zoom Hand #253777073657:  Hold'em No Limit ($0.05/$0.10) - 2024/12/09 18:39:33 CET [2024/12/09 12:39:33 ET]
Table 'Aludra' 6-max Seat #1 is the button
Seat 1: zarpapis ($11.46 in chips) 
Seat 2: sork0516 ($10.62 in chips) 
Seat 3: lEternamente ($11.71 in chips) 
Seat 4: Mahu2021 ($10.17 in chips) 
Seat 5: hx32 ($9.45 in chips) 
Seat 6: NüssliNici94 ($18.37 in chips) 
sork0516: posts small blind $0.05
lEternamente: posts big blind $0.10
*** HOLE CARDS ***
Dealt to Mahu2021 [Jh 7d]
Mahu2021: folds 
hx32: folds 
NüssliNici94: folds 
zarpapis: folds 
sork0516: folds 
Uncalled bet ($0.05) returned to lEternamente
lEternamente collected $0.10 from pot
lEternamente: doesn't show hand 
*** SUMMARY ***
Total pot $0.10 | Rake $0 
Seat 1: zarpapis (button) folded before Flop (didn't bet)
Seat 2: sork0516 (small blind) folded before Flop
Seat 3: lEternamente (big blind) collected ($0.10)
Seat 4: Mahu2021 folded before Flop (didn't bet)
Seat 5: hx32 folded before Flop (didn't bet)
Seat 6: NüssliNici94 folded before Flop (didn't bet)



PokerStars Zoom Hand #253777076093:  Hold'em No Limit ($0.05/$0.10) - 2024/12/09 18:39:43 CET [2024/12/09 12:39:43 ET]
Table 'Aludra' 6-max Seat #1 is the button
Seat 1: kimi6811 ($10.05 in chips) 
Seat 2: danyboy6969 ($10 in chips) 
Seat 3: l00seanyway ($7.39 in chips) 
Seat 4: zarpapis ($20.62 in chips) 
Seat 5: Mahu2021 ($10.17 in chips) 
Seat 6: blindprotector ($10.93 in chips) 
danyboy6969: posts small blind $0.05
l00seanyway: posts big blind $0.10
*** HOLE CARDS ***
Dealt to Mahu2021 [Ac 2h]
zarpapis: folds 
Mahu2021: folds 
blindprotector: folds 
kimi6811: raises $0.25 to $0.35
danyboy6969: folds 
l00seanyway: folds 
Uncalled bet ($0.25) returned to kimi6811
kimi6811 collected $0.25 from pot
kimi6811: doesn't show hand 
*** SUMMARY ***
Total pot $0.25 | Rake $0 
Seat 1: kimi6811 (button) collected ($0.25)
Seat 2: danyboy6969 (small blind) folded before Flop
Seat 3: l00seanyway (big blind) folded before Flop
Seat 4: zarpapis folded before Flop (didn't bet)
Seat 5: Mahu2021 folded before Flop (didn't bet)
Seat 6: blindprotector folded before Flop (didn't bet)



PokerStars Zoom Hand #253777074640:  Hold'em No Limit ($0.05/$0.10) - 2024/12/09 18:39:37 CET [2024/12/09 12:39:37 ET]
Table 'Aludra' 6-max Seat #1 is the button
Seat 1: FruGraae ($12.45 in chips) 
Seat 2: JeanRicardo8 ($8.55 in chips) 
Seat 3: pougia777 ($11.60 in chips) 
Seat 4: blindprotector ($10.93 in chips) 
Seat 5: HyperBete ($15.66 in chips) 
Seat 6: Mahu2021 ($10.17 in chips) 
JeanRicardo8: posts small blind $0.05
pougia777: posts big blind $0.10
*** HOLE CARDS ***
Dealt to Mahu2021 [Kh 8c]
blindprotector: folds 
HyperBete: folds 
Mahu2021: folds 
FruGraae: raises $0.23 to $0.33
JeanRicardo8: folds 
pougia777: calls $0.23
*** FLOP *** [4s Ks Jc]
pougia777: checks 
FruGraae: bets $0.45
pougia777: folds 
Uncalled bet ($0.45) returned to FruGraae
FruGraae collected $0.68 from pot
FruGraae: doesn't show hand 
*** SUMMARY ***
Total pot $0.71 | Rake $0.03 
Board [4s Ks Jc]
Seat 1: FruGraae (button) collected ($0.68)
Seat 2: JeanRicardo8 (small blind) folded before Flop
Seat 3: pougia777 (big blind) folded on the Flop
Seat 4: blindprotector folded before Flop (didn't bet)
Seat 5: HyperBete folded before Flop (didn't bet)
Seat 6: Mahu2021 folded before Flop (didn't bet)



PokerStars Zoom Hand #253777078115:  Hold'em No Limit ($0.05/$0.10) - 2024/12/09 18:39:51 CET [2024/12/09 12:39:51 ET]
Table 'Aludra' 6-max Seat #1 is the button
Seat 1: reentrygod ($10 in chips) 
Seat 2: hiding.by ($10.07 in chips) 
Seat 3: Mahu2021 ($10.17 in chips) 
Seat 4: noisiAAAA ($15.28 in chips) 
Seat 5: sork0516 ($10.57 in chips) 
Seat 6: Good_Saul ($10 in chips) 
hiding.by: posts small blind $0.05
Mahu2021: posts big blind $0.10
*** HOLE CARDS ***
Dealt to Mahu2021 [6c 2h]
noisiAAAA: raises $0.15 to $0.25
sork0516: folds 
Good_Saul: folds 
reentrygod: folds 
hiding.by: folds 
Mahu2021: folds 
Uncalled bet ($0.15) returned to noisiAAAA
noisiAAAA collected $0.25 from pot
noisiAAAA: doesn't show hand 
*** SUMMARY ***
Total pot $0.25 | Rake $0 
Seat 1: reentrygod (button) folded before Flop (didn't bet)
Seat 2: hiding.by (small blind) folded before Flop
Seat 3: Mahu2021 (big blind) folded before Flop
Seat 4: noisiAAAA collected ($0.25)
Seat 5: sork0516 folded before Flop (didn't bet)
Seat 6: Good_Saul folded before Flop (didn't bet)



PokerStars Zoom Hand #253777071702:  Hold'em No Limit ($0.05/$0.10) - 2024/12/09 18:39:25 CET [2024/12/09 12:39:25 ET]
Table 'Aludra' 6-max Seat #1 is the button
Seat 1: Mahu2021 ($10.17 in chips) 
Seat 2: kingkong0123 ($6.98 in chips) 
Seat 3: openymir ($12.17 in chips) 
Seat 4: SeregaFiL ($13.51 in chips) 
Seat 5: oyuka1988 ($6.89 in chips) 
Seat 6: Bur1k ($5 in chips) 
kingkong0123: posts small blind $0.05
openymir: posts big blind $0.10
*** HOLE CARDS ***
Dealt to Mahu2021 [Ks 4c]
SeregaFiL: folds 
oyuka1988: folds 
Bur1k: folds 
Mahu2021: folds 
kingkong0123: calls $0.05
openymir: checks 
*** FLOP *** [3s 3c 5s]
kingkong0123: checks 
openymir: checks 
*** TURN *** [3s 3c 5s] [2s]
kingkong0123: checks 
openymir: bets $0.14
kingkong0123: folds 
Uncalled bet ($0.14) returned to openymir
openymir collected $0.19 from pot
openymir: doesn't show hand 
*** SUMMARY ***
Total pot $0.20 | Rake $0.01 
Board [3s 3c 5s 2s]
Seat 1: Mahu2021 (button) folded before Flop (didn't bet)
Seat 2: kingkong0123 (small blind) folded on the Turn
Seat 3: openymir (big blind) collected ($0.19)
Seat 4: SeregaFiL folded before Flop (didn't bet)
Seat 5: oyuka1988 folded before Flop (didn't bet)
Seat 6: Bur1k folded before Flop (didn't bet)



PokerStars Zoom Hand #253777077186:  Hold'em No Limit ($0.05/$0.10) - 2024/12/09 18:39:47 CET [2024/12/09 12:39:47 ET]
Table 'Aludra' 6-max Seat #1 is the button
Seat 1: Isohani ($20.43 in chips) 
Seat 2: shwozzer ($10 in chips) 
Seat 3: el_vitor11 ($5 in chips) 
Seat 4: Mahu2021 ($10.17 in chips) 
Seat 5: sharakov ($10 in chips) 
Seat 6: hong0627 ($15.74 in chips) 
shwozzer: posts small blind $0.05
el_vitor11: posts big blind $0.10
*** HOLE CARDS ***
Dealt to Mahu2021 [9d 7s]
Mahu2021: folds 
sharakov: folds 
hong0627: raises $0.10 to $0.20
Isohani: folds 
shwozzer: folds 
el_vitor11: raises $0.50 to $0.70
hong0627: folds 
Uncalled bet ($0.50) returned to el_vitor11
el_vitor11 collected $0.45 from pot
el_vitor11: doesn't show hand 
*** SUMMARY ***
Total pot $0.45 | Rake $0 
Seat 1: Isohani (button) folded before Flop (didn't bet)
Seat 2: shwozzer (small blind) folded before Flop
Seat 3: el_vitor11 (big blind) collected ($0.45)
Seat 4: Mahu2021 folded before Flop (didn't bet)
Seat 5: sharakov folded before Flop (didn't bet)
Seat 6: hong0627 folded before Flop



PokerStars Zoom Hand #253777079996:  Hold'em No Limit ($0.05/$0.10) - 2024/12/09 18:39:59 CET [2024/12/09 12:39:59 ET]
Table 'Aludra' 6-max Seat #1 is the button
Seat 1: Bur1k ($5 in chips) 
Seat 2: Mahu2021 ($10.07 in chips) 
Seat 3: rGiosa ($10 in chips) 
Seat 4: cghap ($20.46 in chips) 
Seat 5: YNGD ($10.89 in chips) 
Seat 6: B1ackwaterPark ($27.90 in chips) 
Mahu2021: posts small blind $0.05
rGiosa: posts big blind $0.10
*** HOLE CARDS ***
Dealt to Mahu2021 [Ad Qc]
cghap: folds 
YNGD: folds 
B1ackwaterPark: folds 
Bur1k: raises $0.15 to $0.25
Mahu2021: calls $0.20
rGiosa: folds 
*** FLOP *** [6c 3c Jc]
Mahu2021: checks 
Bur1k: checks 
*** TURN *** [6c 3c Jc] [3h]
Mahu2021: bets $0.30
Bur1k: folds 
Uncalled bet ($0.30) returned to Mahu2021
Mahu2021 collected $0.57 from pot
Mahu2021: doesn't show hand 
*** SUMMARY ***
Total pot $0.60 | Rake $0.03 
Board [6c 3c Jc 3h]
Seat 1: Bur1k (button) folded on the Turn
Seat 2: Mahu2021 (small blind) collected ($0.57)
Seat 3: rGiosa (big blind) folded before Flop
Seat 4: cghap folded before Flop (didn't bet)
Seat 5: YNGD folded before Flop (didn't bet)
Seat 6: B1ackwaterPark folded before Flop (didn't bet)



PokerStars Zoom Hand #253777087787:  Hold'em No Limit ($0.05/$0.10) - 2024/12/09 18:40:30 CET [2024/12/09 12:40:30 ET]
Table 'Aludra' 6-max Seat #1 is the button
Seat 1: Mahu2021 ($10.39 in chips) 
Seat 2: reentrygod ($10.05 in chips) 
Seat 3: QUE-SE-FUNDA ($10.20 in chips) 
Seat 4: B1ackwaterPark ($28 in chips) 
Seat 5: JeanRicardo8 ($8.80 in chips) 
Seat 6: franksantiago ($4.65 in chips) 
reentrygod: posts small blind $0.05
QUE-SE-FUNDA: posts big blind $0.10
*** HOLE CARDS ***
Dealt to Mahu2021 [Ah Ac]
B1ackwaterPark: folds 
JeanRicardo8: folds 
franksantiago: calls $0.10
Mahu2021: raises $10.29 to $10.39 and is all-in
reentrygod: folds 
QUE-SE-FUNDA: folds 
franksantiago: folds 
Uncalled bet ($10.29) returned to Mahu2021
Mahu2021 collected $0.35 from pot
Mahu2021: doesn't show hand 
*** SUMMARY ***
Total pot $0.35 | Rake $0 
Seat 1: Mahu2021 (button) collected ($0.35)
Seat 2: reentrygod (small blind) folded before Flop
Seat 3: QUE-SE-FUNDA (big blind) folded before Flop
Seat 4: B1ackwaterPark folded before Flop (didn't bet)
Seat 5: JeanRicardo8 folded before Flop (didn't bet)
Seat 6: franksantiago folded before Flop



PokerStars Zoom Hand #253777094576:  Hold'em No Limit ($0.05/$0.10) - 2024/12/09 18:40:57 CET [2024/12/09 12:40:57 ET]
Table 'Aludra' 6-max Seat #1 is the button
Seat 1: shwozzer ($10.80 in chips) 
Seat 2: Schackpro ($45.17 in chips) 
Seat 3: Andrei232Zah ($6.74 in chips) 
Seat 4: ishivremaks ($10 in chips) 
Seat 5: Mahu2021 ($10.64 in chips) 
Seat 6: Cyborg_0113 ($10 in chips) 
Schackpro: posts small blind $0.05
Andrei232Zah: posts big blind $0.10
*** HOLE CARDS ***
Dealt to Mahu2021 [Ts As]
ishivremaks: raises $0.20 to $0.30
Mahu2021: calls $0.30
Cyborg_0113: folds 
shwozzer: folds 
Schackpro: folds 
Andrei232Zah: folds 
*** FLOP *** [3d 6d Th]
ishivremaks: checks 
Mahu2021: bets $0.30
ishivremaks: folds 
Uncalled bet ($0.30) returned to Mahu2021
Mahu2021 collected $0.72 from pot
Mahu2021: doesn't show hand 
*** SUMMARY ***
Total pot $0.75 | Rake $0.03 
Board [3d 6d Th]
Seat 1: shwozzer (button) folded before Flop (didn't bet)
Seat 2: Schackpro (small blind) folded before Flop
Seat 3: Andrei232Zah (big blind) folded before Flop
Seat 4: ishivremaks folded on the Flop
Seat 5: Mahu2021 collected ($0.72)
Seat 6: Cyborg_0113 folded before Flop (didn't bet)



PokerStars Zoom Hand #253777093545:  Hold'em No Limit ($0.05/$0.10) - 2024/12/09 18:40:53 CET [2024/12/09 12:40:53 ET]
Table 'Aludra' 6-max Seat #1 is the button
Seat 1: Mahu2021 ($10.64 in chips) 
Seat 2: Delpech666 ($16.63 in chips) 
Seat 3: Chakman1990 ($11.56 in chips) 
Seat 4: danyboy6969 ($10.72 in chips) 
Seat 5: macak111 ($3.67 in chips) 
Seat 6: RobertByku2 ($31.41 in chips) 
Delpech666: posts small blind $0.05
Chakman1990: posts big blind $0.10
*** HOLE CARDS ***
Dealt to Mahu2021 [6h 8c]
danyboy6969: folds 
macak111: raises $0.10 to $0.20
RobertByku2: folds 
Mahu2021: folds 
Delpech666: folds 
Chakman1990: calls $0.10
*** FLOP *** [5c 7d Td]
Chakman1990: checks 
macak111: checks 
*** TURN *** [5c 7d Td] [4h]
Chakman1990: checks 
macak111: checks 
*** RIVER *** [5c 7d Td 4h] [6c]
Chakman1990: bets $0.20
macak111: folds 
Uncalled bet ($0.20) returned to Chakman1990
Chakman1990 collected $0.43 from pot
Chakman1990: doesn't show hand 
*** SUMMARY ***
Total pot $0.45 | Rake $0.02 
Board [5c 7d Td 4h 6c]
Seat 1: Mahu2021 (button) folded before Flop (didn't bet)
Seat 2: Delpech666 (small blind) folded before Flop
Seat 3: Chakman1990 (big blind) collected ($0.43)
Seat 4: danyboy6969 folded before Flop (didn't bet)
Seat 5: macak111 folded on the River
Seat 6: RobertByku2 folded before Flop (didn't bet)



PokerStars Zoom Hand #253777092736:  Hold'em No Limit ($0.05/$0.10) - 2024/12/09 18:40:50 CET [2024/12/09 12:40:50 ET]
Table 'Aludra' 6-max Seat #1 is the button
Seat 1: mitchy1777 ($10.91 in chips) 
Seat 2: Great_Luck02 ($10.05 in chips) 
Seat 3: hiding.by ($10.30 in chips) 
Seat 4: hong0627 ($23.08 in chips) 
Seat 5: GustavH8 ($22.70 in chips) 
Seat 6: Mahu2021 ($10.64 in chips) 
Great_Luck02: posts small blind $0.05
hiding.by: posts big blind $0.10
*** HOLE CARDS ***
Dealt to Mahu2021 [8s Ts]
hong0627: raises $0.10 to $0.20
GustavH8: folds 
Mahu2021: folds 
mitchy1777: folds 
Great_Luck02: raises $0.50 to $0.70
hiding.by: folds 
hong0627: calls $0.50
*** FLOP *** [7d 9d 3h]
Great_Luck02: bets $0.36
hong0627: calls $0.36
*** TURN *** [7d 9d 3h] [Kh]
Great_Luck02: bets $0.53
hong0627: calls $0.53
*** RIVER *** [7d 9d 3h Kh] [2c]
Great_Luck02: bets $3.91
hong0627: calls $3.91
*** SHOW DOWN ***
Great_Luck02: shows [As Ac] (a pair of Aces)
hong0627: mucks hand 
Great_Luck02 collected $10.60 from pot
*** SUMMARY ***
Total pot $11.10 | Rake $0.50 
Board [7d 9d 3h Kh 2c]
Seat 1: mitchy1777 (button) folded before Flop (didn't bet)
Seat 2: Great_Luck02 (small blind) showed [As Ac] and won ($10.60) with a pair of Aces
Seat 3: hiding.by (big blind) folded before Flop
Seat 4: hong0627 mucked [4d 4h]
Seat 5: GustavH8 folded before Flop (didn't bet)
Seat 6: Mahu2021 folded before Flop (didn't bet)



PokerStars Zoom Hand #253777099776:  Hold'em No Limit ($0.05/$0.10) - 2024/12/09 18:41:18 CET [2024/12/09 12:41:18 ET]
Table 'Aludra' 6-max Seat #1 is the button
Seat 1: HyperBete ($22.04 in chips) 
Seat 2: Mahu2021 ($11.06 in chips) 
Seat 3: 86NelsonJr ($5.06 in chips) 
Seat 4: oyuka1988 ($6.85 in chips) 
Seat 5: Cdmarola ($11.81 in chips) 
Seat 6: leon05 ($4.98 in chips) 
Mahu2021: posts small blind $0.05
86NelsonJr: posts big blind $0.10
*** HOLE CARDS ***
Dealt to Mahu2021 [5c Kc]
oyuka1988: folds 
Cdmarola: folds 
leon05: folds 
HyperBete: folds 
Mahu2021: raises $0.20 to $0.30
86NelsonJr: calls $0.20
*** FLOP *** [Js Qh 7c]
Mahu2021: checks 
86NelsonJr: checks 
*** TURN *** [Js Qh 7c] [Ks]
Mahu2021: bets $0.30
86NelsonJr: calls $0.30
*** RIVER *** [Js Qh 7c Ks] [2s]
Mahu2021: bets $0.30
86NelsonJr: calls $0.30
*** SHOW DOWN ***
Mahu2021: shows [5c Kc] (a pair of Kings)
86NelsonJr: mucks hand 
Mahu2021 collected $1.72 from pot
*** SUMMARY ***
Total pot $1.80 | Rake $0.08 
Board [Js Qh 7c Ks 2s]
Seat 1: HyperBete (button) folded before Flop (didn't bet)
Seat 2: Mahu2021 (small blind) showed [5c Kc] and won ($1.72) with a pair of Kings
Seat 3: 86NelsonJr (big blind) mucked [9s 9d]
Seat 4: oyuka1988 folded before Flop (didn't bet)
Seat 5: Cdmarola folded before Flop (didn't bet)
Seat 6: leon05 folded before Flop (didn't bet)



PokerStars Zoom Hand #253777108277:  Hold'em No Limit ($0.05/$0.10) - 2024/12/09 18:41:52 CET [2024/12/09 12:41:52 ET]
Table 'Aludra' 6-max Seat #1 is the button
Seat 1: BELGAZ ($10.15 in chips) 
Seat 2: franksantiago ($4.54 in chips) 
Seat 3: Mahu2021 ($11.88 in chips) 
Seat 4: BloaterW ($10 in chips) 
Seat 5: Delpech666 ($21.12 in chips) 
Seat 6: FruGraae ($8.03 in chips) 
franksantiago: posts small blind $0.05
Mahu2021: posts big blind $0.10
*** HOLE CARDS ***
Dealt to Mahu2021 [Js 3h]
BloaterW: folds 
Delpech666: raises $0.15 to $0.25
FruGraae: folds 
BELGAZ: folds 
franksantiago: folds 
Mahu2021: folds 
Uncalled bet ($0.15) returned to Delpech666
Delpech666 collected $0.25 from pot
Delpech666: doesn't show hand 
*** SUMMARY ***
Total pot $0.25 | Rake $0 
Seat 1: BELGAZ (button) folded before Flop (didn't bet)
Seat 2: franksantiago (small blind) folded before Flop
Seat 3: Mahu2021 (big blind) folded before Flop
Seat 4: BloaterW folded before Flop (didn't bet)
Seat 5: Delpech666 collected ($0.25)
Seat 6: FruGraae folded before Flop (didn't bet)



PokerStars Zoom Hand #253777110780:  Hold'em No Limit ($0.05/$0.10) - 2024/12/09 18:42:02 CET [2024/12/09 12:42:02 ET]
Table 'Aludra' 6-max Seat #1 is the button
Seat 1: sharakov ($10.25 in chips) 
Seat 2: tsaros1966 ($5.88 in chips) 
Seat 3: oyuka1988 ($10.41 in chips) 
Seat 4: 86NelsonJr ($4.16 in chips) 
Seat 5: copperfield ($1.40 in chips) 
Seat 6: Mahu2021 ($11.78 in chips) 
tsaros1966: posts small blind $0.05
oyuka1988: posts big blind $0.10
*** HOLE CARDS ***
Dealt to Mahu2021 [7c 9c]
86NelsonJr: folds 
copperfield: folds 
Mahu2021: folds 
sharakov: raises $0.20 to $0.30
tsaros1966: folds 
oyuka1988: folds 
Uncalled bet ($0.20) returned to sharakov
sharakov collected $0.25 from pot
sharakov: doesn't show hand 
*** SUMMARY ***
Total pot $0.25 | Rake $0 
Seat 1: sharakov (button) collected ($0.25)
Seat 2: tsaros1966 (small blind) folded before Flop
Seat 3: oyuka1988 (big blind) folded before Flop
Seat 4: 86NelsonJr folded before Flop (didn't bet)
Seat 5: copperfield folded before Flop (didn't bet)
Seat 6: Mahu2021 folded before Flop (didn't bet)



PokerStars Zoom Hand #253777111743:  Hold'em No Limit ($0.05/$0.10) - 2024/12/09 18:42:06 CET [2024/12/09 12:42:06 ET]
Table 'Aludra' 6-max Seat #1 is the button
Seat 1: copperfield ($1.40 in chips) 
Seat 2: scritchh13 ($7.61 in chips) 
Seat 3: Good_Saul ($11.42 in chips) 
Seat 4: Mahu2021 ($11.78 in chips) 
Seat 5: Schackpro ($16.84 in chips) 
Seat 6: titus348 ($10 in chips) 
scritchh13: posts small blind $0.05
Good_Saul: posts big blind $0.10
*** HOLE CARDS ***
Dealt to Mahu2021 [2s Jd]
Mahu2021: folds 
Schackpro: folds 
titus348: folds 
copperfield: folds 
scritchh13: folds 
Uncalled bet ($0.05) returned to Good_Saul
Good_Saul collected $0.10 from pot
Good_Saul: doesn't show hand 
*** SUMMARY ***
Total pot $0.10 | Rake $0 
Seat 1: copperfield (button) folded before Flop (didn't bet)
Seat 2: scritchh13 (small blind) folded before Flop
Seat 3: Good_Saul (big blind) collected ($0.10)
Seat 4: Mahu2021 folded before Flop (didn't bet)
Seat 5: Schackpro folded before Flop (didn't bet)
Seat 6: titus348 folded before Flop (didn't bet)



PokerStars Zoom Hand #253777112769:  Hold'em No Limit ($0.05/$0.10) - 2024/12/09 18:42:10 CET [2024/12/09 12:42:10 ET]
Table 'Aludra' 6-max Seat #1 is the button
Seat 1: JeanRicardo8 ($20.49 in chips) 
Seat 2: emstmanu ($9.57 in chips) 
Seat 3: openymir ($12.57 in chips) 
Seat 4: BELGAZ ($10.81 in chips) 
Seat 5: Mahu2021 ($11.78 in chips) 
Seat 6: VitorArj ($10.15 in chips) 
emstmanu: posts small blind $0.05
openymir: posts big blind $0.10
*** HOLE CARDS ***
Dealt to Mahu2021 [As 6h]
BELGAZ: folds 
Mahu2021: folds 
VitorArj: raises $0.15 to $0.25
JeanRicardo8: folds 
emstmanu: folds 
openymir: folds 
Uncalled bet ($0.15) returned to VitorArj
VitorArj collected $0.25 from pot
VitorArj: doesn't show hand 
*** SUMMARY ***
Total pot $0.25 | Rake $0 
Seat 1: JeanRicardo8 (button) folded before Flop (didn't bet)
Seat 2: emstmanu (small blind) folded before Flop
Seat 3: openymir (big blind) folded before Flop
Seat 4: BELGAZ folded before Flop (didn't bet)
Seat 5: Mahu2021 folded before Flop (didn't bet)
Seat 6: VitorArj collected ($0.25)



PokerStars Zoom Hand #253777113683:  Hold'em No Limit ($0.05/$0.10) - 2024/12/09 18:42:14 CET [2024/12/09 12:42:14 ET]
Table 'Aludra' 6-max Seat #1 is the button
Seat 1: Pilarn ($10.15 in chips) 
Seat 2: pokking876 ($8.65 in chips) 
Seat 3: Mahu2021 ($11.78 in chips) 
Seat 4: Bur1k ($5 in chips) 
Seat 5: emstmanu ($9.52 in chips) 
Seat 6: SchaRei ($5.90 in chips) 
pokking876: posts small blind $0.05
Mahu2021: posts big blind $0.10
*** HOLE CARDS ***
Dealt to Mahu2021 [Ac 2c]
Bur1k: folds 
emstmanu: raises $0.10 to $0.20
SchaRei: calls $0.20
Pilarn: folds 
pokking876: folds 
Mahu2021: calls $0.10
*** FLOP *** [Kh 4d 8s]
Mahu2021: checks 
emstmanu: bets $0.31
SchaRei: folds 
Mahu2021: folds 
Uncalled bet ($0.31) returned to emstmanu
emstmanu collected $0.62 from pot
emstmanu: doesn't show hand 
*** SUMMARY ***
Total pot $0.65 | Rake $0.03 
Board [Kh 4d 8s]
Seat 1: Pilarn (button) folded before Flop (didn't bet)
Seat 2: pokking876 (small blind) folded before Flop
Seat 3: Mahu2021 (big blind) folded on the Flop
Seat 4: Bur1k folded before Flop (didn't bet)
Seat 5: emstmanu collected ($0.62)
Seat 6: SchaRei folded on the Flop



PokerStars Zoom Hand #253777118544:  Hold'em No Limit ($0.05/$0.10) - 2024/12/09 18:42:33 CET [2024/12/09 12:42:33 ET]
Table 'Aludra' 6-max Seat #1 is the button
Seat 1: QUE-SE-FUNDA ($13.40 in chips) 
Seat 2: JeanRicardo8 ($8.65 in chips) 
Seat 3: blindprotector ($13.03 in chips) 
Seat 4: Mahu2021 ($11.58 in chips) 
Seat 5: SeregaFiL ($12.74 in chips) 
Seat 6: Opaschkou ($12.68 in chips) 
JeanRicardo8: posts small blind $0.05
blindprotector: posts big blind $0.10
*** HOLE CARDS ***
Dealt to Mahu2021 [Jh 7h]
Mahu2021: folds 
SeregaFiL: folds 
Opaschkou: folds 
QUE-SE-FUNDA: raises $0.15 to $0.25
JeanRicardo8: folds 
blindprotector: folds 
Uncalled bet ($0.15) returned to QUE-SE-FUNDA
QUE-SE-FUNDA collected $0.25 from pot
QUE-SE-FUNDA: doesn't show hand 
*** SUMMARY ***
Total pot $0.25 | Rake $0 
Seat 1: QUE-SE-FUNDA (button) collected ($0.25)
Seat 2: JeanRicardo8 (small blind) folded before Flop
Seat 3: blindprotector (big blind) folded before Flop
Seat 4: Mahu2021 folded before Flop (didn't bet)
Seat 5: SeregaFiL folded before Flop (didn't bet)
Seat 6: Opaschkou folded before Flop (didn't bet)



PokerStars Zoom Hand #253777119571:  Hold'em No Limit ($0.05/$0.10) - 2024/12/09 18:42:37 CET [2024/12/09 12:42:37 ET]
Table 'Aludra' 6-max Seat #1 is the button
Seat 1: Mahu2021 ($11.58 in chips) 
Seat 2: Techd3nc4 ($10.15 in chips) 
Seat 3: SeregaFiL ($12.74 in chips) 
Seat 4: eu_kvl ($10 in chips) 
Seat 5: Opaschkou ($12.68 in chips) 
Seat 6: YNGD ($10.19 in chips) 
Techd3nc4: posts small blind $0.05
SeregaFiL: posts big blind $0.10
*** HOLE CARDS ***
Dealt to Mahu2021 [Kc 7h]
eu_kvl: folds 
Opaschkou: folds 
YNGD: folds 
Mahu2021: folds 
Techd3nc4: raises $0.20 to $0.30
SeregaFiL: folds 
Uncalled bet ($0.20) returned to Techd3nc4
Techd3nc4 collected $0.20 from pot
Techd3nc4: doesn't show hand 
*** SUMMARY ***
Total pot $0.20 | Rake $0 
Seat 1: Mahu2021 (button) folded before Flop (didn't bet)
Seat 2: Techd3nc4 (small blind) collected ($0.20)
Seat 3: SeregaFiL (big blind) folded before Flop
Seat 4: eu_kvl folded before Flop (didn't bet)
Seat 5: Opaschkou folded before Flop (didn't bet)
Seat 6: YNGD folded before Flop (didn't bet)



PokerStars Zoom Hand #253777122608:  Hold'em No Limit ($0.05/$0.10) - 2024/12/09 18:42:49 CET [2024/12/09 12:42:49 ET]
Table 'Aludra' 6-max Seat #1 is the button
Seat 1: pougia777 ($10.27 in chips) 
Seat 2: Schackpro ($45.02 in chips) 
Seat 3: Mahu2021 ($11.53 in chips) 
Seat 4: DIAMOND_0920 ($20.41 in chips) 
Seat 5: kimi6811 ($8.39 in chips) 
Seat 6: noisiAAAA ($10 in chips) 
Schackpro: posts small blind $0.05
Mahu2021: posts big blind $0.10
*** HOLE CARDS ***
Dealt to Mahu2021 [6s 9h]
DIAMOND_0920: folds 
kimi6811: raises $0.25 to $0.35
noisiAAAA: folds 
pougia777: folds 
Schackpro: folds 
Mahu2021: folds 
Uncalled bet ($0.25) returned to kimi6811
kimi6811 collected $0.25 from pot
kimi6811: doesn't show hand 
*** SUMMARY ***
Total pot $0.25 | Rake $0 
Seat 1: pougia777 (button) folded before Flop (didn't bet)
Seat 2: Schackpro (small blind) folded before Flop
Seat 3: Mahu2021 (big blind) folded before Flop
Seat 4: DIAMOND_0920 folded before Flop (didn't bet)
Seat 5: kimi6811 collected ($0.25)
Seat 6: noisiAAAA folded before Flop (didn't bet)



PokerStars Zoom Hand #253777121585:  Hold'em No Limit ($0.05/$0.10) - 2024/12/09 18:42:46 CET [2024/12/09 12:42:46 ET]
Table 'Aludra' 6-max Seat #1 is the button
Seat 1: Schackpro ($16.69 in chips) 
Seat 2: Volwebnik1 ($10 in chips) 
Seat 3: openymir ($12.42 in chips) 
Seat 4: BloaterW ($10.69 in chips) 
Seat 5: Chakman1990 ($11.79 in chips) 
Seat 6: Mahu2021 ($11.53 in chips) 
Volwebnik1: posts small blind $0.05
openymir: posts big blind $0.10
*** HOLE CARDS ***
Dealt to Mahu2021 [7d As]
BloaterW: folds 
Chakman1990: raises $0.12 to $0.22
Mahu2021: folds 
Schackpro: folds 
Volwebnik1: folds 
openymir: folds 
Uncalled bet ($0.12) returned to Chakman1990
Chakman1990 collected $0.25 from pot
Chakman1990: doesn't show hand 
*** SUMMARY ***
Total pot $0.25 | Rake $0 
Seat 1: Schackpro (button) folded before Flop (didn't bet)
Seat 2: Volwebnik1 (small blind) folded before Flop
Seat 3: openymir (big blind) folded before Flop
Seat 4: BloaterW folded before Flop (didn't bet)
Seat 5: Chakman1990 collected ($0.25)
Seat 6: Mahu2021 folded before Flop (didn't bet)



PokerStars Zoom Hand #253777120583:  Hold'em No Limit ($0.05/$0.10) - 2024/12/09 18:42:41 CET [2024/12/09 12:42:41 ET]
Table 'Aludra' 6-max Seat #1 is the button
Seat 1: zarpapis ($10.47 in chips) 
Seat 2: Mahu2021 ($11.58 in chips) 
Seat 3: Opaschkou ($12.68 in chips) 
Seat 4: openymir ($12.42 in chips) 
Seat 5: BELGAZ ($10.66 in chips) 
Seat 6: danyboy6969 ($14.25 in chips) 
Mahu2021: posts small blind $0.05
Opaschkou: posts big blind $0.10
*** HOLE CARDS ***
Dealt to Mahu2021 [3s 4h]
openymir: folds 
BELGAZ: folds 
danyboy6969: folds 
zarpapis: raises $0.10 to $0.20
Mahu2021: folds 
Opaschkou: calls $0.10
*** FLOP *** [Ks Ac Jh]
Opaschkou: checks 
zarpapis: bets $0.43
Opaschkou: calls $0.43
*** TURN *** [Ks Ac Jh] [3d]
Opaschkou: checks 
zarpapis: bets $1.65
Opaschkou: calls $1.65
*** RIVER *** [Ks Ac Jh 3d] [Kc]
Opaschkou: bets $4.40
zarpapis: calls $4.40
*** SHOW DOWN ***
Opaschkou: shows [Js Kd] (a full house, Kings full of Jacks)
zarpapis: mucks hand 
Opaschkou collected $12.81 from pot
*** SUMMARY ***
Total pot $13.41 | Rake $0.60 
Board [Ks Ac Jh 3d Kc]
Seat 1: zarpapis (button) mucked [Qd Th]
Seat 2: Mahu2021 (small blind) folded before Flop
Seat 3: Opaschkou (big blind) showed [Js Kd] and won ($12.81) with a full house, Kings full of Jacks
Seat 4: openymir folded before Flop (didn't bet)
Seat 5: BELGAZ folded before Flop (didn't bet)
Seat 6: danyboy6969 folded before Flop (didn't bet)



PokerStars Zoom Hand #253777124310:  Hold'em No Limit ($0.05/$0.10) - 2024/12/09 18:42:56 CET [2024/12/09 12:42:56 ET]
Table 'Aludra' 6-max Seat #1 is the button
Seat 1: usenovm ($11.95 in chips) 
Seat 2: Delpech666 ($21.32 in chips) 
Seat 3: eu_kvl ($10 in chips) 
Seat 4: hong0627 ($14.35 in chips) 
Seat 5: Mahu2021 ($11.43 in chips) 
Seat 6: YNGD ($16.47 in chips) 
Delpech666: posts small blind $0.05
eu_kvl: posts big blind $0.10
*** HOLE CARDS ***
Dealt to Mahu2021 [Td 2d]
hong0627: folds 
Mahu2021: folds 
YNGD: folds 
usenovm: folds 
Delpech666: raises $0.20 to $0.30
eu_kvl: calls $0.20
*** FLOP *** [7c 5s 6s]
Delpech666: checks 
eu_kvl: bets $0.35
Delpech666: folds 
Uncalled bet ($0.35) returned to eu_kvl
eu_kvl collected $0.57 from pot
eu_kvl: doesn't show hand 
*** SUMMARY ***
Total pot $0.60 | Rake $0.03 
Board [7c 5s 6s]
Seat 1: usenovm (button) folded before Flop (didn't bet)
Seat 2: Delpech666 (small blind) folded on the Flop
Seat 3: eu_kvl (big blind) collected ($0.57)
Seat 4: hong0627 folded before Flop (didn't bet)
Seat 5: Mahu2021 folded before Flop (didn't bet)
Seat 6: YNGD folded before Flop (didn't bet)



PokerStars Zoom Hand #253777126855:  Hold'em No Limit ($0.05/$0.10) - 2024/12/09 18:43:06 CET [2024/12/09 12:43:06 ET]
Table 'Aludra' 6-max Seat #1 is the button
Seat 1: humo97 ($21.69 in chips) 
Seat 2: Mahu2021 ($11.43 in chips) 
Seat 3: FruGraae ($8.34 in chips) 
Seat 4: Pilarn ($10 in chips) 
Seat 5: usenovm ($11.95 in chips) 
Seat 6: mitchy1777 ($10.42 in chips) 
Mahu2021: posts small blind $0.05
FruGraae: posts big blind $0.10
*** HOLE CARDS ***
Dealt to Mahu2021 [Tc Jc]
Pilarn: raises $0.15 to $0.25
usenovm: folds 
mitchy1777: folds 
humo97: folds 
Mahu2021: calls $0.20
FruGraae: calls $0.15
*** FLOP *** [4h 8c 8s]
Mahu2021: checks 
FruGraae: checks 
Pilarn: bets $0.24
Mahu2021: folds 
FruGraae: folds 
Uncalled bet ($0.24) returned to Pilarn
Pilarn collected $0.72 from pot
Pilarn: doesn't show hand 
*** SUMMARY ***
Total pot $0.75 | Rake $0.03 
Board [4h 8c 8s]
Seat 1: humo97 (button) folded before Flop (didn't bet)
Seat 2: Mahu2021 (small blind) folded on the Flop
Seat 3: FruGraae (big blind) folded on the Flop
Seat 4: Pilarn collected ($0.72)
Seat 5: usenovm folded before Flop (didn't bet)
Seat 6: mitchy1777 folded before Flop (didn't bet)



PokerStars Zoom Hand #253777134120:  Hold'em No Limit ($0.05/$0.10) - 2024/12/09 18:43:35 CET [2024/12/09 12:43:35 ET]
Table 'Aludra' 6-max Seat #1 is the button
Seat 1: Mahu2021 ($11.18 in chips) 
Seat 2: SuperAlex23 ($8.93 in chips) 
Seat 3: imthes34 ($21.87 in chips) 
Seat 4: hx32 ($21.42 in chips) 
Seat 5: GustavH8 ($24.31 in chips) 
Seat 6: Cdmarola ($11.71 in chips) 
SuperAlex23: posts small blind $0.05
imthes34: posts big blind $0.10
*** HOLE CARDS ***
Dealt to Mahu2021 [2h 3c]
hx32: folds 
GustavH8: folds 
Cdmarola: folds 
Mahu2021: folds 
SuperAlex23: raises $0.10 to $0.20
imthes34: raises $0.60 to $0.80
SuperAlex23: folds 
Uncalled bet ($0.60) returned to imthes34
imthes34 collected $0.40 from pot
imthes34: doesn't show hand 
*** SUMMARY ***
Total pot $0.40 | Rake $0 
Seat 1: Mahu2021 (button) folded before Flop (didn't bet)
Seat 2: SuperAlex23 (small blind) folded before Flop
Seat 3: imthes34 (big blind) collected ($0.40)
Seat 4: hx32 folded before Flop (didn't bet)
Seat 5: GustavH8 folded before Flop (didn't bet)
Seat 6: Cdmarola folded before Flop (didn't bet)



PokerStars Zoom Hand #253777135142:  Hold'em No Limit ($0.05/$0.10) - 2024/12/09 18:43:39 CET [2024/12/09 12:43:39 ET]
Table 'Aludra' 6-max Seat #1 is the button
Seat 1: mitchy1777 ($10.27 in chips) 
Seat 2: Delpech666 ($32.50 in chips) 
Seat 3: MDA915 ($10 in chips) 
Seat 4: danyboy6969 ($25.84 in chips) 
Seat 5: noisiAAAA ($10 in chips) 
Seat 6: Mahu2021 ($11.18 in chips) 
Delpech666: posts small blind $0.05
MDA915: posts big blind $0.10
*** HOLE CARDS ***
Dealt to Mahu2021 [Qs 4d]
danyboy6969: folds 
noisiAAAA: folds 
Mahu2021: folds 
mitchy1777: folds 
Delpech666: folds 
Uncalled bet ($0.05) returned to MDA915
MDA915 collected $0.10 from pot
MDA915: doesn't show hand 
*** SUMMARY ***
Total pot $0.10 | Rake $0 
Seat 1: mitchy1777 (button) folded before Flop (didn't bet)
Seat 2: Delpech666 (small blind) folded before Flop
Seat 3: MDA915 (big blind) collected ($0.10)
Seat 4: danyboy6969 folded before Flop (didn't bet)
Seat 5: noisiAAAA folded before Flop (didn't bet)
Seat 6: Mahu2021 folded before Flop (didn't bet)



PokerStars Zoom Hand #253777125835:  Hold'em No Limit ($0.05/$0.10) - 2024/12/09 18:43:02 CET [2024/12/09 12:43:02 ET]
Table 'Aludra' 6-max Seat #1 is the button
Seat 1: l00seanyway ($5.64 in chips) 
Seat 2: mitchy1777 ($10.51 in chips) 
Seat 3: 1991vibes ($7.04 in chips) 
Seat 4: Mahu2021 ($11.43 in chips) 
Seat 5: 1857Dan ($11.51 in chips) 
Seat 6: CHAVAROTTI ($10.51 in chips) 
mitchy1777: posts small blind $0.05
1991vibes: posts big blind $0.10
*** HOLE CARDS ***
Dealt to Mahu2021 [Kc 5d]
Mahu2021: folds 
1857Dan: folds 
CHAVAROTTI: raises $0.20 to $0.30
l00seanyway: calls $0.30
mitchy1777: folds 
1991vibes: calls $0.20
*** FLOP *** [Td 3c 2s]
1991vibes: checks 
CHAVAROTTI: checks 
l00seanyway: bets $0.40
1991vibes: folds 
CHAVAROTTI: calls $0.40
*** TURN *** [Td 3c 2s] [8h]
CHAVAROTTI: checks 
l00seanyway: checks 
*** RIVER *** [Td 3c 2s 8h] [5c]
CHAVAROTTI: bets $0.84
l00seanyway: calls $0.84
*** SHOW DOWN ***
CHAVAROTTI: shows [Jd Ac] (high card Ace)
l00seanyway: shows [6h 6s] (a pair of Sixes)
l00seanyway collected $3.24 from pot
*** SUMMARY ***
Total pot $3.43 | Rake $0.19 
Board [Td 3c 2s 8h 5c]
Seat 1: l00seanyway (button) showed [6h 6s] and won ($3.24) with a pair of Sixes
Seat 2: mitchy1777 (small blind) folded before Flop
Seat 3: 1991vibes (big blind) folded on the Flop
Seat 4: Mahu2021 folded before Flop (didn't bet)
Seat 5: 1857Dan folded before Flop (didn't bet)
Seat 6: CHAVAROTTI showed [Jd Ac] and lost with high card Ace



PokerStars Zoom Hand #253777135893:  Hold'em No Limit ($0.05/$0.10) - 2024/12/09 18:43:43 CET [2024/12/09 12:43:43 ET]
Table 'Aludra' 6-max Seat #1 is the button
Seat 1: BELGAZ ($10.37 in chips) 
Seat 2: DIAMOND_0920 ($11.78 in chips) 
Seat 3: Mahu2021 ($11.18 in chips) 
Seat 4: oyuka1988 ($7.42 in chips) 
Seat 5: RobertByku2 ($39.67 in chips) 
Seat 6: leon05 ($4.68 in chips) 
DIAMOND_0920: posts small blind $0.05
Mahu2021: posts big blind $0.10
*** HOLE CARDS ***
Dealt to Mahu2021 [Ks Td]
oyuka1988: folds 
RobertByku2: folds 
leon05: raises $0.20 to $0.30
BELGAZ: folds 
DIAMOND_0920: folds 
Mahu2021: calls $0.20
*** FLOP *** [Ts 8h 4h]
Mahu2021: bets $0.30
leon05: calls $0.30
*** TURN *** [Ts 8h 4h] [6d]
Mahu2021: checks 
leon05: checks 
*** RIVER *** [Ts 8h 4h 6d] [9s]
Mahu2021: checks 
leon05: checks 
*** SHOW DOWN ***
Mahu2021: shows [Ks Td] (a pair of Tens)
leon05: mucks hand 
Mahu2021 collected $1.19 from pot
*** SUMMARY ***
Total pot $1.25 | Rake $0.06 
Board [Ts 8h 4h 6d 9s]
Seat 1: BELGAZ (button) folded before Flop (didn't bet)
Seat 2: DIAMOND_0920 (small blind) folded before Flop
Seat 3: Mahu2021 (big blind) showed [Ks Td] and won ($1.19) with a pair of Tens
Seat 4: oyuka1988 folded before Flop (didn't bet)
Seat 5: RobertByku2 folded before Flop (didn't bet)
Seat 6: leon05 mucked [5s 4s]



PokerStars Zoom Hand #253777141730:  Hold'em No Limit ($0.05/$0.10) - 2024/12/09 18:44:06 CET [2024/12/09 12:44:06 ET]
Table 'Aludra' 6-max Seat #1 is the button
Seat 1: SyraXmaX ($11 in chips) 
Seat 2: leon05 ($4.08 in chips) 
Seat 3: YNGD ($16.77 in chips) 
Seat 4: Volwebnik1 ($10 in chips) 
Seat 5: Mahu2021 ($11.77 in chips) 
Seat 6: danyboy6969 ($18.36 in chips) 
leon05: posts small blind $0.05
YNGD: posts big blind $0.10
*** HOLE CARDS ***
Dealt to Mahu2021 [6h Ah]
Volwebnik1: folds 
Mahu2021: raises $0.20 to $0.30
danyboy6969: folds 
SyraXmaX: folds 
leon05: folds 
YNGD: folds 
Uncalled bet ($0.20) returned to Mahu2021
Mahu2021 collected $0.25 from pot
Mahu2021: doesn't show hand 
*** SUMMARY ***
Total pot $0.25 | Rake $0 
Seat 1: SyraXmaX (button) folded before Flop (didn't bet)
Seat 2: leon05 (small blind) folded before Flop
Seat 3: YNGD (big blind) folded before Flop
Seat 4: Volwebnik1 folded before Flop (didn't bet)
Seat 5: Mahu2021 collected ($0.25)
Seat 6: danyboy6969 folded before Flop (didn't bet)



PokerStars Zoom Hand #253777150144:  Hold'em No Limit ($0.05/$0.10) - 2024/12/09 18:44:40 CET [2024/12/09 12:44:40 ET]
Table 'Aludra' 6-max Seat #1 is the button
Seat 1: zarpapis ($10 in chips) 
Seat 2: Mahu2021 ($11.92 in chips) 
Seat 3: Stigm@09 ($11.50 in chips) 
Seat 4: macak111 ($0.44 in chips) 
Seat 5: davymate696 ($10 in chips) 
Seat 6: titus348 ($12.32 in chips) 
Mahu2021: posts small blind $0.05
Stigm@09: posts big blind $0.10
*** HOLE CARDS ***
Dealt to Mahu2021 [7c 4c]
macak111: folds 
davymate696: folds 
titus348: folds 
zarpapis: folds 
Mahu2021: folds 
Uncalled bet ($0.05) returned to Stigm@09
Stigm@09 collected $0.10 from pot
Stigm@09: doesn't show hand 
*** SUMMARY ***
Total pot $0.10 | Rake $0 
Seat 1: zarpapis (button) folded before Flop (didn't bet)
Seat 2: Mahu2021 (small blind) folded before Flop
Seat 3: Stigm@09 (big blind) collected ($0.10)
Seat 4: macak111 folded before Flop (didn't bet)
Seat 5: davymate696 folded before Flop (didn't bet)
Seat 6: titus348 folded before Flop (didn't bet)



PokerStars Zoom Hand #253777152089:  Hold'em No Limit ($0.05/$0.10) - 2024/12/09 18:44:48 CET [2024/12/09 12:44:48 ET]
Table 'Aludra' 6-max Seat #1 is the button
Seat 1: Techd3nc4 ($10 in chips) 
Seat 2: YNGD ($16.67 in chips) 
Seat 3: davymate696 ($10 in chips) 
Seat 4: danyboy6969 ($27.19 in chips) 
Seat 5: pokking876 ($10.20 in chips) 
Seat 6: Mahu2021 ($11.87 in chips) 
YNGD: posts small blind $0.05
davymate696: posts big blind $0.10
*** HOLE CARDS ***
Dealt to Mahu2021 [5h 5s]
danyboy6969: folds 
pokking876: folds 
Mahu2021: raises $0.20 to $0.30
Techd3nc4: folds 
YNGD: folds 
davymate696: folds 
Uncalled bet ($0.20) returned to Mahu2021
Mahu2021 collected $0.25 from pot
Mahu2021: doesn't show hand 
*** SUMMARY ***
Total pot $0.25 | Rake $0 
Seat 1: Techd3nc4 (button) folded before Flop (didn't bet)
Seat 2: YNGD (small blind) folded before Flop
Seat 3: davymate696 (big blind) folded before Flop
Seat 4: danyboy6969 folded before Flop (didn't bet)
Seat 5: pokking876 folded before Flop (didn't bet)
Seat 6: Mahu2021 collected ($0.25)



PokerStars Zoom Hand #253777151121:  Hold'em No Limit ($0.05/$0.10) - 2024/12/09 18:44:44 CET [2024/12/09 12:44:44 ET]
Table 'Aludra' 6-max Seat #1 is the button
Seat 1: Mahu2021 ($11.87 in chips) 
Seat 2: davymate696 ($10 in chips) 
Seat 3: zarpapis ($19.46 in chips) 
Seat 4: ishivremaks ($10.40 in chips) 
Seat 5: RobertByku2 ($18.95 in chips) 
Seat 6: kingkong0123 ($13.04 in chips) 
davymate696: posts small blind $0.05
zarpapis: posts big blind $0.10
*** HOLE CARDS ***
Dealt to Mahu2021 [Js 8h]
ishivremaks: raises $0.20 to $0.30
RobertByku2: folds 
kingkong0123: folds 
Mahu2021: folds 
davymate696: folds 
zarpapis: calls $0.20
*** FLOP *** [9s Ad Ts]
zarpapis: checks 
ishivremaks: checks 
*** TURN *** [9s Ad Ts] [8c]
zarpapis: checks 
ishivremaks: checks 
*** RIVER *** [9s Ad Ts 8c] [Qd]
zarpapis: checks 
ishivremaks: checks 
*** SHOW DOWN ***
zarpapis: shows [4h 4s] (a pair of Fours)
ishivremaks: shows [Tc Kc] (a pair of Tens)
ishivremaks collected $0.62 from pot
*** SUMMARY ***
Total pot $0.65 | Rake $0.03 
Board [9s Ad Ts 8c Qd]
Seat 1: Mahu2021 (button) folded before Flop (didn't bet)
Seat 2: davymate696 (small blind) folded before Flop
Seat 3: zarpapis (big blind) showed [4h 4s] and lost with a pair of Fours
Seat 4: ishivremaks showed [Tc Kc] and won ($0.62) with a pair of Tens
Seat 5: RobertByku2 folded before Flop (didn't bet)
Seat 6: kingkong0123 folded before Flop (didn't bet)



PokerStars Zoom Hand #253777155362:  Hold'em No Limit ($0.05/$0.10) - 2024/12/09 18:45:01 CET [2024/12/09 12:45:01 ET]
Table 'Aludra' 6-max Seat #1 is the button
Seat 1: eu_kvl ($10 in chips) 
Seat 2: pougia777 ($10.32 in chips) 
Seat 3: radusamson ($12.47 in chips) 
Seat 4: Lenusia392 ($8.82 in chips) 
Seat 5: Mahu2021 ($12.02 in chips) 
Seat 6: Stigm@09 ($11.55 in chips) 
pougia777: posts small blind $0.05
radusamson: posts big blind $0.10
*** HOLE CARDS ***
Dealt to Mahu2021 [Td 5c]
Lenusia392: folds 
Mahu2021: folds 
Stigm@09: raises $0.20 to $0.30
eu_kvl: folds 
pougia777: folds 
radusamson: folds 
Uncalled bet ($0.20) returned to Stigm@09
Stigm@09 collected $0.25 from pot
Stigm@09: doesn't show hand 
*** SUMMARY ***
Total pot $0.25 | Rake $0 
Seat 1: eu_kvl (button) folded before Flop (didn't bet)
Seat 2: pougia777 (small blind) folded before Flop
Seat 3: radusamson (big blind) folded before Flop
Seat 4: Lenusia392 folded before Flop (didn't bet)
Seat 5: Mahu2021 folded before Flop (didn't bet)
Seat 6: Stigm@09 collected ($0.25)



