PokerStars Hand #249432374730: Tournament #3729134775, $1.84+$0.16 USD Hold'em No Limit - Level I (10/20) - 2024/03/15 15:19:44 CET [2024/03/15 10:19:44 ET]
Table '3729134775 1' 3-max Seat #1 is the button
Seat 1: Gek1987 (500 in chips) 
Seat 2: bullishman1 (500 in chips) 
Seat 3: Mahu2021 (500 in chips) 
bullishman1: posts small blind 10
Mahu2021: posts big blind 20
*** HOLE CARDS ***
Dealt to Mahu2021 [3s 5d]
Gek1987: folds 
bullishman1: calls 10
Mahu2021: checks 
*** FLOP *** [5c Qd 7c]
bullishman1: checks 
Mahu2021: bets 20
bullishman1: calls 20
*** TURN *** [5c Qd 7c] [4s]
bullishman1: checks 
Mahu2021: bets 40
bullishman1: folds 
Uncalled bet (40) returned to Mahu2021
Mahu2021 collected 80 from pot
Mahu2021: doesn't show hand 
*** SUMMARY ***
Total pot 80 | Rake 0 
Board [5c Qd 7c 4s]
Seat 1: Gek1987 (button) folded before Flop (didn't bet)
Seat 2: bullishman1 (small blind) folded on the Turn
Seat 3: Mahu2021 (big blind) collected (80)



PokerStars Hand #249432381609: Tournament #3729134775, $1.84+$0.16 USD Hold'em No Limit - Level I (10/20) - 2024/03/15 15:20:16 CET [2024/03/15 10:20:16 ET]
Table '3729134775 1' 3-max Seat #2 is the button
Seat 1: Gek1987 (500 in chips) 
Seat 2: bullishman1 (460 in chips) 
Seat 3: Mahu2021 (540 in chips) 
Mahu2021: posts small blind 10
Gek1987: posts big blind 20
*** HOLE CARDS ***
Dealt to Mahu2021 [9c 4s]
bullishman1: raises 80 to 100
Mahu2021: folds 
Gek1987: folds 
Uncalled bet (80) returned to bullishman1
bullishman1 collected 50 from pot
bullishman1: doesn't show hand 
*** SUMMARY ***
Total pot 50 | Rake 0 
Seat 1: Gek1987 (big blind) folded before Flop
Seat 2: bullishman1 (button) collected (50)
Seat 3: Mahu2021 (small blind) folded before Flop



PokerStars Hand #249432385296: Tournament #3729134775, $1.84+$0.16 USD Hold'em No Limit - Level I (10/20) - 2024/03/15 15:20:33 CET [2024/03/15 10:20:33 ET]
Table '3729134775 1' 3-max Seat #3 is the button
Seat 1: Gek1987 (480 in chips) 
Seat 2: bullishman1 (490 in chips) 
Seat 3: Mahu2021 (530 in chips) 
Gek1987: posts small blind 10
bullishman1: posts big blind 20
*** HOLE CARDS ***
Dealt to Mahu2021 [9d Ad]
Mahu2021: raises 20 to 40
Gek1987: calls 30
bullishman1: calls 20
*** FLOP *** [Ah 4d Jd]
Gek1987: checks 
bullishman1: checks 
Mahu2021: bets 40
Gek1987: folds 
bullishman1: folds 
Uncalled bet (40) returned to Mahu2021
Mahu2021 collected 120 from pot
Mahu2021: doesn't show hand 
*** SUMMARY ***
Total pot 120 | Rake 0 
Board [Ah 4d Jd]
Seat 1: Gek1987 (small blind) folded on the Flop
Seat 2: bullishman1 (big blind) folded on the Flop
Seat 3: Mahu2021 (button) collected (120)



PokerStars Hand #249432392359: Tournament #3729134775, $1.84+$0.16 USD Hold'em No Limit - Level I (10/20) - 2024/03/15 15:21:06 CET [2024/03/15 10:21:06 ET]
Table '3729134775 1' 3-max Seat #1 is the button
Seat 1: Gek1987 (440 in chips) 
Seat 2: bullishman1 (450 in chips) 
Seat 3: Mahu2021 (610 in chips) 
bullishman1: posts small blind 10
Mahu2021: posts big blind 20
*** HOLE CARDS ***
Dealt to Mahu2021 [3d 4h]
Gek1987: folds 
bullishman1: raises 80 to 100
Mahu2021: folds 
Uncalled bet (80) returned to bullishman1
bullishman1 collected 40 from pot
bullishman1: doesn't show hand 
*** SUMMARY ***
Total pot 40 | Rake 0 
Seat 1: Gek1987 (button) folded before Flop (didn't bet)
Seat 2: bullishman1 (small blind) collected (40)
Seat 3: Mahu2021 (big blind) folded before Flop



PokerStars Hand #249432394656: Tournament #3729134775, $1.84+$0.16 USD Hold'em No Limit - Level I (10/20) - 2024/03/15 15:21:16 CET [2024/03/15 10:21:16 ET]
Table '3729134775 1' 3-max Seat #2 is the button
Seat 1: Gek1987 (440 in chips) 
Seat 2: bullishman1 (470 in chips) 
Seat 3: Mahu2021 (590 in chips) 
Mahu2021: posts small blind 10
Gek1987: posts big blind 20
*** HOLE CARDS ***
Dealt to Mahu2021 [5s 7h]
bullishman1: calls 20
Mahu2021: folds 
Gek1987: raises 420 to 440 and is all-in
bullishman1: folds 
Uncalled bet (420) returned to Gek1987
Gek1987 collected 50 from pot
Gek1987: doesn't show hand 
*** SUMMARY ***
Total pot 50 | Rake 0 
Seat 1: Gek1987 (big blind) collected (50)
Seat 2: bullishman1 (button) folded before Flop
Seat 3: Mahu2021 (small blind) folded before Flop



PokerStars Hand #249432397238: Tournament #3729134775, $1.84+$0.16 USD Hold'em No Limit - Level I (10/20) - 2024/03/15 15:21:28 CET [2024/03/15 10:21:28 ET]
Table '3729134775 1' 3-max Seat #3 is the button
Seat 1: Gek1987 (470 in chips) 
Seat 2: bullishman1 (450 in chips) 
Seat 3: Mahu2021 (580 in chips) 
Gek1987: posts small blind 10
bullishman1: posts big blind 20
*** HOLE CARDS ***
Dealt to Mahu2021 [4s Ts]
Mahu2021: folds 
Gek1987: folds 
Uncalled bet (10) returned to bullishman1
bullishman1 collected 20 from pot
bullishman1: doesn't show hand 
*** SUMMARY ***
Total pot 20 | Rake 0 
Seat 1: Gek1987 (small blind) folded before Flop
Seat 2: bullishman1 (big blind) collected (20)
Seat 3: Mahu2021 (button) folded before Flop (didn't bet)



PokerStars Hand #249432398968: Tournament #3729134775, $1.84+$0.16 USD Hold'em No Limit - Level I (10/20) - 2024/03/15 15:21:36 CET [2024/03/15 10:21:36 ET]
Table '3729134775 1' 3-max Seat #1 is the button
Seat 1: Gek1987 (460 in chips) 
Seat 2: bullishman1 (460 in chips) 
Seat 3: Mahu2021 (580 in chips) 
bullishman1: posts small blind 10
Mahu2021: posts big blind 20
*** HOLE CARDS ***
Dealt to Mahu2021 [9c Ks]
Gek1987: folds 
bullishman1: calls 10
Mahu2021: checks 
*** FLOP *** [Jd 3d Qs]
bullishman1: checks 
Mahu2021: checks 
*** TURN *** [Jd 3d Qs] [6h]
bullishman1: checks 
Mahu2021: checks 
*** RIVER *** [Jd 3d Qs 6h] [Jc]
bullishman1: checks 
Mahu2021: bets 40
bullishman1: folds 
Uncalled bet (40) returned to Mahu2021
Mahu2021 collected 40 from pot
Mahu2021: doesn't show hand 
*** SUMMARY ***
Total pot 40 | Rake 0 
Board [Jd 3d Qs 6h Jc]
Seat 1: Gek1987 (button) folded before Flop (didn't bet)
Seat 2: bullishman1 (small blind) folded on the River
Seat 3: Mahu2021 (big blind) collected (40)



PokerStars Hand #249432406120: Tournament #3729134775, $1.84+$0.16 USD Hold'em No Limit - Level II (15/30) - 2024/03/15 15:22:09 CET [2024/03/15 10:22:09 ET]
Table '3729134775 1' 3-max Seat #2 is the button
Seat 1: Gek1987 (460 in chips) 
Seat 2: bullishman1 (440 in chips) 
Seat 3: Mahu2021 (600 in chips) 
Mahu2021: posts small blind 15
Gek1987: posts big blind 30
*** HOLE CARDS ***
Dealt to Mahu2021 [7c 2d]
bullishman1: folds 
Mahu2021: folds 
Uncalled bet (15) returned to Gek1987
Gek1987 collected 30 from pot
Gek1987: doesn't show hand 
*** SUMMARY ***
Total pot 30 | Rake 0 
Seat 1: Gek1987 (big blind) collected (30)
Seat 2: bullishman1 (button) folded before Flop (didn't bet)
Seat 3: Mahu2021 (small blind) folded before Flop



PokerStars Hand #249432407691: Tournament #3729134775, $1.84+$0.16 USD Hold'em No Limit - Level II (15/30) - 2024/03/15 15:22:16 CET [2024/03/15 10:22:16 ET]
Table '3729134775 1' 3-max Seat #3 is the button
Seat 1: Gek1987 (475 in chips) 
Seat 2: bullishman1 (440 in chips) 
Seat 3: Mahu2021 (585 in chips) 
Gek1987: posts small blind 15
bullishman1: posts big blind 30
*** HOLE CARDS ***
Dealt to Mahu2021 [4s 8s]
Mahu2021: folds 
Gek1987: raises 445 to 475 and is all-in
bullishman1: folds 
Uncalled bet (445) returned to Gek1987
Gek1987 collected 60 from pot
Gek1987: doesn't show hand 
*** SUMMARY ***
Total pot 60 | Rake 0 
Seat 1: Gek1987 (small blind) collected (60)
Seat 2: bullishman1 (big blind) folded before Flop
Seat 3: Mahu2021 (button) folded before Flop (didn't bet)



PokerStars Hand #249432409596: Tournament #3729134775, $1.84+$0.16 USD Hold'em No Limit - Level II (15/30) - 2024/03/15 15:22:25 CET [2024/03/15 10:22:25 ET]
Table '3729134775 1' 3-max Seat #1 is the button
Seat 1: Gek1987 (505 in chips) 
Seat 2: bullishman1 (410 in chips) 
Seat 3: Mahu2021 (585 in chips) 
bullishman1: posts small blind 15
Mahu2021: posts big blind 30
*** HOLE CARDS ***
Dealt to Mahu2021 [9h 4d]
Gek1987: folds 
bullishman1: calls 15
Mahu2021: checks 
*** FLOP *** [8h Ad 4h]
bullishman1: checks 
Mahu2021: bets 30
bullishman1: calls 30
*** TURN *** [8h Ad 4h] [8c]
bullishman1: checks 
Mahu2021: checks 
*** RIVER *** [8h Ad 4h 8c] [6s]
bullishman1: checks 
Mahu2021: checks 
*** SHOW DOWN ***
bullishman1: shows [7d 6h] (two pair, Eights and Sixes)
Mahu2021: mucks hand 
bullishman1 collected 120 from pot
*** SUMMARY ***
Total pot 120 | Rake 0 
Board [8h Ad 4h 8c 6s]
Seat 1: Gek1987 (button) folded before Flop (didn't bet)
Seat 2: bullishman1 (small blind) showed [7d 6h] and won (120) with two pair, Eights and Sixes
Seat 3: Mahu2021 (big blind) mucked [9h 4d]



PokerStars Hand #249432414729: Tournament #3729134775, $1.84+$0.16 USD Hold'em No Limit - Level II (15/30) - 2024/03/15 15:22:49 CET [2024/03/15 10:22:49 ET]
Table '3729134775 1' 3-max Seat #2 is the button
Seat 1: Gek1987 (505 in chips) 
Seat 2: bullishman1 (470 in chips) 
Seat 3: Mahu2021 (525 in chips) 
Mahu2021: posts small blind 15
Gek1987: posts big blind 30
*** HOLE CARDS ***
Dealt to Mahu2021 [4d 7c]
bullishman1: calls 30
Mahu2021: folds 
Gek1987: raises 180 to 210
bullishman1: calls 180
*** FLOP *** [7h 5s 6c]
Gek1987: bets 295 and is all-in
bullishman1: calls 260 and is all-in
Uncalled bet (35) returned to Gek1987
*** TURN *** [7h 5s 6c] [4h]
*** RIVER *** [7h 5s 6c 4h] [5d]
*** SHOW DOWN ***
Gek1987: shows [Qc Ks] (a pair of Fives)
bullishman1: shows [As 4s] (two pair, Fives and Fours)
bullishman1 collected 955 from pot
*** SUMMARY ***
Total pot 955 | Rake 0 
Board [7h 5s 6c 4h 5d]
Seat 1: Gek1987 (big blind) showed [Qc Ks] and lost with a pair of Fives
Seat 2: bullishman1 (button) showed [As 4s] and won (955) with two pair, Fives and Fours
Seat 3: Mahu2021 (small blind) folded before Flop



PokerStars Hand #249432419558: Tournament #3729134775, $1.84+$0.16 USD Hold'em No Limit - Level II (15/30) - 2024/03/15 15:23:11 CET [2024/03/15 10:23:11 ET]
Table '3729134775 1' 3-max Seat #3 is the button
Seat 1: Gek1987 (35 in chips) 
Seat 2: bullishman1 (955 in chips) 
Seat 3: Mahu2021 (510 in chips) 
Gek1987: posts small blind 15
bullishman1: posts big blind 30
*** HOLE CARDS ***
Dealt to Mahu2021 [3c 2c]
Mahu2021: folds 
Gek1987: raises 5 to 35 and is all-in
bullishman1: calls 5
*** FLOP *** [7h 7s 2d]
*** TURN *** [7h 7s 2d] [6h]
*** RIVER *** [7h 7s 2d 6h] [Kd]
*** SHOW DOWN ***
Gek1987: shows [7d Ks] (a full house, Sevens full of Kings)
bullishman1: shows [Kc 6d] (two pair, Kings and Sevens)
Gek1987 collected 70 from pot
*** SUMMARY ***
Total pot 70 | Rake 0 
Board [7h 7s 2d 6h Kd]
Seat 1: Gek1987 (small blind) showed [7d Ks] and won (70) with a full house, Sevens full of Kings
Seat 2: bullishman1 (big blind) showed [Kc 6d] and lost with two pair, Kings and Sevens
Seat 3: Mahu2021 (button) folded before Flop (didn't bet)



PokerStars Hand #249432422839: Tournament #3729134775, $1.84+$0.16 USD Hold'em No Limit - Level II (15/30) - 2024/03/15 15:23:26 CET [2024/03/15 10:23:26 ET]
Table '3729134775 1' 3-max Seat #1 is the button
Seat 1: Gek1987 (70 in chips) 
Seat 2: bullishman1 (920 in chips) 
Seat 3: Mahu2021 (510 in chips) 
bullishman1: posts small blind 15
Mahu2021: posts big blind 30
*** HOLE CARDS ***
Dealt to Mahu2021 [7d 6d]
Gek1987: raises 40 to 70 and is all-in
bullishman1: calls 55
Mahu2021: calls 40
*** FLOP *** [Ah 3s 2s]
bullishman1: checks 
Mahu2021: checks 
*** TURN *** [Ah 3s 2s] [5c]
bullishman1: checks 
Mahu2021: checks 
*** RIVER *** [Ah 3s 2s 5c] [3c]
bullishman1: checks 
Mahu2021: checks 
*** SHOW DOWN ***
bullishman1: shows [Kc 8h] (a pair of Threes)
Mahu2021: mucks hand 
Gek1987: mucks hand 
bullishman1 collected 210 from pot
Gek1987 finished the tournament in 3rd place
*** SUMMARY ***
Total pot 210 | Rake 0 
Board [Ah 3s 2s 5c 3c]
Seat 1: Gek1987 (button) mucked [8d Qd]
Seat 2: bullishman1 (small blind) showed [Kc 8h] and won (210) with a pair of Threes
Seat 3: Mahu2021 (big blind) mucked [7d 6d]



PokerStars Hand #249432429294: Tournament #3729134775, $1.84+$0.16 USD Hold'em No Limit - Level III (20/40) - 2024/03/15 15:23:56 CET [2024/03/15 10:23:56 ET]
Table '3729134775 1' 3-max Seat #3 is the button
Seat 2: bullishman1 (1060 in chips) 
Seat 3: Mahu2021 (440 in chips) 
Mahu2021: posts small blind 20
bullishman1: posts big blind 40
*** HOLE CARDS ***
Dealt to Mahu2021 [7h 2h]
Mahu2021: folds 
Uncalled bet (20) returned to bullishman1
bullishman1 collected 40 from pot
bullishman1: doesn't show hand 
*** SUMMARY ***
Total pot 40 | Rake 0 
Seat 2: bullishman1 (big blind) collected (40)
Seat 3: Mahu2021 (button) (small blind) folded before Flop



PokerStars Hand #249432430288: Tournament #3729134775, $1.84+$0.16 USD Hold'em No Limit - Level III (20/40) - 2024/03/15 15:24:00 CET [2024/03/15 10:24:00 ET]
Table '3729134775 1' 3-max Seat #2 is the button
Seat 2: bullishman1 (1080 in chips) 
Seat 3: Mahu2021 (420 in chips) 
bullishman1: posts small blind 20
Mahu2021: posts big blind 40
*** HOLE CARDS ***
Dealt to Mahu2021 [Jc 6h]
bullishman1: raises 80 to 120
Mahu2021: folds 
Uncalled bet (80) returned to bullishman1
bullishman1 collected 80 from pot
bullishman1: doesn't show hand 
*** SUMMARY ***
Total pot 80 | Rake 0 
Seat 2: bullishman1 (button) (small blind) collected (80)
Seat 3: Mahu2021 (big blind) folded before Flop



PokerStars Hand #249432431803: Tournament #3729134775, $1.84+$0.16 USD Hold'em No Limit - Level III (20/40) - 2024/03/15 15:24:07 CET [2024/03/15 10:24:07 ET]
Table '3729134775 1' 3-max Seat #3 is the button
Seat 2: bullishman1 (1120 in chips) 
Seat 3: Mahu2021 (380 in chips) 
Mahu2021: posts small blind 20
bullishman1: posts big blind 40
*** HOLE CARDS ***
Dealt to Mahu2021 [Kc 5d]
Mahu2021: calls 20
bullishman1: checks 
*** FLOP *** [8h 4h Kh]
bullishman1: checks 
Mahu2021: bets 40
bullishman1: calls 40
*** TURN *** [8h 4h Kh] [6d]
bullishman1: checks 
Mahu2021: bets 40
bullishman1: folds 
Uncalled bet (40) returned to Mahu2021
Mahu2021 collected 160 from pot
Mahu2021: doesn't show hand 
*** SUMMARY ***
Total pot 160 | Rake 0 
Board [8h 4h Kh 6d]
Seat 2: bullishman1 (big blind) folded on the Turn
Seat 3: Mahu2021 (button) (small blind) collected (160)



PokerStars Hand #249432435248: Tournament #3729134775, $1.84+$0.16 USD Hold'em No Limit - Level III (20/40) - 2024/03/15 15:24:23 CET [2024/03/15 10:24:23 ET]
Table '3729134775 1' 3-max Seat #2 is the button
Seat 2: bullishman1 (1040 in chips) 
Seat 3: Mahu2021 (460 in chips) 
bullishman1: posts small blind 20
Mahu2021: posts big blind 40
*** HOLE CARDS ***
Dealt to Mahu2021 [7s 6c]
bullishman1: calls 20
Mahu2021: checks 
*** FLOP *** [2d Kc 5h]
Mahu2021: checks 
bullishman1: bets 80
Mahu2021: folds 
Uncalled bet (80) returned to bullishman1
bullishman1 collected 80 from pot
bullishman1: doesn't show hand 
*** SUMMARY ***
Total pot 80 | Rake 0 
Board [2d Kc 5h]
Seat 2: bullishman1 (button) (small blind) collected (80)
Seat 3: Mahu2021 (big blind) folded on the Flop



PokerStars Hand #249432437702: Tournament #3729134775, $1.84+$0.16 USD Hold'em No Limit - Level III (20/40) - 2024/03/15 15:24:34 CET [2024/03/15 10:24:34 ET]
Table '3729134775 1' 3-max Seat #3 is the button
Seat 2: bullishman1 (1080 in chips) 
Seat 3: Mahu2021 (420 in chips) 
Mahu2021: posts small blind 20
bullishman1: posts big blind 40
*** HOLE CARDS ***
Dealt to Mahu2021 [4s 3d]
Mahu2021: folds 
Uncalled bet (20) returned to bullishman1
bullishman1 collected 40 from pot
bullishman1: doesn't show hand 
*** SUMMARY ***
Total pot 40 | Rake 0 
Seat 2: bullishman1 (big blind) collected (40)
Seat 3: Mahu2021 (button) (small blind) folded before Flop



PokerStars Hand #249432438721: Tournament #3729134775, $1.84+$0.16 USD Hold'em No Limit - Level III (20/40) - 2024/03/15 15:24:39 CET [2024/03/15 10:24:39 ET]
Table '3729134775 1' 3-max Seat #2 is the button
Seat 2: bullishman1 (1100 in chips) 
Seat 3: Mahu2021 (400 in chips) 
bullishman1: posts small blind 20
Mahu2021: posts big blind 40
*** HOLE CARDS ***
Dealt to Mahu2021 [7c 5s]
bullishman1: calls 20
Mahu2021: checks 
*** FLOP *** [5c 4c 8s]
Mahu2021: bets 40
bullishman1: calls 40
*** TURN *** [5c 4c 8s] [9d]
Mahu2021: bets 40
bullishman1: calls 40
*** RIVER *** [5c 4c 8s 9d] [9s]
Mahu2021: bets 40
bullishman1: calls 40
*** SHOW DOWN ***
Mahu2021: shows [7c 5s] (two pair, Nines and Fives)
bullishman1: mucks hand 
Mahu2021 collected 320 from pot
*** SUMMARY ***
Total pot 320 | Rake 0 
Board [5c 4c 8s 9d 9s]
Seat 2: bullishman1 (button) (small blind) mucked [Kd 6s]
Seat 3: Mahu2021 (big blind) showed [7c 5s] and won (320) with two pair, Nines and Fives



PokerStars Hand #249432444036: Tournament #3729134775, $1.84+$0.16 USD Hold'em No Limit - Level III (20/40) - 2024/03/15 15:25:03 CET [2024/03/15 10:25:03 ET]
Table '3729134775 1' 3-max Seat #3 is the button
Seat 2: bullishman1 (940 in chips) 
Seat 3: Mahu2021 (560 in chips) 
Mahu2021: posts small blind 20
bullishman1: posts big blind 40
*** HOLE CARDS ***
Dealt to Mahu2021 [7s 9d]
Mahu2021: folds 
Uncalled bet (20) returned to bullishman1
bullishman1 collected 40 from pot
bullishman1: doesn't show hand 
*** SUMMARY ***
Total pot 40 | Rake 0 
Seat 2: bullishman1 (big blind) collected (40)
Seat 3: Mahu2021 (button) (small blind) folded before Flop



PokerStars Hand #249432445207: Tournament #3729134775, $1.84+$0.16 USD Hold'em No Limit - Level III (20/40) - 2024/03/15 15:25:09 CET [2024/03/15 10:25:09 ET]
Table '3729134775 1' 3-max Seat #2 is the button
Seat 2: bullishman1 (960 in chips) 
Seat 3: Mahu2021 (540 in chips) 
bullishman1: posts small blind 20
Mahu2021: posts big blind 40
*** HOLE CARDS ***
Dealt to Mahu2021 [7c 3c]
bullishman1: calls 20
Mahu2021: checks 
*** FLOP *** [7h 6d Ad]
Mahu2021: checks 
bullishman1: checks 
*** TURN *** [7h 6d Ad] [Td]
Mahu2021: checks 
bullishman1: checks 
*** RIVER *** [7h 6d Ad Td] [5c]
Mahu2021: bets 40
bullishman1: calls 40
*** SHOW DOWN ***
Mahu2021: shows [7c 3c] (a pair of Sevens)
bullishman1: shows [3h 4c] (a straight, Three to Seven)
bullishman1 collected 160 from pot
*** SUMMARY ***
Total pot 160 | Rake 0 
Board [7h 6d Ad Td 5c]
Seat 2: bullishman1 (button) (small blind) showed [3h 4c] and won (160) with a straight, Three to Seven
Seat 3: Mahu2021 (big blind) showed [7c 3c] and lost with a pair of Sevens



PokerStars Hand #249432454157: Tournament #3729134775, $1.84+$0.16 USD Hold'em No Limit - Level IV (30/60) - 2024/03/15 15:25:49 CET [2024/03/15 10:25:49 ET]
Table '3729134775 1' 3-max Seat #3 is the button
Seat 2: bullishman1 (1040 in chips) 
Seat 3: Mahu2021 (460 in chips) 
Mahu2021: posts small blind 30
bullishman1: posts big blind 60
*** HOLE CARDS ***
Dealt to Mahu2021 [9s 7h]
Mahu2021: folds 
Uncalled bet (30) returned to bullishman1
bullishman1 collected 60 from pot
bullishman1: doesn't show hand 
*** SUMMARY ***
Total pot 60 | Rake 0 
Seat 2: bullishman1 (big blind) collected (60)
Seat 3: Mahu2021 (button) (small blind) folded before Flop



PokerStars Hand #249432455142: Tournament #3729134775, $1.84+$0.16 USD Hold'em No Limit - Level IV (30/60) - 2024/03/15 15:25:54 CET [2024/03/15 10:25:54 ET]
Table '3729134775 1' 3-max Seat #2 is the button
Seat 2: bullishman1 (1070 in chips) 
Seat 3: Mahu2021 (430 in chips) 
bullishman1: posts small blind 30
Mahu2021: posts big blind 60
*** HOLE CARDS ***
Dealt to Mahu2021 [8d 4s]
bullishman1: calls 30
Mahu2021: checks 
*** FLOP *** [4h Qc 5h]
Mahu2021: checks 
bullishman1: checks 
*** TURN *** [4h Qc 5h] [3h]
Mahu2021: checks 
bullishman1: checks 
*** RIVER *** [4h Qc 5h 3h] [8h]
Mahu2021: bets 120
bullishman1: folds 
Uncalled bet (120) returned to Mahu2021
Mahu2021 collected 120 from pot
Mahu2021: doesn't show hand 
*** SUMMARY ***
Total pot 120 | Rake 0 
Board [4h Qc 5h 3h 8h]
Seat 2: bullishman1 (button) (small blind) folded on the River
Seat 3: Mahu2021 (big blind) collected (120)



PokerStars Hand #249432464357: Tournament #3729134775, $1.84+$0.16 USD Hold'em No Limit - Level IV (30/60) - 2024/03/15 15:26:36 CET [2024/03/15 10:26:36 ET]
Table '3729134775 1' 3-max Seat #3 is the button
Seat 2: bullishman1 (1010 in chips) 
Seat 3: Mahu2021 (490 in chips) 
Mahu2021: posts small blind 30
bullishman1: posts big blind 60
*** HOLE CARDS ***
Dealt to Mahu2021 [9c 7d]
Mahu2021: folds 
Uncalled bet (30) returned to bullishman1
bullishman1 collected 60 from pot
bullishman1: doesn't show hand 
*** SUMMARY ***
Total pot 60 | Rake 0 
Seat 2: bullishman1 (big blind) collected (60)
Seat 3: Mahu2021 (button) (small blind) folded before Flop



PokerStars Hand #249432465278: Tournament #3729134775, $1.84+$0.16 USD Hold'em No Limit - Level IV (30/60) - 2024/03/15 15:26:40 CET [2024/03/15 10:26:40 ET]
Table '3729134775 1' 3-max Seat #2 is the button
Seat 2: bullishman1 (1040 in chips) 
Seat 3: Mahu2021 (460 in chips) 
bullishman1: posts small blind 30
Mahu2021: posts big blind 60
*** HOLE CARDS ***
Dealt to Mahu2021 [Qh Kd]
bullishman1: raises 60 to 120
Mahu2021: calls 60
*** FLOP *** [Th Ks Kh]
Mahu2021: checks 
bullishman1: bets 60
Mahu2021: calls 60
*** TURN *** [Th Ks Kh] [4s]
Mahu2021: checks 
bullishman1: bets 60
Mahu2021: calls 60
*** RIVER *** [Th Ks Kh 4s] [As]
Mahu2021: bets 220 and is all-in
bullishman1: folds 
Uncalled bet (220) returned to Mahu2021
Mahu2021 collected 480 from pot
Mahu2021: doesn't show hand 
*** SUMMARY ***
Total pot 480 | Rake 0 
Board [Th Ks Kh 4s As]
Seat 2: bullishman1 (button) (small blind) folded on the River
Seat 3: Mahu2021 (big blind) collected (480)



PokerStars Hand #249432474725: Tournament #3729134775, $1.84+$0.16 USD Hold'em No Limit - Level IV (30/60) - 2024/03/15 15:27:23 CET [2024/03/15 10:27:23 ET]
Table '3729134775 1' 3-max Seat #3 is the button
Seat 2: bullishman1 (800 in chips) 
Seat 3: Mahu2021 (700 in chips) 
Mahu2021: posts small blind 30
bullishman1: posts big blind 60
*** HOLE CARDS ***
Dealt to Mahu2021 [3h 9d]
Mahu2021: folds 
Uncalled bet (30) returned to bullishman1
bullishman1 collected 60 from pot
bullishman1: doesn't show hand 
*** SUMMARY ***
Total pot 60 | Rake 0 
Seat 2: bullishman1 (big blind) collected (60)
Seat 3: Mahu2021 (button) (small blind) folded before Flop



PokerStars Hand #249432475919: Tournament #3729134775, $1.84+$0.16 USD Hold'em No Limit - Level IV (30/60) - 2024/03/15 15:27:29 CET [2024/03/15 10:27:29 ET]
Table '3729134775 1' 3-max Seat #2 is the button
Seat 2: bullishman1 (830 in chips) 
Seat 3: Mahu2021 (670 in chips) 
bullishman1: posts small blind 30
Mahu2021: posts big blind 60
*** HOLE CARDS ***
Dealt to Mahu2021 [Ac 6d]
bullishman1: calls 30
Mahu2021: raises 610 to 670 and is all-in
bullishman1: folds 
Uncalled bet (610) returned to Mahu2021
Mahu2021 collected 120 from pot
Mahu2021: doesn't show hand 
*** SUMMARY ***
Total pot 120 | Rake 0 
Seat 2: bullishman1 (button) (small blind) folded before Flop
Seat 3: Mahu2021 (big blind) collected (120)



PokerStars Hand #249432477907: Tournament #3729134775, $1.84+$0.16 USD Hold'em No Limit - Level IV (30/60) - 2024/03/15 15:27:38 CET [2024/03/15 10:27:38 ET]
Table '3729134775 1' 3-max Seat #3 is the button
Seat 2: bullishman1 (770 in chips) 
Seat 3: Mahu2021 (730 in chips) 
Mahu2021: posts small blind 30
bullishman1: posts big blind 60
*** HOLE CARDS ***
Dealt to Mahu2021 [5d 2s]
Mahu2021: folds 
Uncalled bet (30) returned to bullishman1
bullishman1 collected 60 from pot
bullishman1: doesn't show hand 
*** SUMMARY ***
Total pot 60 | Rake 0 
Seat 2: bullishman1 (big blind) collected (60)
Seat 3: Mahu2021 (button) (small blind) folded before Flop



PokerStars Hand #249432479085: Tournament #3729134775, $1.84+$0.16 USD Hold'em No Limit - Level IV (30/60) - 2024/03/15 15:27:43 CET [2024/03/15 10:27:43 ET]
Table '3729134775 1' 3-max Seat #2 is the button
Seat 2: bullishman1 (800 in chips) 
Seat 3: Mahu2021 (700 in chips) 
bullishman1: posts small blind 30
Mahu2021: posts big blind 60
*** HOLE CARDS ***
Dealt to Mahu2021 [3c 7d]
bullishman1: calls 30
Mahu2021: checks 
*** FLOP *** [Js 8d 7h]
Mahu2021: checks 
bullishman1: bets 120
Mahu2021: folds 
Uncalled bet (120) returned to bullishman1
bullishman1 collected 120 from pot
bullishman1: doesn't show hand 
*** SUMMARY ***
Total pot 120 | Rake 0 
Board [Js 8d 7h]
Seat 2: bullishman1 (button) (small blind) collected (120)
Seat 3: Mahu2021 (big blind) folded on the Flop



PokerStars Hand #249432482291: Tournament #3729134775, $1.84+$0.16 USD Hold'em No Limit - Level V (40/80) - 2024/03/15 15:27:58 CET [2024/03/15 10:27:58 ET]
Table '3729134775 1' 3-max Seat #3 is the button
Seat 2: bullishman1 (860 in chips) 
Seat 3: Mahu2021 (640 in chips) 
Mahu2021: posts small blind 40
bullishman1: posts big blind 80
*** HOLE CARDS ***
Dealt to Mahu2021 [7d 4h]
Mahu2021: folds 
Uncalled bet (40) returned to bullishman1
bullishman1 collected 80 from pot
bullishman1: doesn't show hand 
*** SUMMARY ***
Total pot 80 | Rake 0 
Seat 2: bullishman1 (big blind) collected (80)
Seat 3: Mahu2021 (button) (small blind) folded before Flop



PokerStars Hand #249432483260: Tournament #3729134775, $1.84+$0.16 USD Hold'em No Limit - Level V (40/80) - 2024/03/15 15:28:02 CET [2024/03/15 10:28:02 ET]
Table '3729134775 1' 3-max Seat #2 is the button
Seat 2: bullishman1 (900 in chips) 
Seat 3: Mahu2021 (600 in chips) 
bullishman1: posts small blind 40
Mahu2021: posts big blind 80
*** HOLE CARDS ***
Dealt to Mahu2021 [Th Js]
bullishman1: calls 40
Mahu2021: checks 
*** FLOP *** [7d Kd 9d]
Mahu2021: checks 
bullishman1: checks 
*** TURN *** [7d Kd 9d] [4h]
Mahu2021: checks 
bullishman1: checks 
*** RIVER *** [7d Kd 9d 4h] [Qd]
Mahu2021: bets 160
bullishman1: calls 160
*** SHOW DOWN ***
Mahu2021: shows [Th Js] (a straight, Nine to King)
bullishman1: shows [4c Td] (a flush, King high)
bullishman1 collected 480 from pot
*** SUMMARY ***
Total pot 480 | Rake 0 
Board [7d Kd 9d 4h Qd]
Seat 2: bullishman1 (button) (small blind) showed [4c Td] and won (480) with a flush, King high
Seat 3: Mahu2021 (big blind) showed [Th Js] and lost with a straight, Nine to King



PokerStars Hand #249432486871: Tournament #3729134775, $1.84+$0.16 USD Hold'em No Limit - Level V (40/80) - 2024/03/15 15:28:19 CET [2024/03/15 10:28:19 ET]
Table '3729134775 1' 3-max Seat #3 is the button
Seat 2: bullishman1 (1140 in chips) 
Seat 3: Mahu2021 (360 in chips) 
Mahu2021: posts small blind 40
bullishman1: posts big blind 80
*** HOLE CARDS ***
Dealt to Mahu2021 [6c Js]
Mahu2021: folds 
Uncalled bet (40) returned to bullishman1
bullishman1 collected 80 from pot
bullishman1: doesn't show hand 
*** SUMMARY ***
Total pot 80 | Rake 0 
Seat 2: bullishman1 (big blind) collected (80)
Seat 3: Mahu2021 (button) (small blind) folded before Flop



PokerStars Hand #249432487832: Tournament #3729134775, $1.84+$0.16 USD Hold'em No Limit - Level V (40/80) - 2024/03/15 15:28:23 CET [2024/03/15 10:28:23 ET]
Table '3729134775 1' 3-max Seat #2 is the button
Seat 2: bullishman1 (1180 in chips) 
Seat 3: Mahu2021 (320 in chips) 
bullishman1: posts small blind 40
Mahu2021: posts big blind 80
*** HOLE CARDS ***
Dealt to Mahu2021 [Qs As]
bullishman1: calls 40
Mahu2021: raises 80 to 160
bullishman1: folds 
Uncalled bet (80) returned to Mahu2021
Mahu2021 collected 160 from pot
Mahu2021: doesn't show hand 
*** SUMMARY ***
Total pot 160 | Rake 0 
Seat 2: bullishman1 (button) (small blind) folded before Flop
Seat 3: Mahu2021 (big blind) collected (160)



PokerStars Hand #249432489870: Tournament #3729134775, $1.84+$0.16 USD Hold'em No Limit - Level V (40/80) - 2024/03/15 15:28:32 CET [2024/03/15 10:28:32 ET]
Table '3729134775 1' 3-max Seat #3 is the button
Seat 2: bullishman1 (1100 in chips) 
Seat 3: Mahu2021 (400 in chips) 
Mahu2021: posts small blind 40
bullishman1: posts big blind 80
*** HOLE CARDS ***
Dealt to Mahu2021 [2h 7c]
Mahu2021: folds 
Uncalled bet (40) returned to bullishman1
bullishman1 collected 80 from pot
bullishman1: doesn't show hand 
*** SUMMARY ***
Total pot 80 | Rake 0 
Seat 2: bullishman1 (big blind) collected (80)
Seat 3: Mahu2021 (button) (small blind) folded before Flop



PokerStars Hand #249432490852: Tournament #3729134775, $1.84+$0.16 USD Hold'em No Limit - Level V (40/80) - 2024/03/15 15:28:37 CET [2024/03/15 10:28:37 ET]
Table '3729134775 1' 3-max Seat #2 is the button
Seat 2: bullishman1 (1140 in chips) 
Seat 3: Mahu2021 (360 in chips) 
bullishman1: posts small blind 40
Mahu2021: posts big blind 80
*** HOLE CARDS ***
Dealt to Mahu2021 [8h 6h]
bullishman1: calls 40
Mahu2021: raises 280 to 360 and is all-in
bullishman1: folds 
Uncalled bet (280) returned to Mahu2021
Mahu2021 collected 160 from pot
Mahu2021: doesn't show hand 
*** SUMMARY ***
Total pot 160 | Rake 0 
Seat 2: bullishman1 (button) (small blind) folded before Flop
Seat 3: Mahu2021 (big blind) collected (160)



PokerStars Hand #249432493494: Tournament #3729134775, $1.84+$0.16 USD Hold'em No Limit - Level V (40/80) - 2024/03/15 15:28:50 CET [2024/03/15 10:28:50 ET]
Table '3729134775 1' 3-max Seat #3 is the button
Seat 2: bullishman1 (1060 in chips) 
Seat 3: Mahu2021 (440 in chips) 
Mahu2021: posts small blind 40
bullishman1: posts big blind 80
*** HOLE CARDS ***
Dealt to Mahu2021 [As 7s]
Mahu2021: calls 40
bullishman1: raises 80 to 160
Mahu2021: calls 80
*** FLOP *** [Th 8d 2h]
bullishman1: bets 160
Mahu2021: folds 
Uncalled bet (160) returned to bullishman1
bullishman1 collected 320 from pot
bullishman1: doesn't show hand 
*** SUMMARY ***
Total pot 320 | Rake 0 
Board [Th 8d 2h]
Seat 2: bullishman1 (big blind) collected (320)
Seat 3: Mahu2021 (button) (small blind) folded on the Flop



PokerStars Hand #249432496616: Tournament #3729134775, $1.84+$0.16 USD Hold'em No Limit - Level V (40/80) - 2024/03/15 15:29:04 CET [2024/03/15 10:29:04 ET]
Table '3729134775 1' 3-max Seat #2 is the button
Seat 2: bullishman1 (1220 in chips) 
Seat 3: Mahu2021 (280 in chips) 
bullishman1: posts small blind 40
Mahu2021: posts big blind 80
*** HOLE CARDS ***
Dealt to Mahu2021 [3h 4s]
bullishman1: calls 40
Mahu2021: checks 
*** FLOP *** [9s 8h 4h]
Mahu2021: bets 200 and is all-in
bullishman1: folds 
Uncalled bet (200) returned to Mahu2021
Mahu2021 collected 160 from pot
Mahu2021: doesn't show hand 
*** SUMMARY ***
Total pot 160 | Rake 0 
Board [9s 8h 4h]
Seat 2: bullishman1 (button) (small blind) folded on the Flop
Seat 3: Mahu2021 (big blind) collected (160)



PokerStars Hand #249432498704: Tournament #3729134775, $1.84+$0.16 USD Hold'em No Limit - Level V (40/80) - 2024/03/15 15:29:14 CET [2024/03/15 10:29:14 ET]
Table '3729134775 1' 3-max Seat #3 is the button
Seat 2: bullishman1 (1140 in chips) 
Seat 3: Mahu2021 (360 in chips) 
Mahu2021: posts small blind 40
bullishman1: posts big blind 80
*** HOLE CARDS ***
Dealt to Mahu2021 [2c 4c]
Mahu2021: folds 
Uncalled bet (40) returned to bullishman1
bullishman1 collected 80 from pot
bullishman1: doesn't show hand 
*** SUMMARY ***
Total pot 80 | Rake 0 
Seat 2: bullishman1 (big blind) collected (80)
Seat 3: Mahu2021 (button) (small blind) folded before Flop



PokerStars Hand #249432499763: Tournament #3729134775, $1.84+$0.16 USD Hold'em No Limit - Level V (40/80) - 2024/03/15 15:29:18 CET [2024/03/15 10:29:18 ET]
Table '3729134775 1' 3-max Seat #2 is the button
Seat 2: bullishman1 (1180 in chips) 
Seat 3: Mahu2021 (320 in chips) 
bullishman1: posts small blind 40
Mahu2021: posts big blind 80
*** HOLE CARDS ***
Dealt to Mahu2021 [Qd 5s]
bullishman1: folds 
Uncalled bet (40) returned to Mahu2021
Mahu2021 collected 80 from pot
Mahu2021: doesn't show hand 
*** SUMMARY ***
Total pot 80 | Rake 0 
Seat 2: bullishman1 (button) (small blind) folded before Flop
Seat 3: Mahu2021 (big blind) collected (80)



PokerStars Hand #249432501459: Tournament #3729134775, $1.84+$0.16 USD Hold'em No Limit - Level V (40/80) - 2024/03/15 15:29:26 CET [2024/03/15 10:29:26 ET]
Table '3729134775 1' 3-max Seat #3 is the button
Seat 2: bullishman1 (1140 in chips) 
Seat 3: Mahu2021 (360 in chips) 
Mahu2021: posts small blind 40
bullishman1: posts big blind 80
*** HOLE CARDS ***
Dealt to Mahu2021 [3d 2c]
Mahu2021: folds 
Uncalled bet (40) returned to bullishman1
bullishman1 collected 80 from pot
bullishman1: doesn't show hand 
*** SUMMARY ***
Total pot 80 | Rake 0 
Seat 2: bullishman1 (big blind) collected (80)
Seat 3: Mahu2021 (button) (small blind) folded before Flop



PokerStars Hand #249432502364: Tournament #3729134775, $1.84+$0.16 USD Hold'em No Limit - Level V (40/80) - 2024/03/15 15:29:31 CET [2024/03/15 10:29:31 ET]
Table '3729134775 1' 3-max Seat #2 is the button
Seat 2: bullishman1 (1180 in chips) 
Seat 3: Mahu2021 (320 in chips) 
bullishman1: posts small blind 40
Mahu2021: posts big blind 80
*** HOLE CARDS ***
Dealt to Mahu2021 [Kd Qd]
bullishman1: calls 40
Mahu2021: raises 240 to 320 and is all-in
bullishman1: folds 
Uncalled bet (240) returned to Mahu2021
Mahu2021 collected 160 from pot
Mahu2021: doesn't show hand 
*** SUMMARY ***
Total pot 160 | Rake 0 
Seat 2: bullishman1 (button) (small blind) folded before Flop
Seat 3: Mahu2021 (big blind) collected (160)



PokerStars Hand #249432504153: Tournament #3729134775, $1.84+$0.16 USD Hold'em No Limit - Level V (40/80) - 2024/03/15 15:29:39 CET [2024/03/15 10:29:39 ET]
Table '3729134775 1' 3-max Seat #3 is the button
Seat 2: bullishman1 (1100 in chips) 
Seat 3: Mahu2021 (400 in chips) 
Mahu2021: posts small blind 40
bullishman1: posts big blind 80
*** HOLE CARDS ***
Dealt to Mahu2021 [Ks Jd]
Mahu2021: raises 80 to 160
bullishman1: folds 
Uncalled bet (80) returned to Mahu2021
Mahu2021 collected 160 from pot
Mahu2021: doesn't show hand 
*** SUMMARY ***
Total pot 160 | Rake 0 
Seat 2: bullishman1 (big blind) folded before Flop
Seat 3: Mahu2021 (button) (small blind) collected (160)



PokerStars Hand #249432507276: Tournament #3729134775, $1.84+$0.16 USD Hold'em No Limit - Level VI (50/100) - 2024/03/15 15:29:53 CET [2024/03/15 10:29:53 ET]
Table '3729134775 1' 3-max Seat #2 is the button
Seat 2: bullishman1 (1020 in chips) 
Seat 3: Mahu2021 (480 in chips) 
bullishman1: posts small blind 50
Mahu2021: posts big blind 100
*** HOLE CARDS ***
Dealt to Mahu2021 [Ah Jh]
bullishman1: calls 50
Mahu2021: raises 100 to 200
bullishman1: calls 100
*** FLOP *** [7d 2h As]
Mahu2021: bets 100
bullishman1: folds 
Uncalled bet (100) returned to Mahu2021
Mahu2021 collected 400 from pot
Mahu2021: doesn't show hand 
*** SUMMARY ***
Total pot 400 | Rake 0 
Board [7d 2h As]
Seat 2: bullishman1 (button) (small blind) folded on the Flop
Seat 3: Mahu2021 (big blind) collected (400)



PokerStars Hand #249432509996: Tournament #3729134775, $1.84+$0.16 USD Hold'em No Limit - Level VI (50/100) - 2024/03/15 15:30:05 CET [2024/03/15 10:30:05 ET]
Table '3729134775 1' 3-max Seat #3 is the button
Seat 2: bullishman1 (820 in chips) 
Seat 3: Mahu2021 (680 in chips) 
Mahu2021: posts small blind 50
bullishman1: posts big blind 100
*** HOLE CARDS ***
Dealt to Mahu2021 [2c 8d]
Mahu2021: folds 
Uncalled bet (50) returned to bullishman1
bullishman1 collected 100 from pot
bullishman1: doesn't show hand 
*** SUMMARY ***
Total pot 100 | Rake 0 
Seat 2: bullishman1 (big blind) collected (100)
Seat 3: Mahu2021 (button) (small blind) folded before Flop



PokerStars Hand #249432510932: Tournament #3729134775, $1.84+$0.16 USD Hold'em No Limit - Level VI (50/100) - 2024/03/15 15:30:09 CET [2024/03/15 10:30:09 ET]
Table '3729134775 1' 3-max Seat #2 is the button
Seat 2: bullishman1 (870 in chips) 
Seat 3: Mahu2021 (630 in chips) 
bullishman1: posts small blind 50
Mahu2021: posts big blind 100
*** HOLE CARDS ***
Dealt to Mahu2021 [Tc Jd]
bullishman1: calls 50
Mahu2021: checks 
*** FLOP *** [2h 7c 7h]
Mahu2021: checks 
bullishman1: bets 100
Mahu2021: folds 
Uncalled bet (100) returned to bullishman1
bullishman1 collected 200 from pot
bullishman1: doesn't show hand 
*** SUMMARY ***
Total pot 200 | Rake 0 
Board [2h 7c 7h]
Seat 2: bullishman1 (button) (small blind) collected (200)
Seat 3: Mahu2021 (big blind) folded on the Flop



PokerStars Hand #249432513186: Tournament #3729134775, $1.84+$0.16 USD Hold'em No Limit - Level VI (50/100) - 2024/03/15 15:30:20 CET [2024/03/15 10:30:20 ET]
Table '3729134775 1' 3-max Seat #3 is the button
Seat 2: bullishman1 (970 in chips) 
Seat 3: Mahu2021 (530 in chips) 
Mahu2021: posts small blind 50
bullishman1: posts big blind 100
*** HOLE CARDS ***
Dealt to Mahu2021 [Ah 6h]
Mahu2021: raises 100 to 200
bullishman1: calls 100
*** FLOP *** [8s Qc 7c]
bullishman1: checks 
Mahu2021: bets 100
bullishman1: calls 100
*** TURN *** [8s Qc 7c] [Ks]
bullishman1: checks 
Mahu2021: checks 
*** RIVER *** [8s Qc 7c Ks] [9h]
bullishman1: bets 200
Mahu2021: folds 
Uncalled bet (200) returned to bullishman1
bullishman1 collected 600 from pot
bullishman1: doesn't show hand 
*** SUMMARY ***
Total pot 600 | Rake 0 
Board [8s Qc 7c Ks 9h]
Seat 2: bullishman1 (big blind) collected (600)
Seat 3: Mahu2021 (button) (small blind) folded on the River



PokerStars Hand #249432517209: Tournament #3729134775, $1.84+$0.16 USD Hold'em No Limit - Level VI (50/100) - 2024/03/15 15:30:38 CET [2024/03/15 10:30:38 ET]
Table '3729134775 1' 3-max Seat #2 is the button
Seat 2: bullishman1 (1270 in chips) 
Seat 3: Mahu2021 (230 in chips) 
bullishman1: posts small blind 50
Mahu2021: posts big blind 100
*** HOLE CARDS ***
Dealt to Mahu2021 [Qh 5d]
bullishman1: calls 50
Mahu2021: raises 130 to 230 and is all-in
bullishman1: calls 130
*** FLOP *** [7h 5c 3c]
*** TURN *** [7h 5c 3c] [8h]
*** RIVER *** [7h 5c 3c 8h] [As]
*** SHOW DOWN ***
Mahu2021: shows [Qh 5d] (a pair of Fives)
bullishman1: shows [4d Jd] (high card Ace)
Mahu2021 collected 460 from pot
*** SUMMARY ***
Total pot 460 | Rake 0 
Board [7h 5c 3c 8h As]
Seat 2: bullishman1 (button) (small blind) showed [4d Jd] and lost with high card Ace
Seat 3: Mahu2021 (big blind) showed [Qh 5d] and won (460) with a pair of Fives



PokerStars Hand #249432520343: Tournament #3729134775, $1.84+$0.16 USD Hold'em No Limit - Level VI (50/100) - 2024/03/15 15:30:52 CET [2024/03/15 10:30:52 ET]
Table '3729134775 1' 3-max Seat #3 is the button
Seat 2: bullishman1 (1040 in chips) 
Seat 3: Mahu2021 (460 in chips) 
Mahu2021: posts small blind 50
bullishman1: posts big blind 100
*** HOLE CARDS ***
Dealt to Mahu2021 [Jd 2c]
Mahu2021: folds 
Uncalled bet (50) returned to bullishman1
bullishman1 collected 100 from pot
bullishman1: doesn't show hand 
*** SUMMARY ***
Total pot 100 | Rake 0 
Seat 2: bullishman1 (big blind) collected (100)
Seat 3: Mahu2021 (button) (small blind) folded before Flop



PokerStars Hand #249432521424: Tournament #3729134775, $1.84+$0.16 USD Hold'em No Limit - Level VI (50/100) - 2024/03/15 15:30:57 CET [2024/03/15 10:30:57 ET]
Table '3729134775 1' 3-max Seat #2 is the button
Seat 2: bullishman1 (1090 in chips) 
Seat 3: Mahu2021 (410 in chips) 
bullishman1: posts small blind 50
Mahu2021: posts big blind 100
*** HOLE CARDS ***
Dealt to Mahu2021 [5s 2c]
bullishman1: calls 50
Mahu2021: checks 
*** FLOP *** [9h 7d Kc]
Mahu2021: checks 
bullishman1: checks 
*** TURN *** [9h 7d Kc] [4c]
Mahu2021: checks 
bullishman1: bets 100
Mahu2021: folds 
Uncalled bet (100) returned to bullishman1
bullishman1 collected 200 from pot
bullishman1: doesn't show hand 
*** SUMMARY ***
Total pot 200 | Rake 0 
Board [9h 7d Kc 4c]
Seat 2: bullishman1 (button) (small blind) collected (200)
Seat 3: Mahu2021 (big blind) folded on the Turn



PokerStars Hand #249432524194: Tournament #3729134775, $1.84+$0.16 USD Hold'em No Limit - Level VI (50/100) - 2024/03/15 15:31:10 CET [2024/03/15 10:31:10 ET]
Table '3729134775 1' 3-max Seat #3 is the button
Seat 2: bullishman1 (1190 in chips) 
Seat 3: Mahu2021 (310 in chips) 
Mahu2021: posts small blind 50
bullishman1: posts big blind 100
*** HOLE CARDS ***
Dealt to Mahu2021 [6c 5c]
Mahu2021: calls 50
bullishman1: checks 
*** FLOP *** [2s Js 3c]
bullishman1: checks 
Mahu2021: checks 
*** TURN *** [2s Js 3c] [2c]
bullishman1: checks 
Mahu2021: bets 210 and is all-in
bullishman1: calls 210
*** RIVER *** [2s Js 3c 2c] [6s]
*** SHOW DOWN ***
bullishman1: shows [8s Kd] (a pair of Deuces)
Mahu2021: shows [6c 5c] (two pair, Sixes and Deuces)
Mahu2021 collected 620 from pot
*** SUMMARY ***
Total pot 620 | Rake 0 
Board [2s Js 3c 2c 6s]
Seat 2: bullishman1 (big blind) showed [8s Kd] and lost with a pair of Deuces
Seat 3: Mahu2021 (button) (small blind) showed [6c 5c] and won (620) with two pair, Sixes and Deuces



PokerStars Hand #249432528110: Tournament #3729134775, $1.84+$0.16 USD Hold'em No Limit - Level VI (50/100) - 2024/03/15 15:31:28 CET [2024/03/15 10:31:28 ET]
Table '3729134775 1' 3-max Seat #2 is the button
Seat 2: bullishman1 (880 in chips) 
Seat 3: Mahu2021 (620 in chips) 
bullishman1: posts small blind 50
Mahu2021: posts big blind 100
*** HOLE CARDS ***
Dealt to Mahu2021 [Jc Th]
bullishman1: calls 50
Mahu2021: checks 
*** FLOP *** [2d Qs 4s]
Mahu2021: checks 
bullishman1: checks 
*** TURN *** [2d Qs 4s] [8s]
Mahu2021: checks 
bullishman1: bets 100
Mahu2021: folds 
Uncalled bet (100) returned to bullishman1
bullishman1 collected 200 from pot
bullishman1: doesn't show hand 
*** SUMMARY ***
Total pot 200 | Rake 0 
Board [2d Qs 4s 8s]
Seat 2: bullishman1 (button) (small blind) collected (200)
Seat 3: Mahu2021 (big blind) folded on the Turn



PokerStars Hand #249432531223: Tournament #3729134775, $1.84+$0.16 USD Hold'em No Limit - Level VI (50/100) - 2024/03/15 15:31:42 CET [2024/03/15 10:31:42 ET]
Table '3729134775 1' 3-max Seat #3 is the button
Seat 2: bullishman1 (980 in chips) 
Seat 3: Mahu2021 (520 in chips) 
Mahu2021: posts small blind 50
bullishman1: posts big blind 100
*** HOLE CARDS ***
Dealt to Mahu2021 [5h 7s]
Mahu2021: folds 
Uncalled bet (50) returned to bullishman1
bullishman1 collected 100 from pot
bullishman1: doesn't show hand 
*** SUMMARY ***
Total pot 100 | Rake 0 
Seat 2: bullishman1 (big blind) collected (100)
Seat 3: Mahu2021 (button) (small blind) folded before Flop



PokerStars Hand #249432532875: Tournament #3729134775, $1.84+$0.16 USD Hold'em No Limit - Level VII (60/120) - 2024/03/15 15:31:49 CET [2024/03/15 10:31:49 ET]
Table '3729134775 1' 3-max Seat #2 is the button
Seat 2: bullishman1 (1030 in chips) 
Seat 3: Mahu2021 (470 in chips) 
bullishman1: posts small blind 60
Mahu2021: posts big blind 120
*** HOLE CARDS ***
Dealt to Mahu2021 [Ac Kh]
bullishman1: calls 60
Mahu2021: raises 350 to 470 and is all-in
bullishman1: folds 
Uncalled bet (350) returned to Mahu2021
Mahu2021 collected 240 from pot
Mahu2021: doesn't show hand 
*** SUMMARY ***
Total pot 240 | Rake 0 
Seat 2: bullishman1 (button) (small blind) folded before Flop
Seat 3: Mahu2021 (big blind) collected (240)



PokerStars Hand #249432535356: Tournament #3729134775, $1.84+$0.16 USD Hold'em No Limit - Level VII (60/120) - 2024/03/15 15:32:00 CET [2024/03/15 10:32:00 ET]
Table '3729134775 1' 3-max Seat #3 is the button
Seat 2: bullishman1 (910 in chips) 
Seat 3: Mahu2021 (590 in chips) 
Mahu2021: posts small blind 60
bullishman1: posts big blind 120
*** HOLE CARDS ***
Dealt to Mahu2021 [4c 8c]
Mahu2021: calls 60
bullishman1: checks 
*** FLOP *** [Ts 9d Ac]
bullishman1: bets 120
Mahu2021: folds 
Uncalled bet (120) returned to bullishman1
bullishman1 collected 240 from pot
bullishman1: doesn't show hand 
*** SUMMARY ***
Total pot 240 | Rake 0 
Board [Ts 9d Ac]
Seat 2: bullishman1 (big blind) collected (240)
Seat 3: Mahu2021 (button) (small blind) folded on the Flop



PokerStars Hand #249432537567: Tournament #3729134775, $1.84+$0.16 USD Hold'em No Limit - Level VII (60/120) - 2024/03/15 15:32:10 CET [2024/03/15 10:32:10 ET]
Table '3729134775 1' 3-max Seat #2 is the button
Seat 2: bullishman1 (1030 in chips) 
Seat 3: Mahu2021 (470 in chips) 
bullishman1: posts small blind 60
Mahu2021: posts big blind 120
*** HOLE CARDS ***
Dealt to Mahu2021 [Kh 3c]
bullishman1: calls 60
Mahu2021: raises 350 to 470 and is all-in
bullishman1: folds 
Uncalled bet (350) returned to Mahu2021
Mahu2021 collected 240 from pot
Mahu2021: doesn't show hand 
*** SUMMARY ***
Total pot 240 | Rake 0 
Seat 2: bullishman1 (button) (small blind) folded before Flop
Seat 3: Mahu2021 (big blind) collected (240)



PokerStars Hand #249432539570: Tournament #3729134775, $1.84+$0.16 USD Hold'em No Limit - Level VII (60/120) - 2024/03/15 15:32:19 CET [2024/03/15 10:32:19 ET]
Table '3729134775 1' 3-max Seat #3 is the button
Seat 2: bullishman1 (910 in chips) 
Seat 3: Mahu2021 (590 in chips) 
Mahu2021: posts small blind 60
bullishman1: posts big blind 120
*** HOLE CARDS ***
Dealt to Mahu2021 [3d 7h]
Mahu2021: folds 
Uncalled bet (60) returned to bullishman1
bullishman1 collected 120 from pot
bullishman1: doesn't show hand 
*** SUMMARY ***
Total pot 120 | Rake 0 
Seat 2: bullishman1 (big blind) collected (120)
Seat 3: Mahu2021 (button) (small blind) folded before Flop



PokerStars Hand #249432540584: Tournament #3729134775, $1.84+$0.16 USD Hold'em No Limit - Level VII (60/120) - 2024/03/15 15:32:24 CET [2024/03/15 10:32:24 ET]
Table '3729134775 1' 3-max Seat #2 is the button
Seat 2: bullishman1 (970 in chips) 
Seat 3: Mahu2021 (530 in chips) 
bullishman1: posts small blind 60
Mahu2021: posts big blind 120
*** HOLE CARDS ***
Dealt to Mahu2021 [Ad 4h]
bullishman1: calls 60
Mahu2021: raises 120 to 240
bullishman1: calls 120
*** FLOP *** [Th 6s Js]
Mahu2021: bets 290 and is all-in
bullishman1: calls 290
*** TURN *** [Th 6s Js] [2c]
*** RIVER *** [Th 6s Js 2c] [7h]
*** SHOW DOWN ***
Mahu2021: shows [Ad 4h] (high card Ace)
bullishman1: shows [6c Kh] (a pair of Sixes)
bullishman1 collected 1060 from pot
Mahu2021 finished the tournament in 2nd place
bullishman1 wins the tournament and receives $4.00 - congratulations!
*** SUMMARY ***
Total pot 1060 | Rake 0 
Board [Th 6s Js 2c 7h]
Seat 2: bullishman1 (button) (small blind) showed [6c Kh] and won (1060) with a pair of Sixes
Seat 3: Mahu2021 (big blind) showed [Ad 4h] and lost with high card Ace



