PokerStars Hand #253122096464: Tournament #3816967628, $1.84+$0.16 USD Hold'em No Limit - Level I (10/20) - 2024/10/27 7:47:57 CET [2024/10/27 2:47:57 ET]
Table '3816967628 1' 3-max Seat #1 is the button
Seat 1: Mahu2021 (500 in chips) 
Seat 2: lutz088 (500 in chips) 
Seat 3: Baldi00 (500 in chips) 
lutz088: posts small blind 10
Baldi00: posts big blind 20
*** HOLE CARDS ***
Dealt to Mahu2021 [5s Ac]
Mahu2021: raises 20 to 40
lutz088: calls 30
Baldi00: folds 
*** FLOP *** [3d Kc Ks]
lutz088: checks 
Mahu2021: bets 40
lutz088: calls 40
*** TURN *** [3d Kc Ks] [Td]
lutz088: checks 
Mahu2021: checks 
*** RIVER *** [3d Kc Ks Td] [8h]
lutz088: checks 
Mahu2021: checks 
*** SHOW DOWN ***
lutz088: shows [6d Jc] (a pair of Kings)
Mahu2021: shows [5s Ac] (a pair of Kings - Ace kicker)
Mahu2021 collected 180 from pot
*** SUMMARY ***
Total pot 180 | Rake 0 
Board [3d Kc Ks Td 8h]
Seat 1: Mahu2021 (button) showed [5s Ac] and won (180) with a pair of Kings
Seat 2: lutz088 (small blind) showed [6d Jc] and lost with a pair of Kings
Seat 3: Baldi00 (big blind) folded before Flop



PokerStars Hand #253122098254: Tournament #3816967628, $1.84+$0.16 USD Hold'em No Limit - Level I (10/20) - 2024/10/27 7:48:19 CET [2024/10/27 2:48:19 ET]
Table '3816967628 1' 3-max Seat #2 is the button
Seat 1: Mahu2021 (600 in chips) 
Seat 2: lutz088 (420 in chips) 
Seat 3: Baldi00 (480 in chips) 
Baldi00: posts small blind 10
Mahu2021: posts big blind 20
*** HOLE CARDS ***
Dealt to Mahu2021 [4d Th]
lutz088: calls 20
Baldi00: calls 10
Mahu2021: checks 
*** FLOP *** [7h 2s 3d]
Baldi00: checks 
Mahu2021: checks 
lutz088: checks 
*** TURN *** [7h 2s 3d] [Jd]
Baldi00: checks 
Mahu2021: checks 
lutz088: bets 60
Baldi00: folds 
Mahu2021: folds 
Uncalled bet (60) returned to lutz088
lutz088 collected 60 from pot
lutz088: doesn't show hand 
*** SUMMARY ***
Total pot 60 | Rake 0 
Board [7h 2s 3d Jd]
Seat 1: Mahu2021 (big blind) folded on the Turn
Seat 2: lutz088 (button) collected (60)
Seat 3: Baldi00 (small blind) folded on the Turn



PokerStars Hand #253122101455: Tournament #3816967628, $1.84+$0.16 USD Hold'em No Limit - Level I (10/20) - 2024/10/27 7:48:57 CET [2024/10/27 2:48:57 ET]
Table '3816967628 1' 3-max Seat #3 is the button
Seat 1: Mahu2021 (580 in chips) 
Seat 2: lutz088 (460 in chips) 
Seat 3: Baldi00 (460 in chips) 
Mahu2021: posts small blind 10
lutz088: posts big blind 20
*** HOLE CARDS ***
Dealt to Mahu2021 [2c Th]
Baldi00: folds 
Mahu2021: folds 
Uncalled bet (10) returned to lutz088
lutz088 collected 20 from pot
lutz088: doesn't show hand 
*** SUMMARY ***
Total pot 20 | Rake 0 
Seat 1: Mahu2021 (small blind) folded before Flop
Seat 2: lutz088 (big blind) collected (20)
Seat 3: Baldi00 (button) folded before Flop (didn't bet)



PokerStars Hand #253122101939: Tournament #3816967628, $1.84+$0.16 USD Hold'em No Limit - Level I (10/20) - 2024/10/27 7:49:03 CET [2024/10/27 2:49:03 ET]
Table '3816967628 1' 3-max Seat #1 is the button
Seat 1: Mahu2021 (570 in chips) 
Seat 2: lutz088 (470 in chips) 
Seat 3: Baldi00 (460 in chips) 
lutz088: posts small blind 10
Baldi00: posts big blind 20
*** HOLE CARDS ***
Dealt to Mahu2021 [6c Ks]
Mahu2021: folds 
lutz088: calls 10
Baldi00: checks 
*** FLOP *** [6s 4h 6d]
lutz088: checks 
Baldi00: checks 
*** TURN *** [6s 4h 6d] [8d]
lutz088: bets 20
Baldi00: folds 
Uncalled bet (20) returned to lutz088
lutz088 collected 40 from pot
lutz088: doesn't show hand 
*** SUMMARY ***
Total pot 40 | Rake 0 
Board [6s 4h 6d 8d]
Seat 1: Mahu2021 (button) folded before Flop (didn't bet)
Seat 2: lutz088 (small blind) collected (40)
Seat 3: Baldi00 (big blind) folded on the Turn



PokerStars Hand #253122103144: Tournament #3816967628, $1.84+$0.16 USD Hold'em No Limit - Level I (10/20) - 2024/10/27 7:49:17 CET [2024/10/27 2:49:17 ET]
Table '3816967628 1' 3-max Seat #2 is the button
Seat 1: Mahu2021 (570 in chips) 
Seat 2: lutz088 (490 in chips) 
Seat 3: Baldi00 (440 in chips) 
Baldi00: posts small blind 10
Mahu2021: posts big blind 20
*** HOLE CARDS ***
Dealt to Mahu2021 [Th 9d]
lutz088: calls 20
Baldi00: folds 
Mahu2021: checks 
*** FLOP *** [4s 5s Ks]
Mahu2021: checks 
lutz088: bets 20
Mahu2021: folds 
Uncalled bet (20) returned to lutz088
lutz088 collected 50 from pot
lutz088: doesn't show hand 
*** SUMMARY ***
Total pot 50 | Rake 0 
Board [4s 5s Ks]
Seat 1: Mahu2021 (big blind) folded on the Flop
Seat 2: lutz088 (button) collected (50)
Seat 3: Baldi00 (small blind) folded before Flop



PokerStars Hand #253122104172: Tournament #3816967628, $1.84+$0.16 USD Hold'em No Limit - Level I (10/20) - 2024/10/27 7:49:29 CET [2024/10/27 2:49:29 ET]
Table '3816967628 1' 3-max Seat #3 is the button
Seat 1: Mahu2021 (550 in chips) 
Seat 2: lutz088 (520 in chips) 
Seat 3: Baldi00 (430 in chips) 
Mahu2021: posts small blind 10
lutz088: posts big blind 20
*** HOLE CARDS ***
Dealt to Mahu2021 [9s 3h]
Baldi00: folds 
Mahu2021: folds 
Uncalled bet (10) returned to lutz088
lutz088 collected 20 from pot
lutz088: doesn't show hand 
*** SUMMARY ***
Total pot 20 | Rake 0 
Seat 1: Mahu2021 (small blind) folded before Flop
Seat 2: lutz088 (big blind) collected (20)
Seat 3: Baldi00 (button) folded before Flop (didn't bet)



PokerStars Hand #253122104644: Tournament #3816967628, $1.84+$0.16 USD Hold'em No Limit - Level I (10/20) - 2024/10/27 7:49:35 CET [2024/10/27 2:49:35 ET]
Table '3816967628 1' 3-max Seat #1 is the button
Seat 1: Mahu2021 (540 in chips) 
Seat 2: lutz088 (530 in chips) 
Seat 3: Baldi00 (430 in chips) 
lutz088: posts small blind 10
Baldi00: posts big blind 20
*** HOLE CARDS ***
Dealt to Mahu2021 [6c Ts]
Mahu2021: folds 
lutz088: calls 10
Baldi00: raises 20 to 40
lutz088: folds 
Uncalled bet (20) returned to Baldi00
Baldi00 collected 40 from pot
Baldi00: doesn't show hand 
*** SUMMARY ***
Total pot 40 | Rake 0 
Seat 1: Mahu2021 (button) folded before Flop (didn't bet)
Seat 2: lutz088 (small blind) folded before Flop
Seat 3: Baldi00 (big blind) collected (40)



PokerStars Hand #253122105443: Tournament #3816967628, $1.84+$0.16 USD Hold'em No Limit - Level I (10/20) - 2024/10/27 7:49:44 CET [2024/10/27 2:49:44 ET]
Table '3816967628 1' 3-max Seat #2 is the button
Seat 1: Mahu2021 (540 in chips) 
Seat 2: lutz088 (510 in chips) 
Seat 3: Baldi00 (450 in chips) 
Baldi00: posts small blind 10
Mahu2021: posts big blind 20
*** HOLE CARDS ***
Dealt to Mahu2021 [4h 9s]
lutz088: calls 20
Baldi00: raises 20 to 40
Mahu2021: folds 
lutz088: calls 20
*** FLOP *** [7c 7s Jc]
Baldi00: bets 100
lutz088: folds 
Uncalled bet (100) returned to Baldi00
Baldi00 collected 100 from pot
Baldi00: doesn't show hand 
*** SUMMARY ***
Total pot 100 | Rake 0 
Board [7c 7s Jc]
Seat 1: Mahu2021 (big blind) folded before Flop
Seat 2: lutz088 (button) folded on the Flop
Seat 3: Baldi00 (small blind) collected (100)



PokerStars Hand #253122106838: Tournament #3816967628, $1.84+$0.16 USD Hold'em No Limit - Level I (10/20) - 2024/10/27 7:50:00 CET [2024/10/27 2:50:00 ET]
Table '3816967628 1' 3-max Seat #3 is the button
Seat 1: Mahu2021 (520 in chips) 
Seat 2: lutz088 (470 in chips) 
Seat 3: Baldi00 (510 in chips) 
Mahu2021: posts small blind 10
lutz088: posts big blind 20
*** HOLE CARDS ***
Dealt to Mahu2021 [5d Jh]
Baldi00: folds 
Mahu2021: folds 
Uncalled bet (10) returned to lutz088
lutz088 collected 20 from pot
lutz088: doesn't show hand 
*** SUMMARY ***
Total pot 20 | Rake 0 
Seat 1: Mahu2021 (small blind) folded before Flop
Seat 2: lutz088 (big blind) collected (20)
Seat 3: Baldi00 (button) folded before Flop (didn't bet)



PokerStars Hand #253122107407: Tournament #3816967628, $1.84+$0.16 USD Hold'em No Limit - Level I (10/20) - 2024/10/27 7:50:07 CET [2024/10/27 2:50:07 ET]
Table '3816967628 1' 3-max Seat #1 is the button
Seat 1: Mahu2021 (510 in chips) 
Seat 2: lutz088 (480 in chips) 
Seat 3: Baldi00 (510 in chips) 
lutz088: posts small blind 10
Baldi00: posts big blind 20
*** HOLE CARDS ***
Dealt to Mahu2021 [4c Ah]
Mahu2021: raises 20 to 40
lutz088: calls 30
Baldi00: folds 
*** FLOP *** [Qd 7d 3h]
lutz088: checks 
Mahu2021: checks 
*** TURN *** [Qd 7d 3h] [2s]
lutz088: bets 20
Mahu2021: calls 20
*** RIVER *** [Qd 7d 3h 2s] [3s]
lutz088: bets 140
Mahu2021: folds 
Uncalled bet (140) returned to lutz088
lutz088 collected 140 from pot
lutz088: doesn't show hand 
*** SUMMARY ***
Total pot 140 | Rake 0 
Board [Qd 7d 3h 2s 3s]
Seat 1: Mahu2021 (button) folded on the River
Seat 2: lutz088 (small blind) collected (140)
Seat 3: Baldi00 (big blind) folded before Flop



PokerStars Hand #253122109117: Tournament #3816967628, $1.84+$0.16 USD Hold'em No Limit - Level I (10/20) - 2024/10/27 7:50:27 CET [2024/10/27 2:50:27 ET]
Table '3816967628 1' 3-max Seat #2 is the button
Seat 1: Mahu2021 (450 in chips) 
Seat 2: lutz088 (560 in chips) 
Seat 3: Baldi00 (490 in chips) 
Baldi00: posts small blind 10
Mahu2021: posts big blind 20
*** HOLE CARDS ***
Dealt to Mahu2021 [8d 6d]
lutz088: calls 20
Baldi00: raises 20 to 40
Mahu2021: calls 20
lutz088: calls 20
*** FLOP *** [Ks Js 5s]
Baldi00: bets 60
Mahu2021: folds 
lutz088: calls 60
*** TURN *** [Ks Js 5s] [3d]
Baldi00: bets 390 and is all-in
lutz088: folds 
Uncalled bet (390) returned to Baldi00
Baldi00 collected 240 from pot
Baldi00: doesn't show hand 
*** SUMMARY ***
Total pot 240 | Rake 0 
Board [Ks Js 5s 3d]
Seat 1: Mahu2021 (big blind) folded on the Flop
Seat 2: lutz088 (button) folded on the Turn
Seat 3: Baldi00 (small blind) collected (240)



PokerStars Hand #253122111447: Tournament #3816967628, $1.84+$0.16 USD Hold'em No Limit - Level I (10/20) - 2024/10/27 7:50:54 CET [2024/10/27 2:50:54 ET]
Table '3816967628 1' 3-max Seat #3 is the button
Seat 1: Mahu2021 (410 in chips) 
Seat 2: lutz088 (460 in chips) 
Seat 3: Baldi00 (630 in chips) 
Mahu2021: posts small blind 10
lutz088: posts big blind 20
*** HOLE CARDS ***
Dealt to Mahu2021 [7h 3s]
Baldi00: calls 20
Mahu2021: folds 
lutz088: checks 
*** FLOP *** [4c 3d 2d]
lutz088: bets 20
Baldi00: calls 20
*** TURN *** [4c 3d 2d] [Jc]
lutz088: bets 60
Baldi00: folds 
Uncalled bet (60) returned to lutz088
lutz088 collected 90 from pot
lutz088: doesn't show hand 
*** SUMMARY ***
Total pot 90 | Rake 0 
Board [4c 3d 2d Jc]
Seat 1: Mahu2021 (small blind) folded before Flop
Seat 2: lutz088 (big blind) collected (90)
Seat 3: Baldi00 (button) folded on the Turn



PokerStars Hand #253122112941: Tournament #3816967628, $1.84+$0.16 USD Hold'em No Limit - Level I (10/20) - 2024/10/27 7:51:12 CET [2024/10/27 2:51:12 ET]
Table '3816967628 1' 3-max Seat #1 is the button
Seat 1: Mahu2021 (400 in chips) 
Seat 2: lutz088 (510 in chips) 
Seat 3: Baldi00 (590 in chips) 
lutz088: posts small blind 10
Baldi00: posts big blind 20
*** HOLE CARDS ***
Dealt to Mahu2021 [As Ah]
Mahu2021: raises 20 to 40
lutz088: calls 30
Baldi00: calls 20
*** FLOP *** [Tc 6s 9s]
lutz088: checks 
Baldi00: bets 120
Mahu2021: folds 
lutz088: folds 
Uncalled bet (120) returned to Baldi00
Baldi00 collected 120 from pot
Baldi00: doesn't show hand 
*** SUMMARY ***
Total pot 120 | Rake 0 
Board [Tc 6s 9s]
Seat 1: Mahu2021 (button) folded on the Flop
Seat 2: lutz088 (small blind) folded on the Flop
Seat 3: Baldi00 (big blind) collected (120)



PokerStars Hand #253122114744: Tournament #3816967628, $1.84+$0.16 USD Hold'em No Limit - Level I (10/20) - 2024/10/27 7:51:33 CET [2024/10/27 2:51:33 ET]
Table '3816967628 1' 3-max Seat #2 is the button
Seat 1: Mahu2021 (360 in chips) 
Seat 2: lutz088 (470 in chips) 
Seat 3: Baldi00 (670 in chips) 
Baldi00: posts small blind 10
Mahu2021: posts big blind 20
*** HOLE CARDS ***
Dealt to Mahu2021 [Th 9h]
lutz088: folds 
Baldi00: calls 10
Mahu2021: checks 
*** FLOP *** [6c Kc 4c]
Baldi00: checks 
Mahu2021: checks 
*** TURN *** [6c Kc 4c] [3s]
Baldi00: checks 
Mahu2021: bets 20
Baldi00: folds 
Uncalled bet (20) returned to Mahu2021
Mahu2021 collected 40 from pot
Mahu2021: doesn't show hand 
*** SUMMARY ***
Total pot 40 | Rake 0 
Board [6c Kc 4c 3s]
Seat 1: Mahu2021 (big blind) collected (40)
Seat 2: lutz088 (button) folded before Flop (didn't bet)
Seat 3: Baldi00 (small blind) folded on the Turn



PokerStars Hand #253122116099: Tournament #3816967628, $1.84+$0.16 USD Hold'em No Limit - Level I (10/20) - 2024/10/27 7:51:49 CET [2024/10/27 2:51:49 ET]
Table '3816967628 1' 3-max Seat #3 is the button
Seat 1: Mahu2021 (380 in chips) 
Seat 2: lutz088 (470 in chips) 
Seat 3: Baldi00 (650 in chips) 
Mahu2021: posts small blind 10
lutz088: posts big blind 20
*** HOLE CARDS ***
Dealt to Mahu2021 [Kd 6c]
Baldi00: folds 
Mahu2021: calls 10
lutz088: checks 
*** FLOP *** [Qd 5h Ts]
Mahu2021: checks 
lutz088: bets 20
Mahu2021: folds 
Uncalled bet (20) returned to lutz088
lutz088 collected 40 from pot
lutz088: doesn't show hand 
*** SUMMARY ***
Total pot 40 | Rake 0 
Board [Qd 5h Ts]
Seat 1: Mahu2021 (small blind) folded on the Flop
Seat 2: lutz088 (big blind) collected (40)
Seat 3: Baldi00 (button) folded before Flop (didn't bet)



PokerStars Hand #253122117381: Tournament #3816967628, $1.84+$0.16 USD Hold'em No Limit - Level II (15/30) - 2024/10/27 7:52:05 CET [2024/10/27 2:52:05 ET]
Table '3816967628 1' 3-max Seat #1 is the button
Seat 1: Mahu2021 (360 in chips) 
Seat 2: lutz088 (490 in chips) 
Seat 3: Baldi00 (650 in chips) 
lutz088: posts small blind 15
Baldi00: posts big blind 30
*** HOLE CARDS ***
Dealt to Mahu2021 [7h Td]
Mahu2021: folds 
lutz088: folds 
Uncalled bet (15) returned to Baldi00
Baldi00 collected 30 from pot
Baldi00: doesn't show hand 
*** SUMMARY ***
Total pot 30 | Rake 0 
Seat 1: Mahu2021 (button) folded before Flop (didn't bet)
Seat 2: lutz088 (small blind) folded before Flop
Seat 3: Baldi00 (big blind) collected (30)



PokerStars Hand #253122117862: Tournament #3816967628, $1.84+$0.16 USD Hold'em No Limit - Level II (15/30) - 2024/10/27 7:52:10 CET [2024/10/27 2:52:10 ET]
Table '3816967628 1' 3-max Seat #2 is the button
Seat 1: Mahu2021 (360 in chips) 
Seat 2: lutz088 (475 in chips) 
Seat 3: Baldi00 (665 in chips) 
Baldi00: posts small blind 15
Mahu2021: posts big blind 30
*** HOLE CARDS ***
Dealt to Mahu2021 [2d Kh]
lutz088: calls 30
Baldi00: folds 
Mahu2021: checks 
*** FLOP *** [Qd 7d Kd]
Mahu2021: bets 30
lutz088: raises 30 to 60
Mahu2021: calls 30
*** TURN *** [Qd 7d Kd] [3c]
Mahu2021: checks 
lutz088: bets 195
Mahu2021: folds 
Uncalled bet (195) returned to lutz088
lutz088 collected 195 from pot
lutz088: doesn't show hand 
*** SUMMARY ***
Total pot 195 | Rake 0 
Board [Qd 7d Kd 3c]
Seat 1: Mahu2021 (big blind) folded on the Turn
Seat 2: lutz088 (button) collected (195)
Seat 3: Baldi00 (small blind) folded before Flop



PokerStars Hand #253122119882: Tournament #3816967628, $1.84+$0.16 USD Hold'em No Limit - Level II (15/30) - 2024/10/27 7:52:34 CET [2024/10/27 2:52:34 ET]
Table '3816967628 1' 3-max Seat #3 is the button
Seat 1: Mahu2021 (270 in chips) 
Seat 2: lutz088 (580 in chips) 
Seat 3: Baldi00 (650 in chips) 
Mahu2021: posts small blind 15
lutz088: posts big blind 30
*** HOLE CARDS ***
Dealt to Mahu2021 [8h Jc]
Baldi00: folds 
Mahu2021: folds 
Uncalled bet (15) returned to lutz088
lutz088 collected 30 from pot
lutz088: doesn't show hand 
*** SUMMARY ***
Total pot 30 | Rake 0 
Seat 1: Mahu2021 (small blind) folded before Flop
Seat 2: lutz088 (big blind) collected (30)
Seat 3: Baldi00 (button) folded before Flop (didn't bet)



PokerStars Hand #253122120363: Tournament #3816967628, $1.84+$0.16 USD Hold'em No Limit - Level II (15/30) - 2024/10/27 7:52:40 CET [2024/10/27 2:52:40 ET]
Table '3816967628 1' 3-max Seat #1 is the button
Seat 1: Mahu2021 (255 in chips) 
Seat 2: lutz088 (595 in chips) 
Seat 3: Baldi00 (650 in chips) 
lutz088: posts small blind 15
Baldi00: posts big blind 30
*** HOLE CARDS ***
Dealt to Mahu2021 [5d 5s]
Mahu2021: raises 225 to 255 and is all-in
lutz088: folds 
Baldi00: folds 
Uncalled bet (225) returned to Mahu2021
Mahu2021 collected 75 from pot
Mahu2021: doesn't show hand 
*** SUMMARY ***
Total pot 75 | Rake 0 
Seat 1: Mahu2021 (button) collected (75)
Seat 2: lutz088 (small blind) folded before Flop
Seat 3: Baldi00 (big blind) folded before Flop



PokerStars Hand #253122120982: Tournament #3816967628, $1.84+$0.16 USD Hold'em No Limit - Level II (15/30) - 2024/10/27 7:52:48 CET [2024/10/27 2:52:48 ET]
Table '3816967628 1' 3-max Seat #2 is the button
Seat 1: Mahu2021 (300 in chips) 
Seat 2: lutz088 (580 in chips) 
Seat 3: Baldi00 (620 in chips) 
Baldi00: posts small blind 15
Mahu2021: posts big blind 30
*** HOLE CARDS ***
Dealt to Mahu2021 [9h 7h]
lutz088: calls 30
Baldi00: calls 15
Mahu2021: checks 
*** FLOP *** [Qd 9s Ts]
Baldi00: bets 90
Mahu2021: folds 
lutz088: raises 90 to 180
Baldi00: raises 410 to 590 and is all-in
lutz088: calls 370 and is all-in
Uncalled bet (40) returned to Baldi00
*** TURN *** [Qd 9s Ts] [Ac]
*** RIVER *** [Qd 9s Ts Ac] [8d]
*** SHOW DOWN ***
Baldi00: shows [Ks Kh] (a pair of Kings)
lutz088: shows [Kc Jh] (a straight, Ten to Ace)
lutz088 collected 1190 from pot
*** SUMMARY ***
Total pot 1190 | Rake 0 
Board [Qd 9s Ts Ac 8d]
Seat 1: Mahu2021 (big blind) folded on the Flop
Seat 2: lutz088 (button) showed [Kc Jh] and won (1190) with a straight, Ten to Ace
Seat 3: Baldi00 (small blind) showed [Ks Kh] and lost with a pair of Kings



PokerStars Hand #253122122813: Tournament #3816967628, $1.84+$0.16 USD Hold'em No Limit - Level II (15/30) - 2024/10/27 7:53:10 CET [2024/10/27 2:53:10 ET]
Table '3816967628 1' 3-max Seat #3 is the button
Seat 1: Mahu2021 (270 in chips) 
Seat 2: lutz088 (1190 in chips) 
Seat 3: Baldi00 (40 in chips) 
Mahu2021: posts small blind 15
lutz088: posts big blind 30
*** HOLE CARDS ***
Dealt to Mahu2021 [5d Ks]
Baldi00: raises 10 to 40 and is all-in
Mahu2021: calls 25
lutz088: calls 10
*** FLOP *** [5h Td 2d]
Mahu2021: bets 30
lutz088: calls 30
*** TURN *** [5h Td 2d] [6s]
Mahu2021: checks 
lutz088: checks 
*** RIVER *** [5h Td 2d 6s] [Ts]
Mahu2021: bets 30
lutz088: folds 
Uncalled bet (30) returned to Mahu2021
*** SHOW DOWN ***
Mahu2021: shows [5d Ks] (two pair, Tens and Fives)
Mahu2021 collected 60 from side pot
Baldi00: shows [Kh 3c] (a pair of Tens)
Mahu2021 collected 120 from main pot
Baldi00 finished the tournament in 3rd place
*** SUMMARY ***
Total pot 180 Main pot 120. Side pot 60. | Rake 0 
Board [5h Td 2d 6s Ts]
Seat 1: Mahu2021 (small blind) showed [5d Ks] and won (180) with two pair, Tens and Fives
Seat 2: lutz088 (big blind) folded on the River
Seat 3: Baldi00 (button) showed [Kh 3c] and lost with a pair of Tens



PokerStars Hand #253122125139: Tournament #3816967628, $1.84+$0.16 USD Hold'em No Limit - Level II (15/30) - 2024/10/27 7:53:37 CET [2024/10/27 2:53:37 ET]
Table '3816967628 1' 3-max Seat #2 is the button
Seat 1: Mahu2021 (380 in chips) 
Seat 2: lutz088 (1120 in chips) 
lutz088: posts small blind 15
Mahu2021: posts big blind 30
*** HOLE CARDS ***
Dealt to Mahu2021 [2h Ac]
lutz088: calls 15
Mahu2021: checks 
*** FLOP *** [2c 5h Jc]
Mahu2021: bets 30
lutz088: folds 
Uncalled bet (30) returned to Mahu2021
Mahu2021 collected 60 from pot
Mahu2021: doesn't show hand 
*** SUMMARY ***
Total pot 60 | Rake 0 
Board [2c 5h Jc]
Seat 1: Mahu2021 (big blind) collected (60)
Seat 2: lutz088 (button) (small blind) folded on the Flop



PokerStars Hand #253122126300: Tournament #3816967628, $1.84+$0.16 USD Hold'em No Limit - Level II (15/30) - 2024/10/27 7:53:52 CET [2024/10/27 2:53:52 ET]
Table '3816967628 1' 3-max Seat #1 is the button
Seat 1: Mahu2021 (410 in chips) 
Seat 2: lutz088 (1090 in chips) 
Mahu2021: posts small blind 15
lutz088: posts big blind 30
*** HOLE CARDS ***
Dealt to Mahu2021 [6s 9s]
Mahu2021: calls 15
lutz088: checks 
*** FLOP *** [7h Kc Ah]
lutz088: checks 
Mahu2021: checks 
*** TURN *** [7h Kc Ah] [Qs]
lutz088: bets 30
Mahu2021: folds 
Uncalled bet (30) returned to lutz088
lutz088 collected 60 from pot
lutz088: doesn't show hand 
*** SUMMARY ***
Total pot 60 | Rake 0 
Board [7h Kc Ah Qs]
Seat 1: Mahu2021 (button) (small blind) folded on the Turn
Seat 2: lutz088 (big blind) collected (60)



PokerStars Hand #253122127588: Tournament #3816967628, $1.84+$0.16 USD Hold'em No Limit - Level II (15/30) - 2024/10/27 7:54:07 CET [2024/10/27 2:54:07 ET]
Table '3816967628 1' 3-max Seat #2 is the button
Seat 1: Mahu2021 (380 in chips) 
Seat 2: lutz088 (1120 in chips) 
lutz088: posts small blind 15
Mahu2021: posts big blind 30
*** HOLE CARDS ***
Dealt to Mahu2021 [2h 4h]
lutz088: calls 15
Mahu2021: checks 
*** FLOP *** [5s 3h Jd]
Mahu2021: bets 30
lutz088: calls 30
*** TURN *** [5s 3h Jd] [Jc]
Mahu2021: bets 30
lutz088: raises 30 to 60
Mahu2021: calls 30
*** RIVER *** [5s 3h Jd Jc] [Qd]
Mahu2021: checks 
lutz088: bets 150
Mahu2021: folds 
Uncalled bet (150) returned to lutz088
lutz088 collected 240 from pot
lutz088: doesn't show hand 
*** SUMMARY ***
Total pot 240 | Rake 0 
Board [5s 3h Jd Jc Qd]
Seat 1: Mahu2021 (big blind) folded on the River
Seat 2: lutz088 (button) (small blind) collected (240)



PokerStars Hand #253122129471: Tournament #3816967628, $1.84+$0.16 USD Hold'em No Limit - Level II (15/30) - 2024/10/27 7:54:30 CET [2024/10/27 2:54:30 ET]
Table '3816967628 1' 3-max Seat #1 is the button
Seat 1: Mahu2021 (260 in chips) 
Seat 2: lutz088 (1240 in chips) 
Mahu2021: posts small blind 15
lutz088: posts big blind 30
*** HOLE CARDS ***
Dealt to Mahu2021 [Td Ad]
Mahu2021: raises 30 to 60
lutz088: raises 30 to 90
Mahu2021: raises 170 to 260 and is all-in
lutz088: calls 170
*** FLOP *** [7d Js 7c]
*** TURN *** [7d Js 7c] [Kd]
*** RIVER *** [7d Js 7c Kd] [5d]
*** SHOW DOWN ***
lutz088: shows [Qh Ah] (a pair of Sevens)
Mahu2021: shows [Td Ad] (a flush, Ace high)
Mahu2021 collected 520 from pot
*** SUMMARY ***
Total pot 520 | Rake 0 
Board [7d Js 7c Kd 5d]
Seat 1: Mahu2021 (button) (small blind) showed [Td Ad] and won (520) with a flush, Ace high
Seat 2: lutz088 (big blind) showed [Qh Ah] and lost with a pair of Sevens



PokerStars Hand #253122130885: Tournament #3816967628, $1.84+$0.16 USD Hold'em No Limit - Level II (15/30) - 2024/10/27 7:54:47 CET [2024/10/27 2:54:47 ET]
Table '3816967628 1' 3-max Seat #2 is the button
Seat 1: Mahu2021 (520 in chips) 
Seat 2: lutz088 (980 in chips) 
lutz088: posts small blind 15
Mahu2021: posts big blind 30
*** HOLE CARDS ***
Dealt to Mahu2021 [Js 5s]
lutz088: folds 
Uncalled bet (15) returned to Mahu2021
Mahu2021 collected 30 from pot
Mahu2021: doesn't show hand 
*** SUMMARY ***
Total pot 30 | Rake 0 
Seat 1: Mahu2021 (big blind) collected (30)
Seat 2: lutz088 (button) (small blind) folded before Flop



PokerStars Hand #253122131388: Tournament #3816967628, $1.84+$0.16 USD Hold'em No Limit - Level II (15/30) - 2024/10/27 7:54:53 CET [2024/10/27 2:54:53 ET]
Table '3816967628 1' 3-max Seat #1 is the button
Seat 1: Mahu2021 (535 in chips) 
Seat 2: lutz088 (965 in chips) 
Mahu2021: posts small blind 15
lutz088: posts big blind 30
*** HOLE CARDS ***
Dealt to Mahu2021 [4s Ks]
Mahu2021: raises 30 to 60
lutz088: calls 30
*** FLOP *** [Jd Qh 9s]
lutz088: checks 
Mahu2021: checks 
*** TURN *** [Jd Qh 9s] [Qc]
lutz088: bets 30
Mahu2021: calls 30
*** RIVER *** [Jd Qh 9s Qc] [Td]
lutz088: bets 90
Mahu2021: raises 90 to 180
lutz088: folds 
Uncalled bet (90) returned to Mahu2021
Mahu2021 collected 360 from pot
Mahu2021: doesn't show hand 
*** SUMMARY ***
Total pot 360 | Rake 0 
Board [Jd Qh 9s Qc Td]
Seat 1: Mahu2021 (button) (small blind) collected (360)
Seat 2: lutz088 (big blind) folded on the River



PokerStars Hand #253122133164: Tournament #3816967628, $1.84+$0.16 USD Hold'em No Limit - Level II (15/30) - 2024/10/27 7:55:16 CET [2024/10/27 2:55:16 ET]
Table '3816967628 1' 3-max Seat #2 is the button
Seat 1: Mahu2021 (715 in chips) 
Seat 2: lutz088 (785 in chips) 
lutz088: posts small blind 15
Mahu2021: posts big blind 30
*** HOLE CARDS ***
Dealt to Mahu2021 [3h 6d]
lutz088: raises 30 to 60
Mahu2021: folds 
Uncalled bet (30) returned to lutz088
lutz088 collected 60 from pot
lutz088: doesn't show hand 
*** SUMMARY ***
Total pot 60 | Rake 0 
Seat 1: Mahu2021 (big blind) folded before Flop
Seat 2: lutz088 (button) (small blind) collected (60)



PokerStars Hand #253122133638: Tournament #3816967628, $1.84+$0.16 USD Hold'em No Limit - Level II (15/30) - 2024/10/27 7:55:23 CET [2024/10/27 2:55:23 ET]
Table '3816967628 1' 3-max Seat #1 is the button
Seat 1: Mahu2021 (685 in chips) 
Seat 2: lutz088 (815 in chips) 
Mahu2021: posts small blind 15
lutz088: posts big blind 30
*** HOLE CARDS ***
Dealt to Mahu2021 [6h 8h]
Mahu2021: raises 30 to 60
lutz088: folds 
Uncalled bet (30) returned to Mahu2021
Mahu2021 collected 60 from pot
Mahu2021: doesn't show hand 
*** SUMMARY ***
Total pot 60 | Rake 0 
Seat 1: Mahu2021 (button) (small blind) collected (60)
Seat 2: lutz088 (big blind) folded before Flop



PokerStars Hand #253122134123: Tournament #3816967628, $1.84+$0.16 USD Hold'em No Limit - Level II (15/30) - 2024/10/27 7:55:29 CET [2024/10/27 2:55:29 ET]
Table '3816967628 1' 3-max Seat #2 is the button
Seat 1: Mahu2021 (715 in chips) 
Seat 2: lutz088 (785 in chips) 
lutz088: posts small blind 15
Mahu2021: posts big blind 30
*** HOLE CARDS ***
Dealt to Mahu2021 [8c 3c]
lutz088: calls 15
Mahu2021: checks 
*** FLOP *** [2d 7h 2s]
Mahu2021: checks 
lutz088: bets 60
Mahu2021: folds 
Uncalled bet (60) returned to lutz088
lutz088 collected 60 from pot
lutz088: doesn't show hand 
*** SUMMARY ***
Total pot 60 | Rake 0 
Board [2d 7h 2s]
Seat 1: Mahu2021 (big blind) folded on the Flop
Seat 2: lutz088 (button) (small blind) collected (60)



PokerStars Hand #253122134987: Tournament #3816967628, $1.84+$0.16 USD Hold'em No Limit - Level II (15/30) - 2024/10/27 7:55:41 CET [2024/10/27 2:55:41 ET]
Table '3816967628 1' 3-max Seat #1 is the button
Seat 1: Mahu2021 (685 in chips) 
Seat 2: lutz088 (815 in chips) 
Mahu2021: posts small blind 15
lutz088: posts big blind 30
*** HOLE CARDS ***
Dealt to Mahu2021 [7h 2h]
Mahu2021: folds 
Uncalled bet (15) returned to lutz088
lutz088 collected 30 from pot
lutz088: doesn't show hand 
*** SUMMARY ***
Total pot 30 | Rake 0 
Seat 1: Mahu2021 (button) (small blind) folded before Flop
Seat 2: lutz088 (big blind) collected (30)



PokerStars Hand #253122135380: Tournament #3816967628, $1.84+$0.16 USD Hold'em No Limit - Level II (15/30) - 2024/10/27 7:55:46 CET [2024/10/27 2:55:46 ET]
Table '3816967628 1' 3-max Seat #2 is the button
Seat 1: Mahu2021 (670 in chips) 
Seat 2: lutz088 (830 in chips) 
lutz088: posts small blind 15
Mahu2021: posts big blind 30
*** HOLE CARDS ***
Dealt to Mahu2021 [4d 3s]
lutz088: calls 15
Mahu2021: checks 
*** FLOP *** [2d Td 9h]
Mahu2021: checks 
lutz088: checks 
*** TURN *** [2d Td 9h] [As]
Mahu2021: checks 
lutz088: bets 30
Mahu2021: calls 30
*** RIVER *** [2d Td 9h As] [6h]
Mahu2021: checks 
lutz088: bets 90
Mahu2021: folds 
Uncalled bet (90) returned to lutz088
lutz088 collected 120 from pot
lutz088: doesn't show hand 
*** SUMMARY ***
Total pot 120 | Rake 0 
Board [2d Td 9h As 6h]
Seat 1: Mahu2021 (big blind) folded on the River
Seat 2: lutz088 (button) (small blind) collected (120)



PokerStars Hand #253122136833: Tournament #3816967628, $1.84+$0.16 USD Hold'em No Limit - Level III (20/40) - 2024/10/27 7:56:06 CET [2024/10/27 2:56:06 ET]
Table '3816967628 1' 3-max Seat #1 is the button
Seat 1: Mahu2021 (610 in chips) 
Seat 2: lutz088 (890 in chips) 
Mahu2021: posts small blind 20
lutz088: posts big blind 40
*** HOLE CARDS ***
Dealt to Mahu2021 [2c 7c]
Mahu2021: folds 
Uncalled bet (20) returned to lutz088
lutz088 collected 40 from pot
lutz088: doesn't show hand 
*** SUMMARY ***
Total pot 40 | Rake 0 
Seat 1: Mahu2021 (button) (small blind) folded before Flop
Seat 2: lutz088 (big blind) collected (40)



PokerStars Hand #253122137127: Tournament #3816967628, $1.84+$0.16 USD Hold'em No Limit - Level III (20/40) - 2024/10/27 7:56:10 CET [2024/10/27 2:56:10 ET]
Table '3816967628 1' 3-max Seat #2 is the button
Seat 1: Mahu2021 (590 in chips) 
Seat 2: lutz088 (910 in chips) 
lutz088: posts small blind 20
Mahu2021: posts big blind 40
*** HOLE CARDS ***
Dealt to Mahu2021 [Kh 4s]
lutz088: calls 20
Mahu2021: checks 
*** FLOP *** [Td 2d 9d]
Mahu2021: checks 
lutz088: bets 40
Mahu2021: folds 
Uncalled bet (40) returned to lutz088
lutz088 collected 80 from pot
lutz088: doesn't show hand 
*** SUMMARY ***
Total pot 80 | Rake 0 
Board [Td 2d 9d]
Seat 1: Mahu2021 (big blind) folded on the Flop
Seat 2: lutz088 (button) (small blind) collected (80)



PokerStars Hand #253122137942: Tournament #3816967628, $1.84+$0.16 USD Hold'em No Limit - Level III (20/40) - 2024/10/27 7:56:21 CET [2024/10/27 2:56:21 ET]
Table '3816967628 1' 3-max Seat #1 is the button
Seat 1: Mahu2021 (550 in chips) 
Seat 2: lutz088 (950 in chips) 
Mahu2021: posts small blind 20
lutz088: posts big blind 40
*** HOLE CARDS ***
Dealt to Mahu2021 [8c Td]
Mahu2021: raises 40 to 80
lutz088: calls 40
*** FLOP *** [5s 2s 2h]
lutz088: checks 
Mahu2021: checks 
*** TURN *** [5s 2s 2h] [4h]
lutz088: bets 40
Mahu2021: raises 40 to 80
lutz088: calls 40
*** RIVER *** [5s 2s 2h 4h] [6s]
lutz088: checks 
Mahu2021: bets 390 and is all-in
lutz088: folds 
Uncalled bet (390) returned to Mahu2021
Mahu2021 collected 320 from pot
Mahu2021: doesn't show hand 
*** SUMMARY ***
Total pot 320 | Rake 0 
Board [5s 2s 2h 4h 6s]
Seat 1: Mahu2021 (button) (small blind) collected (320)
Seat 2: lutz088 (big blind) folded on the River



PokerStars Hand #253122139584: Tournament #3816967628, $1.84+$0.16 USD Hold'em No Limit - Level III (20/40) - 2024/10/27 7:56:43 CET [2024/10/27 2:56:43 ET]
Table '3816967628 1' 3-max Seat #2 is the button
Seat 1: Mahu2021 (710 in chips) 
Seat 2: lutz088 (790 in chips) 
lutz088: posts small blind 20
Mahu2021: posts big blind 40
*** HOLE CARDS ***
Dealt to Mahu2021 [Js Ks]
lutz088: calls 20
Mahu2021: checks 
*** FLOP *** [5h 9c Kh]
Mahu2021: checks 
lutz088: bets 80
Mahu2021: raises 80 to 160
lutz088: calls 80
*** TURN *** [5h 9c Kh] [Jc]
Mahu2021: checks 
lutz088: checks 
*** RIVER *** [5h 9c Kh Jc] [4d]
Mahu2021: bets 400
lutz088: folds 
Uncalled bet (400) returned to Mahu2021
Mahu2021 collected 400 from pot
Mahu2021: doesn't show hand 
*** SUMMARY ***
Total pot 400 | Rake 0 
Board [5h 9c Kh Jc 4d]
Seat 1: Mahu2021 (big blind) collected (400)
Seat 2: lutz088 (button) (small blind) folded on the River



PokerStars Hand #253122141279: Tournament #3816967628, $1.84+$0.16 USD Hold'em No Limit - Level III (20/40) - 2024/10/27 7:57:06 CET [2024/10/27 2:57:06 ET]
Table '3816967628 1' 3-max Seat #1 is the button
Seat 1: Mahu2021 (910 in chips) 
Seat 2: lutz088 (590 in chips) 
Mahu2021: posts small blind 20
lutz088: posts big blind 40
*** HOLE CARDS ***
Dealt to Mahu2021 [7c 7h]
Mahu2021: raises 870 to 910 and is all-in
lutz088: calls 550 and is all-in
Uncalled bet (320) returned to Mahu2021
*** FLOP *** [7d 9c Qc]
*** TURN *** [7d 9c Qc] [Td]
*** RIVER *** [7d 9c Qc Td] [Ac]
*** SHOW DOWN ***
lutz088: shows [As Jc] (a pair of Aces)
Mahu2021: shows [7c 7h] (three of a kind, Sevens)
Mahu2021 collected 1180 from pot
lutz088 finished the tournament in 2nd place and received $4.00.
Mahu2021 wins the tournament and receives $16.00 - congratulations!
*** SUMMARY ***
Total pot 1180 | Rake 0 
Board [7d 9c Qc Td Ac]
Seat 1: Mahu2021 (button) (small blind) showed [7c 7h] and won (1180) with three of a kind, Sevens
Seat 2: lutz088 (big blind) showed [As Jc] and lost with a pair of Aces



