PokerStars Hand #253092882528: Tournament #3816273575, $1.84+$0.16 USD Hold'em No Limit - Level I (10/20) - 2024/10/25 13:07:23 CET [2024/10/25 7:07:23 ET]
Table '3816273575 1' 3-max Seat #1 is the button
Seat 1: ginsiuks85 (500 in chips) 
Seat 2: EidlehS (500 in chips) 
Seat 3: Mahu2021 (500 in chips) 
EidlehS: posts small blind 10
Mahu2021: posts big blind 20
*** HOLE CARDS ***
Dealt to Mahu2021 [4c 2d]
ginsiuks85: folds 
EidlehS: raises 20 to 40
Mahu2021: folds 
Uncalled bet (20) returned to EidlehS
EidlehS collected 40 from pot
EidlehS: doesn't show hand 
*** SUMMARY ***
Total pot 40 | Rake 0 
Seat 1: ginsiuks85 (button) folded before Flop (didn't bet)
Seat 2: EidlehS (small blind) collected (40)
Seat 3: Mahu2021 (big blind) folded before Flop



PokerStars Hand #253092884042: Tournament #3816273575, $1.84+$0.16 USD Hold'em No Limit - Level I (10/20) - 2024/10/25 13:07:35 CET [2024/10/25 7:07:35 ET]
Table '3816273575 1' 3-max Seat #2 is the button
Seat 1: ginsiuks85 (500 in chips) 
Seat 2: EidlehS (520 in chips) 
Seat 3: Mahu2021 (480 in chips) 
Mahu2021: posts small blind 10
ginsiuks85: posts big blind 20
*** HOLE CARDS ***
Dealt to Mahu2021 [As 2c]
EidlehS: raises 20 to 40
Mahu2021: calls 30
ginsiuks85: folds 
*** FLOP *** [6d 7h 6c]
Mahu2021: checks 
EidlehS: bets 50
Mahu2021: calls 50
*** TURN *** [6d 7h 6c] [3s]
Mahu2021: checks 
EidlehS: bets 100
Mahu2021: raises 290 to 390 and is all-in
EidlehS: folds 
Uncalled bet (290) returned to Mahu2021
Mahu2021 collected 400 from pot
Mahu2021: doesn't show hand 
*** SUMMARY ***
Total pot 400 | Rake 0 
Board [6d 7h 6c 3s]
Seat 1: ginsiuks85 (big blind) folded before Flop
Seat 2: EidlehS (button) folded on the Turn
Seat 3: Mahu2021 (small blind) collected (400)



PokerStars Hand #253092887167: Tournament #3816273575, $1.84+$0.16 USD Hold'em No Limit - Level I (10/20) - 2024/10/25 13:07:58 CET [2024/10/25 7:07:58 ET]
Table '3816273575 1' 3-max Seat #3 is the button
Seat 1: ginsiuks85 (480 in chips) 
Seat 2: EidlehS (330 in chips) 
Seat 3: Mahu2021 (690 in chips) 
ginsiuks85: posts small blind 10
EidlehS: posts big blind 20
*** HOLE CARDS ***
Dealt to Mahu2021 [Qs Qc]
Mahu2021: raises 20 to 40
ginsiuks85: folds 
EidlehS: raises 290 to 330 and is all-in
Mahu2021: calls 290
*** FLOP *** [9c Jh 4c]
*** TURN *** [9c Jh 4c] [5c]
*** RIVER *** [9c Jh 4c 5c] [Ts]
*** SHOW DOWN ***
EidlehS: shows [6d Ac] (high card Ace)
Mahu2021: shows [Qs Qc] (a pair of Queens)
Mahu2021 collected 670 from pot
EidlehS finished the tournament in 3rd place
*** SUMMARY ***
Total pot 670 | Rake 0 
Board [9c Jh 4c 5c Ts]
Seat 1: ginsiuks85 (small blind) folded before Flop
Seat 2: EidlehS (big blind) showed [6d Ac] and lost with high card Ace
Seat 3: Mahu2021 (button) showed [Qs Qc] and won (670) with a pair of Queens



PokerStars Hand #253092890011: Tournament #3816273575, $1.84+$0.16 USD Hold'em No Limit - Level I (10/20) - 2024/10/25 13:08:20 CET [2024/10/25 7:08:20 ET]
Table '3816273575 1' 3-max Seat #1 is the button
Seat 1: ginsiuks85 (470 in chips) 
Seat 3: Mahu2021 (1030 in chips) 
ginsiuks85: posts small blind 10
Mahu2021: posts big blind 20
*** HOLE CARDS ***
Dealt to Mahu2021 [6d Jh]
ginsiuks85: folds 
Uncalled bet (10) returned to Mahu2021
Mahu2021 collected 20 from pot
Mahu2021: doesn't show hand 
*** SUMMARY ***
Total pot 20 | Rake 0 
Seat 1: ginsiuks85 (button) (small blind) folded before Flop
Seat 3: Mahu2021 (big blind) collected (20)



PokerStars Hand #253092890440: Tournament #3816273575, $1.84+$0.16 USD Hold'em No Limit - Level I (10/20) - 2024/10/25 13:08:24 CET [2024/10/25 7:08:24 ET]
Table '3816273575 1' 3-max Seat #3 is the button
Seat 1: ginsiuks85 (460 in chips) 
Seat 3: Mahu2021 (1040 in chips) 
Mahu2021: posts small blind 10
ginsiuks85: posts big blind 20
*** HOLE CARDS ***
Dealt to Mahu2021 [Jc 5d]
Mahu2021: raises 20 to 40
ginsiuks85: raises 80 to 120
Mahu2021: folds 
Uncalled bet (80) returned to ginsiuks85
ginsiuks85 collected 80 from pot
*** SUMMARY ***
Total pot 80 | Rake 0 
Seat 1: ginsiuks85 (big blind) collected (80)
Seat 3: Mahu2021 (button) (small blind) folded before Flop



PokerStars Hand #253092892428: Tournament #3816273575, $1.84+$0.16 USD Hold'em No Limit - Level I (10/20) - 2024/10/25 13:08:39 CET [2024/10/25 7:08:39 ET]
Table '3816273575 1' 3-max Seat #1 is the button
Seat 1: ginsiuks85 (500 in chips) 
Seat 3: Mahu2021 (1000 in chips) 
ginsiuks85: posts small blind 10
Mahu2021: posts big blind 20
*** HOLE CARDS ***
Dealt to Mahu2021 [Ts 9s]
ginsiuks85: raises 20 to 40
Mahu2021: calls 20
*** FLOP *** [4c 9h Ks]
Mahu2021: checks 
ginsiuks85: bets 20
Mahu2021: calls 20
*** TURN *** [4c 9h Ks] [4d]
Mahu2021: checks 
ginsiuks85: bets 48
Mahu2021: calls 48
*** RIVER *** [4c 9h Ks 4d] [Qc]
Mahu2021: checks 
ginsiuks85: bets 259
Mahu2021: calls 259
*** SHOW DOWN ***
ginsiuks85: shows [6s Js] (a pair of Fours)
Mahu2021: shows [Ts 9s] (two pair, Nines and Fours)
Mahu2021 collected 734 from pot
*** SUMMARY ***
Total pot 734 | Rake 0 
Board [4c 9h Ks 4d Qc]
Seat 1: ginsiuks85 (button) (small blind) showed [6s Js] and lost with a pair of Fours
Seat 3: Mahu2021 (big blind) showed [Ts 9s] and won (734) with two pair, Nines and Fours



PokerStars Hand #253092897995: Tournament #3816273575, $1.84+$0.16 USD Hold'em No Limit - Level I (10/20) - 2024/10/25 13:09:22 CET [2024/10/25 7:09:22 ET]
Table '3816273575 1' 3-max Seat #3 is the button
Seat 1: ginsiuks85 (133 in chips) 
Seat 3: Mahu2021 (1367 in chips) 
Mahu2021: posts small blind 10
ginsiuks85: posts big blind 20
*** HOLE CARDS ***
Dealt to Mahu2021 [3c 4d]
Mahu2021: folds 
Uncalled bet (10) returned to ginsiuks85
ginsiuks85 collected 20 from pot
*** SUMMARY ***
Total pot 20 | Rake 0 
Seat 1: ginsiuks85 (big blind) collected (20)
Seat 3: Mahu2021 (button) (small blind) folded before Flop



PokerStars Hand #253092898951: Tournament #3816273575, $1.84+$0.16 USD Hold'em No Limit - Level II (15/30) - 2024/10/25 13:09:29 CET [2024/10/25 7:09:29 ET]
Table '3816273575 1' 3-max Seat #1 is the button
Seat 1: ginsiuks85 (143 in chips) 
Seat 3: Mahu2021 (1357 in chips) 
ginsiuks85: posts small blind 15
Mahu2021: posts big blind 30
*** HOLE CARDS ***
Dealt to Mahu2021 [Ah Js]
ginsiuks85: folds 
Uncalled bet (15) returned to Mahu2021
Mahu2021 collected 30 from pot
Mahu2021: doesn't show hand 
*** SUMMARY ***
Total pot 30 | Rake 0 
Seat 1: ginsiuks85 (button) (small blind) folded before Flop
Seat 3: Mahu2021 (big blind) collected (30)



PokerStars Hand #253092899686: Tournament #3816273575, $1.84+$0.16 USD Hold'em No Limit - Level II (15/30) - 2024/10/25 13:09:35 CET [2024/10/25 7:09:35 ET]
Table '3816273575 1' 3-max Seat #3 is the button
Seat 1: ginsiuks85 (128 in chips) 
Seat 3: Mahu2021 (1372 in chips) 
Mahu2021: posts small blind 15
ginsiuks85: posts big blind 30
*** HOLE CARDS ***
Dealt to Mahu2021 [As 7c]
Mahu2021: raises 30 to 60
ginsiuks85: calls 30
*** FLOP *** [3s 2c 6d]
ginsiuks85: bets 68 and is all-in
Mahu2021: calls 68
*** TURN *** [3s 2c 6d] [Th]
*** RIVER *** [3s 2c 6d Th] [Kc]
*** SHOW DOWN ***
ginsiuks85: shows [6h Qc] (a pair of Sixes)
Mahu2021: shows [As 7c] (high card Ace)
ginsiuks85 collected 256 from pot
*** SUMMARY ***
Total pot 256 | Rake 0 
Board [3s 2c 6d Th Kc]
Seat 1: ginsiuks85 (big blind) showed [6h Qc] and won (256) with a pair of Sixes
Seat 3: Mahu2021 (button) (small blind) showed [As 7c] and lost with high card Ace



PokerStars Hand #253092901486: Tournament #3816273575, $1.84+$0.16 USD Hold'em No Limit - Level II (15/30) - 2024/10/25 13:09:48 CET [2024/10/25 7:09:48 ET]
Table '3816273575 1' 3-max Seat #1 is the button
Seat 1: ginsiuks85 (256 in chips) 
Seat 3: Mahu2021 (1244 in chips) 
ginsiuks85: posts small blind 15
Mahu2021: posts big blind 30
*** HOLE CARDS ***
Dealt to Mahu2021 [2h Ts]
ginsiuks85: raises 226 to 256 and is all-in
Mahu2021: folds 
Uncalled bet (226) returned to ginsiuks85
ginsiuks85 collected 60 from pot
*** SUMMARY ***
Total pot 60 | Rake 0 
Seat 1: ginsiuks85 (button) (small blind) collected (60)
Seat 3: Mahu2021 (big blind) folded before Flop



PokerStars Hand #253092902097: Tournament #3816273575, $1.84+$0.16 USD Hold'em No Limit - Level II (15/30) - 2024/10/25 13:09:53 CET [2024/10/25 7:09:53 ET]
Table '3816273575 1' 3-max Seat #3 is the button
Seat 1: ginsiuks85 (286 in chips) 
Seat 3: Mahu2021 (1214 in chips) 
Mahu2021: posts small blind 15
ginsiuks85: posts big blind 30
*** HOLE CARDS ***
Dealt to Mahu2021 [7s 4h]
Mahu2021: folds 
Uncalled bet (15) returned to ginsiuks85
ginsiuks85 collected 30 from pot
*** SUMMARY ***
Total pot 30 | Rake 0 
Seat 1: ginsiuks85 (big blind) collected (30)
Seat 3: Mahu2021 (button) (small blind) folded before Flop



PokerStars Hand #253092902625: Tournament #3816273575, $1.84+$0.16 USD Hold'em No Limit - Level II (15/30) - 2024/10/25 13:09:58 CET [2024/10/25 7:09:58 ET]
Table '3816273575 1' 3-max Seat #1 is the button
Seat 1: ginsiuks85 (301 in chips) 
Seat 3: Mahu2021 (1199 in chips) 
ginsiuks85: posts small blind 15
Mahu2021: posts big blind 30
*** HOLE CARDS ***
Dealt to Mahu2021 [Kh Ac]
ginsiuks85: calls 15
Mahu2021: raises 90 to 120
ginsiuks85: folds 
Uncalled bet (90) returned to Mahu2021
Mahu2021 collected 60 from pot
Mahu2021: doesn't show hand 
*** SUMMARY ***
Total pot 60 | Rake 0 
Seat 1: ginsiuks85 (button) (small blind) folded before Flop
Seat 3: Mahu2021 (big blind) collected (60)



PokerStars Hand #253092903373: Tournament #3816273575, $1.84+$0.16 USD Hold'em No Limit - Level II (15/30) - 2024/10/25 13:10:03 CET [2024/10/25 7:10:03 ET]
Table '3816273575 1' 3-max Seat #3 is the button
Seat 1: ginsiuks85 (271 in chips) 
Seat 3: Mahu2021 (1229 in chips) 
Mahu2021: posts small blind 15
ginsiuks85: posts big blind 30
*** HOLE CARDS ***
Dealt to Mahu2021 [6h As]
Mahu2021: raises 30 to 60
ginsiuks85: folds 
Uncalled bet (30) returned to Mahu2021
Mahu2021 collected 60 from pot
Mahu2021: doesn't show hand 
*** SUMMARY ***
Total pot 60 | Rake 0 
Seat 1: ginsiuks85 (big blind) folded before Flop
Seat 3: Mahu2021 (button) (small blind) collected (60)



PokerStars Hand #253092904182: Tournament #3816273575, $1.84+$0.16 USD Hold'em No Limit - Level II (15/30) - 2024/10/25 13:10:09 CET [2024/10/25 7:10:09 ET]
Table '3816273575 1' 3-max Seat #1 is the button
Seat 1: ginsiuks85 (241 in chips) 
Seat 3: Mahu2021 (1259 in chips) 
ginsiuks85: posts small blind 15
Mahu2021: posts big blind 30
*** HOLE CARDS ***
Dealt to Mahu2021 [2h 9d]
ginsiuks85: raises 211 to 241 and is all-in
Mahu2021: folds 
Uncalled bet (211) returned to ginsiuks85
ginsiuks85 collected 60 from pot
*** SUMMARY ***
Total pot 60 | Rake 0 
Seat 1: ginsiuks85 (button) (small blind) collected (60)
Seat 3: Mahu2021 (big blind) folded before Flop



PokerStars Hand #253092905002: Tournament #3816273575, $1.84+$0.16 USD Hold'em No Limit - Level II (15/30) - 2024/10/25 13:10:16 CET [2024/10/25 7:10:16 ET]
Table '3816273575 1' 3-max Seat #3 is the button
Seat 1: ginsiuks85 (271 in chips) 
Seat 3: Mahu2021 (1229 in chips) 
Mahu2021: posts small blind 15
ginsiuks85: posts big blind 30
*** HOLE CARDS ***
Dealt to Mahu2021 [7c 7s]
Mahu2021: raises 30 to 60
ginsiuks85: calls 30
*** FLOP *** [6c 7h 4c]
ginsiuks85: bets 211 and is all-in
Mahu2021: calls 211
*** TURN *** [6c 7h 4c] [4h]
*** RIVER *** [6c 7h 4c 4h] [Js]
*** SHOW DOWN ***
ginsiuks85: shows [Jc Th] (two pair, Jacks and Fours)
Mahu2021: shows [7c 7s] (a full house, Sevens full of Fours)
Mahu2021 collected 542 from pot
ginsiuks85 finished the tournament in 2nd place
Mahu2021 wins the tournament and receives $4.00 - congratulations!
*** SUMMARY ***
Total pot 542 | Rake 0 
Board [6c 7h 4c 4h Js]
Seat 1: ginsiuks85 (big blind) showed [Jc Th] and lost with two pair, Jacks and Fours
Seat 3: Mahu2021 (button) (small blind) showed [7c 7s] and won (542) with a full house, Sevens full of Fours



