PokerStars Hand #246880992539: Tournament #3667222279, $1.84+$0.16 USD Hold'em No Limit - Level I (10/20) - 2023/11/02 12:49:36 CET [2023/11/02 7:49:36 ET]
Table '3667222279 1' 3-max Seat #1 is the button
Seat 1: Mahu2021 (500 in chips) 
Seat 2: karelbihari71 (500 in chips) 
Seat 3: Jeeh401 (500 in chips) 
karelbihari71: posts small blind 10
Jeeh401: posts big blind 20
*** HOLE CARDS ***
Dealt to Mahu2021 [5c Jd]
Mahu2021: folds 
karelbihari71: calls 10
Jeeh401: checks 
*** FLOP *** [Kc Qc 2s]
karelbihari71: bets 20
Jeeh401: calls 20
*** TURN *** [Kc Qc 2s] [Ad]
karelbihari71: checks 
Jeeh401: bets 40
karelbihari71: folds 
Uncalled bet (40) returned to Jeeh401
Jeeh401 collected 80 from pot
*** SUMMARY ***
Total pot 80 | Rake 0 
Board [Kc Qc 2s Ad]
Seat 1: Mahu2021 (button) folded before Flop (didn't bet)
Seat 2: karelbihari71 (small blind) folded on the Turn
Seat 3: Jeeh401 (big blind) collected (80)



PokerStars Hand #246880995282: Tournament #3667222279, $1.84+$0.16 USD Hold'em No Limit - Level I (10/20) - 2023/11/02 12:49:52 CET [2023/11/02 7:49:52 ET]
Table '3667222279 1' 3-max Seat #2 is the button
Seat 1: Mahu2021 (500 in chips) 
Seat 2: karelbihari71 (460 in chips) 
Seat 3: Jeeh401 (540 in chips) 
Jeeh401: posts small blind 10
Mahu2021: posts big blind 20
*** HOLE CARDS ***
Dealt to Mahu2021 [9s As]
karelbihari71: raises 20 to 40
Jeeh401: calls 30
Mahu2021: calls 20
*** FLOP *** [3s Tc Jd]
Jeeh401: checks 
Mahu2021: checks 
karelbihari71: bets 20
Jeeh401: folds 
Mahu2021: calls 20
*** TURN *** [3s Tc Jd] [2d]
Mahu2021: checks 
karelbihari71: checks 
*** RIVER *** [3s Tc Jd 2d] [7d]
Mahu2021: bets 60
karelbihari71: folds 
Uncalled bet (60) returned to Mahu2021
Mahu2021 collected 160 from pot
Mahu2021: doesn't show hand 
*** SUMMARY ***
Total pot 160 | Rake 0 
Board [3s Tc Jd 2d 7d]
Seat 1: Mahu2021 (big blind) collected (160)
Seat 2: karelbihari71 (button) folded on the River
Seat 3: Jeeh401 (small blind) folded on the Flop



PokerStars Hand #246880999066: Tournament #3667222279, $1.84+$0.16 USD Hold'em No Limit - Level I (10/20) - 2023/11/02 12:50:14 CET [2023/11/02 7:50:14 ET]
Table '3667222279 1' 3-max Seat #3 is the button
Seat 1: Mahu2021 (600 in chips) 
Seat 2: karelbihari71 (400 in chips) 
Seat 3: Jeeh401 (500 in chips) 
Mahu2021: posts small blind 10
karelbihari71: posts big blind 20
*** HOLE CARDS ***
Dealt to Mahu2021 [7s 8s]
Jeeh401: folds 
Mahu2021: calls 10
karelbihari71: raises 20 to 40
Mahu2021: calls 20
*** FLOP *** [7d Ad Js]
Mahu2021: checks 
karelbihari71: bets 40
Mahu2021: folds 
Uncalled bet (40) returned to karelbihari71
karelbihari71 collected 80 from pot
*** SUMMARY ***
Total pot 80 | Rake 0 
Board [7d Ad Js]
Seat 1: Mahu2021 (small blind) folded on the Flop
Seat 2: karelbihari71 (big blind) collected (80)
Seat 3: Jeeh401 (button) folded before Flop (didn't bet)



PokerStars Hand #246881001498: Tournament #3667222279, $1.84+$0.16 USD Hold'em No Limit - Level I (10/20) - 2023/11/02 12:50:28 CET [2023/11/02 7:50:28 ET]
Table '3667222279 1' 3-max Seat #1 is the button
Seat 1: Mahu2021 (560 in chips) 
Seat 2: karelbihari71 (440 in chips) 
Seat 3: Jeeh401 (500 in chips) 
karelbihari71: posts small blind 10
Jeeh401: posts big blind 20
*** HOLE CARDS ***
Dealt to Mahu2021 [8s 7c]
Mahu2021: folds 
karelbihari71: folds 
Uncalled bet (10) returned to Jeeh401
Jeeh401 collected 20 from pot
*** SUMMARY ***
Total pot 20 | Rake 0 
Seat 1: Mahu2021 (button) folded before Flop (didn't bet)
Seat 2: karelbihari71 (small blind) folded before Flop
Seat 3: Jeeh401 (big blind) collected (20)



PokerStars Hand #246881002400: Tournament #3667222279, $1.84+$0.16 USD Hold'em No Limit - Level I (10/20) - 2023/11/02 12:50:33 CET [2023/11/02 7:50:33 ET]
Table '3667222279 1' 3-max Seat #2 is the button
Seat 1: Mahu2021 (560 in chips) 
Seat 2: karelbihari71 (430 in chips) 
Seat 3: Jeeh401 (510 in chips) 
Jeeh401: posts small blind 10
Mahu2021: posts big blind 20
*** HOLE CARDS ***
Dealt to Mahu2021 [5d Jd]
karelbihari71: calls 20
Jeeh401: calls 10
Mahu2021: checks 
*** FLOP *** [As 6s 7c]
Jeeh401: checks 
Mahu2021: checks 
karelbihari71: checks 
*** TURN *** [As 6s 7c] [8s]
Jeeh401: checks 
Mahu2021: bets 20
karelbihari71: calls 20
Jeeh401: folds 
*** RIVER *** [As 6s 7c 8s] [Ac]
Mahu2021: checks 
karelbihari71: checks 
*** SHOW DOWN ***
Mahu2021: shows [5d Jd] (a pair of Aces)
karelbihari71: shows [Ks Tc] (a pair of Aces - King kicker)
karelbihari71 collected 100 from pot
*** SUMMARY ***
Total pot 100 | Rake 0 
Board [As 6s 7c 8s Ac]
Seat 1: Mahu2021 (big blind) showed [5d Jd] and lost with a pair of Aces
Seat 2: karelbihari71 (button) showed [Ks Tc] and won (100) with a pair of Aces
Seat 3: Jeeh401 (small blind) folded on the Turn



PokerStars Hand #246881005610: Tournament #3667222279, $1.84+$0.16 USD Hold'em No Limit - Level I (10/20) - 2023/11/02 12:50:52 CET [2023/11/02 7:50:52 ET]
Table '3667222279 1' 3-max Seat #3 is the button
Seat 1: Mahu2021 (520 in chips) 
Seat 2: karelbihari71 (490 in chips) 
Seat 3: Jeeh401 (490 in chips) 
Mahu2021: posts small blind 10
karelbihari71: posts big blind 20
*** HOLE CARDS ***
Dealt to Mahu2021 [7s Ah]
Jeeh401: raises 40 to 60
Mahu2021: folds 
karelbihari71: folds 
Uncalled bet (40) returned to Jeeh401
Jeeh401 collected 50 from pot
*** SUMMARY ***
Total pot 50 | Rake 0 
Seat 1: Mahu2021 (small blind) folded before Flop
Seat 2: karelbihari71 (big blind) folded before Flop
Seat 3: Jeeh401 (button) collected (50)



PokerStars Hand #246881007058: Tournament #3667222279, $1.84+$0.16 USD Hold'em No Limit - Level I (10/20) - 2023/11/02 12:51:00 CET [2023/11/02 7:51:00 ET]
Table '3667222279 1' 3-max Seat #1 is the button
Seat 1: Mahu2021 (510 in chips) 
Seat 2: karelbihari71 (470 in chips) 
Seat 3: Jeeh401 (520 in chips) 
karelbihari71: posts small blind 10
Jeeh401: posts big blind 20
*** HOLE CARDS ***
Dealt to Mahu2021 [Ts 2c]
Mahu2021: folds 
karelbihari71: folds 
Uncalled bet (10) returned to Jeeh401
Jeeh401 collected 20 from pot
*** SUMMARY ***
Total pot 20 | Rake 0 
Seat 1: Mahu2021 (button) folded before Flop (didn't bet)
Seat 2: karelbihari71 (small blind) folded before Flop
Seat 3: Jeeh401 (big blind) collected (20)



PokerStars Hand #246881008106: Tournament #3667222279, $1.84+$0.16 USD Hold'em No Limit - Level I (10/20) - 2023/11/02 12:51:06 CET [2023/11/02 7:51:06 ET]
Table '3667222279 1' 3-max Seat #2 is the button
Seat 1: Mahu2021 (510 in chips) 
Seat 2: karelbihari71 (460 in chips) 
Seat 3: Jeeh401 (530 in chips) 
Jeeh401: posts small blind 10
Mahu2021: posts big blind 20
*** HOLE CARDS ***
Dealt to Mahu2021 [9d 7s]
karelbihari71: folds 
Jeeh401: calls 10
Mahu2021: checks 
*** FLOP *** [7c Qd 8c]
Jeeh401: checks 
Mahu2021: bets 20
Jeeh401: calls 20
*** TURN *** [7c Qd 8c] [2h]
Jeeh401: checks 
Mahu2021: checks 
*** RIVER *** [7c Qd 8c 2h] [Qh]
Jeeh401: bets 40
Mahu2021: raises 60 to 100
Jeeh401: folds 
Uncalled bet (60) returned to Mahu2021
Mahu2021 collected 160 from pot
Mahu2021: doesn't show hand 
*** SUMMARY ***
Total pot 160 | Rake 0 
Board [7c Qd 8c 2h Qh]
Seat 1: Mahu2021 (big blind) collected (160)
Seat 2: karelbihari71 (button) folded before Flop (didn't bet)
Seat 3: Jeeh401 (small blind) folded on the River



PokerStars Hand #246881012276: Tournament #3667222279, $1.84+$0.16 USD Hold'em No Limit - Level I (10/20) - 2023/11/02 12:51:30 CET [2023/11/02 7:51:30 ET]
Table '3667222279 1' 3-max Seat #3 is the button
Seat 1: Mahu2021 (590 in chips) 
Seat 2: karelbihari71 (460 in chips) 
Seat 3: Jeeh401 (450 in chips) 
Mahu2021: posts small blind 10
karelbihari71: posts big blind 20
*** HOLE CARDS ***
Dealt to Mahu2021 [3s 4h]
Jeeh401: raises 20 to 40
Mahu2021: folds 
karelbihari71: calls 20
*** FLOP *** [9s 9d 4d]
karelbihari71: checks 
Jeeh401: checks 
*** TURN *** [9s 9d 4d] [6h]
karelbihari71: checks 
Jeeh401: checks 
*** RIVER *** [9s 9d 4d 6h] [5d]
karelbihari71: bets 20
Jeeh401: calls 20
*** SHOW DOWN ***
karelbihari71: shows [7s Td] (a pair of Nines)
Jeeh401: shows [Kc Jh] (a pair of Nines - King kicker)
Jeeh401 collected 130 from pot
*** SUMMARY ***
Total pot 130 | Rake 0 
Board [9s 9d 4d 6h 5d]
Seat 1: Mahu2021 (small blind) folded before Flop
Seat 2: karelbihari71 (big blind) showed [7s Td] and lost with a pair of Nines
Seat 3: Jeeh401 (button) showed [Kc Jh] and won (130) with a pair of Nines



PokerStars Hand #246881015560: Tournament #3667222279, $1.84+$0.16 USD Hold'em No Limit - Level II (15/30) - 2023/11/02 12:51:49 CET [2023/11/02 7:51:49 ET]
Table '3667222279 1' 3-max Seat #1 is the button
Seat 1: Mahu2021 (580 in chips) 
Seat 2: karelbihari71 (400 in chips) 
Seat 3: Jeeh401 (520 in chips) 
karelbihari71: posts small blind 15
Jeeh401: posts big blind 30
*** HOLE CARDS ***
Dealt to Mahu2021 [Kh 5d]
Mahu2021: calls 30
karelbihari71: calls 15
Jeeh401: checks 
*** FLOP *** [8h 8d 6c]
karelbihari71: checks 
Jeeh401: checks 
Mahu2021: bets 30
karelbihari71: folds 
Jeeh401: folds 
Uncalled bet (30) returned to Mahu2021
Mahu2021 collected 90 from pot
Mahu2021: doesn't show hand 
*** SUMMARY ***
Total pot 90 | Rake 0 
Board [8h 8d 6c]
Seat 1: Mahu2021 (button) collected (90)
Seat 2: karelbihari71 (small blind) folded on the Flop
Seat 3: Jeeh401 (big blind) folded on the Flop



PokerStars Hand #246881017816: Tournament #3667222279, $1.84+$0.16 USD Hold'em No Limit - Level II (15/30) - 2023/11/02 12:52:02 CET [2023/11/02 7:52:02 ET]
Table '3667222279 1' 3-max Seat #2 is the button
Seat 1: Mahu2021 (640 in chips) 
Seat 2: karelbihari71 (370 in chips) 
Seat 3: Jeeh401 (490 in chips) 
Jeeh401: posts small blind 15
Mahu2021: posts big blind 30
*** HOLE CARDS ***
Dealt to Mahu2021 [Kd 9c]
karelbihari71: calls 30
Jeeh401: raises 60 to 90
Mahu2021: folds 
karelbihari71: calls 60
*** FLOP *** [Ts Qd Jc]
Jeeh401: bets 60
karelbihari71: folds 
Uncalled bet (60) returned to Jeeh401
Jeeh401 collected 210 from pot
*** SUMMARY ***
Total pot 210 | Rake 0 
Board [Ts Qd Jc]
Seat 1: Mahu2021 (big blind) folded before Flop
Seat 2: karelbihari71 (button) folded on the Flop
Seat 3: Jeeh401 (small blind) collected (210)



PokerStars Hand #246881020575: Tournament #3667222279, $1.84+$0.16 USD Hold'em No Limit - Level II (15/30) - 2023/11/02 12:52:18 CET [2023/11/02 7:52:18 ET]
Table '3667222279 1' 3-max Seat #3 is the button
Seat 1: Mahu2021 (610 in chips) 
Seat 2: karelbihari71 (280 in chips) 
Seat 3: Jeeh401 (610 in chips) 
Mahu2021: posts small blind 15
karelbihari71: posts big blind 30
*** HOLE CARDS ***
Dealt to Mahu2021 [6d Ts]
Jeeh401: folds 
Mahu2021: folds 
Uncalled bet (15) returned to karelbihari71
karelbihari71 collected 30 from pot
*** SUMMARY ***
Total pot 30 | Rake 0 
Seat 1: Mahu2021 (small blind) folded before Flop
Seat 2: karelbihari71 (big blind) collected (30)
Seat 3: Jeeh401 (button) folded before Flop (didn't bet)



PokerStars Hand #246881022409: Tournament #3667222279, $1.84+$0.16 USD Hold'em No Limit - Level II (15/30) - 2023/11/02 12:52:29 CET [2023/11/02 7:52:29 ET]
Table '3667222279 1' 3-max Seat #1 is the button
Seat 1: Mahu2021 (595 in chips) 
Seat 2: karelbihari71 (295 in chips) 
Seat 3: Jeeh401 (610 in chips) 
karelbihari71: posts small blind 15
Jeeh401: posts big blind 30
*** HOLE CARDS ***
Dealt to Mahu2021 [9s Js]
Mahu2021: raises 30 to 60
karelbihari71: calls 45
Jeeh401: raises 550 to 610 and is all-in
Mahu2021: folds 
karelbihari71: folds 
Uncalled bet (550) returned to Jeeh401
Jeeh401 collected 180 from pot
*** SUMMARY ***
Total pot 180 | Rake 0 
Seat 1: Mahu2021 (button) folded before Flop
Seat 2: karelbihari71 (small blind) folded before Flop
Seat 3: Jeeh401 (big blind) collected (180)



PokerStars Hand #246881024322: Tournament #3667222279, $1.84+$0.16 USD Hold'em No Limit - Level II (15/30) - 2023/11/02 12:52:40 CET [2023/11/02 7:52:40 ET]
Table '3667222279 1' 3-max Seat #2 is the button
Seat 1: Mahu2021 (535 in chips) 
Seat 2: karelbihari71 (235 in chips) 
Seat 3: Jeeh401 (730 in chips) 
Jeeh401: posts small blind 15
Mahu2021: posts big blind 30
*** HOLE CARDS ***
Dealt to Mahu2021 [4c 7h]
karelbihari71: folds 
Jeeh401: calls 15
Mahu2021: checks 
*** FLOP *** [Kh 5d 8d]
Jeeh401: checks 
Mahu2021: bets 30
Jeeh401: folds 
Uncalled bet (30) returned to Mahu2021
Mahu2021 collected 60 from pot
Mahu2021: doesn't show hand 
*** SUMMARY ***
Total pot 60 | Rake 0 
Board [Kh 5d 8d]
Seat 1: Mahu2021 (big blind) collected (60)
Seat 2: karelbihari71 (button) folded before Flop (didn't bet)
Seat 3: Jeeh401 (small blind) folded on the Flop



PokerStars Hand #246881026297: Tournament #3667222279, $1.84+$0.16 USD Hold'em No Limit - Level II (15/30) - 2023/11/02 12:52:51 CET [2023/11/02 7:52:51 ET]
Table '3667222279 1' 3-max Seat #3 is the button
Seat 1: Mahu2021 (565 in chips) 
Seat 2: karelbihari71 (235 in chips) 
Seat 3: Jeeh401 (700 in chips) 
Mahu2021: posts small blind 15
karelbihari71: posts big blind 30
*** HOLE CARDS ***
Dealt to Mahu2021 [6c 3d]
Jeeh401: raises 30 to 60
Mahu2021: folds 
karelbihari71: calls 30
*** FLOP *** [7s 6d Td]
karelbihari71: bets 135
Jeeh401: folds 
Uncalled bet (135) returned to karelbihari71
karelbihari71 collected 135 from pot
*** SUMMARY ***
Total pot 135 | Rake 0 
Board [7s 6d Td]
Seat 1: Mahu2021 (small blind) folded before Flop
Seat 2: karelbihari71 (big blind) collected (135)
Seat 3: Jeeh401 (button) folded on the Flop



PokerStars Hand #246881028284: Tournament #3667222279, $1.84+$0.16 USD Hold'em No Limit - Level II (15/30) - 2023/11/02 12:53:03 CET [2023/11/02 7:53:03 ET]
Table '3667222279 1' 3-max Seat #1 is the button
Seat 1: Mahu2021 (550 in chips) 
Seat 2: karelbihari71 (310 in chips) 
Seat 3: Jeeh401 (640 in chips) 
karelbihari71: posts small blind 15
Jeeh401: posts big blind 30
*** HOLE CARDS ***
Dealt to Mahu2021 [3s 4h]
Mahu2021: folds 
karelbihari71: raises 60 to 90
Jeeh401: folds 
Uncalled bet (60) returned to karelbihari71
karelbihari71 collected 60 from pot
*** SUMMARY ***
Total pot 60 | Rake 0 
Seat 1: Mahu2021 (button) folded before Flop (didn't bet)
Seat 2: karelbihari71 (small blind) collected (60)
Seat 3: Jeeh401 (big blind) folded before Flop



PokerStars Hand #246881029630: Tournament #3667222279, $1.84+$0.16 USD Hold'em No Limit - Level II (15/30) - 2023/11/02 12:53:11 CET [2023/11/02 7:53:11 ET]
Table '3667222279 1' 3-max Seat #2 is the button
Seat 1: Mahu2021 (550 in chips) 
Seat 2: karelbihari71 (340 in chips) 
Seat 3: Jeeh401 (610 in chips) 
Jeeh401: posts small blind 15
Mahu2021: posts big blind 30
*** HOLE CARDS ***
Dealt to Mahu2021 [9s Kd]
karelbihari71: calls 30
Jeeh401: calls 15
Mahu2021: checks 
*** FLOP *** [4s 4d 9h]
Jeeh401: checks 
Mahu2021: bets 90
karelbihari71: folds 
Jeeh401: folds 
Uncalled bet (90) returned to Mahu2021
Mahu2021 collected 90 from pot
Mahu2021: doesn't show hand 
*** SUMMARY ***
Total pot 90 | Rake 0 
Board [4s 4d 9h]
Seat 1: Mahu2021 (big blind) collected (90)
Seat 2: karelbihari71 (button) folded on the Flop
Seat 3: Jeeh401 (small blind) folded on the Flop



PokerStars Hand #246881032486: Tournament #3667222279, $1.84+$0.16 USD Hold'em No Limit - Level II (15/30) - 2023/11/02 12:53:27 CET [2023/11/02 7:53:27 ET]
Table '3667222279 1' 3-max Seat #3 is the button
Seat 1: Mahu2021 (610 in chips) 
Seat 2: karelbihari71 (310 in chips) 
Seat 3: Jeeh401 (580 in chips) 
Mahu2021: posts small blind 15
karelbihari71: posts big blind 30
*** HOLE CARDS ***
Dealt to Mahu2021 [Qs 2c]
Jeeh401: raises 30 to 60
Mahu2021: folds 
karelbihari71: calls 30
*** FLOP *** [3d 9c As]
karelbihari71: checks 
Jeeh401: checks 
*** TURN *** [3d 9c As] [5s]
karelbihari71: bets 135
Jeeh401: folds 
Uncalled bet (135) returned to karelbihari71
karelbihari71 collected 135 from pot
*** SUMMARY ***
Total pot 135 | Rake 0 
Board [3d 9c As 5s]
Seat 1: Mahu2021 (small blind) folded before Flop
Seat 2: karelbihari71 (big blind) collected (135)
Seat 3: Jeeh401 (button) folded on the Turn



PokerStars Hand #246881035856: Tournament #3667222279, $1.84+$0.16 USD Hold'em No Limit - Level III (20/40) - 2023/11/02 12:53:47 CET [2023/11/02 7:53:47 ET]
Table '3667222279 1' 3-max Seat #1 is the button
Seat 1: Mahu2021 (595 in chips) 
Seat 2: karelbihari71 (385 in chips) 
Seat 3: Jeeh401 (520 in chips) 
karelbihari71: posts small blind 20
Jeeh401: posts big blind 40
*** HOLE CARDS ***
Dealt to Mahu2021 [4s 2d]
Mahu2021: folds 
karelbihari71: folds 
Uncalled bet (20) returned to Jeeh401
Jeeh401 collected 40 from pot
*** SUMMARY ***
Total pot 40 | Rake 0 
Seat 1: Mahu2021 (button) folded before Flop (didn't bet)
Seat 2: karelbihari71 (small blind) folded before Flop
Seat 3: Jeeh401 (big blind) collected (40)



PokerStars Hand #246881036805: Tournament #3667222279, $1.84+$0.16 USD Hold'em No Limit - Level III (20/40) - 2023/11/02 12:53:53 CET [2023/11/02 7:53:53 ET]
Table '3667222279 1' 3-max Seat #2 is the button
Seat 1: Mahu2021 (595 in chips) 
Seat 2: karelbihari71 (365 in chips) 
Seat 3: Jeeh401 (540 in chips) 
Jeeh401: posts small blind 20
Mahu2021: posts big blind 40
*** HOLE CARDS ***
Dealt to Mahu2021 [9s 4d]
karelbihari71: raises 40 to 80
Jeeh401: folds 
Mahu2021: folds 
Uncalled bet (40) returned to karelbihari71
karelbihari71 collected 100 from pot
*** SUMMARY ***
Total pot 100 | Rake 0 
Seat 1: Mahu2021 (big blind) folded before Flop
Seat 2: karelbihari71 (button) collected (100)
Seat 3: Jeeh401 (small blind) folded before Flop



PokerStars Hand #246881037892: Tournament #3667222279, $1.84+$0.16 USD Hold'em No Limit - Level III (20/40) - 2023/11/02 12:53:59 CET [2023/11/02 7:53:59 ET]
Table '3667222279 1' 3-max Seat #3 is the button
Seat 1: Mahu2021 (555 in chips) 
Seat 2: karelbihari71 (425 in chips) 
Seat 3: Jeeh401 (520 in chips) 
Mahu2021: posts small blind 20
karelbihari71: posts big blind 40
*** HOLE CARDS ***
Dealt to Mahu2021 [6d 2s]
Jeeh401: folds 
Mahu2021: folds 
Uncalled bet (20) returned to karelbihari71
karelbihari71 collected 40 from pot
*** SUMMARY ***
Total pot 40 | Rake 0 
Seat 1: Mahu2021 (small blind) folded before Flop
Seat 2: karelbihari71 (big blind) collected (40)
Seat 3: Jeeh401 (button) folded before Flop (didn't bet)



PokerStars Hand #246881038873: Tournament #3667222279, $1.84+$0.16 USD Hold'em No Limit - Level III (20/40) - 2023/11/02 12:54:04 CET [2023/11/02 7:54:04 ET]
Table '3667222279 1' 3-max Seat #1 is the button
Seat 1: Mahu2021 (535 in chips) 
Seat 2: karelbihari71 (445 in chips) 
Seat 3: Jeeh401 (520 in chips) 
karelbihari71: posts small blind 20
Jeeh401: posts big blind 40
*** HOLE CARDS ***
Dealt to Mahu2021 [4d 2c]
Mahu2021: folds 
karelbihari71: calls 20
Jeeh401: checks 
*** FLOP *** [6c 9h Kc]
karelbihari71: checks 
Jeeh401: bets 40
karelbihari71: folds 
Uncalled bet (40) returned to Jeeh401
Jeeh401 collected 80 from pot
*** SUMMARY ***
Total pot 80 | Rake 0 
Board [6c 9h Kc]
Seat 1: Mahu2021 (button) folded before Flop (didn't bet)
Seat 2: karelbihari71 (small blind) folded on the Flop
Seat 3: Jeeh401 (big blind) collected (80)



PokerStars Hand #246881040920: Tournament #3667222279, $1.84+$0.16 USD Hold'em No Limit - Level III (20/40) - 2023/11/02 12:54:16 CET [2023/11/02 7:54:16 ET]
Table '3667222279 1' 3-max Seat #2 is the button
Seat 1: Mahu2021 (535 in chips) 
Seat 2: karelbihari71 (405 in chips) 
Seat 3: Jeeh401 (560 in chips) 
Jeeh401: posts small blind 20
Mahu2021: posts big blind 40
*** HOLE CARDS ***
Dealt to Mahu2021 [7c Jh]
karelbihari71: calls 40
Jeeh401: folds 
Mahu2021: checks 
*** FLOP *** [8s 8c 8h]
Mahu2021: checks 
karelbihari71: bets 40
Mahu2021: folds 
Uncalled bet (40) returned to karelbihari71
karelbihari71 collected 100 from pot
*** SUMMARY ***
Total pot 100 | Rake 0 
Board [8s 8c 8h]
Seat 1: Mahu2021 (big blind) folded on the Flop
Seat 2: karelbihari71 (button) collected (100)
Seat 3: Jeeh401 (small blind) folded before Flop



PokerStars Hand #246881043530: Tournament #3667222279, $1.84+$0.16 USD Hold'em No Limit - Level III (20/40) - 2023/11/02 12:54:32 CET [2023/11/02 7:54:32 ET]
Table '3667222279 1' 3-max Seat #3 is the button
Seat 1: Mahu2021 (495 in chips) 
Seat 2: karelbihari71 (465 in chips) 
Seat 3: Jeeh401 (540 in chips) 
Mahu2021: posts small blind 20
karelbihari71: posts big blind 40
*** HOLE CARDS ***
Dealt to Mahu2021 [Ah 9s]
Jeeh401: raises 40 to 80
Mahu2021: calls 60
karelbihari71: folds 
*** FLOP *** [Td 8d Kd]
Mahu2021: checks 
Jeeh401: bets 80
Mahu2021: folds 
Uncalled bet (80) returned to Jeeh401
Jeeh401 collected 200 from pot
*** SUMMARY ***
Total pot 200 | Rake 0 
Board [Td 8d Kd]
Seat 1: Mahu2021 (small blind) folded on the Flop
Seat 2: karelbihari71 (big blind) folded before Flop
Seat 3: Jeeh401 (button) collected (200)



PokerStars Hand #246881046011: Tournament #3667222279, $1.84+$0.16 USD Hold'em No Limit - Level III (20/40) - 2023/11/02 12:54:47 CET [2023/11/02 7:54:47 ET]
Table '3667222279 1' 3-max Seat #1 is the button
Seat 1: Mahu2021 (415 in chips) 
Seat 2: karelbihari71 (425 in chips) 
Seat 3: Jeeh401 (660 in chips) 
karelbihari71: posts small blind 20
Jeeh401: posts big blind 40
*** HOLE CARDS ***
Dealt to Mahu2021 [8h 4h]
Mahu2021: folds 
karelbihari71: calls 20
Jeeh401: checks 
*** FLOP *** [4c 7h Qh]
karelbihari71: bets 40
Jeeh401: folds 
Uncalled bet (40) returned to karelbihari71
karelbihari71 collected 80 from pot
*** SUMMARY ***
Total pot 80 | Rake 0 
Board [4c 7h Qh]
Seat 1: Mahu2021 (button) folded before Flop (didn't bet)
Seat 2: karelbihari71 (small blind) collected (80)
Seat 3: Jeeh401 (big blind) folded on the Flop



PokerStars Hand #246881048334: Tournament #3667222279, $1.84+$0.16 USD Hold'em No Limit - Level III (20/40) - 2023/11/02 12:55:00 CET [2023/11/02 7:55:00 ET]
Table '3667222279 1' 3-max Seat #2 is the button
Seat 1: Mahu2021 (415 in chips) 
Seat 2: karelbihari71 (465 in chips) 
Seat 3: Jeeh401 (620 in chips) 
Jeeh401: posts small blind 20
Mahu2021: posts big blind 40
*** HOLE CARDS ***
Dealt to Mahu2021 [Ks Jc]
karelbihari71: calls 40
Jeeh401: calls 20
Mahu2021: raises 375 to 415 and is all-in
karelbihari71: folds 
Jeeh401: folds 
Uncalled bet (375) returned to Mahu2021
Mahu2021 collected 120 from pot
Mahu2021: doesn't show hand 
*** SUMMARY ***
Total pot 120 | Rake 0 
Seat 1: Mahu2021 (big blind) collected (120)
Seat 2: karelbihari71 (button) folded before Flop
Seat 3: Jeeh401 (small blind) folded before Flop



PokerStars Hand #246881050198: Tournament #3667222279, $1.84+$0.16 USD Hold'em No Limit - Level III (20/40) - 2023/11/02 12:55:11 CET [2023/11/02 7:55:11 ET]
Table '3667222279 1' 3-max Seat #3 is the button
Seat 1: Mahu2021 (495 in chips) 
Seat 2: karelbihari71 (425 in chips) 
Seat 3: Jeeh401 (580 in chips) 
Mahu2021: posts small blind 20
karelbihari71: posts big blind 40
*** HOLE CARDS ***
Dealt to Mahu2021 [2d 4s]
Jeeh401: folds 
Mahu2021: folds 
Uncalled bet (20) returned to karelbihari71
karelbihari71 collected 40 from pot
*** SUMMARY ***
Total pot 40 | Rake 0 
Seat 1: Mahu2021 (small blind) folded before Flop
Seat 2: karelbihari71 (big blind) collected (40)
Seat 3: Jeeh401 (button) folded before Flop (didn't bet)



PokerStars Hand #246881050893: Tournament #3667222279, $1.84+$0.16 USD Hold'em No Limit - Level III (20/40) - 2023/11/02 12:55:15 CET [2023/11/02 7:55:15 ET]
Table '3667222279 1' 3-max Seat #1 is the button
Seat 1: Mahu2021 (475 in chips) 
Seat 2: karelbihari71 (445 in chips) 
Seat 3: Jeeh401 (580 in chips) 
karelbihari71: posts small blind 20
Jeeh401: posts big blind 40
*** HOLE CARDS ***
Dealt to Mahu2021 [Ah Jc]
Mahu2021: raises 40 to 80
karelbihari71: raises 40 to 120
Jeeh401: folds 
Mahu2021: raises 355 to 475 and is all-in
karelbihari71: calls 325 and is all-in
Uncalled bet (30) returned to Mahu2021
*** FLOP *** [2h Ks Td]
*** TURN *** [2h Ks Td] [Th]
*** RIVER *** [2h Ks Td Th] [6h]
*** SHOW DOWN ***
karelbihari71: shows [Kd Kc] (a full house, Kings full of Tens)
Mahu2021: shows [Ah Jc] (a pair of Tens)
karelbihari71 collected 930 from pot
*** SUMMARY ***
Total pot 930 | Rake 0 
Board [2h Ks Td Th 6h]
Seat 1: Mahu2021 (button) showed [Ah Jc] and lost with a pair of Tens
Seat 2: karelbihari71 (small blind) showed [Kd Kc] and won (930) with a full house, Kings full of Tens
Seat 3: Jeeh401 (big blind) folded before Flop



PokerStars Hand #246881054576: Tournament #3667222279, $1.84+$0.16 USD Hold'em No Limit - Level IV (30/60) - 2023/11/02 12:55:40 CET [2023/11/02 7:55:40 ET]
Table '3667222279 1' 3-max Seat #2 is the button
Seat 1: Mahu2021 (30 in chips) 
Seat 2: karelbihari71 (930 in chips) 
Seat 3: Jeeh401 (540 in chips) 
Jeeh401: posts small blind 30
Mahu2021: posts big blind 30 and is all-in
*** HOLE CARDS ***
Dealt to Mahu2021 [9h 8h]
karelbihari71: calls 60
Jeeh401: calls 30
*** FLOP *** [4h Kc Ah]
Jeeh401: checks 
karelbihari71: bets 60
Jeeh401: folds 
Uncalled bet (60) returned to karelbihari71
*** TURN *** [4h Kc Ah] [4d]
*** RIVER *** [4h Kc Ah 4d] [8s]
*** SHOW DOWN ***
karelbihari71: shows [7d Jd] (a pair of Fours)
karelbihari71 collected 60 from side pot
Mahu2021: shows [9h 8h] (two pair, Eights and Fours)
Mahu2021 collected 90 from main pot
*** SUMMARY ***
Total pot 150 Main pot 90. Side pot 60. | Rake 0 
Board [4h Kc Ah 4d 8s]
Seat 1: Mahu2021 (big blind) showed [9h 8h] and won (90) with two pair, Eights and Fours
Seat 2: karelbihari71 (button) showed [7d Jd] and won (60) with a pair of Fours
Seat 3: Jeeh401 (small blind) folded on the Flop



PokerStars Hand #246881057007: Tournament #3667222279, $1.84+$0.16 USD Hold'em No Limit - Level IV (30/60) - 2023/11/02 12:55:57 CET [2023/11/02 7:55:57 ET]
Table '3667222279 1' 3-max Seat #3 is the button
Seat 1: Mahu2021 (90 in chips) 
Seat 2: karelbihari71 (930 in chips) 
Seat 3: Jeeh401 (480 in chips) 
Mahu2021: posts small blind 30
karelbihari71: posts big blind 60
*** HOLE CARDS ***
Dealt to Mahu2021 [4d Qd]
Jeeh401: raises 72 to 132
Mahu2021: calls 60 and is all-in
karelbihari71: folds 
Uncalled bet (42) returned to Jeeh401
*** FLOP *** [8c 4h Ks]
*** TURN *** [8c 4h Ks] [5d]
*** RIVER *** [8c 4h Ks 5d] [9c]
*** SHOW DOWN ***
Mahu2021: shows [4d Qd] (a pair of Fours)
Jeeh401: shows [Ad Js] (high card Ace)
Mahu2021 collected 240 from pot
*** SUMMARY ***
Total pot 240 | Rake 0 
Board [8c 4h Ks 5d 9c]
Seat 1: Mahu2021 (small blind) showed [4d Qd] and won (240) with a pair of Fours
Seat 2: karelbihari71 (big blind) folded before Flop
Seat 3: Jeeh401 (button) showed [Ad Js] and lost with high card Ace



PokerStars Hand #246881059643: Tournament #3667222279, $1.84+$0.16 USD Hold'em No Limit - Level IV (30/60) - 2023/11/02 12:56:15 CET [2023/11/02 7:56:15 ET]
Table '3667222279 1' 3-max Seat #1 is the button
Seat 1: Mahu2021 (240 in chips) 
Seat 2: karelbihari71 (870 in chips) 
Seat 3: Jeeh401 (390 in chips) 
karelbihari71: posts small blind 30
Jeeh401: posts big blind 60
*** HOLE CARDS ***
Dealt to Mahu2021 [Qh 6c]
Mahu2021: folds 
karelbihari71: raises 60 to 120
Jeeh401: folds 
Uncalled bet (60) returned to karelbihari71
karelbihari71 collected 120 from pot
*** SUMMARY ***
Total pot 120 | Rake 0 
Seat 1: Mahu2021 (button) folded before Flop (didn't bet)
Seat 2: karelbihari71 (small blind) collected (120)
Seat 3: Jeeh401 (big blind) folded before Flop



PokerStars Hand #246881060554: Tournament #3667222279, $1.84+$0.16 USD Hold'em No Limit - Level IV (30/60) - 2023/11/02 12:56:22 CET [2023/11/02 7:56:22 ET]
Table '3667222279 1' 3-max Seat #2 is the button
Seat 1: Mahu2021 (240 in chips) 
Seat 2: karelbihari71 (930 in chips) 
Seat 3: Jeeh401 (330 in chips) 
Jeeh401: posts small blind 30
Mahu2021: posts big blind 60
*** HOLE CARDS ***
Dealt to Mahu2021 [Td 4c]
karelbihari71: folds 
Jeeh401: raises 270 to 330 and is all-in
Mahu2021: folds 
Uncalled bet (270) returned to Jeeh401
Jeeh401 collected 120 from pot
*** SUMMARY ***
Total pot 120 | Rake 0 
Seat 1: Mahu2021 (big blind) folded before Flop
Seat 2: karelbihari71 (button) folded before Flop (didn't bet)
Seat 3: Jeeh401 (small blind) collected (120)



PokerStars Hand #246881061556: Tournament #3667222279, $1.84+$0.16 USD Hold'em No Limit - Level IV (30/60) - 2023/11/02 12:56:29 CET [2023/11/02 7:56:29 ET]
Table '3667222279 1' 3-max Seat #3 is the button
Seat 1: Mahu2021 (180 in chips) 
Seat 2: karelbihari71 (930 in chips) 
Seat 3: Jeeh401 (390 in chips) 
Mahu2021: posts small blind 30
karelbihari71: posts big blind 60
*** HOLE CARDS ***
Dealt to Mahu2021 [Th 7c]
Jeeh401: raises 330 to 390 and is all-in
Mahu2021: folds 
karelbihari71: folds 
Uncalled bet (330) returned to Jeeh401
Jeeh401 collected 150 from pot
*** SUMMARY ***
Total pot 150 | Rake 0 
Seat 1: Mahu2021 (small blind) folded before Flop
Seat 2: karelbihari71 (big blind) folded before Flop
Seat 3: Jeeh401 (button) collected (150)



PokerStars Hand #246881062517: Tournament #3667222279, $1.84+$0.16 USD Hold'em No Limit - Level IV (30/60) - 2023/11/02 12:56:35 CET [2023/11/02 7:56:35 ET]
Table '3667222279 1' 3-max Seat #1 is the button
Seat 1: Mahu2021 (150 in chips) 
Seat 2: karelbihari71 (870 in chips) 
Seat 3: Jeeh401 (480 in chips) 
karelbihari71: posts small blind 30
Jeeh401: posts big blind 60
*** HOLE CARDS ***
Dealt to Mahu2021 [Qh 3s]
Mahu2021: raises 90 to 150 and is all-in
karelbihari71: calls 120
Jeeh401: folds 
*** FLOP *** [5h 6h 3d]
*** TURN *** [5h 6h 3d] [4d]
*** RIVER *** [5h 6h 3d 4d] [3h]
*** SHOW DOWN ***
karelbihari71: shows [Ad 6d] (two pair, Sixes and Threes)
Mahu2021: shows [Qh 3s] (three of a kind, Threes)
Mahu2021 collected 360 from pot
*** SUMMARY ***
Total pot 360 | Rake 0 
Board [5h 6h 3d 4d 3h]
Seat 1: Mahu2021 (button) showed [Qh 3s] and won (360) with three of a kind, Threes
Seat 2: karelbihari71 (small blind) showed [Ad 6d] and lost with two pair, Sixes and Threes
Seat 3: Jeeh401 (big blind) folded before Flop



PokerStars Hand #246881064345: Tournament #3667222279, $1.84+$0.16 USD Hold'em No Limit - Level IV (30/60) - 2023/11/02 12:56:48 CET [2023/11/02 7:56:48 ET]
Table '3667222279 1' 3-max Seat #2 is the button
Seat 1: Mahu2021 (360 in chips) 
Seat 2: karelbihari71 (720 in chips) 
Seat 3: Jeeh401 (420 in chips) 
Jeeh401: posts small blind 30
Mahu2021: posts big blind 60
*** HOLE CARDS ***
Dealt to Mahu2021 [Ac 4h]
karelbihari71: raises 150 to 210
Jeeh401: folds 
Mahu2021: raises 150 to 360 and is all-in
karelbihari71: calls 150
*** FLOP *** [9c 2c 8c]
*** TURN *** [9c 2c 8c] [Tc]
*** RIVER *** [9c 2c 8c Tc] [Kc]
*** SHOW DOWN ***
Mahu2021: shows [Ac 4h] (a flush, Ace high)
karelbihari71: shows [Td Jh] (a flush, King high)
Mahu2021 collected 750 from pot
*** SUMMARY ***
Total pot 750 | Rake 0 
Board [9c 2c 8c Tc Kc]
Seat 1: Mahu2021 (big blind) showed [Ac 4h] and won (750) with a flush, Ace high
Seat 2: karelbihari71 (button) showed [Td Jh] and lost with a flush, King high
Seat 3: Jeeh401 (small blind) folded before Flop



PokerStars Hand #246881066556: Tournament #3667222279, $1.84+$0.16 USD Hold'em No Limit - Level IV (30/60) - 2023/11/02 12:57:03 CET [2023/11/02 7:57:03 ET]
Table '3667222279 1' 3-max Seat #3 is the button
Seat 1: Mahu2021 (750 in chips) 
Seat 2: karelbihari71 (360 in chips) 
Seat 3: Jeeh401 (390 in chips) 
Mahu2021: posts small blind 30
karelbihari71: posts big blind 60
*** HOLE CARDS ***
Dealt to Mahu2021 [6h Td]
Jeeh401: folds 
Mahu2021: folds 
Uncalled bet (30) returned to karelbihari71
karelbihari71 collected 60 from pot
*** SUMMARY ***
Total pot 60 | Rake 0 
Seat 1: Mahu2021 (small blind) folded before Flop
Seat 2: karelbihari71 (big blind) collected (60)
Seat 3: Jeeh401 (button) folded before Flop (didn't bet)



PokerStars Hand #246881067385: Tournament #3667222279, $1.84+$0.16 USD Hold'em No Limit - Level IV (30/60) - 2023/11/02 12:57:09 CET [2023/11/02 7:57:09 ET]
Table '3667222279 1' 3-max Seat #1 is the button
Seat 1: Mahu2021 (720 in chips) 
Seat 2: karelbihari71 (390 in chips) 
Seat 3: Jeeh401 (390 in chips) 
karelbihari71: posts small blind 30
Jeeh401: posts big blind 60
*** HOLE CARDS ***
Dealt to Mahu2021 [3c 9h]
Mahu2021: folds 
karelbihari71: calls 30
Jeeh401: raises 330 to 390 and is all-in
karelbihari71: folds 
Uncalled bet (330) returned to Jeeh401
Jeeh401 collected 120 from pot
*** SUMMARY ***
Total pot 120 | Rake 0 
Seat 1: Mahu2021 (button) folded before Flop (didn't bet)
Seat 2: karelbihari71 (small blind) folded before Flop
Seat 3: Jeeh401 (big blind) collected (120)



PokerStars Hand #246881068736: Tournament #3667222279, $1.84+$0.16 USD Hold'em No Limit - Level IV (30/60) - 2023/11/02 12:57:18 CET [2023/11/02 7:57:18 ET]
Table '3667222279 1' 3-max Seat #2 is the button
Seat 1: Mahu2021 (720 in chips) 
Seat 2: karelbihari71 (330 in chips) 
Seat 3: Jeeh401 (450 in chips) 
Jeeh401: posts small blind 30
Mahu2021: posts big blind 60
*** HOLE CARDS ***
Dealt to Mahu2021 [4h Jd]
karelbihari71: folds 
Jeeh401: folds 
Uncalled bet (30) returned to Mahu2021
Mahu2021 collected 60 from pot
Mahu2021: doesn't show hand 
*** SUMMARY ***
Total pot 60 | Rake 0 
Seat 1: Mahu2021 (big blind) collected (60)
Seat 2: karelbihari71 (button) folded before Flop (didn't bet)
Seat 3: Jeeh401 (small blind) folded before Flop



PokerStars Hand #246881069563: Tournament #3667222279, $1.84+$0.16 USD Hold'em No Limit - Level IV (30/60) - 2023/11/02 12:57:24 CET [2023/11/02 7:57:24 ET]
Table '3667222279 1' 3-max Seat #3 is the button
Seat 1: Mahu2021 (750 in chips) 
Seat 2: karelbihari71 (330 in chips) 
Seat 3: Jeeh401 (420 in chips) 
Mahu2021: posts small blind 30
karelbihari71: posts big blind 60
*** HOLE CARDS ***
Dealt to Mahu2021 [8d 9h]
Jeeh401: folds 
Mahu2021: calls 30
karelbihari71: checks 
*** FLOP *** [5s 3h 2d]
Mahu2021: checks 
karelbihari71: bets 60
Mahu2021: folds 
Uncalled bet (60) returned to karelbihari71
karelbihari71 collected 120 from pot
*** SUMMARY ***
Total pot 120 | Rake 0 
Board [5s 3h 2d]
Seat 1: Mahu2021 (small blind) folded on the Flop
Seat 2: karelbihari71 (big blind) collected (120)
Seat 3: Jeeh401 (button) folded before Flop (didn't bet)



PokerStars Hand #246881071183: Tournament #3667222279, $1.84+$0.16 USD Hold'em No Limit - Level IV (30/60) - 2023/11/02 12:57:35 CET [2023/11/02 7:57:35 ET]
Table '3667222279 1' 3-max Seat #1 is the button
Seat 1: Mahu2021 (690 in chips) 
Seat 2: karelbihari71 (390 in chips) 
Seat 3: Jeeh401 (420 in chips) 
karelbihari71: posts small blind 30
Jeeh401: posts big blind 60
*** HOLE CARDS ***
Dealt to Mahu2021 [2d Qs]
Mahu2021: folds 
karelbihari71: folds 
Uncalled bet (30) returned to Jeeh401
Jeeh401 collected 60 from pot
*** SUMMARY ***
Total pot 60 | Rake 0 
Seat 1: Mahu2021 (button) folded before Flop (didn't bet)
Seat 2: karelbihari71 (small blind) folded before Flop
Seat 3: Jeeh401 (big blind) collected (60)



PokerStars Hand #246881072377: Tournament #3667222279, $1.84+$0.16 USD Hold'em No Limit - Level V (40/80) - 2023/11/02 12:57:43 CET [2023/11/02 7:57:43 ET]
Table '3667222279 1' 3-max Seat #2 is the button
Seat 1: Mahu2021 (690 in chips) 
Seat 2: karelbihari71 (360 in chips) 
Seat 3: Jeeh401 (450 in chips) 
Jeeh401: posts small blind 40
Mahu2021: posts big blind 80
*** HOLE CARDS ***
Dealt to Mahu2021 [Ts 7s]
karelbihari71: folds 
Jeeh401: raises 370 to 450 and is all-in
Mahu2021: folds 
Uncalled bet (370) returned to Jeeh401
Jeeh401 collected 160 from pot
*** SUMMARY ***
Total pot 160 | Rake 0 
Seat 1: Mahu2021 (big blind) folded before Flop
Seat 2: karelbihari71 (button) folded before Flop (didn't bet)
Seat 3: Jeeh401 (small blind) collected (160)



PokerStars Hand #246881073704: Tournament #3667222279, $1.84+$0.16 USD Hold'em No Limit - Level V (40/80) - 2023/11/02 12:57:52 CET [2023/11/02 7:57:52 ET]
Table '3667222279 1' 3-max Seat #3 is the button
Seat 1: Mahu2021 (610 in chips) 
Seat 2: karelbihari71 (360 in chips) 
Seat 3: Jeeh401 (530 in chips) 
Mahu2021: posts small blind 40
karelbihari71: posts big blind 80
*** HOLE CARDS ***
Dealt to Mahu2021 [7s Tc]
Jeeh401: raises 450 to 530 and is all-in
Mahu2021: folds 
karelbihari71: calls 280 and is all-in
Uncalled bet (170) returned to Jeeh401
*** FLOP *** [Td 3s 8h]
*** TURN *** [Td 3s 8h] [8c]
*** RIVER *** [Td 3s 8h 8c] [9s]
*** SHOW DOWN ***
karelbihari71: shows [Qs Ah] (a pair of Eights)
Jeeh401: shows [Ad Ts] (two pair, Tens and Eights)
Jeeh401 collected 760 from pot
karelbihari71 finished the tournament in 3rd place
*** SUMMARY ***
Total pot 760 | Rake 0 
Board [Td 3s 8h 8c 9s]
Seat 1: Mahu2021 (small blind) folded before Flop
Seat 2: karelbihari71 (big blind) showed [Qs Ah] and lost with a pair of Eights
Seat 3: Jeeh401 (button) showed [Ad Ts] and won (760) with two pair, Tens and Eights



PokerStars Hand #246881076087: Tournament #3667222279, $1.84+$0.16 USD Hold'em No Limit - Level V (40/80) - 2023/11/02 12:58:08 CET [2023/11/02 7:58:08 ET]
Table '3667222279 1' 3-max Seat #1 is the button
Seat 1: Mahu2021 (570 in chips) 
Seat 3: Jeeh401 (930 in chips) 
Mahu2021: posts small blind 40
Jeeh401: posts big blind 80
*** HOLE CARDS ***
Dealt to Mahu2021 [Qd 4s]
Mahu2021: folds 
Uncalled bet (40) returned to Jeeh401
Jeeh401 collected 80 from pot
*** SUMMARY ***
Total pot 80 | Rake 0 
Seat 1: Mahu2021 (button) (small blind) folded before Flop
Seat 3: Jeeh401 (big blind) collected (80)



PokerStars Hand #246881076730: Tournament #3667222279, $1.84+$0.16 USD Hold'em No Limit - Level V (40/80) - 2023/11/02 12:58:13 CET [2023/11/02 7:58:13 ET]
Table '3667222279 1' 3-max Seat #3 is the button
Seat 1: Mahu2021 (530 in chips) 
Seat 3: Jeeh401 (970 in chips) 
Jeeh401: posts small blind 40
Mahu2021: posts big blind 80
*** HOLE CARDS ***
Dealt to Mahu2021 [9c Qs]
Jeeh401: raises 80 to 160
Mahu2021: calls 80
*** FLOP *** [Jc 3d 2s]
Mahu2021: checks 
Jeeh401: bets 810 and is all-in
Mahu2021: folds 
Uncalled bet (810) returned to Jeeh401
Jeeh401 collected 320 from pot
*** SUMMARY ***
Total pot 320 | Rake 0 
Board [Jc 3d 2s]
Seat 1: Mahu2021 (big blind) folded on the Flop
Seat 3: Jeeh401 (button) (small blind) collected (320)



PokerStars Hand #246881078622: Tournament #3667222279, $1.84+$0.16 USD Hold'em No Limit - Level V (40/80) - 2023/11/02 12:58:26 CET [2023/11/02 7:58:26 ET]
Table '3667222279 1' 3-max Seat #1 is the button
Seat 1: Mahu2021 (370 in chips) 
Seat 3: Jeeh401 (1130 in chips) 
Mahu2021: posts small blind 40
Jeeh401: posts big blind 80
*** HOLE CARDS ***
Dealt to Mahu2021 [Ad 3s]
Mahu2021: calls 40
Jeeh401: raises 1050 to 1130 and is all-in
Mahu2021: calls 290 and is all-in
Uncalled bet (760) returned to Jeeh401
*** FLOP *** [Qc 6s 4s]
*** TURN *** [Qc 6s 4s] [3c]
*** RIVER *** [Qc 6s 4s 3c] [4c]
*** SHOW DOWN ***
Jeeh401: shows [Ac 3d] (two pair, Fours and Threes)
Mahu2021: shows [Ad 3s] (two pair, Fours and Threes)
Jeeh401 collected 370 from pot
Mahu2021 collected 370 from pot
*** SUMMARY ***
Total pot 740 | Rake 0 
Board [Qc 6s 4s 3c 4c]
Seat 1: Mahu2021 (button) (small blind) showed [Ad 3s] and won (370) with two pair, Fours and Threes
Seat 3: Jeeh401 (big blind) showed [Ac 3d] and won (370) with two pair, Fours and Threes



PokerStars Hand #246881080732: Tournament #3667222279, $1.84+$0.16 USD Hold'em No Limit - Level V (40/80) - 2023/11/02 12:58:40 CET [2023/11/02 7:58:40 ET]
Table '3667222279 1' 3-max Seat #3 is the button
Seat 1: Mahu2021 (370 in chips) 
Seat 3: Jeeh401 (1130 in chips) 
Jeeh401: posts small blind 40
Mahu2021: posts big blind 80
*** HOLE CARDS ***
Dealt to Mahu2021 [2s Qc]
Jeeh401: raises 160 to 240
Mahu2021: folds 
Uncalled bet (160) returned to Jeeh401
Jeeh401 collected 160 from pot
*** SUMMARY ***
Total pot 160 | Rake 0 
Seat 1: Mahu2021 (big blind) folded before Flop
Seat 3: Jeeh401 (button) (small blind) collected (160)



PokerStars Hand #246881081931: Tournament #3667222279, $1.84+$0.16 USD Hold'em No Limit - Level V (40/80) - 2023/11/02 12:58:48 CET [2023/11/02 7:58:48 ET]
Table '3667222279 1' 3-max Seat #1 is the button
Seat 1: Mahu2021 (290 in chips) 
Seat 3: Jeeh401 (1210 in chips) 
Mahu2021: posts small blind 40
Jeeh401: posts big blind 80
*** HOLE CARDS ***
Dealt to Mahu2021 [3s 7d]
Mahu2021: folds 
Uncalled bet (40) returned to Jeeh401
Jeeh401 collected 80 from pot
*** SUMMARY ***
Total pot 80 | Rake 0 
Seat 1: Mahu2021 (button) (small blind) folded before Flop
Seat 3: Jeeh401 (big blind) collected (80)



PokerStars Hand #246881082610: Tournament #3667222279, $1.84+$0.16 USD Hold'em No Limit - Level V (40/80) - 2023/11/02 12:58:53 CET [2023/11/02 7:58:53 ET]
Table '3667222279 1' 3-max Seat #3 is the button
Seat 1: Mahu2021 (250 in chips) 
Seat 3: Jeeh401 (1250 in chips) 
Jeeh401: posts small blind 40
Mahu2021: posts big blind 80
*** HOLE CARDS ***
Dealt to Mahu2021 [Ad 2d]
Jeeh401: raises 80 to 160
Mahu2021: raises 90 to 250 and is all-in
Jeeh401: calls 90
*** FLOP *** [Kd Ac Td]
*** TURN *** [Kd Ac Td] [2c]
*** RIVER *** [Kd Ac Td 2c] [5h]
*** SHOW DOWN ***
Mahu2021: shows [Ad 2d] (two pair, Aces and Deuces)
Jeeh401: shows [8c Jc] (high card Ace)
Mahu2021 collected 500 from pot
*** SUMMARY ***
Total pot 500 | Rake 0 
Board [Kd Ac Td 2c 5h]
Seat 1: Mahu2021 (big blind) showed [Ad 2d] and won (500) with two pair, Aces and Deuces
Seat 3: Jeeh401 (button) (small blind) showed [8c Jc] and lost with high card Ace



PokerStars Hand #246881084699: Tournament #3667222279, $1.84+$0.16 USD Hold'em No Limit - Level V (40/80) - 2023/11/02 12:59:07 CET [2023/11/02 7:59:07 ET]
Table '3667222279 1' 3-max Seat #1 is the button
Seat 1: Mahu2021 (500 in chips) 
Seat 3: Jeeh401 (1000 in chips) 
Mahu2021: posts small blind 40
Jeeh401: posts big blind 80
*** HOLE CARDS ***
Dealt to Mahu2021 [7h Qs]
Mahu2021: raises 420 to 500 and is all-in
Jeeh401: calls 420
*** FLOP *** [Jc Th 7s]
*** TURN *** [Jc Th 7s] [6s]
*** RIVER *** [Jc Th 7s 6s] [7c]
*** SHOW DOWN ***
Jeeh401: shows [9d 9s] (two pair, Nines and Sevens)
Mahu2021: shows [7h Qs] (three of a kind, Sevens)
Mahu2021 collected 1000 from pot
*** SUMMARY ***
Total pot 1000 | Rake 0 
Board [Jc Th 7s 6s 7c]
Seat 1: Mahu2021 (button) (small blind) showed [7h Qs] and won (1000) with three of a kind, Sevens
Seat 3: Jeeh401 (big blind) showed [9d 9s] and lost with two pair, Nines and Sevens



PokerStars Hand #246881086406: Tournament #3667222279, $1.84+$0.16 USD Hold'em No Limit - Level V (40/80) - 2023/11/02 12:59:19 CET [2023/11/02 7:59:19 ET]
Table '3667222279 1' 3-max Seat #3 is the button
Seat 1: Mahu2021 (1000 in chips) 
Seat 3: Jeeh401 (500 in chips) 
Jeeh401: posts small blind 40
Mahu2021: posts big blind 80
*** HOLE CARDS ***
Dealt to Mahu2021 [Js 2d]
Jeeh401: folds 
Uncalled bet (40) returned to Mahu2021
Mahu2021 collected 80 from pot
Mahu2021: doesn't show hand 
*** SUMMARY ***
Total pot 80 | Rake 0 
Seat 1: Mahu2021 (big blind) collected (80)
Seat 3: Jeeh401 (button) (small blind) folded before Flop



PokerStars Hand #246881087228: Tournament #3667222279, $1.84+$0.16 USD Hold'em No Limit - Level V (40/80) - 2023/11/02 12:59:24 CET [2023/11/02 7:59:24 ET]
Table '3667222279 1' 3-max Seat #1 is the button
Seat 1: Mahu2021 (1040 in chips) 
Seat 3: Jeeh401 (460 in chips) 
Mahu2021: posts small blind 40
Jeeh401: posts big blind 80
*** HOLE CARDS ***
Dealt to Mahu2021 [8s Qs]
Mahu2021: calls 40
Jeeh401: checks 
*** FLOP *** [9s 4c 6s]
Jeeh401: checks 
Mahu2021: bets 80
Jeeh401: raises 160 to 240
Mahu2021: raises 720 to 960 and is all-in
Jeeh401: calls 140 and is all-in
Uncalled bet (580) returned to Mahu2021
*** TURN *** [9s 4c 6s] [Js]
*** RIVER *** [9s 4c 6s Js] [Jh]
*** SHOW DOWN ***
Jeeh401: shows [7h 9d] (two pair, Jacks and Nines)
Mahu2021: shows [8s Qs] (a flush, Queen high)
Mahu2021 collected 920 from pot
Jeeh401 finished the tournament in 2nd place
Mahu2021 wins the tournament and receives $4.00 - congratulations!
*** SUMMARY ***
Total pot 920 | Rake 0 
Board [9s 4c 6s Js Jh]
Seat 1: Mahu2021 (button) (small blind) showed [8s Qs] and won (920) with a flush, Queen high
Seat 3: Jeeh401 (big blind) showed [7h 9d] and lost with two pair, Jacks and Nines



