PokerStars Hand #243223992451: Tournament #3580550457, $0.92+$0.08 USD Hold'em No Limit - Level I (10/20) - 2023/04/21 12:12:15 CET [2023/04/21 6:12:15 ET]
Table '3580550457 1' 3-max Seat #1 is the button
Seat 1: paulm74 (500 in chips) 
Seat 2: stebourke11 (500 in chips) 
Seat 3: Mahu2021 (500 in chips) 
stebourke11: posts small blind 10
Mahu2021: posts big blind 20
*** HOLE CARDS ***
Dealt to Mahu2021 [6d Td]
paulm74: calls 20
stebourke11: calls 10
Mahu2021: checks 
*** FLOP *** [6c 9c Qh]
stebourke11: bets 60
Mahu2021: folds 
paulm74: calls 60
*** TURN *** [6c 9c Qh] [4d]
stebourke11: bets 90
paulm74: folds 
Uncalled bet (90) returned to stebourke11
stebourke11 collected 180 from pot
*** SUMMARY ***
Total pot 180 | Rake 0 
Board [6c 9c Qh 4d]
Seat 1: paulm74 (button) folded on the Turn
Seat 2: stebourke11 (small blind) collected (180)
Seat 3: Mahu2021 (big blind) folded on the Flop



PokerStars Hand #243223995597: Tournament #3580550457, $0.92+$0.08 USD Hold'em No Limit - Level I (10/20) - 2023/04/21 12:12:37 CET [2023/04/21 6:12:37 ET]
Table '3580550457 1' 3-max Seat #2 is the button
Seat 1: paulm74 (420 in chips) 
Seat 2: stebourke11 (600 in chips) 
Seat 3: Mahu2021 (480 in chips) 
Mahu2021: posts small blind 10
paulm74: posts big blind 20
*** HOLE CARDS ***
Dealt to Mahu2021 [As Ts]
stebourke11: folds 
Mahu2021: raises 40 to 60
paulm74: calls 40
*** FLOP *** [Jd 8h 8s]
Mahu2021: checks 
paulm74: bets 20
Mahu2021: calls 20
*** TURN *** [Jd 8h 8s] [Jh]
Mahu2021: checks 
paulm74: bets 20
Mahu2021: raises 200 to 220
paulm74: calls 200
*** RIVER *** [Jd 8h 8s Jh] [Qd]
Mahu2021: checks 
paulm74: checks 
*** SHOW DOWN ***
Mahu2021: shows [As Ts] (two pair, Jacks and Eights)
paulm74: mucks hand 
Mahu2021 collected 600 from pot
*** SUMMARY ***
Total pot 600 | Rake 0 
Board [Jd 8h 8s Jh Qd]
Seat 1: paulm74 (big blind) mucked [7c 7h]
Seat 2: stebourke11 (button) folded before Flop (didn't bet)
Seat 3: Mahu2021 (small blind) showed [As Ts] and won (600) with two pair, Jacks and Eights



PokerStars Hand #243223999694: Tournament #3580550457, $0.92+$0.08 USD Hold'em No Limit - Level I (10/20) - 2023/04/21 12:13:04 CET [2023/04/21 6:13:04 ET]
Table '3580550457 1' 3-max Seat #3 is the button
Seat 1: paulm74 (120 in chips) 
Seat 2: stebourke11 (600 in chips) 
Seat 3: Mahu2021 (780 in chips) 
paulm74: posts small blind 10
stebourke11: posts big blind 20
*** HOLE CARDS ***
Dealt to Mahu2021 [5d 8h]
Mahu2021: folds 
paulm74: calls 10
stebourke11: checks 
*** FLOP *** [8c Jh 3s]
paulm74: bets 60
stebourke11: folds 
Uncalled bet (60) returned to paulm74
paulm74 collected 40 from pot
*** SUMMARY ***
Total pot 40 | Rake 0 
Board [8c Jh 3s]
Seat 1: paulm74 (small blind) collected (40)
Seat 2: stebourke11 (big blind) folded on the Flop
Seat 3: Mahu2021 (button) folded before Flop (didn't bet)



PokerStars Hand #243224001793: Tournament #3580550457, $0.92+$0.08 USD Hold'em No Limit - Level I (10/20) - 2023/04/21 12:13:18 CET [2023/04/21 6:13:18 ET]
Table '3580550457 1' 3-max Seat #1 is the button
Seat 1: paulm74 (140 in chips) 
Seat 2: stebourke11 (580 in chips) 
Seat 3: Mahu2021 (780 in chips) 
stebourke11: posts small blind 10
Mahu2021: posts big blind 20
*** HOLE CARDS ***
Dealt to Mahu2021 [8d 2d]
paulm74: calls 20
stebourke11: calls 10
Mahu2021: checks 
*** FLOP *** [3h Ks Td]
stebourke11: bets 20
Mahu2021: folds 
paulm74: calls 20
*** TURN *** [3h Ks Td] [2c]
stebourke11: bets 20
paulm74: calls 20
*** RIVER *** [3h Ks Td 2c] [4s]
stebourke11: bets 20
paulm74: raises 40 to 60
stebourke11: calls 40
*** SHOW DOWN ***
paulm74: shows [4c 4d] (three of a kind, Fours)
stebourke11: mucks hand 
paulm74 collected 260 from pot
*** SUMMARY ***
Total pot 260 | Rake 0 
Board [3h Ks Td 2c 4s]
Seat 1: paulm74 (button) showed [4c 4d] and won (260) with three of a kind, Fours
Seat 2: stebourke11 (small blind) mucked [Tc Jh]
Seat 3: Mahu2021 (big blind) folded on the Flop



PokerStars Hand #243224005476: Tournament #3580550457, $0.92+$0.08 USD Hold'em No Limit - Level I (10/20) - 2023/04/21 12:13:42 CET [2023/04/21 6:13:42 ET]
Table '3580550457 1' 3-max Seat #2 is the button
Seat 1: paulm74 (280 in chips) 
Seat 2: stebourke11 (460 in chips) 
Seat 3: Mahu2021 (760 in chips) 
Mahu2021: posts small blind 10
paulm74: posts big blind 20
*** HOLE CARDS ***
Dealt to Mahu2021 [4d Qd]
stebourke11: raises 20 to 40
Mahu2021: folds 
paulm74: calls 20
*** FLOP *** [3s 4h Qc]
paulm74: bets 100
stebourke11: raises 320 to 420 and is all-in
paulm74: calls 140 and is all-in
Uncalled bet (180) returned to stebourke11
*** TURN *** [3s 4h Qc] [2h]
*** RIVER *** [3s 4h Qc 2h] [Ks]
*** SHOW DOWN ***
paulm74: shows [Qs 6s] (a pair of Queens)
stebourke11: shows [9h 9c] (a pair of Nines)
paulm74 collected 570 from pot
*** SUMMARY ***
Total pot 570 | Rake 0 
Board [3s 4h Qc 2h Ks]
Seat 1: paulm74 (big blind) showed [Qs 6s] and won (570) with a pair of Queens
Seat 2: stebourke11 (button) showed [9h 9c] and lost with a pair of Nines
Seat 3: Mahu2021 (small blind) folded before Flop



PokerStars Hand #243224008590: Tournament #3580550457, $0.92+$0.08 USD Hold'em No Limit - Level I (10/20) - 2023/04/21 12:14:03 CET [2023/04/21 6:14:03 ET]
Table '3580550457 1' 3-max Seat #3 is the button
Seat 1: paulm74 (570 in chips) 
Seat 2: stebourke11 (180 in chips) 
Seat 3: Mahu2021 (750 in chips) 
paulm74: posts small blind 10
stebourke11: posts big blind 20
*** HOLE CARDS ***
Dealt to Mahu2021 [As 8d]
Mahu2021: raises 40 to 60
paulm74: calls 50
stebourke11: folds 
*** FLOP *** [6h 9h 4s]
paulm74: checks 
Mahu2021: checks 
*** TURN *** [6h 9h 4s] [7h]
paulm74: checks 
Mahu2021: checks 
*** RIVER *** [6h 9h 4s 7h] [8c]
stebourke11 is disconnected 
paulm74: bets 200
Mahu2021: calls 200
*** SHOW DOWN ***
paulm74: shows [5s Ks] (a straight, Five to Nine)
Mahu2021: mucks hand 
paulm74 collected 540 from pot
*** SUMMARY ***
Total pot 540 | Rake 0 
Board [6h 9h 4s 7h 8c]
Seat 1: paulm74 (small blind) showed [5s Ks] and won (540) with a straight, Five to Nine
Seat 2: stebourke11 (big blind) folded before Flop
Seat 3: Mahu2021 (button) mucked [As 8d]



PokerStars Hand #243224013336: Tournament #3580550457, $0.92+$0.08 USD Hold'em No Limit - Level II (15/30) - 2023/04/21 12:14:35 CET [2023/04/21 6:14:35 ET]
Table '3580550457 1' 3-max Seat #1 is the button
Seat 1: paulm74 (850 in chips) 
Seat 2: stebourke11 (160 in chips) 
Seat 3: Mahu2021 (490 in chips) 
stebourke11: posts small blind 15
Mahu2021: posts big blind 30
*** HOLE CARDS ***
Dealt to Mahu2021 [4d 5s]
paulm74: folds 
stebourke11: calls 15
Mahu2021: checks 
*** FLOP *** [Qh 8c 9h]
stebourke11: checks 
Mahu2021: checks 
*** TURN *** [Qh 8c 9h] [Th]
stebourke11: bets 60
Mahu2021: folds 
Uncalled bet (60) returned to stebourke11
stebourke11 collected 60 from pot
*** SUMMARY ***
Total pot 60 | Rake 0 
Board [Qh 8c 9h Th]
Seat 1: paulm74 (button) folded before Flop (didn't bet)
Seat 2: stebourke11 (small blind) collected (60)
Seat 3: Mahu2021 (big blind) folded on the Turn



PokerStars Hand #243224015161: Tournament #3580550457, $0.92+$0.08 USD Hold'em No Limit - Level II (15/30) - 2023/04/21 12:14:48 CET [2023/04/21 6:14:48 ET]
Table '3580550457 1' 3-max Seat #2 is the button
Seat 1: paulm74 (850 in chips) 
Seat 2: stebourke11 (190 in chips) 
Seat 3: Mahu2021 (460 in chips) 
Mahu2021: posts small blind 15
paulm74: posts big blind 30
*** HOLE CARDS ***
Dealt to Mahu2021 [9s 5c]
stebourke11: folds 
Mahu2021: folds 
Uncalled bet (15) returned to paulm74
paulm74 collected 30 from pot
*** SUMMARY ***
Total pot 30 | Rake 0 
Seat 1: paulm74 (big blind) collected (30)
Seat 2: stebourke11 (button) folded before Flop (didn't bet)
Seat 3: Mahu2021 (small blind) folded before Flop



PokerStars Hand #243224015862: Tournament #3580550457, $0.92+$0.08 USD Hold'em No Limit - Level II (15/30) - 2023/04/21 12:14:53 CET [2023/04/21 6:14:53 ET]
Table '3580550457 1' 3-max Seat #3 is the button
Seat 1: paulm74 (865 in chips) 
Seat 2: stebourke11 (190 in chips) 
Seat 3: Mahu2021 (445 in chips) 
paulm74: posts small blind 15
stebourke11: posts big blind 30
*** HOLE CARDS ***
Dealt to Mahu2021 [Ac Td]
Mahu2021: raises 60 to 90
paulm74: calls 75
stebourke11: calls 60
*** FLOP *** [Qs Jc 9c]
paulm74: checks 
stebourke11: bets 30
Mahu2021: raises 325 to 355 and is all-in
paulm74: calls 355
stebourke11: calls 70 and is all-in
*** TURN *** [Qs Jc 9c] [3d]
*** RIVER *** [Qs Jc 9c 3d] [8c]
*** SHOW DOWN ***
paulm74: shows [Qh Ah] (a pair of Queens)
Mahu2021: shows [Ac Td] (a straight, Eight to Queen)
Mahu2021 collected 510 from side pot
stebourke11: shows [9h 9s] (three of a kind, Nines)
Mahu2021 collected 570 from main pot
stebourke11 finished the tournament in 3rd place
*** SUMMARY ***
Total pot 1080 Main pot 570. Side pot 510. | Rake 0 
Board [Qs Jc 9c 3d 8c]
Seat 1: paulm74 (small blind) showed [Qh Ah] and lost with a pair of Queens
Seat 2: stebourke11 (big blind) showed [9h 9s] and lost with three of a kind, Nines
Seat 3: Mahu2021 (button) showed [Ac Td] and won (1080) with a straight, Eight to Queen



PokerStars Hand #243224020155: Tournament #3580550457, $0.92+$0.08 USD Hold'em No Limit - Level II (15/30) - 2023/04/21 12:15:22 CET [2023/04/21 6:15:22 ET]
Table '3580550457 1' 3-max Seat #1 is the button
Seat 1: paulm74 (420 in chips) 
Seat 3: Mahu2021 (1080 in chips) 
paulm74: posts small blind 15
Mahu2021: posts big blind 30
*** HOLE CARDS ***
Dealt to Mahu2021 [Ac Jc]
paulm74: calls 15
Mahu2021: raises 90 to 120
paulm74: folds 
Uncalled bet (90) returned to Mahu2021
Mahu2021 collected 60 from pot
Mahu2021: doesn't show hand 
*** SUMMARY ***
Total pot 60 | Rake 0 
Seat 1: paulm74 (button) (small blind) folded before Flop
Seat 3: Mahu2021 (big blind) collected (60)



PokerStars Hand #243224021592: Tournament #3580550457, $0.92+$0.08 USD Hold'em No Limit - Level II (15/30) - 2023/04/21 12:15:31 CET [2023/04/21 6:15:31 ET]
Table '3580550457 1' 3-max Seat #3 is the button
Seat 1: paulm74 (390 in chips) 
Seat 3: Mahu2021 (1110 in chips) 
Mahu2021: posts small blind 15
paulm74: posts big blind 30
*** HOLE CARDS ***
Dealt to Mahu2021 [Jh 7s]
Mahu2021: raises 60 to 90
paulm74: calls 60
*** FLOP *** [Ks 4d 6c]
paulm74: checks 
Mahu2021: bets 90
paulm74: calls 90
*** TURN *** [Ks 4d 6c] [7d]
paulm74: checks 
Mahu2021: bets 360
paulm74: folds 
Uncalled bet (360) returned to Mahu2021
Mahu2021 collected 360 from pot
Mahu2021: doesn't show hand 
*** SUMMARY ***
Total pot 360 | Rake 0 
Board [Ks 4d 6c 7d]
Seat 1: paulm74 (big blind) folded on the Turn
Seat 3: Mahu2021 (button) (small blind) collected (360)



PokerStars Hand #243224024655: Tournament #3580550457, $0.92+$0.08 USD Hold'em No Limit - Level II (15/30) - 2023/04/21 12:15:52 CET [2023/04/21 6:15:52 ET]
Table '3580550457 1' 3-max Seat #1 is the button
Seat 1: paulm74 (210 in chips) 
Seat 3: Mahu2021 (1290 in chips) 
paulm74: posts small blind 15
Mahu2021: posts big blind 30
*** HOLE CARDS ***
Dealt to Mahu2021 [Ac 4d]
paulm74: folds 
Uncalled bet (15) returned to Mahu2021
Mahu2021 collected 30 from pot
Mahu2021: doesn't show hand 
*** SUMMARY ***
Total pot 30 | Rake 0 
Seat 1: paulm74 (button) (small blind) folded before Flop
Seat 3: Mahu2021 (big blind) collected (30)



PokerStars Hand #243224025289: Tournament #3580550457, $0.92+$0.08 USD Hold'em No Limit - Level II (15/30) - 2023/04/21 12:15:57 CET [2023/04/21 6:15:57 ET]
Table '3580550457 1' 3-max Seat #3 is the button
Seat 1: paulm74 (195 in chips) 
Seat 3: Mahu2021 (1305 in chips) 
Mahu2021: posts small blind 15
paulm74: posts big blind 30
*** HOLE CARDS ***
Dealt to Mahu2021 [3c 7s]
Mahu2021: folds 
Uncalled bet (15) returned to paulm74
paulm74 collected 30 from pot
*** SUMMARY ***
Total pot 30 | Rake 0 
Seat 1: paulm74 (big blind) collected (30)
Seat 3: Mahu2021 (button) (small blind) folded before Flop



PokerStars Hand #243224026033: Tournament #3580550457, $0.92+$0.08 USD Hold'em No Limit - Level II (15/30) - 2023/04/21 12:16:01 CET [2023/04/21 6:16:01 ET]
Table '3580550457 1' 3-max Seat #1 is the button
Seat 1: paulm74 (210 in chips) 
Seat 3: Mahu2021 (1290 in chips) 
paulm74: posts small blind 15
Mahu2021: posts big blind 30
*** HOLE CARDS ***
Dealt to Mahu2021 [Th 6d]
paulm74: calls 15
Mahu2021: checks 
*** FLOP *** [Ac 2s 9d]
Mahu2021: checks 
paulm74: checks 
*** TURN *** [Ac 2s 9d] [7s]
Mahu2021: checks 
paulm74: checks 
*** RIVER *** [Ac 2s 9d 7s] [8d]
Mahu2021: bets 60
paulm74: calls 60
*** SHOW DOWN ***
Mahu2021: shows [Th 6d] (a straight, Six to Ten)
paulm74: mucks hand 
Mahu2021 collected 180 from pot
*** SUMMARY ***
Total pot 180 | Rake 0 
Board [Ac 2s 9d 7s 8d]
Seat 1: paulm74 (button) (small blind) mucked [Js 8s]
Seat 3: Mahu2021 (big blind) showed [Th 6d] and won (180) with a straight, Six to Ten



PokerStars Hand #243224029086: Tournament #3580550457, $0.92+$0.08 USD Hold'em No Limit - Level III (20/40) - 2023/04/21 12:16:22 CET [2023/04/21 6:16:22 ET]
Table '3580550457 1' 3-max Seat #3 is the button
Seat 1: paulm74 (120 in chips) 
Seat 3: Mahu2021 (1380 in chips) 
Mahu2021: posts small blind 20
paulm74: posts big blind 40
*** HOLE CARDS ***
Dealt to Mahu2021 [5s Js]
Mahu2021: raises 80 to 120
paulm74: calls 80 and is all-in
*** FLOP *** [9d 2h Th]
*** TURN *** [9d 2h Th] [Qc]
*** RIVER *** [9d 2h Th Qc] [Kd]
*** SHOW DOWN ***
paulm74: shows [Qs Jd] (a straight, Nine to King)
Mahu2021: shows [5s Js] (a straight, Nine to King)
paulm74 collected 120 from pot
Mahu2021 collected 120 from pot
*** SUMMARY ***
Total pot 240 | Rake 0 
Board [9d 2h Th Qc Kd]
Seat 1: paulm74 (big blind) showed [Qs Jd] and won (120) with a straight, Nine to King
Seat 3: Mahu2021 (button) (small blind) showed [5s Js] and won (120) with a straight, Nine to King



PokerStars Hand #243224031072: Tournament #3580550457, $0.92+$0.08 USD Hold'em No Limit - Level III (20/40) - 2023/04/21 12:16:35 CET [2023/04/21 6:16:35 ET]
Table '3580550457 1' 3-max Seat #1 is the button
Seat 1: paulm74 (120 in chips) 
Seat 3: Mahu2021 (1380 in chips) 
paulm74: posts small blind 20
Mahu2021: posts big blind 40
*** HOLE CARDS ***
Dealt to Mahu2021 [Tc 4s]
paulm74: folds 
Uncalled bet (20) returned to Mahu2021
Mahu2021 collected 40 from pot
Mahu2021: doesn't show hand 
*** SUMMARY ***
Total pot 40 | Rake 0 
Seat 1: paulm74 (button) (small blind) folded before Flop
Seat 3: Mahu2021 (big blind) collected (40)



PokerStars Hand #243224031898: Tournament #3580550457, $0.92+$0.08 USD Hold'em No Limit - Level III (20/40) - 2023/04/21 12:16:41 CET [2023/04/21 6:16:41 ET]
Table '3580550457 1' 3-max Seat #3 is the button
Seat 1: paulm74 (100 in chips) 
Seat 3: Mahu2021 (1400 in chips) 
Mahu2021: posts small blind 20
paulm74: posts big blind 40
*** HOLE CARDS ***
Dealt to Mahu2021 [Kh Jc]
Mahu2021: raises 80 to 120
paulm74: calls 60 and is all-in
Uncalled bet (20) returned to Mahu2021
*** FLOP *** [6s Kd Qd]
*** TURN *** [6s Kd Qd] [7c]
*** RIVER *** [6s Kd Qd 7c] [4c]
*** SHOW DOWN ***
paulm74: shows [9c 2h] (high card King)
Mahu2021: shows [Kh Jc] (a pair of Kings)
Mahu2021 collected 200 from pot
paulm74 finished the tournament in 2nd place
Mahu2021 wins the tournament and receives $2.00 - congratulations!
*** SUMMARY ***
Total pot 200 | Rake 0 
Board [6s Kd Qd 7c 4c]
Seat 1: paulm74 (big blind) showed [9c 2h] and lost with high card King
Seat 3: Mahu2021 (button) (small blind) showed [Kh Jc] and won (200) with a pair of Kings



