PokerStars Zoom Hand #253511634895:  Hold'em No Limit ($0.01/$0.02) - 2024/11/21 23:17:00 CET [2024/11/21 17:17:00 ET]
Table 'Halley' 6-max Seat #1 is the button
Seat 1: Angeluzfm33 ($2.03 in chips) 
Seat 2: avtogena ($2.45 in chips) 
Seat 3: Mahu2021 ($2 in chips) 
Seat 4: KaibaSet ($2 in chips) 
Seat 5: sorvetemm ($0.89 in chips) 
Seat 6: ramirodl'b ($2.07 in chips) 
avtogena: posts small blind $0.01
Mahu2021: posts big blind $0.02
*** HOLE CARDS ***
Dealt to Mahu2021 [Tc 9c]
KaibaSet: folds 
sorvetemm: folds 
ramirodl'b: folds 
Angeluzfm33: folds 
avtogena: raises $0.04 to $0.06
Mahu2021: calls $0.04
*** FLOP *** [9d 6h Qs]
avtogena: bets $0.06
Mahu2021: calls $0.06
*** TURN *** [9d 6h Qs] [4s]
avtogena: checks 
Mahu2021: checks 
*** RIVER *** [9d 6h Qs 4s] [6d]
avtogena: checks 
Mahu2021: checks 
*** SHOW DOWN ***
avtogena: shows [8s 7h] (a pair of Sixes)
Mahu2021: shows [Tc 9c] (two pair, Nines and Sixes)
Mahu2021 collected $0.23 from pot
*** SUMMARY ***
Total pot $0.24 | Rake $0.01 
Board [9d 6h Qs 4s 6d]
Seat 1: Angeluzfm33 (button) folded before Flop (didn't bet)
Seat 2: avtogena (small blind) showed [8s 7h] and lost with a pair of Sixes
Seat 3: Mahu2021 (big blind) showed [Tc 9c] and won ($0.23) with two pair, Nines and Sixes
Seat 4: KaibaSet folded before Flop (didn't bet)
Seat 5: sorvetemm folded before Flop (didn't bet)
Seat 6: ramirodl'b folded before Flop (didn't bet)



PokerStars Zoom Hand #253511641193:  Hold'em No Limit ($0.01/$0.02) - 2024/11/21 23:17:33 CET [2024/11/21 17:17:33 ET]
Table 'Halley' 6-max Seat #1 is the button
Seat 1: Brygider ($4.62 in chips) 
Seat 2: Mahu2021 ($2.11 in chips) 
Seat 3: SzugaMiszcz ($4.06 in chips) 
Seat 4: Callgurll ($5.05 in chips) 
Seat 5: Paya_31 ($1.41 in chips) 
Seat 6: blysk ($2.64 in chips) 
Mahu2021: posts small blind $0.01
SzugaMiszcz: posts big blind $0.02
*** HOLE CARDS ***
Dealt to Mahu2021 [7c 3d]
Callgurll: folds 
Paya_31: folds 
blysk: folds 
Brygider: folds 
Mahu2021: folds 
Uncalled bet ($0.01) returned to SzugaMiszcz
SzugaMiszcz collected $0.02 from pot
SzugaMiszcz: doesn't show hand 
*** SUMMARY ***
Total pot $0.02 | Rake $0 
Seat 1: Brygider (button) folded before Flop (didn't bet)
Seat 2: Mahu2021 (small blind) folded before Flop
Seat 3: SzugaMiszcz (big blind) collected ($0.02)
Seat 4: Callgurll folded before Flop (didn't bet)
Seat 5: Paya_31 folded before Flop (didn't bet)
Seat 6: blysk folded before Flop (didn't bet)



PokerStars Zoom Hand #253511642154:  Hold'em No Limit ($0.01/$0.02) - 2024/11/21 23:17:38 CET [2024/11/21 17:17:38 ET]
Table 'Halley' 6-max Seat #1 is the button
Seat 1: CaJe94 ($2.88 in chips) 
Seat 2: KaibaSet ($2.73 in chips) 
Seat 3: Snyrius1 ($2.91 in chips) 
Seat 4: Andersonjsi ($2.85 in chips) 
Seat 5: Mahu2021 ($2.10 in chips) 
Seat 6: DaveVinyl ($7.06 in chips) 
KaibaSet: posts small blind $0.01
Snyrius1: posts big blind $0.02
*** HOLE CARDS ***
Dealt to Mahu2021 [5s 5h]
Andersonjsi: folds 
Mahu2021: folds 
DaveVinyl: folds 
CaJe94: folds 
KaibaSet: folds 
Uncalled bet ($0.01) returned to Snyrius1
Snyrius1 collected $0.02 from pot
Snyrius1: doesn't show hand 
*** SUMMARY ***
Total pot $0.02 | Rake $0 
Seat 1: CaJe94 (button) folded before Flop (didn't bet)
Seat 2: KaibaSet (small blind) folded before Flop
Seat 3: Snyrius1 (big blind) collected ($0.02)
Seat 4: Andersonjsi folded before Flop (didn't bet)
Seat 5: Mahu2021 folded before Flop (didn't bet)
Seat 6: DaveVinyl folded before Flop (didn't bet)



PokerStars Zoom Hand #253511643289:  Hold'em No Limit ($0.01/$0.02) - 2024/11/21 23:17:43 CET [2024/11/21 17:17:43 ET]
Table 'Halley' 6-max Seat #1 is the button
Seat 1: Mahu2021 ($2.10 in chips) 
Seat 2: SzugaMiszcz ($4.07 in chips) 
Seat 3: DaTan101 ($7.80 in chips) 
Seat 4: Naturallls ($2.23 in chips) 
Seat 5: gigabyte1998 ($4.06 in chips) 
Seat 6: TheSilverMen ($4.74 in chips) 
SzugaMiszcz: posts small blind $0.01
DaTan101: posts big blind $0.02
*** HOLE CARDS ***
Dealt to Mahu2021 [8c 3s]
Naturallls: folds 
gigabyte1998: folds 
TheSilverMen: folds 
Mahu2021: folds 
SzugaMiszcz: folds 
Uncalled bet ($0.01) returned to DaTan101
DaTan101 collected $0.02 from pot
DaTan101: doesn't show hand 
*** SUMMARY ***
Total pot $0.02 | Rake $0 
Seat 1: Mahu2021 (button) folded before Flop (didn't bet)
Seat 2: SzugaMiszcz (small blind) folded before Flop
Seat 3: DaTan101 (big blind) collected ($0.02)
Seat 4: Naturallls folded before Flop (didn't bet)
Seat 5: gigabyte1998 folded before Flop (didn't bet)
Seat 6: TheSilverMen folded before Flop (didn't bet)



PokerStars Zoom Hand #253511645402:  Hold'em No Limit ($0.01/$0.02) - 2024/11/21 23:17:55 CET [2024/11/21 17:17:55 ET]
Table 'Halley' 6-max Seat #1 is the button
Seat 1: giovane787 ($2.01 in chips) 
Seat 2: lajho1987 ($7.12 in chips) 
Seat 3: Mahu2021 ($2.09 in chips) 
Seat 4: KaibaSet ($2.72 in chips) 
Seat 5: christian11d ($2.04 in chips) 
Seat 6: flopyouforit ($7.91 in chips) 
lajho1987: posts small blind $0.01
Mahu2021: posts big blind $0.02
*** HOLE CARDS ***
Dealt to Mahu2021 [8d 3h]
KaibaSet: folds 
christian11d: folds 
flopyouforit: folds 
giovane787: folds 
lajho1987: folds 
Uncalled bet ($0.01) returned to Mahu2021
Mahu2021 collected $0.02 from pot
Mahu2021: doesn't show hand 
*** SUMMARY ***
Total pot $0.02 | Rake $0 
Seat 1: giovane787 (button) folded before Flop (didn't bet)
Seat 2: lajho1987 (small blind) folded before Flop
Seat 3: Mahu2021 (big blind) collected ($0.02)
Seat 4: KaibaSet folded before Flop (didn't bet)
Seat 5: christian11d folded before Flop (didn't bet)
Seat 6: flopyouforit folded before Flop (didn't bet)



PokerStars Zoom Hand #253511643890:  Hold'em No Limit ($0.01/$0.02) - 2024/11/21 23:17:47 CET [2024/11/21 17:17:47 ET]
Table 'Halley' 6-max Seat #1 is the button
Seat 1: christian11d ($2 in chips) 
Seat 2: Mahu2021 ($2.10 in chips) 
Seat 3: Cflush93 ($9.74 in chips) 
Seat 4: magallaner47 ($14.60 in chips) 
Seat 5: geo2411 ($0.90 in chips) 
Seat 6: SzugaMiszcz ($4.06 in chips) 
Mahu2021: posts small blind $0.01
Cflush93: posts big blind $0.02
*** HOLE CARDS ***
Dealt to Mahu2021 [8s Kd]
magallaner47: folds 
geo2411: calls $0.02
SzugaMiszcz: folds 
christian11d: folds 
Mahu2021: folds 
Cflush93: checks 
*** FLOP *** [2s Js Qs]
Cflush93: checks 
geo2411: checks 
*** TURN *** [2s Js Qs] [3s]
Cflush93: checks 
geo2411: checks 
*** RIVER *** [2s Js Qs 3s] [8c]
Cflush93: checks 
geo2411: bets $0.06
Cflush93: folds 
Uncalled bet ($0.06) returned to geo2411
geo2411 collected $0.05 from pot
geo2411: doesn't show hand 
*** SUMMARY ***
Total pot $0.05 | Rake $0 
Board [2s Js Qs 3s 8c]
Seat 1: christian11d (button) folded before Flop (didn't bet)
Seat 2: Mahu2021 (small blind) folded before Flop
Seat 3: Cflush93 (big blind) folded on the River
Seat 4: magallaner47 folded before Flop (didn't bet)
Seat 5: geo2411 collected ($0.05)
Seat 6: SzugaMiszcz folded before Flop (didn't bet)



PokerStars Zoom Hand #253511648620:  Hold'em No Limit ($0.01/$0.02) - 2024/11/21 23:18:11 CET [2024/11/21 17:18:11 ET]
Table 'Halley' 6-max Seat #1 is the button
Seat 1: Mahu2021 ($2.10 in chips) 
Seat 2: gigabyte1998 ($6.18 in chips) 
Seat 3: flopyouforit ($9.41 in chips) 
Seat 4: jaycongo ($2 in chips) 
Seat 5: Romano36 ($1.14 in chips) 
Seat 6: mK.92*INC ($4.25 in chips) 
gigabyte1998: posts small blind $0.01
flopyouforit: posts big blind $0.02
*** HOLE CARDS ***
Dealt to Mahu2021 [6h Kh]
jaycongo: folds 
Romano36: folds 
mK.92*INC: folds 
Mahu2021: raises $0.02 to $0.04
gigabyte1998: folds 
flopyouforit: folds 
Uncalled bet ($0.02) returned to Mahu2021
Mahu2021 collected $0.05 from pot
Mahu2021: doesn't show hand 
*** SUMMARY ***
Total pot $0.05 | Rake $0 
Seat 1: Mahu2021 (button) collected ($0.05)
Seat 2: gigabyte1998 (small blind) folded before Flop
Seat 3: flopyouforit (big blind) folded before Flop
Seat 4: jaycongo folded before Flop (didn't bet)
Seat 5: Romano36 folded before Flop (didn't bet)
Seat 6: mK.92*INC folded before Flop (didn't bet)



PokerStars Zoom Hand #253511644634:  Hold'em No Limit ($0.01/$0.02) - 2024/11/21 23:17:51 CET [2024/11/21 17:17:51 ET]
Table 'Halley' 6-max Seat #1 is the button
Seat 1: magallaner47 ($14.60 in chips) 
Seat 2: 14marcin ($2.91 in chips) 
Seat 3: Paya_31 ($2.04 in chips) 
Seat 4: flopyouforit ($7.91 in chips) 
Seat 5: Beduin250 ($2.25 in chips) 
Seat 6: Mahu2021 ($2.09 in chips) 
14marcin: posts small blind $0.01
Paya_31: posts big blind $0.02
*** HOLE CARDS ***
Dealt to Mahu2021 [Js 8c]
flopyouforit: folds 
Beduin250: raises $0.04 to $0.06
Mahu2021: folds 
magallaner47: folds 
14marcin: folds 
Paya_31: raises $0.14 to $0.20
Beduin250: calls $0.14
*** FLOP *** [3h 7h 7d]
Paya_31: checks 
Beduin250: bets $0.12
Paya_31: calls $0.12
*** TURN *** [3h 7h 7d] [Ac]
Paya_31: checks 
Beduin250: bets $0.95
Paya_31: folds 
Uncalled bet ($0.95) returned to Beduin250
Beduin250 collected $0.63 from pot
Beduin250: doesn't show hand 
*** SUMMARY ***
Total pot $0.65 | Rake $0.02 
Board [3h 7h 7d Ac]
Seat 1: magallaner47 (button) folded before Flop (didn't bet)
Seat 2: 14marcin (small blind) folded before Flop
Seat 3: Paya_31 (big blind) folded on the Turn
Seat 4: flopyouforit folded before Flop (didn't bet)
Seat 5: Beduin250 collected ($0.63)
Seat 6: Mahu2021 folded before Flop (didn't bet)



PokerStars Zoom Hand #253511653239:  Hold'em No Limit ($0.01/$0.02) - 2024/11/21 23:18:36 CET [2024/11/21 17:18:36 ET]
Table 'Halley' 6-max Seat #1 is the button
Seat 1: sormet ($2.18 in chips) 
Seat 2: CogumeloDoSol ($0.98 in chips) 
Seat 3: MARVEL430 ($3.20 in chips) 
Seat 4: JFray756 ($1.79 in chips) 
Seat 5: urszula777 ($3.22 in chips) 
Seat 6: Mahu2021 ($2.13 in chips) 
CogumeloDoSol: posts small blind $0.01
MARVEL430: posts big blind $0.02
*** HOLE CARDS ***
Dealt to Mahu2021 [7s 7c]
JFray756: folds 
urszula777: calls $0.02
Mahu2021: calls $0.02
sormet: folds 
CogumeloDoSol: folds 
MARVEL430: checks 
*** FLOP *** [Js Qc 6c]
MARVEL430: checks 
urszula777: checks 
Mahu2021: bets $0.02
MARVEL430: calls $0.02
urszula777: calls $0.02
*** TURN *** [Js Qc 6c] [7d]
MARVEL430: checks 
urszula777: checks 
Mahu2021: bets $0.04
MARVEL430: folds 
urszula777: folds 
Uncalled bet ($0.04) returned to Mahu2021
Mahu2021 collected $0.13 from pot
Mahu2021: doesn't show hand 
*** SUMMARY ***
Total pot $0.13 | Rake $0 
Board [Js Qc 6c 7d]
Seat 1: sormet (button) folded before Flop (didn't bet)
Seat 2: CogumeloDoSol (small blind) folded before Flop
Seat 3: MARVEL430 (big blind) folded on the Turn
Seat 4: JFray756 folded before Flop (didn't bet)
Seat 5: urszula777 folded on the Turn
Seat 6: Mahu2021 collected ($0.13)



PokerStars Zoom Hand #253511652481:  Hold'em No Limit ($0.01/$0.02) - 2024/11/21 23:18:32 CET [2024/11/21 17:18:32 ET]
Table 'Halley' 6-max Seat #1 is the button
Seat 1: christian11d ($1.97 in chips) 
Seat 2: ramirodl'b ($2.01 in chips) 
Seat 3: mK.92*INC ($4.24 in chips) 
Seat 4: Mahu2021 ($2.13 in chips) 
Seat 5: josesde ($3.92 in chips) 
Seat 6: Bily Bo ($2.28 in chips) 
ramirodl'b: posts small blind $0.01
mK.92*INC: posts big blind $0.02
*** HOLE CARDS ***
Dealt to Mahu2021 [2s Th]
Mahu2021: folds 
josesde: folds 
Bily Bo: folds 
christian11d: calls $0.02
ramirodl'b: folds 
mK.92*INC: checks 
*** FLOP *** [2d Ks 4s]
mK.92*INC: checks 
christian11d: checks 
*** TURN *** [2d Ks 4s] [Qc]
mK.92*INC: bets $0.03
christian11d: raises $0.03 to $0.06
mK.92*INC: calls $0.03
*** RIVER *** [2d Ks 4s Qc] [Kc]
mK.92*INC: checks 
christian11d: checks 
*** SHOW DOWN ***
mK.92*INC: shows [Qd Jh] (two pair, Kings and Queens)
christian11d: shows [Qh Jd] (two pair, Kings and Queens)
mK.92*INC collected $0.08 from pot
christian11d collected $0.08 from pot
*** SUMMARY ***
Total pot $0.17 | Rake $0.01 
Board [2d Ks 4s Qc Kc]
Seat 1: christian11d (button) showed [Qh Jd] and won ($0.08) with two pair, Kings and Queens
Seat 2: ramirodl'b (small blind) folded before Flop
Seat 3: mK.92*INC (big blind) showed [Qd Jh] and won ($0.08) with two pair, Kings and Queens
Seat 4: Mahu2021 folded before Flop (didn't bet)
Seat 5: josesde folded before Flop (didn't bet)
Seat 6: Bily Bo folded before Flop (didn't bet)



PokerStars Zoom Hand #253511658677:  Hold'em No Limit ($0.01/$0.02) - 2024/11/21 23:19:04 CET [2024/11/21 17:19:04 ET]
Table 'Halley' 6-max Seat #1 is the button
Seat 1: Cflush93 ($9.68 in chips) 
Seat 2: Mahu2021 ($2.22 in chips) 
Seat 3: Teflonmemory ($3.57 in chips) 
Seat 4: mK.92*INC ($4.24 in chips) 
Seat 5: SasSerge ($2.21 in chips) 
Seat 6: richlizz57 ($1.95 in chips) 
Mahu2021: posts small blind $0.01
Teflonmemory: posts big blind $0.02
*** HOLE CARDS ***
Dealt to Mahu2021 [6c Td]
mK.92*INC: folds 
SasSerge: folds 
richlizz57: folds 
Cflush93: folds 
Mahu2021: folds 
Uncalled bet ($0.01) returned to Teflonmemory
Teflonmemory collected $0.02 from pot
Teflonmemory: doesn't show hand 
*** SUMMARY ***
Total pot $0.02 | Rake $0 
Seat 1: Cflush93 (button) folded before Flop (didn't bet)
Seat 2: Mahu2021 (small blind) folded before Flop
Seat 3: Teflonmemory (big blind) collected ($0.02)
Seat 4: mK.92*INC folded before Flop (didn't bet)
Seat 5: SasSerge folded before Flop (didn't bet)
Seat 6: richlizz57 folded before Flop (didn't bet)



PokerStars Zoom Hand #253511659526:  Hold'em No Limit ($0.01/$0.02) - 2024/11/21 23:19:08 CET [2024/11/21 17:19:08 ET]
Table 'Halley' 6-max Seat #1 is the button
Seat 1: Mahu2021 ($2.21 in chips) 
Seat 2: UFeelThaPOWA ($2.23 in chips) 
Seat 3: SzugaMiszcz ($3.86 in chips) 
Seat 4: rom22 ($0.82 in chips) 
Seat 5: Shafts1958 ($5.42 in chips) 
Seat 6: LRG94 ($2.57 in chips) 
UFeelThaPOWA: posts small blind $0.01
SzugaMiszcz: posts big blind $0.02
*** HOLE CARDS ***
Dealt to Mahu2021 [Ah Ad]
rom22: folds 
Shafts1958: raises $0.04 to $0.06
LRG94: folds 
Mahu2021: raises $2.15 to $2.21 and is all-in
UFeelThaPOWA: folds 
SzugaMiszcz: folds 
Shafts1958: folds 
Uncalled bet ($2.15) returned to Mahu2021
Mahu2021 collected $0.15 from pot
Mahu2021: doesn't show hand 
*** SUMMARY ***
Total pot $0.15 | Rake $0 
Seat 1: Mahu2021 (button) collected ($0.15)
Seat 2: UFeelThaPOWA (small blind) folded before Flop
Seat 3: SzugaMiszcz (big blind) folded before Flop
Seat 4: rom22 folded before Flop (didn't bet)
Seat 5: Shafts1958 folded before Flop
Seat 6: LRG94 folded before Flop (didn't bet)



PokerStars Zoom Hand #253511663690:  Hold'em No Limit ($0.01/$0.02) - 2024/11/21 23:19:31 CET [2024/11/21 17:19:31 ET]
Table 'Halley' 6-max Seat #1 is the button
Seat 1: JFray756 ($1.98 in chips) 
Seat 2: PoProfession ($7.47 in chips) 
Seat 3: gigabyte1998 ($6.19 in chips) 
Seat 4: flopyouforit ($6.02 in chips) 
Seat 5: Mahu2021 ($2.30 in chips) 
Seat 6: ikurah ($2.46 in chips) 
PoProfession: posts small blind $0.01
gigabyte1998: posts big blind $0.02
*** HOLE CARDS ***
Dealt to Mahu2021 [9s Ks]
flopyouforit: folds 
Mahu2021: folds 
ikurah: raises $0.03 to $0.05
JFray756: folds 
PoProfession: folds 
gigabyte1998: folds 
Uncalled bet ($0.03) returned to ikurah
ikurah collected $0.05 from pot
ikurah: doesn't show hand 
*** SUMMARY ***
Total pot $0.05 | Rake $0 
Seat 1: JFray756 (button) folded before Flop (didn't bet)
Seat 2: PoProfession (small blind) folded before Flop
Seat 3: gigabyte1998 (big blind) folded before Flop
Seat 4: flopyouforit folded before Flop (didn't bet)
Seat 5: Mahu2021 folded before Flop (didn't bet)
Seat 6: ikurah collected ($0.05)



PokerStars Zoom Hand #253511664460:  Hold'em No Limit ($0.01/$0.02) - 2024/11/21 23:19:35 CET [2024/11/21 17:19:35 ET]
Table 'Halley' 6-max Seat #1 is the button
Seat 1: CaJe94 ($2.04 in chips) 
Seat 2: KUrr1x ($5.31 in chips) 
Seat 3: Mahu2021 ($2.30 in chips) 
Seat 4: SasSerge ($2.01 in chips) 
Seat 5: shortfuse986 ($10.41 in chips) 
Seat 6: Tompi2510 ($2.36 in chips) 
KUrr1x: posts small blind $0.01
Mahu2021: posts big blind $0.02
*** HOLE CARDS ***
Dealt to Mahu2021 [6s 8h]
SasSerge: folds 
shortfuse986: folds 
Tompi2510: folds 
CaJe94: raises $0.02 to $0.04
KUrr1x: raises $0.16 to $0.20
Mahu2021: folds 
CaJe94: folds 
Uncalled bet ($0.16) returned to KUrr1x
KUrr1x collected $0.10 from pot
KUrr1x: doesn't show hand 
*** SUMMARY ***
Total pot $0.10 | Rake $0 
Seat 1: CaJe94 (button) folded before Flop
Seat 2: KUrr1x (small blind) collected ($0.10)
Seat 3: Mahu2021 (big blind) folded before Flop
Seat 4: SasSerge folded before Flop (didn't bet)
Seat 5: shortfuse986 folded before Flop (didn't bet)
Seat 6: Tompi2510 folded before Flop (didn't bet)



PokerStars Zoom Hand #253511666217:  Hold'em No Limit ($0.01/$0.02) - 2024/11/21 23:19:44 CET [2024/11/21 17:19:44 ET]
Table 'Halley' 6-max Seat #1 is the button
Seat 1: White016 ($2.47 in chips) 
Seat 2: sormet ($2.16 in chips) 
Seat 3: Angeluzfm33 ($2 in chips) 
Seat 4: Beduin250 ($2.62 in chips) 
Seat 5: Mahu2021 ($2.28 in chips) 
Seat 6: kamatador123 ($6.85 in chips) 
sormet: posts small blind $0.01
Angeluzfm33: posts big blind $0.02
*** HOLE CARDS ***
Dealt to Mahu2021 [Kd Td]
White016 is disconnected 
Beduin250: folds 
Mahu2021: raises $0.02 to $0.04
kamatador123: folds 
White016 has timed out while disconnected
White016: folds 
sormet: folds 
Angeluzfm33: calls $0.02
*** FLOP *** [Ks 2d 5d]
Angeluzfm33: checks 
Mahu2021: checks 
*** TURN *** [Ks 2d 5d] [Qs]
Angeluzfm33: checks 
Mahu2021: bets $0.04
Angeluzfm33: calls $0.04
*** RIVER *** [Ks 2d 5d Qs] [6c]
Angeluzfm33: checks 
Mahu2021: bets $0.04
Angeluzfm33: folds 
Uncalled bet ($0.04) returned to Mahu2021
Mahu2021 collected $0.16 from pot
Mahu2021: doesn't show hand 
*** SUMMARY ***
Total pot $0.17 | Rake $0.01 
Board [Ks 2d 5d Qs 6c]
Seat 1: White016 (button) folded before Flop (didn't bet)
Seat 2: sormet (small blind) folded before Flop
Seat 3: Angeluzfm33 (big blind) folded on the River
Seat 4: Beduin250 folded before Flop (didn't bet)
Seat 5: Mahu2021 collected ($0.16)
Seat 6: kamatador123 folded before Flop (didn't bet)



PokerStars Zoom Hand #253511674776:  Hold'em No Limit ($0.01/$0.02) - 2024/11/21 23:20:29 CET [2024/11/21 17:20:29 ET]
Table 'Halley' 6-max Seat #1 is the button
Seat 1: geo2411 ($0.79 in chips) 
Seat 2: Edd Gordo ($1.11 in chips) 
Seat 3: ramirodl'b ($3.04 in chips) 
Seat 4: renzomonteleone ($3.35 in chips) 
Seat 5: Brygider ($4.63 in chips) 
Seat 6: Mahu2021 ($2.36 in chips) 
Edd Gordo: posts small blind $0.01
ramirodl'b: posts big blind $0.02
*** HOLE CARDS ***
Dealt to Mahu2021 [Tc 2c]
renzomonteleone: folds 
Brygider: folds 
Mahu2021: folds 
geo2411: folds 
Edd Gordo: raises $0.04 to $0.06
ramirodl'b: folds 
Uncalled bet ($0.04) returned to Edd Gordo
Edd Gordo collected $0.04 from pot
Edd Gordo: doesn't show hand 
*** SUMMARY ***
Total pot $0.04 | Rake $0 
Seat 1: geo2411 (button) folded before Flop (didn't bet)
Seat 2: Edd Gordo (small blind) collected ($0.04)
Seat 3: ramirodl'b (big blind) folded before Flop
Seat 4: renzomonteleone folded before Flop (didn't bet)
Seat 5: Brygider folded before Flop (didn't bet)
Seat 6: Mahu2021 folded before Flop (didn't bet)



PokerStars Zoom Hand #253511677206:  Hold'em No Limit ($0.01/$0.02) - 2024/11/21 23:20:41 CET [2024/11/21 17:20:41 ET]
Table 'Halley' 6-max Seat #1 is the button
Seat 1: JFray756 ($1.91 in chips) 
Seat 2: gigabyte1998 ($6.17 in chips) 
Seat 3: Set Out ($2.10 in chips) 
Seat 4: Mahu2021 ($2.35 in chips) 
Seat 5: Seernb333 ($2.37 in chips) 
Seat 6: SebSeF ($3.38 in chips) 
gigabyte1998: posts small blind $0.01
Set Out: posts big blind $0.02
*** HOLE CARDS ***
Dealt to Mahu2021 [8c Ah]
Mahu2021: folds 
Seernb333: folds 
SebSeF: raises $0.05 to $0.07
JFray756: folds 
gigabyte1998: folds 
Set Out: folds 
Uncalled bet ($0.05) returned to SebSeF
SebSeF collected $0.05 from pot
SebSeF: doesn't show hand 
*** SUMMARY ***
Total pot $0.05 | Rake $0 
Seat 1: JFray756 (button) folded before Flop (didn't bet)
Seat 2: gigabyte1998 (small blind) folded before Flop
Seat 3: Set Out (big blind) folded before Flop
Seat 4: Mahu2021 folded before Flop (didn't bet)
Seat 5: Seernb333 folded before Flop (didn't bet)
Seat 6: SebSeF collected ($0.05)



PokerStars Zoom Hand #253511675716:  Hold'em No Limit ($0.01/$0.02) - 2024/11/21 23:20:34 CET [2024/11/21 17:20:34 ET]
Table 'Halley' 6-max Seat #1 is the button
Seat 1: liam2105buck ($1.51 in chips) 
Seat 2: Natsume777 ($2.74 in chips) 
Seat 3: IanMacDaddy ($2.12 in chips) 
Seat 4: Mahu2021 ($2.36 in chips) 
Seat 5: woody2kk ($2.17 in chips) 
Seat 6: rob0205 ($2.85 in chips) 
Natsume777: posts small blind $0.01
IanMacDaddy: posts big blind $0.02
*** HOLE CARDS ***
Dealt to Mahu2021 [Qs 9s]
Mahu2021: folds 
woody2kk has timed out
woody2kk: folds 
rob0205: folds 
liam2105buck: raises $0.02 to $0.04
Natsume777: folds 
IanMacDaddy: calls $0.02
*** FLOP *** [8d 7c 5c]
IanMacDaddy: checks 
liam2105buck: bets $0.03
IanMacDaddy: folds 
Uncalled bet ($0.03) returned to liam2105buck
liam2105buck collected $0.09 from pot
liam2105buck: doesn't show hand 
*** SUMMARY ***
Total pot $0.09 | Rake $0 
Board [8d 7c 5c]
Seat 1: liam2105buck (button) collected ($0.09)
Seat 2: Natsume777 (small blind) folded before Flop
Seat 3: IanMacDaddy (big blind) folded on the Flop
Seat 4: Mahu2021 folded before Flop (didn't bet)
Seat 5: woody2kk folded before Flop (didn't bet)
Seat 6: rob0205 folded before Flop (didn't bet)



PokerStars Zoom Hand #253511676503:  Hold'em No Limit ($0.01/$0.02) - 2024/11/21 23:20:38 CET [2024/11/21 17:20:38 ET]
Table 'Halley' 6-max Seat #1 is the button
Seat 1: SebSeF ($3.38 in chips) 
Seat 2: Mahu2021 ($2.36 in chips) 
Seat 3: Brygider ($6.99 in chips) 
Seat 4: kunaalh_ ($2.66 in chips) 
Seat 5: Rene Lavand2020 ($2.01 in chips) 
Seat 6: lajho1987 ($7.03 in chips) 
Mahu2021: posts small blind $0.01
Brygider: posts big blind $0.02
*** HOLE CARDS ***
Dealt to Mahu2021 [Ks 9d]
kunaalh_: calls $0.02
Rene Lavand2020: folds 
lajho1987: calls $0.02
SebSeF: folds 
Mahu2021: folds 
Brygider: checks 
*** FLOP *** [Ac 3c Jd]
Brygider: checks 
kunaalh_: bets $0.04
lajho1987: folds 
Brygider: calls $0.04
*** TURN *** [Ac 3c Jd] [Qd]
Brygider: checks 
kunaalh_: checks 
*** RIVER *** [Ac 3c Jd Qd] [6d]
Brygider: checks 
kunaalh_: checks 
*** SHOW DOWN ***
Brygider: shows [4h Ad] (a pair of Aces)
kunaalh_: mucks hand 
Brygider collected $0.14 from pot
*** SUMMARY ***
Total pot $0.15 | Rake $0.01 
Board [Ac 3c Jd Qd 6d]
Seat 1: SebSeF (button) folded before Flop (didn't bet)
Seat 2: Mahu2021 (small blind) folded before Flop
Seat 3: Brygider (big blind) showed [4h Ad] and won ($0.14) with a pair of Aces
Seat 4: kunaalh_ mucked [5c 7c]
Seat 5: Rene Lavand2020 folded before Flop (didn't bet)
Seat 6: lajho1987 folded on the Flop



PokerStars Zoom Hand #253511678002:  Hold'em No Limit ($0.01/$0.02) - 2024/11/21 23:20:46 CET [2024/11/21 17:20:46 ET]
Table 'Halley' 6-max Seat #1 is the button
Seat 1: Angeluzfm33 ($2.12 in chips) 
Seat 2: SanyaNau ($2.18 in chips) 
Seat 3: Mahu2021 ($2.35 in chips) 
Seat 4: Porcogo ($2.54 in chips) 
Seat 5: christian11d ($1.72 in chips) 
Seat 6: BrndnMc ($1.53 in chips) 
SanyaNau: posts small blind $0.01
Mahu2021: posts big blind $0.02
*** HOLE CARDS ***
Dealt to Mahu2021 [Ks Ah]
Porcogo: raises $0.02 to $0.04
christian11d: folds 
BrndnMc: calls $0.04
Angeluzfm33: folds 
SanyaNau: folds 
Mahu2021: calls $0.02
*** FLOP *** [6s Jc 5h]
Mahu2021: checks 
Porcogo: checks 
BrndnMc: bets $0.04
Mahu2021: folds 
Porcogo: calls $0.04
*** TURN *** [6s Jc 5h] [3h]
Porcogo: checks 
BrndnMc: checks 
*** RIVER *** [6s Jc 5h 3h] [2h]
Porcogo: checks 
BrndnMc: bets $0.10
Porcogo: folds 
Uncalled bet ($0.10) returned to BrndnMc
BrndnMc collected $0.20 from pot
BrndnMc: doesn't show hand 
*** SUMMARY ***
Total pot $0.21 | Rake $0.01 
Board [6s Jc 5h 3h 2h]
Seat 1: Angeluzfm33 (button) folded before Flop (didn't bet)
Seat 2: SanyaNau (small blind) folded before Flop
Seat 3: Mahu2021 (big blind) folded on the Flop
Seat 4: Porcogo folded on the River
Seat 5: christian11d folded before Flop (didn't bet)
Seat 6: BrndnMc collected ($0.20)



PokerStars Zoom Hand #253511683047:  Hold'em No Limit ($0.01/$0.02) - 2024/11/21 23:21:12 CET [2024/11/21 17:21:12 ET]
Table 'Halley' 6-max Seat #1 is the button
Seat 1: Mahu2021 ($2.31 in chips) 
Seat 2: JFray756 ($1.80 in chips) 
Seat 3: paidai ($6.81 in chips) 
Seat 4: Søren58 ($2 in chips) 
Seat 5: Buchik848 ($1.64 in chips) 
Seat 6: KUrr1x ($5.82 in chips) 
JFray756: posts small blind $0.01
paidai: posts big blind $0.02
*** HOLE CARDS ***
Dealt to Mahu2021 [Th Kd]
Søren58: folds 
Buchik848: calls $0.02
KUrr1x: folds 
Mahu2021: calls $0.02
JFray756: folds 
paidai: checks 
*** FLOP *** [Ac 3s 4d]
paidai: checks 
Buchik848: checks 
Mahu2021: checks 
*** TURN *** [Ac 3s 4d] [2h]
paidai: bets $0.07
Buchik848: folds 
Mahu2021: folds 
Uncalled bet ($0.07) returned to paidai
paidai collected $0.07 from pot
paidai: doesn't show hand 
*** SUMMARY ***
Total pot $0.07 | Rake $0 
Board [Ac 3s 4d 2h]
Seat 1: Mahu2021 (button) folded on the Turn
Seat 2: JFray756 (small blind) folded before Flop
Seat 3: paidai (big blind) collected ($0.07)
Seat 4: Søren58 folded before Flop (didn't bet)
Seat 5: Buchik848 folded on the Turn
Seat 6: KUrr1x folded before Flop (didn't bet)



PokerStars Zoom Hand #253511687307:  Hold'em No Limit ($0.01/$0.02) - 2024/11/21 23:21:35 CET [2024/11/21 17:21:35 ET]
Table 'Halley' 6-max Seat #1 is the button
Seat 1: tobistyleee ($2 in chips) 
Seat 2: Bily Bo ($2.01 in chips) 
Seat 3: ramirodl'b ($2.09 in chips) 
Seat 4: Mahu2021 ($2.29 in chips) 
Seat 5: christian11d ($1.95 in chips) 
Seat 6: steale11 ($0.99 in chips) 
Bily Bo: posts small blind $0.01
ramirodl'b: posts big blind $0.02
*** HOLE CARDS ***
Dealt to Mahu2021 [9h Ks]
Mahu2021: folds 
christian11d: folds 
steale11: folds 
tobistyleee: folds 
Bily Bo: folds 
Uncalled bet ($0.01) returned to ramirodl'b
ramirodl'b collected $0.02 from pot
ramirodl'b: doesn't show hand 
*** SUMMARY ***
Total pot $0.02 | Rake $0 
Seat 1: tobistyleee (button) folded before Flop (didn't bet)
Seat 2: Bily Bo (small blind) folded before Flop
Seat 3: ramirodl'b (big blind) collected ($0.02)
Seat 4: Mahu2021 folded before Flop (didn't bet)
Seat 5: christian11d folded before Flop (didn't bet)
Seat 6: steale11 folded before Flop (didn't bet)



PokerStars Zoom Hand #253511688087:  Hold'em No Limit ($0.01/$0.02) - 2024/11/21 23:21:39 CET [2024/11/21 17:21:39 ET]
Table 'Halley' 6-max Seat #1 is the button
Seat 1: Basisband ($2.36 in chips) 
Seat 2: Mahu2021 ($2.29 in chips) 
Seat 3: Angeluzfm33 ($2.11 in chips) 
Seat 4: Set Out ($2.84 in chips) 
Seat 5: debitos ($3.08 in chips) 
Seat 6: Kampionen ($0.45 in chips) 
Mahu2021: posts small blind $0.01
Angeluzfm33: posts big blind $0.02
*** HOLE CARDS ***
Dealt to Mahu2021 [6s 3d]
Set Out: folds 
debitos: raises $0.05 to $0.07
Kampionen: calls $0.07
Basisband: folds 
Mahu2021: folds 
Angeluzfm33: folds 
*** FLOP *** [4h 9h 3h]
debitos: bets $0.16
Kampionen: calls $0.16
*** TURN *** [4h 9h 3h] [8h]
debitos: checks 
Kampionen: checks 
*** RIVER *** [4h 9h 3h 8h] [5s]
debitos: checks 
Kampionen: bets $0.22 and is all-in
debitos: calls $0.22
*** SHOW DOWN ***
Kampionen: shows [Kh Qd] (a flush, King high)
debitos: shows [Ah Ts] (a flush, Ace high)
debitos collected $0.90 from pot
*** SUMMARY ***
Total pot $0.93 | Rake $0.03 
Board [4h 9h 3h 8h 5s]
Seat 1: Basisband (button) folded before Flop (didn't bet)
Seat 2: Mahu2021 (small blind) folded before Flop
Seat 3: Angeluzfm33 (big blind) folded before Flop
Seat 4: Set Out folded before Flop (didn't bet)
Seat 5: debitos showed [Ah Ts] and won ($0.90) with a flush, Ace high
Seat 6: Kampionen showed [Kh Qd] and lost with a flush, King high



PokerStars Zoom Hand #253511688856:  Hold'em No Limit ($0.01/$0.02) - 2024/11/21 23:21:43 CET [2024/11/21 17:21:43 ET]
Table 'Halley' 6-max Seat #1 is the button
Seat 1: Naldyr ($2.99 in chips) 
Seat 2: Pluviofilia ($2 in chips) 
Seat 3: UFeelThaPOWA ($2.37 in chips) 
Seat 4: Basisband ($2.36 in chips) 
Seat 5: Giovanaz171 ($0.77 in chips) 
Seat 6: Mahu2021 ($2.28 in chips) 
Pluviofilia: posts small blind $0.01
UFeelThaPOWA: posts big blind $0.02
*** HOLE CARDS ***
Dealt to Mahu2021 [Kc Jc]
Basisband: folds 
Giovanaz171: folds 
Mahu2021: raises $0.04 to $0.06
Naldyr: folds 
Pluviofilia: folds 
UFeelThaPOWA: calls $0.04
*** FLOP *** [9c 4s 8d]
UFeelThaPOWA: checks 
Mahu2021: checks 
*** TURN *** [9c 4s 8d] [6c]
UFeelThaPOWA: checks 
Mahu2021: checks 
*** RIVER *** [9c 4s 8d 6c] [3c]
UFeelThaPOWA: checks 
Mahu2021: bets $0.13
UFeelThaPOWA: folds 
Uncalled bet ($0.13) returned to Mahu2021
Mahu2021 collected $0.13 from pot
Mahu2021: doesn't show hand 
*** SUMMARY ***
Total pot $0.13 | Rake $0 
Board [9c 4s 8d 6c 3c]
Seat 1: Naldyr (button) folded before Flop (didn't bet)
Seat 2: Pluviofilia (small blind) folded before Flop
Seat 3: UFeelThaPOWA (big blind) folded on the River
Seat 4: Basisband folded before Flop (didn't bet)
Seat 5: Giovanaz171 folded before Flop (didn't bet)
Seat 6: Mahu2021 collected ($0.13)



PokerStars Zoom Hand #253511697233:  Hold'em No Limit ($0.01/$0.02) - 2024/11/21 23:22:27 CET [2024/11/21 17:22:27 ET]
Table 'Halley' 6-max Seat #1 is the button
Seat 1: Alipiogreco ($2.66 in chips) 
Seat 2: StubblyGooch ($4.18 in chips) 
Seat 3: Edd Gordo ($1.04 in chips) 
Seat 4: Rene Lavand2020 ($2.05 in chips) 
Seat 5: Mahu2021 ($2.35 in chips) 
Seat 6: Cflush93 ($9.92 in chips) 
StubblyGooch: posts small blind $0.01
Edd Gordo: posts big blind $0.02
*** HOLE CARDS ***
Dealt to Mahu2021 [Qc 7d]
Rene Lavand2020: folds 
Mahu2021: folds 
Cflush93: folds 
Alipiogreco: raises $0.03 to $0.05
StubblyGooch: folds 
Edd Gordo: folds 
Uncalled bet ($0.03) returned to Alipiogreco
Alipiogreco collected $0.05 from pot
Alipiogreco: doesn't show hand 
*** SUMMARY ***
Total pot $0.05 | Rake $0 
Seat 1: Alipiogreco (button) collected ($0.05)
Seat 2: StubblyGooch (small blind) folded before Flop
Seat 3: Edd Gordo (big blind) folded before Flop
Seat 4: Rene Lavand2020 folded before Flop (didn't bet)
Seat 5: Mahu2021 folded before Flop (didn't bet)
Seat 6: Cflush93 folded before Flop (didn't bet)



PokerStars Zoom Hand #253511699153:  Hold'em No Limit ($0.01/$0.02) - 2024/11/21 23:22:37 CET [2024/11/21 17:22:37 ET]
Table 'Halley' 6-max Seat #1 is the button
Seat 1: Mahu2021 ($2.33 in chips) 
Seat 2: IgorCapote ($3.22 in chips) 
Seat 3: jaycongo ($1.92 in chips) 
Seat 4: Lhon ($1.69 in chips) 
Seat 5: LionelMessy78 ($2.98 in chips) 
Seat 6: Paya_31 ($1.79 in chips) 
IgorCapote: posts small blind $0.01
jaycongo: posts big blind $0.02
*** HOLE CARDS ***
Dealt to Mahu2021 [Qh Tc]
Lhon: folds 
LionelMessy78: folds 
Paya_31: folds 
Mahu2021: raises $0.04 to $0.06
IgorCapote: folds 
jaycongo: folds 
Uncalled bet ($0.04) returned to Mahu2021
Mahu2021 collected $0.05 from pot
Mahu2021: doesn't show hand 
*** SUMMARY ***
Total pot $0.05 | Rake $0 
Seat 1: Mahu2021 (button) collected ($0.05)
Seat 2: IgorCapote (small blind) folded before Flop
Seat 3: jaycongo (big blind) folded before Flop
Seat 4: Lhon folded before Flop (didn't bet)
Seat 5: LionelMessy78 folded before Flop (didn't bet)
Seat 6: Paya_31 folded before Flop (didn't bet)



PokerStars Zoom Hand #253511703550:  Hold'em No Limit ($0.01/$0.02) - 2024/11/21 23:23:00 CET [2024/11/21 17:23:00 ET]
Table 'Halley' 6-max Seat #1 is the button
Seat 1: GinthersRift ($5.27 in chips) 
Seat 2: Mahu2021 ($2.36 in chips) 
Seat 3: Buchik848 ($2 in chips) 
Seat 4: christian11d ($2.03 in chips) 
Seat 5: BiggieDam ($1.02 in chips) 
Seat 6: Alipiogreco ($1.82 in chips) 
Mahu2021: posts small blind $0.01
Buchik848: posts big blind $0.02
*** HOLE CARDS ***
Dealt to Mahu2021 [Tc 5s]
christian11d: folds 
BiggieDam: folds 
Alipiogreco: folds 
GinthersRift: raises $0.03 to $0.05
Mahu2021: folds 
Buchik848: folds 
Uncalled bet ($0.03) returned to GinthersRift
GinthersRift collected $0.05 from pot
GinthersRift: doesn't show hand 
*** SUMMARY ***
Total pot $0.05 | Rake $0 
Seat 1: GinthersRift (button) collected ($0.05)
Seat 2: Mahu2021 (small blind) folded before Flop
Seat 3: Buchik848 (big blind) folded before Flop
Seat 4: christian11d folded before Flop (didn't bet)
Seat 5: BiggieDam folded before Flop (didn't bet)
Seat 6: Alipiogreco folded before Flop (didn't bet)



PokerStars Zoom Hand #253511698194:  Hold'em No Limit ($0.01/$0.02) - 2024/11/21 23:22:32 CET [2024/11/21 17:22:32 ET]
Table 'Halley' 6-max Seat #1 is the button
Seat 1: SzugaMiszcz ($3.67 in chips) 
Seat 2: goaßmaß-fips ($2.24 in chips) 
Seat 3: Mahu2021 ($2.35 in chips) 
Seat 4: giovane787 ($2.19 in chips) 
Seat 5: KaibaSet ($2 in chips) 
Seat 6: gigabyte1998 ($3.77 in chips) 
goaßmaß-fips: posts small blind $0.01
Mahu2021: posts big blind $0.02
*** HOLE CARDS ***
Dealt to Mahu2021 [5s 4c]
giovane787: raises $0.02 to $0.04
KaibaSet: folds 
gigabyte1998: folds 
SzugaMiszcz: folds 
goaßmaß-fips: calls $0.03
Mahu2021: folds 
*** FLOP *** [Ad 4d Th]
goaßmaß-fips: checks 
giovane787: bets $0.06
goaßmaß-fips: calls $0.06
*** TURN *** [Ad 4d Th] [9c]
goaßmaß-fips: checks 
giovane787: bets $0.16
goaßmaß-fips: folds 
Uncalled bet ($0.16) returned to giovane787
giovane787 collected $0.21 from pot
giovane787: doesn't show hand 
*** SUMMARY ***
Total pot $0.22 | Rake $0.01 
Board [Ad 4d Th 9c]
Seat 1: SzugaMiszcz (button) folded before Flop (didn't bet)
Seat 2: goaßmaß-fips (small blind) folded on the Turn
Seat 3: Mahu2021 (big blind) folded before Flop
Seat 4: giovane787 collected ($0.21)
Seat 5: KaibaSet folded before Flop (didn't bet)
Seat 6: gigabyte1998 folded before Flop (didn't bet)



PokerStars Zoom Hand #253511705215:  Hold'em No Limit ($0.01/$0.02) - 2024/11/21 23:23:09 CET [2024/11/21 17:23:09 ET]
Table 'Halley' 6-max Seat #1 is the button
Seat 1: Pluviofilia ($3.13 in chips) 
Seat 2: rob0205 ($3.25 in chips) 
Seat 3: Mamirox ($2.16 in chips) 
Seat 4: EggMayo ($2.49 in chips) 
Seat 5: Mahu2021 ($2.35 in chips) 
Seat 6: steale11 ($0.78 in chips) 
rob0205: posts small blind $0.01
Mamirox: posts big blind $0.02
*** HOLE CARDS ***
Dealt to Mahu2021 [7d 2d]
EggMayo: raises $0.04 to $0.06
Mahu2021: folds 
steale11: calls $0.06
Pluviofilia: folds 
rob0205: folds 
Mamirox: folds 
*** FLOP *** [5h 6c 2h]
EggMayo: checks 
steale11: bets $0.07
EggMayo: folds 
Uncalled bet ($0.07) returned to steale11
steale11 collected $0.14 from pot
steale11: doesn't show hand 
*** SUMMARY ***
Total pot $0.15 | Rake $0.01 
Board [5h 6c 2h]
Seat 1: Pluviofilia (button) folded before Flop (didn't bet)
Seat 2: rob0205 (small blind) folded before Flop
Seat 3: Mamirox (big blind) folded before Flop
Seat 4: EggMayo folded on the Flop
Seat 5: Mahu2021 folded before Flop (didn't bet)
Seat 6: steale11 collected ($0.14)



PokerStars Zoom Hand #253511704474:  Hold'em No Limit ($0.01/$0.02) - 2024/11/21 23:23:05 CET [2024/11/21 17:23:05 ET]
Table 'Halley' 6-max Seat #1 is the button
Seat 1: ikurah ($2.87 in chips) 
Seat 2: wayneburns ($4.26 in chips) 
Seat 3: blysk ($2.58 in chips) 
Seat 4: BiggieDam ($1.02 in chips) 
Seat 5: trevgb134 ($10.46 in chips) 
Seat 6: Mahu2021 ($2.35 in chips) 
wayneburns: posts small blind $0.01
blysk: posts big blind $0.02
*** HOLE CARDS ***
Dealt to Mahu2021 [Th 6d]
BiggieDam: raises $0.02 to $0.04
ikurah is disconnected 
trevgb134: calls $0.04
Mahu2021: folds 
ikurah has timed out while disconnected
ikurah: folds 
wayneburns: folds 
blysk: calls $0.02
*** FLOP *** [Jd 5d 2h]
blysk: checks 
BiggieDam: bets $0.04
trevgb134: folds 
blysk: folds 
Uncalled bet ($0.04) returned to BiggieDam
BiggieDam collected $0.13 from pot
BiggieDam: doesn't show hand 
*** SUMMARY ***
Total pot $0.13 | Rake $0 
Board [Jd 5d 2h]
Seat 1: ikurah (button) folded before Flop (didn't bet)
Seat 2: wayneburns (small blind) folded before Flop
Seat 3: blysk (big blind) folded on the Flop
Seat 4: BiggieDam collected ($0.13)
Seat 5: trevgb134 folded on the Flop
Seat 6: Mahu2021 folded before Flop (didn't bet)



PokerStars Zoom Hand #253511707832:  Hold'em No Limit ($0.01/$0.02) - 2024/11/21 23:23:23 CET [2024/11/21 17:23:23 ET]
Table 'Halley' 6-max Seat #1 is the button
Seat 1: Mahu2021 ($2.33 in chips) 
Seat 2: Paya_31 ($1.89 in chips) 
Seat 3: Angeluzfm33 ($2 in chips) 
Seat 4: Giovanaz171 ($0.73 in chips) 
Seat 5: SzugaMiszcz ($3.64 in chips) 
Seat 6: Wicklow200 ($1.12 in chips) 
Paya_31: posts small blind $0.01
Angeluzfm33: posts big blind $0.02
*** HOLE CARDS ***
Dealt to Mahu2021 [8s 9s]
Giovanaz171: folds 
SzugaMiszcz: folds 
Wicklow200: calls $0.02
Mahu2021: calls $0.02
Paya_31: folds 
Angeluzfm33: checks 
*** FLOP *** [4c 8h 2s]
Angeluzfm33: checks 
Wicklow200: checks 
Mahu2021: bets $0.07
Angeluzfm33: folds 
Wicklow200: folds 
Uncalled bet ($0.07) returned to Mahu2021
Mahu2021 collected $0.07 from pot
Mahu2021: doesn't show hand 
*** SUMMARY ***
Total pot $0.07 | Rake $0 
Board [4c 8h 2s]
Seat 1: Mahu2021 (button) collected ($0.07)
Seat 2: Paya_31 (small blind) folded before Flop
Seat 3: Angeluzfm33 (big blind) folded on the Flop
Seat 4: Giovanaz171 folded before Flop (didn't bet)
Seat 5: SzugaMiszcz folded before Flop (didn't bet)
Seat 6: Wicklow200 folded on the Flop



PokerStars Zoom Hand #253511705751:  Hold'em No Limit ($0.01/$0.02) - 2024/11/21 23:23:12 CET [2024/11/21 17:23:12 ET]
Table 'Halley' 6-max Seat #1 is the button
Seat 1: godlikestar ($1.99 in chips) 
Seat 2: richlizz57 ($1.97 in chips) 
Seat 3: Mahu2021 ($2.35 in chips) 
Seat 4: rom22 ($1 in chips) 
Seat 5: ramirodl'b ($2.49 in chips) 
Seat 6: paidai ($6.71 in chips) 
richlizz57: posts small blind $0.01
Mahu2021: posts big blind $0.02
*** HOLE CARDS ***
Dealt to Mahu2021 [5c 3c]
rom22: folds 
ramirodl'b: folds 
paidai: folds 
godlikestar: raises $0.02 to $0.04
richlizz57: calls $0.03
Mahu2021: folds 
*** FLOP *** [4h 6d 5s]
richlizz57: checks 
godlikestar: bets $0.05
richlizz57: calls $0.05
*** TURN *** [4h 6d 5s] [Qh]
richlizz57: checks 
godlikestar: checks 
*** RIVER *** [4h 6d 5s Qh] [7d]
richlizz57: checks 
godlikestar: bets $0.12
richlizz57: calls $0.12
*** SHOW DOWN ***
godlikestar: shows [Jd Ad] (high card Ace)
richlizz57: shows [3s As] (a straight, Three to Seven)
richlizz57 collected $0.42 from pot
*** SUMMARY ***
Total pot $0.44 | Rake $0.02 
Board [4h 6d 5s Qh 7d]
Seat 1: godlikestar (button) showed [Jd Ad] and lost with high card Ace
Seat 2: richlizz57 (small blind) showed [3s As] and won ($0.42) with a straight, Three to Seven
Seat 3: Mahu2021 (big blind) folded before Flop
Seat 4: rom22 folded before Flop (didn't bet)
Seat 5: ramirodl'b folded before Flop (didn't bet)
Seat 6: paidai folded before Flop (didn't bet)



PokerStars Zoom Hand #253511714301:  Hold'em No Limit ($0.01/$0.02) - 2024/11/21 23:23:57 CET [2024/11/21 17:23:57 ET]
Table 'Halley' 6-max Seat #1 is the button
Seat 1: jerzy560 ($2.12 in chips) 
Seat 2: BadBeat Bert ($1.83 in chips) 
Seat 3: mK.92*INC ($3.99 in chips) 
Seat 4: JFray756 ($2.77 in chips) 
Seat 5: spencerhill8 ($1.80 in chips) 
Seat 6: Mahu2021 ($2.37 in chips) 
BadBeat Bert: posts small blind $0.01
mK.92*INC: posts big blind $0.02
*** HOLE CARDS ***
Dealt to Mahu2021 [9h Qd]
JFray756: folds 
spencerhill8: raises $0.02 to $0.04
Mahu2021: folds 
jerzy560: folds 
BadBeat Bert: folds 
mK.92*INC: folds 
Uncalled bet ($0.02) returned to spencerhill8
spencerhill8 collected $0.05 from pot
spencerhill8: doesn't show hand 
*** SUMMARY ***
Total pot $0.05 | Rake $0 
Seat 1: jerzy560 (button) folded before Flop (didn't bet)
Seat 2: BadBeat Bert (small blind) folded before Flop
Seat 3: mK.92*INC (big blind) folded before Flop
Seat 4: JFray756 folded before Flop (didn't bet)
Seat 5: spencerhill8 collected ($0.05)
Seat 6: Mahu2021 folded before Flop (didn't bet)



PokerStars Zoom Hand #253511715511:  Hold'em No Limit ($0.01/$0.02) - 2024/11/21 23:24:04 CET [2024/11/21 17:24:04 ET]
Table 'Halley' 6-max Seat #1 is the button
Seat 1: SzugaMiszcz ($2.72 in chips) 
Seat 2: Romano36 ($0.68 in chips) 
Seat 3: Mahu2021 ($2.37 in chips) 
Seat 4: FlukeFan ($2.15 in chips) 
Seat 5: BrndnMc ($3.72 in chips) 
Seat 6: Seernb333 ($2.24 in chips) 
Romano36: posts small blind $0.01
Mahu2021: posts big blind $0.02
*** HOLE CARDS ***
Dealt to Mahu2021 [Kd Kc]
FlukeFan: folds 
BrndnMc: calls $0.02
Seernb333: folds 
SzugaMiszcz: folds 
Romano36: folds 
Mahu2021: raises $2.35 to $2.37 and is all-in
BrndnMc: folds 
Uncalled bet ($2.35) returned to Mahu2021
Mahu2021 collected $0.05 from pot
Mahu2021: doesn't show hand 
*** SUMMARY ***
Total pot $0.05 | Rake $0 
Seat 1: SzugaMiszcz (button) folded before Flop (didn't bet)
Seat 2: Romano36 (small blind) folded before Flop
Seat 3: Mahu2021 (big blind) collected ($0.05)
Seat 4: FlukeFan folded before Flop (didn't bet)
Seat 5: BrndnMc folded before Flop
Seat 6: Seernb333 folded before Flop (didn't bet)



PokerStars Zoom Hand #253511713688:  Hold'em No Limit ($0.01/$0.02) - 2024/11/21 23:23:53 CET [2024/11/21 17:23:53 ET]
Table 'Halley' 6-max Seat #1 is the button
Seat 1: Kampionen ($1.82 in chips) 
Seat 2: Mahu2021 ($2.38 in chips) 
Seat 3: christian11d ($1.66 in chips) 
Seat 4: spencerhill8 ($1.80 in chips) 
Seat 5: amario89 ($2.19 in chips) 
Seat 6: Pluviofilia ($3.10 in chips) 
Mahu2021: posts small blind $0.01
christian11d: posts big blind $0.02
*** HOLE CARDS ***
Dealt to Mahu2021 [Th 9c]
spencerhill8: folds 
amario89 has timed out
amario89: folds 
Pluviofilia: folds 
Kampionen: folds 
Mahu2021: folds 
Uncalled bet ($0.01) returned to christian11d
christian11d collected $0.02 from pot
christian11d: doesn't show hand 
*** SUMMARY ***
Total pot $0.02 | Rake $0 
Seat 1: Kampionen (button) folded before Flop (didn't bet)
Seat 2: Mahu2021 (small blind) folded before Flop
Seat 3: christian11d (big blind) collected ($0.02)
Seat 4: spencerhill8 folded before Flop (didn't bet)
Seat 5: amario89 folded before Flop (didn't bet)
Seat 6: Pluviofilia folded before Flop (didn't bet)



PokerStars Zoom Hand #253511714914:  Hold'em No Limit ($0.01/$0.02) - 2024/11/21 23:24:00 CET [2024/11/21 17:24:00 ET]
Table 'Halley' 6-max Seat #1 is the button
Seat 1: bobbaluie ($1.82 in chips) 
Seat 2: SzugaMiszcz ($3.62 in chips) 
Seat 3: UFeelThaPOWA ($6.17 in chips) 
Seat 4: Mahu2021 ($2.37 in chips) 
Seat 5: billybrims ($2 in chips) 
Seat 6: Brygider ($6.78 in chips) 
SzugaMiszcz: posts small blind $0.01
UFeelThaPOWA: posts big blind $0.02
*** HOLE CARDS ***
Dealt to Mahu2021 [7s Ah]
Mahu2021: folds 
billybrims: folds 
Brygider: folds 
bobbaluie: folds 
SzugaMiszcz: raises $0.03 to $0.05
UFeelThaPOWA: calls $0.03
*** FLOP *** [7c 8d 3s]
SzugaMiszcz: checks 
UFeelThaPOWA: bets $0.05
SzugaMiszcz: calls $0.05
*** TURN *** [7c 8d 3s] [Qh]
SzugaMiszcz: checks 
UFeelThaPOWA: bets $0.14
SzugaMiszcz: folds 
Uncalled bet ($0.14) returned to UFeelThaPOWA
UFeelThaPOWA collected $0.19 from pot
UFeelThaPOWA: doesn't show hand 
*** SUMMARY ***
Total pot $0.20 | Rake $0.01 
Board [7c 8d 3s Qh]
Seat 1: bobbaluie (button) folded before Flop (didn't bet)
Seat 2: SzugaMiszcz (small blind) folded on the Turn
Seat 3: UFeelThaPOWA (big blind) collected ($0.19)
Seat 4: Mahu2021 folded before Flop (didn't bet)
Seat 5: billybrims folded before Flop (didn't bet)
Seat 6: Brygider folded before Flop (didn't bet)



PokerStars Zoom Hand #253511720021:  Hold'em No Limit ($0.01/$0.02) - 2024/11/21 23:24:28 CET [2024/11/21 17:24:28 ET]
Table 'Halley' 6-max Seat #1 is the button
Seat 1: AtwiM ($2.12 in chips) 
Seat 2: shortfuse986 ($9.88 in chips) 
Seat 3: Brygider ($4.22 in chips) 
Seat 4: Mahu2021 ($2.40 in chips) 
Seat 5: Pastorge ($0.83 in chips) 
Seat 6: Paya_31 ($1.90 in chips) 
shortfuse986: posts small blind $0.01
Brygider: posts big blind $0.02
*** HOLE CARDS ***
Dealt to Mahu2021 [Th 3h]
Mahu2021: folds 
Pastorge: raises $0.05 to $0.07
Paya_31: folds 
AtwiM: folds 
shortfuse986: calls $0.06
Brygider: folds 
*** FLOP *** [2s 8c Jd]
shortfuse986: checks 
Pastorge: checks 
*** TURN *** [2s 8c Jd] [Qd]
shortfuse986: checks 
Pastorge: checks 
*** RIVER *** [2s 8c Jd Qd] [Js]
shortfuse986: checks 
Pastorge: checks 
*** SHOW DOWN ***
shortfuse986: shows [6d Kd] (a pair of Jacks)
Pastorge: shows [Ts Kc] (a pair of Jacks - King+Queen+Ten kicker)
Pastorge collected $0.15 from pot
*** SUMMARY ***
Total pot $0.16 | Rake $0.01 
Board [2s 8c Jd Qd Js]
Seat 1: AtwiM (button) folded before Flop (didn't bet)
Seat 2: shortfuse986 (small blind) showed [6d Kd] and lost with a pair of Jacks
Seat 3: Brygider (big blind) folded before Flop
Seat 4: Mahu2021 folded before Flop (didn't bet)
Seat 5: Pastorge showed [Ts Kc] and won ($0.15) with a pair of Jacks
Seat 6: Paya_31 folded before Flop (didn't bet)



PokerStars Zoom Hand #253511712961:  Hold'em No Limit ($0.01/$0.02) - 2024/11/21 23:23:50 CET [2024/11/21 17:23:50 ET]
Table 'Halley' 6-max Seat #1 is the button
Seat 1: Paya_31 ($1.75 in chips) 
Seat 2: Set Out ($4.19 in chips) 
Seat 3: cadenza16 ($4.43 in chips) 
Seat 4: Lhon ($1.80 in chips) 
Seat 5: Mahu2021 ($2.38 in chips) 
Seat 6: blysk ($2.53 in chips) 
Set Out: posts small blind $0.01
cadenza16: posts big blind $0.02
*** HOLE CARDS ***
Dealt to Mahu2021 [3h 3c]
Lhon: folds 
Mahu2021: folds 
blysk: folds 
Paya_31: raises $0.03 to $0.05
Set Out: folds 
cadenza16: calls $0.03
*** FLOP *** [5h 4h 6c]
cadenza16: checks 
Paya_31: checks 
*** TURN *** [5h 4h 6c] [Ac]
cadenza16: bets $0.04
Paya_31: calls $0.04
*** RIVER *** [5h 4h 6c Ac] [5s]
cadenza16: checks 
Paya_31: bets $0.06
cadenza16: calls $0.06
*** SHOW DOWN ***
Paya_31: shows [Ah 8c] (two pair, Aces and Fives)
cadenza16: mucks hand 
Paya_31 collected $0.30 from pot
*** SUMMARY ***
Total pot $0.31 | Rake $0.01 
Board [5h 4h 6c Ac 5s]
Seat 1: Paya_31 (button) showed [Ah 8c] and won ($0.30) with two pair, Aces and Fives
Seat 2: Set Out (small blind) folded before Flop
Seat 3: cadenza16 (big blind) mucked [2d Ad]
Seat 4: Lhon folded before Flop (didn't bet)
Seat 5: Mahu2021 folded before Flop (didn't bet)
Seat 6: blysk folded before Flop (didn't bet)



PokerStars Zoom Hand #253511720681:  Hold'em No Limit ($0.01/$0.02) - 2024/11/21 23:24:31 CET [2024/11/21 17:24:31 ET]
Table 'Halley' 6-max Seat #1 is the button
Seat 1: Mahu2021 ($2.40 in chips) 
Seat 2: englishmannn ($3.58 in chips) 
Seat 3: 14marcin ($2.47 in chips) 
Seat 4: reyesking29 ($2.51 in chips) 
Seat 5: MARVEL430 ($3.57 in chips) 
Seat 6: alexb262626 ($1.73 in chips) 
englishmannn: posts small blind $0.01
14marcin: posts big blind $0.02
*** HOLE CARDS ***
Dealt to Mahu2021 [Qs Ad]
reyesking29 has timed out
reyesking29: folds 
MARVEL430: folds 
alexb262626: folds 
Mahu2021: raises $0.04 to $0.06
englishmannn: calls $0.05
14marcin: folds 
*** FLOP *** [5s 4h Kh]
englishmannn: bets $0.08
Mahu2021: folds 
Uncalled bet ($0.08) returned to englishmannn
englishmannn collected $0.14 from pot
englishmannn: doesn't show hand 
*** SUMMARY ***
Total pot $0.14 | Rake $0 
Board [5s 4h Kh]
Seat 1: Mahu2021 (button) folded on the Flop
Seat 2: englishmannn (small blind) collected ($0.14)
Seat 3: 14marcin (big blind) folded before Flop
Seat 4: reyesking29 folded before Flop (didn't bet)
Seat 5: MARVEL430 folded before Flop (didn't bet)
Seat 6: alexb262626 folded before Flop (didn't bet)



PokerStars Zoom Hand #253511726904:  Hold'em No Limit ($0.01/$0.02) - 2024/11/21 23:25:05 CET [2024/11/21 17:25:05 ET]
Table 'Halley' 6-max Seat #1 is the button
Seat 1: trevgb134 ($10.23 in chips) 
Seat 2: tobistyleee ($2.01 in chips) 
Seat 3: gigabyte1998 ($6.28 in chips) 
Seat 4: Bily Bo ($2.14 in chips) 
Seat 5: shakaa01 ($2 in chips) 
Seat 6: Mahu2021 ($2.34 in chips) 
tobistyleee: posts small blind $0.01
gigabyte1998: posts big blind $0.02
*** HOLE CARDS ***
Dealt to Mahu2021 [8c Ac]
Bily Bo: folds 
shakaa01: folds 
Mahu2021: raises $0.04 to $0.06
trevgb134: folds 
tobistyleee: folds 
gigabyte1998: folds 
Uncalled bet ($0.04) returned to Mahu2021
Mahu2021 collected $0.05 from pot
Mahu2021: doesn't show hand 
*** SUMMARY ***
Total pot $0.05 | Rake $0 
Seat 1: trevgb134 (button) folded before Flop (didn't bet)
Seat 2: tobistyleee (small blind) folded before Flop
Seat 3: gigabyte1998 (big blind) folded before Flop
Seat 4: Bily Bo folded before Flop (didn't bet)
Seat 5: shakaa01 folded before Flop (didn't bet)
Seat 6: Mahu2021 collected ($0.05)



PokerStars Zoom Hand #253511729160:  Hold'em No Limit ($0.01/$0.02) - 2024/11/21 23:25:17 CET [2024/11/21 17:25:17 ET]
Table 'Halley' 6-max Seat #1 is the button
Seat 1: gigabyte1998 ($3.69 in chips) 
Seat 2: flopyouforit ($6.48 in chips) 
Seat 3: mK.92*INC ($3.78 in chips) 
Seat 4: Mahu2021 ($2.37 in chips) 
Seat 5: liam2105buck ($1.51 in chips) 
Seat 6: trevgb134 ($10.21 in chips) 
flopyouforit: posts small blind $0.01
mK.92*INC: posts big blind $0.02
*** HOLE CARDS ***
Dealt to Mahu2021 [6c 8c]
Mahu2021: folds 
liam2105buck: raises $0.02 to $0.04
trevgb134: folds 
gigabyte1998: folds 
flopyouforit: folds 
mK.92*INC: folds 
Uncalled bet ($0.02) returned to liam2105buck
liam2105buck collected $0.05 from pot
liam2105buck: doesn't show hand 
*** SUMMARY ***
Total pot $0.05 | Rake $0 
Seat 1: gigabyte1998 (button) folded before Flop (didn't bet)
Seat 2: flopyouforit (small blind) folded before Flop
Seat 3: mK.92*INC (big blind) folded before Flop
Seat 4: Mahu2021 folded before Flop (didn't bet)
Seat 5: liam2105buck collected ($0.05)
Seat 6: trevgb134 folded before Flop (didn't bet)



PokerStars Zoom Hand #253511729907:  Hold'em No Limit ($0.01/$0.02) - 2024/11/21 23:25:21 CET [2024/11/21 17:25:21 ET]
Table 'Halley' 6-max Seat #1 is the button
Seat 1: christian11d ($1.67 in chips) 
Seat 2: Mahu2021 ($2.37 in chips) 
Seat 3: fjswaugh ($2 in chips) 
Seat 4: hudybr1984 ($3.19 in chips) 
Seat 5: wayneburns ($6.12 in chips) 
Seat 6: flopyouforit ($8.42 in chips) 
Mahu2021: posts small blind $0.01
fjswaugh: posts big blind $0.02
*** HOLE CARDS ***
Dealt to Mahu2021 [9s 2s]
hudybr1984: calls $0.02
wayneburns: folds 
flopyouforit: folds 
christian11d: folds 
Mahu2021: folds 
fjswaugh: checks 
*** FLOP *** [Kc 7d Kd]
fjswaugh: checks 
hudybr1984: bets $0.05
fjswaugh: raises $0.08 to $0.13
hudybr1984: calls $0.08
*** TURN *** [Kc 7d Kd] [8s]
fjswaugh: checks 
hudybr1984: checks 
*** RIVER *** [Kc 7d Kd 8s] [3h]
fjswaugh: bets $0.15
hudybr1984: folds 
Uncalled bet ($0.15) returned to fjswaugh
fjswaugh collected $0.30 from pot
fjswaugh: doesn't show hand 
*** SUMMARY ***
Total pot $0.31 | Rake $0.01 
Board [Kc 7d Kd 8s 3h]
Seat 1: christian11d (button) folded before Flop (didn't bet)
Seat 2: Mahu2021 (small blind) folded before Flop
Seat 3: fjswaugh (big blind) collected ($0.30)
Seat 4: hudybr1984 folded on the River
Seat 5: wayneburns folded before Flop (didn't bet)
Seat 6: flopyouforit folded before Flop (didn't bet)



PokerStars Zoom Hand #253511730991:  Hold'em No Limit ($0.01/$0.02) - 2024/11/21 23:25:27 CET [2024/11/21 17:25:27 ET]
Table 'Halley' 6-max Seat #1 is the button
Seat 1: Cflush93 ($3.91 in chips) 
Seat 2: kwtpockerchamp ($2.13 in chips) 
Seat 3: Mahu2021 ($2.36 in chips) 
Seat 4: Naldyr ($2.17 in chips) 
Seat 5: gigabyte1998 ($1.90 in chips) 
Seat 6: christian11d ($1.67 in chips) 
kwtpockerchamp: posts small blind $0.01
Mahu2021: posts big blind $0.02
*** HOLE CARDS ***
Dealt to Mahu2021 [Qh 7d]
Naldyr: folds 
gigabyte1998: folds 
christian11d: folds 
Cflush93: folds 
kwtpockerchamp: calls $0.01
Mahu2021: checks 
*** FLOP *** [Ah Ad 5c]
kwtpockerchamp: checks 
Mahu2021: checks 
*** TURN *** [Ah Ad 5c] [6s]
kwtpockerchamp: checks 
Mahu2021: checks 
*** RIVER *** [Ah Ad 5c 6s] [Kh]
kwtpockerchamp: checks 
Mahu2021: bets $0.02
kwtpockerchamp: calls $0.02
*** SHOW DOWN ***
Mahu2021: shows [Qh 7d] (a pair of Aces)
kwtpockerchamp: mucks hand 
Mahu2021 collected $0.08 from pot
*** SUMMARY ***
Total pot $0.08 | Rake $0 
Board [Ah Ad 5c 6s Kh]
Seat 1: Cflush93 (button) folded before Flop (didn't bet)
Seat 2: kwtpockerchamp (small blind) mucked [4d 9d]
Seat 3: Mahu2021 (big blind) showed [Qh 7d] and won ($0.08) with a pair of Aces
Seat 4: Naldyr folded before Flop (didn't bet)
Seat 5: gigabyte1998 folded before Flop (didn't bet)
Seat 6: christian11d folded before Flop (didn't bet)



PokerStars Zoom Hand #253511737356:  Hold'em No Limit ($0.01/$0.02) - 2024/11/21 23:26:01 CET [2024/11/21 17:26:01 ET]
Table 'Halley' 6-max Seat #1 is the button
Seat 1: flopyouforit ($5.76 in chips) 
Seat 2: SzugaMiszcz ($3.08 in chips) 
Seat 3: GinthersRift ($2.83 in chips) 
Seat 4: Michel_yvr ($1.43 in chips) 
Seat 5: Mahu2021 ($2.40 in chips) 
Seat 6: FlukeFan ($2.19 in chips) 
SzugaMiszcz: posts small blind $0.01
GinthersRift: posts big blind $0.02
*** HOLE CARDS ***
Dealt to Mahu2021 [7c 2c]
Michel_yvr: folds 
Mahu2021: folds 
FlukeFan: folds 
flopyouforit: folds 
SzugaMiszcz: folds 
Uncalled bet ($0.01) returned to GinthersRift
GinthersRift collected $0.02 from pot
GinthersRift: doesn't show hand 
*** SUMMARY ***
Total pot $0.02 | Rake $0 
Seat 1: flopyouforit (button) folded before Flop (didn't bet)
Seat 2: SzugaMiszcz (small blind) folded before Flop
Seat 3: GinthersRift (big blind) collected ($0.02)
Seat 4: Michel_yvr folded before Flop (didn't bet)
Seat 5: Mahu2021 folded before Flop (didn't bet)
Seat 6: FlukeFan folded before Flop (didn't bet)



PokerStars Zoom Hand #253511738054:  Hold'em No Limit ($0.01/$0.02) - 2024/11/21 23:26:04 CET [2024/11/21 17:26:04 ET]
Table 'Halley' 6-max Seat #1 is the button
Seat 1: Mahu2021 ($2.40 in chips) 
Seat 2: homerjs1966 ($2.09 in chips) 
Seat 3: karlosportel ($1.18 in chips) 
Seat 4: tobistyleee ($2 in chips) 
Seat 5: jamesd19 ($1.97 in chips) 
Seat 6: Tompi2510 ($2.85 in chips) 
homerjs1966: posts small blind $0.01
karlosportel: posts big blind $0.02
*** HOLE CARDS ***
Dealt to Mahu2021 [8c 3c]
tobistyleee: folds 
jamesd19: folds 
Tompi2510: folds 
Mahu2021: folds 
homerjs1966: folds 
Uncalled bet ($0.01) returned to karlosportel
karlosportel collected $0.02 from pot
karlosportel: doesn't show hand 
*** SUMMARY ***
Total pot $0.02 | Rake $0 
Seat 1: Mahu2021 (button) folded before Flop (didn't bet)
Seat 2: homerjs1966 (small blind) folded before Flop
Seat 3: karlosportel (big blind) collected ($0.02)
Seat 4: tobistyleee folded before Flop (didn't bet)
Seat 5: jamesd19 folded before Flop (didn't bet)
Seat 6: Tompi2510 folded before Flop (didn't bet)



PokerStars Zoom Hand #253511739526:  Hold'em No Limit ($0.01/$0.02) - 2024/11/21 23:26:12 CET [2024/11/21 17:26:12 ET]
Table 'Halley' 6-max Seat #1 is the button
Seat 1: blysk ($2.98 in chips) 
Seat 2: Set Out ($3.58 in chips) 
Seat 3: ramirodl'b ($2.35 in chips) 
Seat 4: TheSilverMen ($3.89 in chips) 
Seat 5: Mahu2021 ($2.40 in chips) 
Seat 6: SasSerge ($2 in chips) 
Set Out: posts small blind $0.01
ramirodl'b: posts big blind $0.02
*** HOLE CARDS ***
Dealt to Mahu2021 [7c Qd]
TheSilverMen: folds 
Mahu2021: folds 
SasSerge: folds 
blysk: raises $0.03 to $0.05
Set Out: folds 
ramirodl'b: folds 
Uncalled bet ($0.03) returned to blysk
blysk collected $0.05 from pot
blysk: doesn't show hand 
*** SUMMARY ***
Total pot $0.05 | Rake $0 
Seat 1: blysk (button) collected ($0.05)
Seat 2: Set Out (small blind) folded before Flop
Seat 3: ramirodl'b (big blind) folded before Flop
Seat 4: TheSilverMen folded before Flop (didn't bet)
Seat 5: Mahu2021 folded before Flop (didn't bet)
Seat 6: SasSerge folded before Flop (didn't bet)



PokerStars Zoom Hand #253511740627:  Hold'em No Limit ($0.01/$0.02) - 2024/11/21 23:26:18 CET [2024/11/21 17:26:18 ET]
Table 'Halley' 6-max Seat #1 is the button
Seat 1: SasSerge ($2.88 in chips) 
Seat 2: billybrims ($2.22 in chips) 
Seat 3: Mahu2021 ($2.40 in chips) 
Seat 4: muppetdonkey ($1.60 in chips) 
Seat 5: hudybr1984 ($3.06 in chips) 
Seat 6: n0idje ($0.97 in chips) 
billybrims: posts small blind $0.01
Mahu2021: posts big blind $0.02
*** HOLE CARDS ***
Dealt to Mahu2021 [6d 3s]
muppetdonkey: folds 
hudybr1984: raises $0.02 to $0.04
n0idje: folds 
SasSerge: folds 
billybrims: calls $0.03
Mahu2021: folds 
*** FLOP *** [Qc 3c Ac]
billybrims: checks 
hudybr1984: bets $0.10
billybrims: folds 
Uncalled bet ($0.10) returned to hudybr1984
hudybr1984 collected $0.10 from pot
hudybr1984: doesn't show hand 
*** SUMMARY ***
Total pot $0.10 | Rake $0 
Board [Qc 3c Ac]
Seat 1: SasSerge (button) folded before Flop (didn't bet)
Seat 2: billybrims (small blind) folded on the Flop
Seat 3: Mahu2021 (big blind) folded before Flop
Seat 4: muppetdonkey folded before Flop (didn't bet)
Seat 5: hudybr1984 collected ($0.10)
Seat 6: n0idje folded before Flop (didn't bet)



PokerStars Zoom Hand #253511736466:  Hold'em No Limit ($0.01/$0.02) - 2024/11/21 23:25:56 CET [2024/11/21 17:25:56 ET]
Table 'Halley' 6-max Seat #1 is the button
Seat 1: jerzy560 ($2 in chips) 
Seat 2: Andersonjsi ($2.56 in chips) 
Seat 3: IRINA70 ($2.29 in chips) 
Seat 4: billybrims ($2.18 in chips) 
Seat 5: Kampionen ($1.68 in chips) 
Seat 6: Mahu2021 ($2.40 in chips) 
Andersonjsi: posts small blind $0.01
IRINA70: posts big blind $0.02
*** HOLE CARDS ***
Dealt to Mahu2021 [As 3h]
billybrims: folds 
Kampionen: raises $0.02 to $0.04
Mahu2021: folds 
jerzy560: calls $0.04
Andersonjsi: folds 
IRINA70: raises $0.16 to $0.20
Kampionen: folds 
jerzy560: folds 
Uncalled bet ($0.16) returned to IRINA70
IRINA70 collected $0.13 from pot
IRINA70: doesn't show hand 
*** SUMMARY ***
Total pot $0.13 | Rake $0 
Seat 1: jerzy560 (button) folded before Flop
Seat 2: Andersonjsi (small blind) folded before Flop
Seat 3: IRINA70 (big blind) collected ($0.13)
Seat 4: billybrims folded before Flop (didn't bet)
Seat 5: Kampionen folded before Flop
Seat 6: Mahu2021 folded before Flop (didn't bet)



PokerStars Zoom Hand #253511738727:  Hold'em No Limit ($0.01/$0.02) - 2024/11/21 23:26:08 CET [2024/11/21 17:26:08 ET]
Table 'Halley' 6-max Seat #1 is the button
Seat 1: Mahu2021 ($2.40 in chips) 
Seat 2: o29c ($6.04 in chips) 
Seat 3: bobbaluie ($1.55 in chips) 
Seat 4: blysk ($2.98 in chips) 
Seat 5: TheSilverMen ($3.89 in chips) 
Seat 6: FARA1982 ($2.29 in chips) 
o29c: posts small blind $0.01
bobbaluie: posts big blind $0.02
*** HOLE CARDS ***
Dealt to Mahu2021 [5c 3s]
blysk: folds 
TheSilverMen: folds 
FARA1982: raises $0.04 to $0.06
Mahu2021: folds 
o29c: folds 
bobbaluie: raises $0.04 to $0.10
FARA1982: calls $0.04
*** FLOP *** [Ah 4d 4c]
bobbaluie: bets $0.10
FARA1982: calls $0.10
*** TURN *** [Ah 4d 4c] [Ac]
bobbaluie: bets $0.40
FARA1982: raises $1.69 to $2.09 and is all-in
bobbaluie: folds 
Uncalled bet ($1.69) returned to FARA1982
FARA1982 collected $1.17 from pot
FARA1982: doesn't show hand 
*** SUMMARY ***
Total pot $1.21 | Rake $0.04 
Board [Ah 4d 4c Ac]
Seat 1: Mahu2021 (button) folded before Flop (didn't bet)
Seat 2: o29c (small blind) folded before Flop
Seat 3: bobbaluie (big blind) folded on the Turn
Seat 4: blysk folded before Flop (didn't bet)
Seat 5: TheSilverMen folded before Flop (didn't bet)
Seat 6: FARA1982 collected ($1.17)



PokerStars Zoom Hand #253511745406:  Hold'em No Limit ($0.01/$0.02) - 2024/11/21 23:26:44 CET [2024/11/21 17:26:44 ET]
Table 'Halley' 6-max Seat #1 is the button
Seat 1: Tompi2510 ($2.54 in chips) 
Seat 2: luda9520 ($1.43 in chips) 
Seat 3: Lhon ($1.91 in chips) 
Seat 4: Mahu2021 ($2.37 in chips) 
Seat 5: UFeelThaPOWA ($6.56 in chips) 
Seat 6: <zzACzz> ($1.35 in chips) 
luda9520: posts small blind $0.01
Lhon: posts big blind $0.02
*** HOLE CARDS ***
Dealt to Mahu2021 [Jh 8s]
Mahu2021: folds 
UFeelThaPOWA: folds 
<zzACzz>: raises $0.04 to $0.06
Tompi2510: folds 
luda9520: folds 
Lhon: folds 
Uncalled bet ($0.04) returned to <zzACzz>
<zzACzz> collected $0.05 from pot
<zzACzz>: doesn't show hand 
*** SUMMARY ***
Total pot $0.05 | Rake $0 
Seat 1: Tompi2510 (button) folded before Flop (didn't bet)
Seat 2: luda9520 (small blind) folded before Flop
Seat 3: Lhon (big blind) folded before Flop
Seat 4: Mahu2021 folded before Flop (didn't bet)
Seat 5: UFeelThaPOWA folded before Flop (didn't bet)
Seat 6: <zzACzz> collected ($0.05)



PokerStars Zoom Hand #253511741711:  Hold'em No Limit ($0.01/$0.02) - 2024/11/21 23:26:24 CET [2024/11/21 17:26:24 ET]
Table 'Halley' 6-max Seat #1 is the button
Seat 1: tobistyleee ($2.09 in chips) 
Seat 2: Mahu2021 ($2.38 in chips) 
Seat 3: godlikestar ($1.48 in chips) 
Seat 4: ramirodl'b ($2.33 in chips) 
Seat 5: Angeluzfm33 ($4.71 in chips) 
Seat 6: flqcommander ($4.98 in chips) 
Mahu2021: posts small blind $0.01
godlikestar: posts big blind $0.02
*** HOLE CARDS ***
Dealt to Mahu2021 [Ad Qd]
ramirodl'b: raises $0.03 to $0.05
Angeluzfm33: folds 
flqcommander: folds 
tobistyleee: raises $0.09 to $0.14
Mahu2021: folds 
godlikestar: folds 
ramirodl'b: raises $0.30 to $0.44
tobistyleee: folds 
Uncalled bet ($0.30) returned to ramirodl'b
ramirodl'b collected $0.31 from pot
ramirodl'b: doesn't show hand 
*** SUMMARY ***
Total pot $0.31 | Rake $0 
Seat 1: tobistyleee (button) folded before Flop
Seat 2: Mahu2021 (small blind) folded before Flop
Seat 3: godlikestar (big blind) folded before Flop
Seat 4: ramirodl'b collected ($0.31)
Seat 5: Angeluzfm33 folded before Flop (didn't bet)
Seat 6: flqcommander folded before Flop (didn't bet)



PokerStars Zoom Hand #253511746678:  Hold'em No Limit ($0.01/$0.02) - 2024/11/21 23:26:51 CET [2024/11/21 17:26:51 ET]
Table 'Halley' 6-max Seat #1 is the button
Seat 1: christian11d ($1.85 in chips) 
Seat 2: Mahu2021 ($2.37 in chips) 
Seat 3: Set Out ($2.64 in chips) 
Seat 4: muppetdonkey ($2.19 in chips) 
Seat 5: ikurah ($2 in chips) 
Seat 6: Buchik848 ($1.62 in chips) 
Mahu2021: posts small blind $0.01
Set Out: posts big blind $0.02
*** HOLE CARDS ***
Dealt to Mahu2021 [4s Ad]
muppetdonkey: folds 
ikurah: folds 
Buchik848: folds 
christian11d: folds 
Mahu2021: folds 
Uncalled bet ($0.01) returned to Set Out
Set Out collected $0.02 from pot
Set Out: doesn't show hand 
*** SUMMARY ***
Total pot $0.02 | Rake $0 
Seat 1: christian11d (button) folded before Flop (didn't bet)
Seat 2: Mahu2021 (small blind) folded before Flop
Seat 3: Set Out (big blind) collected ($0.02)
Seat 4: muppetdonkey folded before Flop (didn't bet)
Seat 5: ikurah folded before Flop (didn't bet)
Seat 6: Buchik848 folded before Flop (didn't bet)



PokerStars Zoom Hand #253511744677:  Hold'em No Limit ($0.01/$0.02) - 2024/11/21 23:26:40 CET [2024/11/21 17:26:40 ET]
Table 'Halley' 6-max Seat #1 is the button
Seat 1: kwtpockerchamp ($2.10 in chips) 
Seat 2: debitos ($3.72 in chips) 
Seat 3: arqsemlicença ($2.07 in chips) 
Seat 4: tobistyleee ($2 in chips) 
Seat 5: kamatador123 ($6.66 in chips) 
Seat 6: Mahu2021 ($2.37 in chips) 
debitos: posts small blind $0.01
arqsemlicença: posts big blind $0.02
*** HOLE CARDS ***
Dealt to Mahu2021 [7d 8d]
tobistyleee: folds 
kamatador123: raises $0.04 to $0.06
Mahu2021: folds 
kwtpockerchamp: calls $0.06
debitos: folds 
arqsemlicença: folds 
*** FLOP *** [3s 5c 6d]
kamatador123: checks 
kwtpockerchamp: bets $0.04
kamatador123: folds 
Uncalled bet ($0.04) returned to kwtpockerchamp
kwtpockerchamp collected $0.14 from pot
kwtpockerchamp: doesn't show hand 
*** SUMMARY ***
Total pot $0.15 | Rake $0.01 
Board [3s 5c 6d]
Seat 1: kwtpockerchamp (button) collected ($0.14)
Seat 2: debitos (small blind) folded before Flop
Seat 3: arqsemlicença (big blind) folded before Flop
Seat 4: tobistyleee folded before Flop (didn't bet)
Seat 5: kamatador123 folded on the Flop
Seat 6: Mahu2021 folded before Flop (didn't bet)



PokerStars Zoom Hand #253511746087:  Hold'em No Limit ($0.01/$0.02) - 2024/11/21 23:26:48 CET [2024/11/21 17:26:48 ET]
Table 'Halley' 6-max Seat #1 is the button
Seat 1: Alipiogreco ($1.40 in chips) 
Seat 2: richlizz57 ($1.82 in chips) 
Seat 3: JFray756 ($1.70 in chips) 
Seat 4: Angeluzfm33 ($4.69 in chips) 
Seat 5: Mahu2021 ($2.37 in chips) 
Seat 6: adriano19308 ($0.68 in chips) 
richlizz57: posts small blind $0.01
JFray756: posts big blind $0.02
*** HOLE CARDS ***
Dealt to Mahu2021 [5d 8h]
Angeluzfm33: folds 
Mahu2021: folds 
adriano19308: folds 
Alipiogreco: raises $0.03 to $0.05
richlizz57: folds 
JFray756: calls $0.03
*** FLOP *** [5c 3h 4s]
JFray756: checks 
Alipiogreco: bets $0.03
JFray756: raises $0.09 to $0.12
Alipiogreco: calls $0.09
*** TURN *** [5c 3h 4s] [Kh]
JFray756: bets $0.15
Alipiogreco: folds 
Uncalled bet ($0.15) returned to JFray756
JFray756 collected $0.34 from pot
JFray756: doesn't show hand 
*** SUMMARY ***
Total pot $0.35 | Rake $0.01 
Board [5c 3h 4s Kh]
Seat 1: Alipiogreco (button) folded on the Turn
Seat 2: richlizz57 (small blind) folded before Flop
Seat 3: JFray756 (big blind) collected ($0.34)
Seat 4: Angeluzfm33 folded before Flop (didn't bet)
Seat 5: Mahu2021 folded before Flop (didn't bet)
Seat 6: adriano19308 folded before Flop (didn't bet)



PokerStars Zoom Hand #253511748261:  Hold'em No Limit ($0.01/$0.02) - 2024/11/21 23:27:00 CET [2024/11/21 17:27:00 ET]
Table 'Halley' 6-max Seat #1 is the button
Seat 1: Mahu2021 ($2.34 in chips) 
Seat 2: flqcommander ($2.23 in chips) 
Seat 3: tobistyleee ($2 in chips) 
Seat 4: EggMayo ($2.41 in chips) 
Seat 5: widukind13 ($0.99 in chips) 
Seat 6: CogumeloDoSol ($1.90 in chips) 
flqcommander: posts small blind $0.01
tobistyleee: posts big blind $0.02
*** HOLE CARDS ***
Dealt to Mahu2021 [4c Js]
EggMayo: folds 
widukind13: calls $0.02
CogumeloDoSol: folds 
Mahu2021: folds 
flqcommander: folds 
tobistyleee: checks 
*** FLOP *** [8c 4d Ac]
tobistyleee: checks 
widukind13: bets $0.03
tobistyleee: folds 
Uncalled bet ($0.03) returned to widukind13
widukind13 collected $0.05 from pot
widukind13: doesn't show hand 
*** SUMMARY ***
Total pot $0.05 | Rake $0 
Board [8c 4d Ac]
Seat 1: Mahu2021 (button) folded before Flop (didn't bet)
Seat 2: flqcommander (small blind) folded before Flop
Seat 3: tobistyleee (big blind) folded on the Flop
Seat 4: EggMayo folded before Flop (didn't bet)
Seat 5: widukind13 collected ($0.05)
Seat 6: CogumeloDoSol folded before Flop (didn't bet)



PokerStars Zoom Hand #253511749017:  Hold'em No Limit ($0.01/$0.02) - 2024/11/21 23:27:04 CET [2024/11/21 17:27:04 ET]
Table 'Halley' 6-max Seat #1 is the button
Seat 1: SebSeF ($3.71 in chips) 
Seat 2: Angeluzfm33 ($2.25 in chips) 
Seat 3: kwtpockerchamp ($2.18 in chips) 
Seat 4: Paya_31 ($1.78 in chips) 
Seat 5: richlizz57 ($2.10 in chips) 
Seat 6: Mahu2021 ($2.34 in chips) 
Angeluzfm33: posts small blind $0.01
kwtpockerchamp: posts big blind $0.02
*** HOLE CARDS ***
Dealt to Mahu2021 [Jh Td]
Paya_31: folds 
richlizz57: folds 
Mahu2021: raises $0.02 to $0.04
SebSeF: folds 
Angeluzfm33: folds 
kwtpockerchamp: raises $0.32 to $0.36
Mahu2021: folds 
Uncalled bet ($0.32) returned to kwtpockerchamp
kwtpockerchamp collected $0.09 from pot
kwtpockerchamp: doesn't show hand 
*** SUMMARY ***
Total pot $0.09 | Rake $0 
Seat 1: SebSeF (button) folded before Flop (didn't bet)
Seat 2: Angeluzfm33 (small blind) folded before Flop
Seat 3: kwtpockerchamp (big blind) collected ($0.09)
Seat 4: Paya_31 folded before Flop (didn't bet)
Seat 5: richlizz57 folded before Flop (didn't bet)
Seat 6: Mahu2021 folded before Flop



PokerStars Zoom Hand #253511753560:  Hold'em No Limit ($0.01/$0.02) - 2024/11/21 23:27:28 CET [2024/11/21 17:27:28 ET]
Table 'Halley' 6-max Seat #1 is the button
Seat 1: SzugaMiszcz ($3.20 in chips) 
Seat 2: omutst ($3.21 in chips) 
Seat 3: Mootso ($1 in chips) 
Seat 4: Mahu2021 ($2.30 in chips) 
Seat 5: lllK9lll ($4.06 in chips) 
Seat 6: Kampionen ($2.39 in chips) 
omutst: posts small blind $0.01
Mootso: posts big blind $0.02
*** HOLE CARDS ***
Dealt to Mahu2021 [Td 7d]
Mahu2021: folds 
lllK9lll: folds 
Kampionen: folds 
SzugaMiszcz: folds 
omutst: folds 
Uncalled bet ($0.01) returned to Mootso
Mootso collected $0.02 from pot
Mootso: doesn't show hand 
*** SUMMARY ***
Total pot $0.02 | Rake $0 
Seat 1: SzugaMiszcz (button) folded before Flop (didn't bet)
Seat 2: omutst (small blind) folded before Flop
Seat 3: Mootso (big blind) collected ($0.02)
Seat 4: Mahu2021 folded before Flop (didn't bet)
Seat 5: lllK9lll folded before Flop (didn't bet)
Seat 6: Kampionen folded before Flop (didn't bet)



PokerStars Zoom Hand #253511747369:  Hold'em No Limit ($0.01/$0.02) - 2024/11/21 23:26:55 CET [2024/11/21 17:26:55 ET]
Table 'Halley' 6-max Seat #1 is the button
Seat 1: 14marcin ($2.48 in chips) 
Seat 2: jaycongo ($4.31 in chips) 
Seat 3: Mahu2021 ($2.36 in chips) 
Seat 4: Yami Yugi (KoG) ($0.59 in chips) 
Seat 5: Pluviofilia ($2 in chips) 
Seat 6: pchiasson56 ($1.94 in chips) 
jaycongo: posts small blind $0.01
Mahu2021: posts big blind $0.02
*** HOLE CARDS ***
Dealt to Mahu2021 [2d 6s]
Yami Yugi (KoG): raises $0.02 to $0.04
pchiasson56 is disconnected 
Pluviofilia: folds 
pchiasson56 has timed out while disconnected
pchiasson56: folds 
14marcin: folds 
jaycongo: calls $0.03
Mahu2021: folds 
*** FLOP *** [4c 2h 7s]
jaycongo: checks 
Yami Yugi (KoG): bets $0.02
jaycongo: raises $0.07 to $0.09
Yami Yugi (KoG): folds 
Uncalled bet ($0.07) returned to jaycongo
jaycongo collected $0.14 from pot
jaycongo: doesn't show hand 
*** SUMMARY ***
Total pot $0.14 | Rake $0 
Board [4c 2h 7s]
Seat 1: 14marcin (button) folded before Flop (didn't bet)
Seat 2: jaycongo (small blind) collected ($0.14)
Seat 3: Mahu2021 (big blind) folded before Flop
Seat 4: Yami Yugi (KoG) folded on the Flop
Seat 5: Pluviofilia folded before Flop (didn't bet)
Seat 6: pchiasson56 folded before Flop (didn't bet)



PokerStars Zoom Hand #253511754850:  Hold'em No Limit ($0.01/$0.02) - 2024/11/21 23:27:35 CET [2024/11/21 17:27:35 ET]
Table 'Halley' 6-max Seat #1 is the button
Seat 1: Chelozin ($3.05 in chips) 
Seat 2: Rene Lavand2020 ($9.38 in chips) 
Seat 3: Andersonjsi ($1.08 in chips) 
Seat 4: mK.92*INC ($3.75 in chips) 
Seat 5: Mahu2021 ($2.29 in chips) 
Seat 6: JFray756 ($1.86 in chips) 
Rene Lavand2020: posts small blind $0.01
Andersonjsi: posts big blind $0.02
*** HOLE CARDS ***
Dealt to Mahu2021 [Ah 4s]
mK.92*INC: folds 
Mahu2021: folds 
JFray756: folds 
Chelozin: folds 
Rene Lavand2020: folds 
Uncalled bet ($0.01) returned to Andersonjsi
Andersonjsi collected $0.02 from pot
Andersonjsi: doesn't show hand 
*** SUMMARY ***
Total pot $0.02 | Rake $0 
Seat 1: Chelozin (button) folded before Flop (didn't bet)
Seat 2: Rene Lavand2020 (small blind) folded before Flop
Seat 3: Andersonjsi (big blind) collected ($0.02)
Seat 4: mK.92*INC folded before Flop (didn't bet)
Seat 5: Mahu2021 folded before Flop (didn't bet)
Seat 6: JFray756 folded before Flop (didn't bet)



PokerStars Zoom Hand #253511754268:  Hold'em No Limit ($0.01/$0.02) - 2024/11/21 23:27:32 CET [2024/11/21 17:27:32 ET]
Table 'Halley' 6-max Seat #1 is the button
Seat 1: valdiralvesneto ($2.07 in chips) 
Seat 2: Mahu2021 ($2.30 in chips) 
Seat 3: Mootso ($1 in chips) 
Seat 4: trevgb134 ($3.10 in chips) 
Seat 5: UFeelThaPOWA ($6.55 in chips) 
Seat 6: rom22 ($1 in chips) 
Mahu2021: posts small blind $0.01
Mootso: posts big blind $0.02
*** HOLE CARDS ***
Dealt to Mahu2021 [6c 5s]
trevgb134: folds 
UFeelThaPOWA: raises $0.03 to $0.05
rom22: folds 
valdiralvesneto: folds 
Mahu2021: folds 
Mootso: calls $0.03
*** FLOP *** [7d 7c Tc]
Mootso: checks 
UFeelThaPOWA: bets $0.06
Mootso: folds 
Uncalled bet ($0.06) returned to UFeelThaPOWA
UFeelThaPOWA collected $0.11 from pot
UFeelThaPOWA: doesn't show hand 
*** SUMMARY ***
Total pot $0.11 | Rake $0 
Board [7d 7c Tc]
Seat 1: valdiralvesneto (button) folded before Flop (didn't bet)
Seat 2: Mahu2021 (small blind) folded before Flop
Seat 3: Mootso (big blind) folded on the Flop
Seat 4: trevgb134 folded before Flop (didn't bet)
Seat 5: UFeelThaPOWA collected ($0.11)
Seat 6: rom22 folded before Flop (didn't bet)



PokerStars Zoom Hand #253511755591:  Hold'em No Limit ($0.01/$0.02) - 2024/11/21 23:27:39 CET [2024/11/21 17:27:39 ET]
Table 'Halley' 6-max Seat #1 is the button
Seat 1: FARA1982 ($2.86 in chips) 
Seat 2: 25759marafon ($1.60 in chips) 
Seat 3: Mahu2021 ($2.29 in chips) 
Seat 4: CFH1986 ($4.05 in chips) 
Seat 5: Jonas2947 ($10.96 in chips) 
Seat 6: jamesd19 ($1.91 in chips) 
25759marafon: posts small blind $0.01
Mahu2021: posts big blind $0.02
*** HOLE CARDS ***
Dealt to Mahu2021 [5d Th]
CFH1986: folds 
Jonas2947: calls $0.02
jamesd19: folds 
FARA1982: raises $0.04 to $0.06
25759marafon: raises $0.04 to $0.10
Mahu2021: folds 
Jonas2947: calls $0.08
FARA1982: calls $0.04
*** FLOP *** [6s 2d Ad]
25759marafon: checks 
Jonas2947: checks 
FARA1982: checks 
*** TURN *** [6s 2d Ad] [Kc]
25759marafon: checks 
Jonas2947: checks 
FARA1982: checks 
*** RIVER *** [6s 2d Ad Kc] [8h]
25759marafon: checks 
Jonas2947: checks 
FARA1982: checks 
*** SHOW DOWN ***
25759marafon: shows [Jc Tc] (high card Ace)
Jonas2947: shows [5s 6d] (a pair of Sixes)
FARA1982: shows [8s Ts] (a pair of Eights)
FARA1982 collected $0.31 from pot
*** SUMMARY ***
Total pot $0.32 | Rake $0.01 
Board [6s 2d Ad Kc 8h]
Seat 1: FARA1982 (button) showed [8s Ts] and won ($0.31) with a pair of Eights
Seat 2: 25759marafon (small blind) showed [Jc Tc] and lost with high card Ace
Seat 3: Mahu2021 (big blind) folded before Flop
Seat 4: CFH1986 folded before Flop (didn't bet)
Seat 5: Jonas2947 showed [5s 6d] and lost with a pair of Sixes
Seat 6: jamesd19 folded before Flop (didn't bet)



PokerStars Zoom Hand #253511758208:  Hold'em No Limit ($0.01/$0.02) - 2024/11/21 23:27:53 CET [2024/11/21 17:27:53 ET]
Table 'Halley' 6-max Seat #1 is the button
Seat 1: Mahu2021 ($2.27 in chips) 
Seat 2: Kampionen ($2.41 in chips) 
Seat 3: KaibaSet ($2 in chips) 
Seat 4: Rene Lavand2020 ($9.35 in chips) 
Seat 5: Pastorge ($0.93 in chips) 
Seat 6: geo2411 ($1.47 in chips) 
Kampionen: posts small blind $0.01
KaibaSet: posts big blind $0.02
*** HOLE CARDS ***
Dealt to Mahu2021 [7s 6d]
Rene Lavand2020: folds 
Pastorge: folds 
geo2411: folds 
Mahu2021: folds 
Kampionen: raises $0.03 to $0.05
KaibaSet: calls $0.03
*** FLOP *** [Qc 4c Kc]
Kampionen: bets $0.05
KaibaSet: folds 
Uncalled bet ($0.05) returned to Kampionen
Kampionen collected $0.10 from pot
Kampionen: doesn't show hand 
*** SUMMARY ***
Total pot $0.10 | Rake $0 
Board [Qc 4c Kc]
Seat 1: Mahu2021 (button) folded before Flop (didn't bet)
Seat 2: Kampionen (small blind) collected ($0.10)
Seat 3: KaibaSet (big blind) folded on the Flop
Seat 4: Rene Lavand2020 folded before Flop (didn't bet)
Seat 5: Pastorge folded before Flop (didn't bet)
Seat 6: geo2411 folded before Flop (didn't bet)



PokerStars Zoom Hand #253511758965:  Hold'em No Limit ($0.01/$0.02) - 2024/11/21 23:27:57 CET [2024/11/21 17:27:57 ET]
Table 'Halley' 6-max Seat #1 is the button
Seat 1: pork610 ($2 in chips) 
Seat 2: Castiel_Ivy ($1.08 in chips) 
Seat 3: widukind13 ($1.01 in chips) 
Seat 4: Cflush93 ($8.06 in chips) 
Seat 5: Mahu2021 ($2.27 in chips) 
Seat 6: SasSerge ($2.85 in chips) 
Castiel_Ivy: posts small blind $0.01
widukind13: posts big blind $0.02
*** HOLE CARDS ***
Dealt to Mahu2021 [Qs 5d]
Cflush93: raises $0.04 to $0.06
Mahu2021: folds 
SasSerge: folds 
pork610: folds 
Castiel_Ivy: folds 
widukind13: calls $0.04
*** FLOP *** [9h 3d 7c]
widukind13: checks 
Cflush93: bets $0.09
widukind13: folds 
Uncalled bet ($0.09) returned to Cflush93
Cflush93 collected $0.13 from pot
Cflush93: doesn't show hand 
*** SUMMARY ***
Total pot $0.13 | Rake $0 
Board [9h 3d 7c]
Seat 1: pork610 (button) folded before Flop (didn't bet)
Seat 2: Castiel_Ivy (small blind) folded before Flop
Seat 3: widukind13 (big blind) folded on the Flop
Seat 4: Cflush93 collected ($0.13)
Seat 5: Mahu2021 folded before Flop (didn't bet)
Seat 6: SasSerge folded before Flop (didn't bet)



PokerStars Zoom Hand #253511760453:  Hold'em No Limit ($0.01/$0.02) - 2024/11/21 23:28:05 CET [2024/11/21 17:28:05 ET]
Table 'Halley' 6-max Seat #1 is the button
Seat 1: geebee2 ($2.48 in chips) 
Seat 2: deckano ($1.98 in chips) 
Seat 3: pork610 ($2 in chips) 
Seat 4: Mahu2021 ($2.27 in chips) 
Seat 5: maycon1986 ($1.18 in chips) 
Seat 6: GinthersRift ($2.86 in chips) 
deckano: posts small blind $0.01
pork610: posts big blind $0.02
*** HOLE CARDS ***
Dealt to Mahu2021 [Jd Ad]
Mahu2021: raises $0.02 to $0.04
maycon1986: folds 
GinthersRift: folds 
geebee2: raises $0.11 to $0.15
deckano: folds 
pork610: folds 
Mahu2021: calls $0.11
*** FLOP *** [5c 6s Qh]
Mahu2021: checks 
geebee2: checks 
*** TURN *** [5c 6s Qh] [5d]
Mahu2021: checks 
geebee2: bets $0.16
Mahu2021: calls $0.16
*** RIVER *** [5c 6s Qh 5d] [3d]
Mahu2021: checks 
geebee2: checks 
*** SHOW DOWN ***
Mahu2021: shows [Jd Ad] (a pair of Fives)
geebee2: shows [Kc Ah] (a pair of Fives - Ace+King kicker)
geebee2 collected $0.63 from pot
*** SUMMARY ***
Total pot $0.65 | Rake $0.02 
Board [5c 6s Qh 5d 3d]
Seat 1: geebee2 (button) showed [Kc Ah] and won ($0.63) with a pair of Fives
Seat 2: deckano (small blind) folded before Flop
Seat 3: pork610 (big blind) folded before Flop
Seat 4: Mahu2021 showed [Jd Ad] and lost with a pair of Fives
Seat 5: maycon1986 folded before Flop (didn't bet)
Seat 6: GinthersRift folded before Flop (didn't bet)



PokerStars Zoom Hand #253511759808:  Hold'em No Limit ($0.01/$0.02) - 2024/11/21 23:28:02 CET [2024/11/21 17:28:02 ET]
Table 'Halley' 6-max Seat #1 is the button
Seat 1: Michel_yvr ($2.26 in chips) 
Seat 2: Rene Lavand2020 ($2 in chips) 
Seat 3: SasSerge ($2.38 in chips) 
Seat 4: Mahu2021 ($2.27 in chips) 
Seat 5: Mootso ($1 in chips) 
Seat 6: Teflonmemory ($3.64 in chips) 
Rene Lavand2020: posts small blind $0.01
SasSerge: posts big blind $0.02
*** HOLE CARDS ***
Dealt to Mahu2021 [7d Ts]
Mahu2021: folds 
Mootso: raises $0.02 to $0.04
Teflonmemory: calls $0.04
Michel_yvr: folds 
Rene Lavand2020: calls $0.03
SasSerge: calls $0.02
*** FLOP *** [6h 8d 5d]
Rene Lavand2020: checks 
SasSerge: checks 
Mootso: bets $0.04
Teflonmemory: folds 
Rene Lavand2020: calls $0.04
SasSerge: calls $0.04
*** TURN *** [6h 8d 5d] [9d]
Rene Lavand2020: checks 
SasSerge: checks 
Mootso: bets $0.08
Rene Lavand2020: calls $0.08
SasSerge: folds 
*** RIVER *** [6h 8d 5d 9d] [4c]
Rene Lavand2020: checks 
Mootso: bets $0.21
Rene Lavand2020: folds 
Uncalled bet ($0.21) returned to Mootso
Mootso collected $0.42 from pot
Mootso: doesn't show hand 
*** SUMMARY ***
Total pot $0.44 | Rake $0.02 
Board [6h 8d 5d 9d 4c]
Seat 1: Michel_yvr (button) folded before Flop (didn't bet)
Seat 2: Rene Lavand2020 (small blind) folded on the River
Seat 3: SasSerge (big blind) folded on the Turn
Seat 4: Mahu2021 folded before Flop (didn't bet)
Seat 5: Mootso collected ($0.42)
Seat 6: Teflonmemory folded on the Flop



PokerStars Zoom Hand #253511765908:  Hold'em No Limit ($0.01/$0.02) - 2024/11/21 23:28:34 CET [2024/11/21 17:28:34 ET]
Table 'Halley' 6-max Seat #1 is the button
Seat 1: BGUIR2000 ($3.89 in chips) 
Seat 2: Mahu2021 ($1.96 in chips) 
Seat 3: jammp87 ($1.52 in chips) 
Seat 4: GinthersRift ($2.86 in chips) 
Seat 5: PoProfession ($7.68 in chips) 
Seat 6: CogumeloDoSol ($1.61 in chips) 
Mahu2021: posts small blind $0.01
jammp87: posts big blind $0.02
*** HOLE CARDS ***
Dealt to Mahu2021 [Ts Td]
GinthersRift: folds 
PoProfession has timed out
PoProfession: folds 
CogumeloDoSol: folds 
BGUIR2000: folds 
Mahu2021: raises $0.04 to $0.06
jammp87: raises $0.12 to $0.18
Mahu2021: raises $1.78 to $1.96 and is all-in
jammp87: calls $1.34 and is all-in
Uncalled bet ($0.44) returned to Mahu2021
*** FLOP *** [5c 3c 9h]
*** TURN *** [5c 3c 9h] [8s]
*** RIVER *** [5c 3c 9h 8s] [Th]
*** SHOW DOWN ***
Mahu2021: shows [Ts Td] (three of a kind, Tens)
jammp87: shows [As Kh] (high card Ace)
Mahu2021 collected $2.93 from pot
*** SUMMARY ***
Total pot $3.04 | Rake $0.11 
Board [5c 3c 9h 8s Th]
Seat 1: BGUIR2000 (button) folded before Flop (didn't bet)
Seat 2: Mahu2021 (small blind) showed [Ts Td] and won ($2.93) with three of a kind, Tens
Seat 3: jammp87 (big blind) showed [As Kh] and lost with high card Ace
Seat 4: GinthersRift folded before Flop (didn't bet)
Seat 5: PoProfession folded before Flop (didn't bet)
Seat 6: CogumeloDoSol folded before Flop (didn't bet)



