PokerStars Hand #254150091001: Tournament #3841186834, $1.84+$0.16 USD Hold'em No Limit - Level I (10/20) - 2025/01/02 10:08:38 CET [2025/01/02 4:08:38 ET]
Table '3841186834 1' 3-max Seat #1 is the button
Seat 1: Mahu2021 (500 in chips) 
Seat 2: Fun Dome I (500 in chips) 
Seat 3: edsonarevalo23 (500 in chips) 
Fun Dome I: posts small blind 10
edsonarevalo23: posts big blind 20
*** HOLE CARDS ***
Dealt to Mahu2021 [2s Qd]
Mahu2021: folds 
Fun Dome I: calls 10
edsonarevalo23: checks 
*** FLOP *** [7s 7c Kc]
Fun Dome I: checks 
edsonarevalo23: checks 
*** TURN *** [7s 7c Kc] [3c]
Fun Dome I: bets 40
edsonarevalo23: calls 40
*** RIVER *** [7s 7c Kc 3c] [Tc]
Fun Dome I: bets 120
edsonarevalo23: calls 120
*** SHOW DOWN ***
Fun Dome I: shows [Qc 3s] (a flush, King high)
edsonarevalo23: mucks hand 
Fun Dome I collected 360 from pot
*** SUMMARY ***
Total pot 360 | Rake 0 
Board [7s 7c Kc 3c Tc]
Seat 1: Mahu2021 (button) folded before Flop (didn't bet)
Seat 2: Fun Dome I (small blind) showed [Qc 3s] and won (360) with a flush, King high
Seat 3: edsonarevalo23 (big blind) mucked [8h Jc]



PokerStars Hand #254150093326: Tournament #3841186834, $1.84+$0.16 USD Hold'em No Limit - Level I (10/20) - 2025/01/02 10:09:05 CET [2025/01/02 4:09:05 ET]
Table '3841186834 1' 3-max Seat #2 is the button
Seat 1: Mahu2021 (500 in chips) 
Seat 2: Fun Dome I (680 in chips) 
Seat 3: edsonarevalo23 (320 in chips) 
edsonarevalo23: posts small blind 10
Mahu2021: posts big blind 20
*** HOLE CARDS ***
Dealt to Mahu2021 [Ks 3h]
Fun Dome I: folds 
edsonarevalo23: raises 40 to 60
Mahu2021: folds 
Uncalled bet (40) returned to edsonarevalo23
edsonarevalo23 collected 40 from pot
*** SUMMARY ***
Total pot 40 | Rake 0 
Seat 1: Mahu2021 (big blind) folded before Flop
Seat 2: Fun Dome I (button) folded before Flop (didn't bet)
Seat 3: edsonarevalo23 (small blind) collected (40)



PokerStars Hand #254150094271: Tournament #3841186834, $1.84+$0.16 USD Hold'em No Limit - Level I (10/20) - 2025/01/02 10:09:16 CET [2025/01/02 4:09:16 ET]
Table '3841186834 1' 3-max Seat #3 is the button
Seat 1: Mahu2021 (480 in chips) 
Seat 2: Fun Dome I (680 in chips) 
Seat 3: edsonarevalo23 (340 in chips) 
Mahu2021: posts small blind 10
Fun Dome I: posts big blind 20
*** HOLE CARDS ***
Dealt to Mahu2021 [Kh 6c]
edsonarevalo23: folds 
Mahu2021: raises 20 to 40
Fun Dome I: calls 20
*** FLOP *** [Qd 6h Ts]
Mahu2021: checks 
Fun Dome I: bets 80
Mahu2021: folds 
Uncalled bet (80) returned to Fun Dome I
Fun Dome I collected 80 from pot
*** SUMMARY ***
Total pot 80 | Rake 0 
Board [Qd 6h Ts]
Seat 1: Mahu2021 (small blind) folded on the Flop
Seat 2: Fun Dome I (big blind) collected (80)
Seat 3: edsonarevalo23 (button) folded before Flop (didn't bet)



PokerStars Hand #254150095363: Tournament #3841186834, $1.84+$0.16 USD Hold'em No Limit - Level I (10/20) - 2025/01/02 10:09:29 CET [2025/01/02 4:09:29 ET]
Table '3841186834 1' 3-max Seat #1 is the button
Seat 1: Mahu2021 (440 in chips) 
Seat 2: Fun Dome I (720 in chips) 
Seat 3: edsonarevalo23 (340 in chips) 
Fun Dome I: posts small blind 10
edsonarevalo23: posts big blind 20
*** HOLE CARDS ***
Dealt to Mahu2021 [7c 5d]
Mahu2021: folds 
Fun Dome I: raises 20 to 40
edsonarevalo23: calls 20
*** FLOP *** [Kc 5h 2s]
Fun Dome I: checks 
edsonarevalo23: bets 300 and is all-in
Fun Dome I: calls 300
*** TURN *** [Kc 5h 2s] [2h]
*** RIVER *** [Kc 5h 2s 2h] [5s]
*** SHOW DOWN ***
Fun Dome I: shows [Ks Js] (two pair, Kings and Fives)
edsonarevalo23: shows [Qd 9d] (two pair, Fives and Deuces)
Fun Dome I collected 680 from pot
edsonarevalo23 finished the tournament in 3rd place
*** SUMMARY ***
Total pot 680 | Rake 0 
Board [Kc 5h 2s 2h 5s]
Seat 1: Mahu2021 (button) folded before Flop (didn't bet)
Seat 2: Fun Dome I (small blind) showed [Ks Js] and won (680) with two pair, Kings and Fives
Seat 3: edsonarevalo23 (big blind) showed [Qd 9d] and lost with two pair, Fives and Deuces



PokerStars Hand #254150097408: Tournament #3841186834, $1.84+$0.16 USD Hold'em No Limit - Level I (10/20) - 2025/01/02 10:09:52 CET [2025/01/02 4:09:52 ET]
Table '3841186834 1' 3-max Seat #2 is the button
Seat 1: Mahu2021 (440 in chips) 
Seat 2: Fun Dome I (1060 in chips) 
Fun Dome I: posts small blind 10
Mahu2021: posts big blind 20
*** HOLE CARDS ***
Dealt to Mahu2021 [2s 5c]
Fun Dome I: calls 10
Mahu2021: checks 
*** FLOP *** [5s 8h Kd]
Mahu2021: checks 
Fun Dome I: checks 
*** TURN *** [5s 8h Kd] [2h]
Mahu2021: bets 40
Fun Dome I: calls 40
*** RIVER *** [5s 8h Kd 2h] [Ac]
Mahu2021: bets 380 and is all-in
Fun Dome I: folds 
Uncalled bet (380) returned to Mahu2021
Mahu2021 collected 120 from pot
Mahu2021: doesn't show hand 
*** SUMMARY ***
Total pot 120 | Rake 0 
Board [5s 8h Kd 2h Ac]
Seat 1: Mahu2021 (big blind) collected (120)
Seat 2: Fun Dome I (button) (small blind) folded on the River



PokerStars Hand #254150099034: Tournament #3841186834, $1.84+$0.16 USD Hold'em No Limit - Level I (10/20) - 2025/01/02 10:10:11 CET [2025/01/02 4:10:11 ET]
Table '3841186834 1' 3-max Seat #1 is the button
Seat 1: Mahu2021 (500 in chips) 
Seat 2: Fun Dome I (1000 in chips) 
Mahu2021: posts small blind 10
Fun Dome I: posts big blind 20
*** HOLE CARDS ***
Dealt to Mahu2021 [6c 8c]
Mahu2021: raises 20 to 40
Fun Dome I: calls 20
*** FLOP *** [Kh 7d 4c]
Fun Dome I: checks 
Mahu2021: checks 
*** TURN *** [Kh 7d 4c] [Td]
Fun Dome I: bets 80
Mahu2021: calls 80
*** RIVER *** [Kh 7d 4c Td] [8d]
Fun Dome I: bets 240
Mahu2021: folds 
Uncalled bet (240) returned to Fun Dome I
Fun Dome I collected 240 from pot
*** SUMMARY ***
Total pot 240 | Rake 0 
Board [Kh 7d 4c Td 8d]
Seat 1: Mahu2021 (button) (small blind) folded on the River
Seat 2: Fun Dome I (big blind) collected (240)



PokerStars Hand #254150101301: Tournament #3841186834, $1.84+$0.16 USD Hold'em No Limit - Level I (10/20) - 2025/01/02 10:10:36 CET [2025/01/02 4:10:36 ET]
Table '3841186834 1' 3-max Seat #2 is the button
Seat 1: Mahu2021 (380 in chips) 
Seat 2: Fun Dome I (1120 in chips) 
Fun Dome I: posts small blind 10
Mahu2021: posts big blind 20
*** HOLE CARDS ***
Dealt to Mahu2021 [8d 4d]
Fun Dome I: raises 40 to 60
Mahu2021: folds 
Uncalled bet (40) returned to Fun Dome I
Fun Dome I collected 40 from pot
*** SUMMARY ***
Total pot 40 | Rake 0 
Seat 1: Mahu2021 (big blind) folded before Flop
Seat 2: Fun Dome I (button) (small blind) collected (40)



PokerStars Hand #254150102206: Tournament #3841186834, $1.84+$0.16 USD Hold'em No Limit - Level II (15/30) - 2025/01/02 10:10:46 CET [2025/01/02 4:10:46 ET]
Table '3841186834 1' 3-max Seat #1 is the button
Seat 1: Mahu2021 (360 in chips) 
Seat 2: Fun Dome I (1140 in chips) 
Mahu2021: posts small blind 15
Fun Dome I: posts big blind 30
*** HOLE CARDS ***
Dealt to Mahu2021 [Kh Ac]
Mahu2021: calls 15
Fun Dome I: checks 
*** FLOP *** [Kc 3h 9h]
Fun Dome I: checks 
Mahu2021: checks 
*** TURN *** [Kc 3h 9h] [Tc]
Fun Dome I: checks 
Mahu2021: checks 
*** RIVER *** [Kc 3h 9h Tc] [4s]
Fun Dome I: checks 
Mahu2021: bets 330 and is all-in
Fun Dome I: folds 
Uncalled bet (330) returned to Mahu2021
Mahu2021 collected 60 from pot
Mahu2021: doesn't show hand 
*** SUMMARY ***
Total pot 60 | Rake 0 
Board [Kc 3h 9h Tc 4s]
Seat 1: Mahu2021 (button) (small blind) collected (60)
Seat 2: Fun Dome I (big blind) folded on the River



PokerStars Hand #254150104199: Tournament #3841186834, $1.84+$0.16 USD Hold'em No Limit - Level II (15/30) - 2025/01/02 10:11:09 CET [2025/01/02 4:11:09 ET]
Table '3841186834 1' 3-max Seat #2 is the button
Seat 1: Mahu2021 (390 in chips) 
Seat 2: Fun Dome I (1110 in chips) 
Fun Dome I: posts small blind 15
Mahu2021: posts big blind 30
*** HOLE CARDS ***
Dealt to Mahu2021 [Kd 6c]
Fun Dome I: folds 
Uncalled bet (15) returned to Mahu2021
Mahu2021 collected 30 from pot
Mahu2021: doesn't show hand 
*** SUMMARY ***
Total pot 30 | Rake 0 
Seat 1: Mahu2021 (big blind) collected (30)
Seat 2: Fun Dome I (button) (small blind) folded before Flop



PokerStars Hand #254150104566: Tournament #3841186834, $1.84+$0.16 USD Hold'em No Limit - Level II (15/30) - 2025/01/02 10:11:12 CET [2025/01/02 4:11:12 ET]
Table '3841186834 1' 3-max Seat #1 is the button
Seat 1: Mahu2021 (405 in chips) 
Seat 2: Fun Dome I (1095 in chips) 
Mahu2021: posts small blind 15
Fun Dome I: posts big blind 30
*** HOLE CARDS ***
Dealt to Mahu2021 [4h Jh]
Mahu2021: calls 15
Fun Dome I: checks 
*** FLOP *** [6d 7h 3d]
Fun Dome I: bets 30
Mahu2021: calls 30
*** TURN *** [6d 7h 3d] [2c]
Fun Dome I: bets 60
Mahu2021: folds 
Uncalled bet (60) returned to Fun Dome I
Fun Dome I collected 120 from pot
*** SUMMARY ***
Total pot 120 | Rake 0 
Board [6d 7h 3d 2c]
Seat 1: Mahu2021 (button) (small blind) folded on the Turn
Seat 2: Fun Dome I (big blind) collected (120)



PokerStars Hand #254150106269: Tournament #3841186834, $1.84+$0.16 USD Hold'em No Limit - Level II (15/30) - 2025/01/02 10:11:32 CET [2025/01/02 4:11:32 ET]
Table '3841186834 1' 3-max Seat #2 is the button
Seat 1: Mahu2021 (345 in chips) 
Seat 2: Fun Dome I (1155 in chips) 
Fun Dome I: posts small blind 15
Mahu2021: posts big blind 30
*** HOLE CARDS ***
Dealt to Mahu2021 [5d 7s]
Fun Dome I: calls 15
Mahu2021: checks 
*** FLOP *** [9d 9s 4c]
Mahu2021: checks 
Fun Dome I: checks 
*** TURN *** [9d 9s 4c] [3c]
Mahu2021: checks 
Fun Dome I: bets 60
Mahu2021: folds 
Uncalled bet (60) returned to Fun Dome I
Fun Dome I collected 60 from pot
*** SUMMARY ***
Total pot 60 | Rake 0 
Board [9d 9s 4c 3c]
Seat 1: Mahu2021 (big blind) folded on the Turn
Seat 2: Fun Dome I (button) (small blind) collected (60)



PokerStars Hand #254150107839: Tournament #3841186834, $1.84+$0.16 USD Hold'em No Limit - Level II (15/30) - 2025/01/02 10:11:49 CET [2025/01/02 4:11:49 ET]
Table '3841186834 1' 3-max Seat #1 is the button
Seat 1: Mahu2021 (315 in chips) 
Seat 2: Fun Dome I (1185 in chips) 
Mahu2021: posts small blind 15
Fun Dome I: posts big blind 30
*** HOLE CARDS ***
Dealt to Mahu2021 [5c Kc]
Mahu2021: raises 30 to 60
Fun Dome I: calls 30
*** FLOP *** [4s 5s 2d]
Fun Dome I: checks 
Mahu2021: bets 255 and is all-in
Fun Dome I: calls 255
*** TURN *** [4s 5s 2d] [Td]
*** RIVER *** [4s 5s 2d Td] [7c]
*** SHOW DOWN ***
Fun Dome I: shows [2h As] (a pair of Deuces)
Mahu2021: shows [5c Kc] (a pair of Fives)
Mahu2021 collected 630 from pot
*** SUMMARY ***
Total pot 630 | Rake 0 
Board [4s 5s 2d Td 7c]
Seat 1: Mahu2021 (button) (small blind) showed [5c Kc] and won (630) with a pair of Fives
Seat 2: Fun Dome I (big blind) showed [2h As] and lost with a pair of Deuces



PokerStars Hand #254150109599: Tournament #3841186834, $1.84+$0.16 USD Hold'em No Limit - Level II (15/30) - 2025/01/02 10:12:09 CET [2025/01/02 4:12:09 ET]
Table '3841186834 1' 3-max Seat #2 is the button
Seat 1: Mahu2021 (630 in chips) 
Seat 2: Fun Dome I (870 in chips) 
Fun Dome I: posts small blind 15
Mahu2021: posts big blind 30
*** HOLE CARDS ***
Dealt to Mahu2021 [5d Ah]
Fun Dome I: raises 30 to 60
Mahu2021: raises 570 to 630 and is all-in
Fun Dome I: folds 
Uncalled bet (570) returned to Mahu2021
Mahu2021 collected 120 from pot
Mahu2021: doesn't show hand 
*** SUMMARY ***
Total pot 120 | Rake 0 
Seat 1: Mahu2021 (big blind) collected (120)
Seat 2: Fun Dome I (button) (small blind) folded before Flop



PokerStars Hand #254150110493: Tournament #3841186834, $1.84+$0.16 USD Hold'em No Limit - Level II (15/30) - 2025/01/02 10:12:19 CET [2025/01/02 4:12:19 ET]
Table '3841186834 1' 3-max Seat #1 is the button
Seat 1: Mahu2021 (690 in chips) 
Seat 2: Fun Dome I (810 in chips) 
Mahu2021: posts small blind 15
Fun Dome I: posts big blind 30
*** HOLE CARDS ***
Dealt to Mahu2021 [As 2d]
Mahu2021: calls 15
Fun Dome I: raises 60 to 90
Mahu2021: folds 
Uncalled bet (60) returned to Fun Dome I
Fun Dome I collected 60 from pot
*** SUMMARY ***
Total pot 60 | Rake 0 
Seat 1: Mahu2021 (button) (small blind) folded before Flop
Seat 2: Fun Dome I (big blind) collected (60)



PokerStars Hand #254150111234: Tournament #3841186834, $1.84+$0.16 USD Hold'em No Limit - Level II (15/30) - 2025/01/02 10:12:27 CET [2025/01/02 4:12:27 ET]
Table '3841186834 1' 3-max Seat #2 is the button
Seat 1: Mahu2021 (660 in chips) 
Seat 2: Fun Dome I (840 in chips) 
Fun Dome I: posts small blind 15
Mahu2021: posts big blind 30
*** HOLE CARDS ***
Dealt to Mahu2021 [6h 9s]
Fun Dome I: calls 15
Mahu2021: checks 
*** FLOP *** [9d 8c 9c]
Mahu2021: checks 
Fun Dome I: bets 30
Mahu2021: calls 30
*** TURN *** [9d 8c 9c] [Kc]
Mahu2021: checks 
Fun Dome I: checks 
*** RIVER *** [9d 8c 9c Kc] [Ac]
Mahu2021: checks 
Fun Dome I: checks 
*** SHOW DOWN ***
Mahu2021: shows [6h 9s] (three of a kind, Nines)
Fun Dome I: mucks hand 
Mahu2021 collected 120 from pot
*** SUMMARY ***
Total pot 120 | Rake 0 
Board [9d 8c 9c Kc Ac]
Seat 1: Mahu2021 (big blind) showed [6h 9s] and won (120) with three of a kind, Nines
Seat 2: Fun Dome I (button) (small blind) mucked [Js 5h]



PokerStars Hand #254150113372: Tournament #3841186834, $1.84+$0.16 USD Hold'em No Limit - Level III (20/40) - 2025/01/02 10:12:51 CET [2025/01/02 4:12:51 ET]
Table '3841186834 1' 3-max Seat #1 is the button
Seat 1: Mahu2021 (720 in chips) 
Seat 2: Fun Dome I (780 in chips) 
Mahu2021: posts small blind 20
Fun Dome I: posts big blind 40
*** HOLE CARDS ***
Dealt to Mahu2021 [3s Qh]
Mahu2021: folds 
Uncalled bet (20) returned to Fun Dome I
Fun Dome I collected 40 from pot
*** SUMMARY ***
Total pot 40 | Rake 0 
Seat 1: Mahu2021 (button) (small blind) folded before Flop
Seat 2: Fun Dome I (big blind) collected (40)



PokerStars Hand #254150113762: Tournament #3841186834, $1.84+$0.16 USD Hold'em No Limit - Level III (20/40) - 2025/01/02 10:12:56 CET [2025/01/02 4:12:56 ET]
Table '3841186834 1' 3-max Seat #2 is the button
Seat 1: Mahu2021 (700 in chips) 
Seat 2: Fun Dome I (800 in chips) 
Fun Dome I: posts small blind 20
Mahu2021: posts big blind 40
*** HOLE CARDS ***
Dealt to Mahu2021 [Kd Qc]
Fun Dome I: raises 40 to 80
Mahu2021: calls 40
*** FLOP *** [Qd 4d 3d]
Mahu2021: checks 
Fun Dome I: checks 
*** TURN *** [Qd 4d 3d] [Qh]
Mahu2021: checks 
Fun Dome I: bets 80
Mahu2021: raises 120 to 200
Fun Dome I: folds 
Uncalled bet (120) returned to Mahu2021
Mahu2021 collected 320 from pot
Mahu2021: doesn't show hand 
*** SUMMARY ***
Total pot 320 | Rake 0 
Board [Qd 4d 3d Qh]
Seat 1: Mahu2021 (big blind) collected (320)
Seat 2: Fun Dome I (button) (small blind) folded on the Turn



PokerStars Hand #254150115367: Tournament #3841186834, $1.84+$0.16 USD Hold'em No Limit - Level III (20/40) - 2025/01/02 10:13:14 CET [2025/01/02 4:13:14 ET]
Table '3841186834 1' 3-max Seat #1 is the button
Seat 1: Mahu2021 (860 in chips) 
Seat 2: Fun Dome I (640 in chips) 
Mahu2021: posts small blind 20
Fun Dome I: posts big blind 40
*** HOLE CARDS ***
Dealt to Mahu2021 [Td 5c]
Mahu2021: folds 
Uncalled bet (20) returned to Fun Dome I
Fun Dome I collected 40 from pot
*** SUMMARY ***
Total pot 40 | Rake 0 
Seat 1: Mahu2021 (button) (small blind) folded before Flop
Seat 2: Fun Dome I (big blind) collected (40)



PokerStars Hand #254150115811: Tournament #3841186834, $1.84+$0.16 USD Hold'em No Limit - Level III (20/40) - 2025/01/02 10:13:18 CET [2025/01/02 4:13:18 ET]
Table '3841186834 1' 3-max Seat #2 is the button
Seat 1: Mahu2021 (840 in chips) 
Seat 2: Fun Dome I (660 in chips) 
Fun Dome I: posts small blind 20
Mahu2021: posts big blind 40
*** HOLE CARDS ***
Dealt to Mahu2021 [9d 4s]
Fun Dome I: raises 40 to 80
Mahu2021: folds 
Uncalled bet (40) returned to Fun Dome I
Fun Dome I collected 80 from pot
*** SUMMARY ***
Total pot 80 | Rake 0 
Seat 1: Mahu2021 (big blind) folded before Flop
Seat 2: Fun Dome I (button) (small blind) collected (80)



PokerStars Hand #254150116311: Tournament #3841186834, $1.84+$0.16 USD Hold'em No Limit - Level III (20/40) - 2025/01/02 10:13:24 CET [2025/01/02 4:13:24 ET]
Table '3841186834 1' 3-max Seat #1 is the button
Seat 1: Mahu2021 (800 in chips) 
Seat 2: Fun Dome I (700 in chips) 
Mahu2021: posts small blind 20
Fun Dome I: posts big blind 40
*** HOLE CARDS ***
Dealt to Mahu2021 [3c 8h]
Mahu2021: folds 
Uncalled bet (20) returned to Fun Dome I
Fun Dome I collected 40 from pot
*** SUMMARY ***
Total pot 40 | Rake 0 
Seat 1: Mahu2021 (button) (small blind) folded before Flop
Seat 2: Fun Dome I (big blind) collected (40)



PokerStars Hand #254150116679: Tournament #3841186834, $1.84+$0.16 USD Hold'em No Limit - Level III (20/40) - 2025/01/02 10:13:29 CET [2025/01/02 4:13:29 ET]
Table '3841186834 1' 3-max Seat #2 is the button
Seat 1: Mahu2021 (780 in chips) 
Seat 2: Fun Dome I (720 in chips) 
Fun Dome I: posts small blind 20
Mahu2021: posts big blind 40
*** HOLE CARDS ***
Dealt to Mahu2021 [Kh 8s]
Fun Dome I: folds 
Uncalled bet (20) returned to Mahu2021
Mahu2021 collected 40 from pot
Mahu2021: doesn't show hand 
*** SUMMARY ***
Total pot 40 | Rake 0 
Seat 1: Mahu2021 (big blind) collected (40)
Seat 2: Fun Dome I (button) (small blind) folded before Flop



PokerStars Hand #254150117118: Tournament #3841186834, $1.84+$0.16 USD Hold'em No Limit - Level III (20/40) - 2025/01/02 10:13:33 CET [2025/01/02 4:13:33 ET]
Table '3841186834 1' 3-max Seat #1 is the button
Seat 1: Mahu2021 (800 in chips) 
Seat 2: Fun Dome I (700 in chips) 
Mahu2021: posts small blind 20
Fun Dome I: posts big blind 40
*** HOLE CARDS ***
Dealt to Mahu2021 [3c Th]
Mahu2021: folds 
Uncalled bet (20) returned to Fun Dome I
Fun Dome I collected 40 from pot
*** SUMMARY ***
Total pot 40 | Rake 0 
Seat 1: Mahu2021 (button) (small blind) folded before Flop
Seat 2: Fun Dome I (big blind) collected (40)



PokerStars Hand #254150117557: Tournament #3841186834, $1.84+$0.16 USD Hold'em No Limit - Level III (20/40) - 2025/01/02 10:13:38 CET [2025/01/02 4:13:38 ET]
Table '3841186834 1' 3-max Seat #2 is the button
Seat 1: Mahu2021 (780 in chips) 
Seat 2: Fun Dome I (720 in chips) 
Fun Dome I: posts small blind 20
Mahu2021: posts big blind 40
*** HOLE CARDS ***
Dealt to Mahu2021 [7h 4s]
Fun Dome I: raises 40 to 80
Mahu2021: folds 
Uncalled bet (40) returned to Fun Dome I
Fun Dome I collected 80 from pot
*** SUMMARY ***
Total pot 80 | Rake 0 
Seat 1: Mahu2021 (big blind) folded before Flop
Seat 2: Fun Dome I (button) (small blind) collected (80)



PokerStars Hand #254150118238: Tournament #3841186834, $1.84+$0.16 USD Hold'em No Limit - Level III (20/40) - 2025/01/02 10:13:46 CET [2025/01/02 4:13:46 ET]
Table '3841186834 1' 3-max Seat #1 is the button
Seat 1: Mahu2021 (740 in chips) 
Seat 2: Fun Dome I (760 in chips) 
Mahu2021: posts small blind 20
Fun Dome I: posts big blind 40
*** HOLE CARDS ***
Dealt to Mahu2021 [5s Jc]
Mahu2021: calls 20
Fun Dome I: checks 
*** FLOP *** [4s 6h 8s]
Fun Dome I: checks 
Mahu2021: checks 
*** TURN *** [4s 6h 8s] [Kc]
Fun Dome I: checks 
Mahu2021: bets 40
Fun Dome I: folds 
Uncalled bet (40) returned to Mahu2021
Mahu2021 collected 80 from pot
Mahu2021: doesn't show hand 
*** SUMMARY ***
Total pot 80 | Rake 0 
Board [4s 6h 8s Kc]
Seat 1: Mahu2021 (button) (small blind) collected (80)
Seat 2: Fun Dome I (big blind) folded on the Turn



PokerStars Hand #254150119512: Tournament #3841186834, $1.84+$0.16 USD Hold'em No Limit - Level III (20/40) - 2025/01/02 10:14:00 CET [2025/01/02 4:14:00 ET]
Table '3841186834 1' 3-max Seat #2 is the button
Seat 1: Mahu2021 (780 in chips) 
Seat 2: Fun Dome I (720 in chips) 
Fun Dome I: posts small blind 20
Mahu2021: posts big blind 40
*** HOLE CARDS ***
Dealt to Mahu2021 [Qc 3h]
Fun Dome I: calls 20
Mahu2021: checks 
*** FLOP *** [6d 5h 9c]
Mahu2021: checks 
Fun Dome I: bets 40
Mahu2021: folds 
Uncalled bet (40) returned to Fun Dome I
Fun Dome I collected 80 from pot
*** SUMMARY ***
Total pot 80 | Rake 0 
Board [6d 5h 9c]
Seat 1: Mahu2021 (big blind) folded on the Flop
Seat 2: Fun Dome I (button) (small blind) collected (80)



PokerStars Hand #254150120464: Tournament #3841186834, $1.84+$0.16 USD Hold'em No Limit - Level III (20/40) - 2025/01/02 10:14:11 CET [2025/01/02 4:14:11 ET]
Table '3841186834 1' 3-max Seat #1 is the button
Seat 1: Mahu2021 (740 in chips) 
Seat 2: Fun Dome I (760 in chips) 
Mahu2021: posts small blind 20
Fun Dome I: posts big blind 40
*** HOLE CARDS ***
Dealt to Mahu2021 [6c Ks]
Mahu2021: raises 40 to 80
Fun Dome I: folds 
Uncalled bet (40) returned to Mahu2021
Mahu2021 collected 80 from pot
Mahu2021: doesn't show hand 
*** SUMMARY ***
Total pot 80 | Rake 0 
Seat 1: Mahu2021 (button) (small blind) collected (80)
Seat 2: Fun Dome I (big blind) folded before Flop



PokerStars Hand #254150121053: Tournament #3841186834, $1.84+$0.16 USD Hold'em No Limit - Level III (20/40) - 2025/01/02 10:14:17 CET [2025/01/02 4:14:17 ET]
Table '3841186834 1' 3-max Seat #2 is the button
Seat 1: Mahu2021 (780 in chips) 
Seat 2: Fun Dome I (720 in chips) 
Fun Dome I: posts small blind 20
Mahu2021: posts big blind 40
*** HOLE CARDS ***
Dealt to Mahu2021 [Qs Jd]
Fun Dome I: raises 40 to 80
Mahu2021: calls 40
*** FLOP *** [4s 9h 6s]
Mahu2021: checks 
Fun Dome I: bets 80
Mahu2021: folds 
Uncalled bet (80) returned to Fun Dome I
Fun Dome I collected 160 from pot
*** SUMMARY ***
Total pot 160 | Rake 0 
Board [4s 9h 6s]
Seat 1: Mahu2021 (big blind) folded on the Flop
Seat 2: Fun Dome I (button) (small blind) collected (160)



PokerStars Hand #254150122003: Tournament #3841186834, $1.84+$0.16 USD Hold'em No Limit - Level III (20/40) - 2025/01/02 10:14:27 CET [2025/01/02 4:14:27 ET]
Table '3841186834 1' 3-max Seat #1 is the button
Seat 1: Mahu2021 (700 in chips) 
Seat 2: Fun Dome I (800 in chips) 
Mahu2021: posts small blind 20
Fun Dome I: posts big blind 40
*** HOLE CARDS ***
Dealt to Mahu2021 [Td 3h]
Mahu2021: folds 
Uncalled bet (20) returned to Fun Dome I
Fun Dome I collected 40 from pot
*** SUMMARY ***
Total pot 40 | Rake 0 
Seat 1: Mahu2021 (button) (small blind) folded before Flop
Seat 2: Fun Dome I (big blind) collected (40)



PokerStars Hand #254150122404: Tournament #3841186834, $1.84+$0.16 USD Hold'em No Limit - Level III (20/40) - 2025/01/02 10:14:32 CET [2025/01/02 4:14:32 ET]
Table '3841186834 1' 3-max Seat #2 is the button
Seat 1: Mahu2021 (680 in chips) 
Seat 2: Fun Dome I (820 in chips) 
Fun Dome I: posts small blind 20
Mahu2021: posts big blind 40
*** HOLE CARDS ***
Dealt to Mahu2021 [Qh Jd]
Fun Dome I: raises 40 to 80
Mahu2021: calls 40
*** FLOP *** [2d Qs Ah]
Mahu2021: checks 
Fun Dome I: checks 
*** TURN *** [2d Qs Ah] [Ts]
Mahu2021: checks 
Fun Dome I: bets 80
Mahu2021: calls 80
*** RIVER *** [2d Qs Ah Ts] [6d]
Mahu2021: checks 
Fun Dome I: bets 320
Mahu2021: calls 320
*** SHOW DOWN ***
Fun Dome I: shows [9c Kd] (high card Ace)
Mahu2021: shows [Qh Jd] (a pair of Queens)
Mahu2021 collected 960 from pot
*** SUMMARY ***
Total pot 960 | Rake 0 
Board [2d Qs Ah Ts 6d]
Seat 1: Mahu2021 (big blind) showed [Qh Jd] and won (960) with a pair of Queens
Seat 2: Fun Dome I (button) (small blind) showed [9c Kd] and lost with high card Ace



PokerStars Hand #254150124362: Tournament #3841186834, $1.84+$0.16 USD Hold'em No Limit - Level IV (30/60) - 2025/01/02 10:14:53 CET [2025/01/02 4:14:53 ET]
Table '3841186834 1' 3-max Seat #1 is the button
Seat 1: Mahu2021 (1160 in chips) 
Seat 2: Fun Dome I (340 in chips) 
Mahu2021: posts small blind 30
Fun Dome I: posts big blind 60
*** HOLE CARDS ***
Dealt to Mahu2021 [Kd Jc]
Mahu2021: raises 1100 to 1160 and is all-in
Fun Dome I: calls 280 and is all-in
Uncalled bet (820) returned to Mahu2021
*** FLOP *** [7c 3c Ad]
*** TURN *** [7c 3c Ad] [Jh]
*** RIVER *** [7c 3c Ad Jh] [Qh]
*** SHOW DOWN ***
Fun Dome I: shows [As Js] (two pair, Aces and Jacks)
Mahu2021: shows [Kd Jc] (a pair of Jacks)
Fun Dome I collected 680 from pot
*** SUMMARY ***
Total pot 680 | Rake 0 
Board [7c 3c Ad Jh Qh]
Seat 1: Mahu2021 (button) (small blind) showed [Kd Jc] and lost with a pair of Jacks
Seat 2: Fun Dome I (big blind) showed [As Js] and won (680) with two pair, Aces and Jacks



PokerStars Hand #254150125455: Tournament #3841186834, $1.84+$0.16 USD Hold'em No Limit - Level IV (30/60) - 2025/01/02 10:15:06 CET [2025/01/02 4:15:06 ET]
Table '3841186834 1' 3-max Seat #2 is the button
Seat 1: Mahu2021 (820 in chips) 
Seat 2: Fun Dome I (680 in chips) 
Fun Dome I: posts small blind 30
Mahu2021: posts big blind 60
*** HOLE CARDS ***
Dealt to Mahu2021 [2s 5h]
Fun Dome I: calls 30
Mahu2021: checks 
*** FLOP *** [6h Ac 5c]
Mahu2021: checks 
Fun Dome I: bets 120
Mahu2021: folds 
Uncalled bet (120) returned to Fun Dome I
Fun Dome I collected 120 from pot
*** SUMMARY ***
Total pot 120 | Rake 0 
Board [6h Ac 5c]
Seat 1: Mahu2021 (big blind) folded on the Flop
Seat 2: Fun Dome I (button) (small blind) collected (120)



PokerStars Hand #254150126634: Tournament #3841186834, $1.84+$0.16 USD Hold'em No Limit - Level IV (30/60) - 2025/01/02 10:15:19 CET [2025/01/02 4:15:19 ET]
Table '3841186834 1' 3-max Seat #1 is the button
Seat 1: Mahu2021 (760 in chips) 
Seat 2: Fun Dome I (740 in chips) 
Mahu2021: posts small blind 30
Fun Dome I: posts big blind 60
*** HOLE CARDS ***
Dealt to Mahu2021 [Jh 8c]
Mahu2021: raises 60 to 120
Fun Dome I: raises 620 to 740 and is all-in
Mahu2021: folds 
Uncalled bet (620) returned to Fun Dome I
Fun Dome I collected 240 from pot
*** SUMMARY ***
Total pot 240 | Rake 0 
Seat 1: Mahu2021 (button) (small blind) folded before Flop
Seat 2: Fun Dome I (big blind) collected (240)



PokerStars Hand #254150127325: Tournament #3841186834, $1.84+$0.16 USD Hold'em No Limit - Level IV (30/60) - 2025/01/02 10:15:26 CET [2025/01/02 4:15:26 ET]
Table '3841186834 1' 3-max Seat #2 is the button
Seat 1: Mahu2021 (640 in chips) 
Seat 2: Fun Dome I (860 in chips) 
Fun Dome I: posts small blind 30
Mahu2021: posts big blind 60
*** HOLE CARDS ***
Dealt to Mahu2021 [7h Kd]
Fun Dome I: raises 60 to 120
Mahu2021: raises 520 to 640 and is all-in
Fun Dome I: calls 520
*** FLOP *** [Th 2c 8h]
*** TURN *** [Th 2c 8h] [3s]
*** RIVER *** [Th 2c 8h 3s] [Qc]
*** SHOW DOWN ***
Mahu2021: shows [7h Kd] (high card King)
Fun Dome I: shows [Ad 9c] (high card Ace)
Fun Dome I collected 1280 from pot
Mahu2021 finished the tournament in 2nd place
Fun Dome I wins the tournament and receives $4.00 - congratulations!
*** SUMMARY ***
Total pot 1280 | Rake 0 
Board [Th 2c 8h 3s Qc]
Seat 1: Mahu2021 (big blind) showed [7h Kd] and lost with high card King
Seat 2: Fun Dome I (button) (small blind) showed [Ad 9c] and won (1280) with high card Ace



