PokerStars Zoom Hand #254717178852:  Hold'em No Limit ($0.05/$0.10) - 2025/02/05 12:35:28 CET [2025/02/05 6:35:28 ET]
Table 'Aludra' 6-max Seat #1 is the button
Seat 1: FredonPok ($18.53 in chips) 
Seat 2: Bur1k ($5 in chips) 
Seat 3: Mahu2021 ($10 in chips) 
Seat 4: Bowlestown ($10.97 in chips) 
Seat 5: MaeBolada ($10.05 in chips) 
Seat 6: mrbombpot ($4.68 in chips) 
Bur1k: posts small blind $0.05
Mahu2021: posts big blind $0.10
*** HOLE CARDS ***
Dealt to Mahu2021 [6d 3c]
Bowlestown: folds 
MaeBolada: folds 
mrbombpot: folds 
FredonPok: folds 
Bur1k: raises $0.15 to $0.25
Mahu2021: folds 
Uncalled bet ($0.15) returned to Bur1k
Bur1k collected $0.20 from pot
Bur1k: doesn't show hand 
*** SUMMARY ***
Total pot $0.20 | Rake $0 
Seat 1: FredonPok (button) folded before Flop (didn't bet)
Seat 2: Bur1k (small blind) collected ($0.20)
Seat 3: Mahu2021 (big blind) folded before Flop
Seat 4: Bowlestown folded before Flop (didn't bet)
Seat 5: MaeBolada folded before Flop (didn't bet)
Seat 6: mrbombpot folded before Flop (didn't bet)



PokerStars Zoom Hand #254717180759:  Hold'em No Limit ($0.05/$0.10) - 2025/02/05 12:35:42 CET [2025/02/05 6:35:42 ET]
Table 'Aludra' 6-max Seat #1 is the button
Seat 1: kellan10 ($2.54 in chips) 
Seat 2: Mahu2021 ($9.90 in chips) 
Seat 3: Poklrll02 ($34.54 in chips) 
Seat 4: Cyborg_0113 ($12.28 in chips) 
Seat 5: langosport ($4.17 in chips) 
Seat 6: Gobi000 ($12.69 in chips) 
Mahu2021: posts small blind $0.05
Poklrll02: posts big blind $0.10
*** HOLE CARDS ***
Dealt to Mahu2021 [Ts 8h]
Cyborg_0113: folds 
langosport: raises $0.20 to $0.30
Gobi000: folds 
kellan10: folds 
Mahu2021: folds 
Poklrll02: folds 
Uncalled bet ($0.20) returned to langosport
langosport collected $0.25 from pot
langosport: doesn't show hand 
*** SUMMARY ***
Total pot $0.25 | Rake $0 
Seat 1: kellan10 (button) folded before Flop (didn't bet)
Seat 2: Mahu2021 (small blind) folded before Flop
Seat 3: Poklrll02 (big blind) folded before Flop
Seat 4: Cyborg_0113 folded before Flop (didn't bet)
Seat 5: langosport collected ($0.25)
Seat 6: Gobi000 folded before Flop (didn't bet)



PokerStars Zoom Hand #254717181747:  Hold'em No Limit ($0.05/$0.10) - 2025/02/05 12:35:50 CET [2025/02/05 6:35:50 ET]
Table 'Aludra' 6-max Seat #1 is the button
Seat 1: kgeri10 ($7.99 in chips) 
Seat 2: yperano ($21.74 in chips) 
Seat 3: Bur1k ($5.37 in chips) 
Seat 4: matiasmunyo ($10.14 in chips) 
Seat 5: Mahu2021 ($9.85 in chips) 
Seat 6: dhdh0506 ($10.27 in chips) 
yperano: posts small blind $0.05
Bur1k: posts big blind $0.10
*** HOLE CARDS ***
Dealt to Mahu2021 [3d Kh]
matiasmunyo: folds 
Mahu2021: folds 
dhdh0506: folds 
kgeri10: raises $0.20 to $0.30
yperano: folds 
Bur1k: folds 
Uncalled bet ($0.20) returned to kgeri10
kgeri10 collected $0.25 from pot
kgeri10: doesn't show hand 
*** SUMMARY ***
Total pot $0.25 | Rake $0 
Seat 1: kgeri10 (button) collected ($0.25)
Seat 2: yperano (small blind) folded before Flop
Seat 3: Bur1k (big blind) folded before Flop
Seat 4: matiasmunyo folded before Flop (didn't bet)
Seat 5: Mahu2021 folded before Flop (didn't bet)
Seat 6: dhdh0506 folded before Flop (didn't bet)



PokerStars Zoom Hand #254717182015:  Hold'em No Limit ($0.05/$0.10) - 2025/02/05 12:35:52 CET [2025/02/05 6:35:52 ET]
Table 'Aludra' 6-max Seat #1 is the button
Seat 1: Mahu2021 ($9.85 in chips) 
Seat 2: rajman911 ($10.15 in chips) 
Seat 3: Gobi000 ($12.29 in chips) 
Seat 4: Safepoker ($12.22 in chips) 
Seat 5: arumlill ($11.83 in chips) 
Seat 6: Bowlestown ($10.92 in chips) 
rajman911: posts small blind $0.05
Gobi000: posts big blind $0.10
*** HOLE CARDS ***
Dealt to Mahu2021 [4c 5s]
Safepoker: folds 
arumlill: folds 
Bowlestown: folds 
Mahu2021: folds 
rajman911: calls $0.05
Gobi000: checks 
*** FLOP *** [Jd Ks 7h]
rajman911: bets $0.10
Gobi000: folds 
Uncalled bet ($0.10) returned to rajman911
rajman911 collected $0.19 from pot
rajman911: doesn't show hand 
*** SUMMARY ***
Total pot $0.20 | Rake $0.01 
Board [Jd Ks 7h]
Seat 1: Mahu2021 (button) folded before Flop (didn't bet)
Seat 2: rajman911 (small blind) collected ($0.19)
Seat 3: Gobi000 (big blind) folded on the Flop
Seat 4: Safepoker folded before Flop (didn't bet)
Seat 5: arumlill folded before Flop (didn't bet)
Seat 6: Bowlestown folded before Flop (didn't bet)



PokerStars Zoom Hand #254717182680:  Hold'em No Limit ($0.05/$0.10) - 2025/02/05 12:35:57 CET [2025/02/05 6:35:57 ET]
Table 'Aludra' 6-max Seat #1 is the button
Seat 1: langosport ($4.32 in chips) 
Seat 2: kgeri10 ($11.25 in chips) 
Seat 3: iceballantyne ($10 in chips) 
Seat 4: oocs ($10.15 in chips) 
Seat 5: Safepoker ($12.22 in chips) 
Seat 6: Mahu2021 ($9.85 in chips) 
kgeri10: posts small blind $0.05
iceballantyne: posts big blind $0.10
*** HOLE CARDS ***
Dealt to Mahu2021 [Qc 3c]
oocs: folds 
Safepoker: folds 
Mahu2021: raises $0.10 to $0.20
langosport: folds 
kgeri10: folds 
iceballantyne: calls $0.10
*** FLOP *** [8h Ah 8d]
iceballantyne: checks 
Mahu2021: bets $0.43
iceballantyne: folds 
Uncalled bet ($0.43) returned to Mahu2021
Mahu2021 collected $0.43 from pot
Mahu2021: doesn't show hand 
*** SUMMARY ***
Total pot $0.45 | Rake $0.02 
Board [8h Ah 8d]
Seat 1: langosport (button) folded before Flop (didn't bet)
Seat 2: kgeri10 (small blind) folded before Flop
Seat 3: iceballantyne (big blind) folded on the Flop
Seat 4: oocs folded before Flop (didn't bet)
Seat 5: Safepoker folded before Flop (didn't bet)
Seat 6: Mahu2021 collected ($0.43)



PokerStars Zoom Hand #254717186435:  Hold'em No Limit ($0.05/$0.10) - 2025/02/05 12:36:26 CET [2025/02/05 6:36:26 ET]
Table 'Aludra' 6-max Seat #1 is the button
Seat 1: km1883 ($11.95 in chips) 
Seat 2: 0aklay ($10.20 in chips) 
Seat 3: langosport ($13.94 in chips) 
Seat 4: Mahu2021 ($10.08 in chips) 
Seat 5: miu_0716 ($12.20 in chips) 
Seat 6: Poklrll02 ($10.72 in chips) 
0aklay: posts small blind $0.05
langosport: posts big blind $0.10
*** HOLE CARDS ***
Dealt to Mahu2021 [5d 6s]
Mahu2021: folds 
miu_0716: folds 
Poklrll02: folds 
km1883: raises $0.10 to $0.20
0aklay: folds 
langosport: folds 
Uncalled bet ($0.10) returned to km1883
km1883 collected $0.25 from pot
km1883: doesn't show hand 
*** SUMMARY ***
Total pot $0.25 | Rake $0 
Seat 1: km1883 (button) collected ($0.25)
Seat 2: 0aklay (small blind) folded before Flop
Seat 3: langosport (big blind) folded before Flop
Seat 4: Mahu2021 folded before Flop (didn't bet)
Seat 5: miu_0716 folded before Flop (didn't bet)
Seat 6: Poklrll02 folded before Flop (didn't bet)



PokerStars Zoom Hand #254717186984:  Hold'em No Limit ($0.05/$0.10) - 2025/02/05 12:36:30 CET [2025/02/05 6:36:30 ET]
Table 'Aludra' 6-max Seat #1 is the button
Seat 1: Gobi000 ($12.14 in chips) 
Seat 2: 0aklay ($10.15 in chips) 
Seat 3: Mahu2021 ($10.08 in chips) 
Seat 4: thorindorf ($6.87 in chips) 
Seat 5: SkyBoy23 ($13.55 in chips) 
Seat 6: UNKNOWN_x_13 ($3.52 in chips) 
0aklay: posts small blind $0.05
Mahu2021: posts big blind $0.10
*** HOLE CARDS ***
Dealt to Mahu2021 [3s 8d]
thorindorf: folds 
SkyBoy23: raises $0.15 to $0.25
UNKNOWN_x_13: folds 
Gobi000: folds 
0aklay: folds 
Mahu2021: folds 
Uncalled bet ($0.15) returned to SkyBoy23
SkyBoy23 collected $0.25 from pot
SkyBoy23: doesn't show hand 
*** SUMMARY ***
Total pot $0.25 | Rake $0 
Seat 1: Gobi000 (button) folded before Flop (didn't bet)
Seat 2: 0aklay (small blind) folded before Flop
Seat 3: Mahu2021 (big blind) folded before Flop
Seat 4: thorindorf folded before Flop (didn't bet)
Seat 5: SkyBoy23 collected ($0.25)
Seat 6: UNKNOWN_x_13 folded before Flop (didn't bet)



PokerStars Zoom Hand #254717188115:  Hold'em No Limit ($0.05/$0.10) - 2025/02/05 12:36:39 CET [2025/02/05 6:36:39 ET]
Table 'Aludra' 6-max Seat #1 is the button
Seat 1: Uksifej ($14.58 in chips) 
Seat 2: Mahu2021 ($9.98 in chips) 
Seat 3: Safepoker ($12.06 in chips) 
Seat 4: UNKNOWN_x_13 ($3.52 in chips) 
Seat 5: cdbennett.uk ($11.55 in chips) 
Seat 6: Bur1k ($5.42 in chips) 
Mahu2021: posts small blind $0.05
Safepoker: posts big blind $0.10
*** HOLE CARDS ***
Dealt to Mahu2021 [Qs 7s]
UNKNOWN_x_13: folds 
cdbennett.uk: folds 
Bur1k: folds 
Uksifej: folds 
Mahu2021: calls $0.05
Safepoker: raises $0.40 to $0.50
Mahu2021: folds 
Uncalled bet ($0.40) returned to Safepoker
Safepoker collected $0.20 from pot
Safepoker: doesn't show hand 
*** SUMMARY ***
Total pot $0.20 | Rake $0 
Seat 1: Uksifej (button) folded before Flop (didn't bet)
Seat 2: Mahu2021 (small blind) folded before Flop
Seat 3: Safepoker (big blind) collected ($0.20)
Seat 4: UNKNOWN_x_13 folded before Flop (didn't bet)
Seat 5: cdbennett.uk folded before Flop (didn't bet)
Seat 6: Bur1k folded before Flop (didn't bet)



PokerStars Zoom Hand #254717190853:  Hold'em No Limit ($0.05/$0.10) - 2025/02/05 12:37:00 CET [2025/02/05 6:37:00 ET]
Table 'Aludra' 6-max Seat #1 is the button
Seat 1: mrbombpot ($5.74 in chips) 
Seat 2: Uksifej ($14.58 in chips) 
Seat 3: yperano ($22.95 in chips) 
Seat 4: munchh4usen ($16.64 in chips) 
Seat 5: Mahu2021 ($9.88 in chips) 
Seat 6: swalley9999 ($10 in chips) 
Uksifej: posts small blind $0.05
yperano: posts big blind $0.10
*** HOLE CARDS ***
Dealt to Mahu2021 [Jc Js]
munchh4usen: folds 
Mahu2021: raises $0.14 to $0.24
swalley9999: folds 
mrbombpot: folds 
Uksifej: folds 
yperano: folds 
Uncalled bet ($0.14) returned to Mahu2021
Mahu2021 collected $0.25 from pot
Mahu2021: doesn't show hand 
*** SUMMARY ***
Total pot $0.25 | Rake $0 
Seat 1: mrbombpot (button) folded before Flop (didn't bet)
Seat 2: Uksifej (small blind) folded before Flop
Seat 3: yperano (big blind) folded before Flop
Seat 4: munchh4usen folded before Flop (didn't bet)
Seat 5: Mahu2021 collected ($0.25)
Seat 6: swalley9999 folded before Flop (didn't bet)



PokerStars Zoom Hand #254717192397:  Hold'em No Limit ($0.05/$0.10) - 2025/02/05 12:37:12 CET [2025/02/05 6:37:12 ET]
Table 'Aludra' 6-max Seat #1 is the button
Seat 1: Mahu2021 ($10.03 in chips) 
Seat 2: kellan10 ($2.09 in chips) 
Seat 3: 0aklay ($10.05 in chips) 
Seat 4: mrbombpot ($4.93 in chips) 
Seat 5: Safepoker ($11.17 in chips) 
Seat 6: grunge&punk ($10.25 in chips) 
kellan10: posts small blind $0.05
0aklay: posts big blind $0.10
*** HOLE CARDS ***
Dealt to Mahu2021 [Qh Th]
mrbombpot: raises $0.12 to $0.22
Safepoker: folds 
grunge&punk: folds 
Mahu2021: calls $0.22
kellan10: folds 
0aklay: folds 
*** FLOP *** [6h 8h 8c]
mrbombpot: checks 
Mahu2021: checks 
*** TURN *** [6h 8h 8c] [Td]
mrbombpot: checks 
Mahu2021: bets $0.56
mrbombpot: raises $1.14 to $1.70
Mahu2021: calls $1.14
*** RIVER *** [6h 8h 8c Td] [Ks]
mrbombpot: bets $3.01 and is all-in
Mahu2021: folds 
Uncalled bet ($3.01) returned to mrbombpot
mrbombpot collected $3.81 from pot
mrbombpot: doesn't show hand 
*** SUMMARY ***
Total pot $3.99 | Rake $0.18 
Board [6h 8h 8c Td Ks]
Seat 1: Mahu2021 (button) folded on the River
Seat 2: kellan10 (small blind) folded before Flop
Seat 3: 0aklay (big blind) folded before Flop
Seat 4: mrbombpot collected ($3.81)
Seat 5: Safepoker folded before Flop (didn't bet)
Seat 6: grunge&punk folded before Flop (didn't bet)



PokerStars Zoom Hand #254717200556:  Hold'em No Limit ($0.05/$0.10) - 2025/02/05 12:38:15 CET [2025/02/05 6:38:15 ET]
Table 'Aludra' 6-max Seat #1 is the button
Seat 1: CryptoCronos ($9.20 in chips) 
Seat 2: BlackBear2485 ($4.99 in chips) 
Seat 3: todd17800 ($13.71 in chips) 
Seat 4: oocs ($63.48 in chips) 
Seat 5: Mahu2021 ($8.11 in chips) 
Seat 6: km1883 ($12.20 in chips) 
BlackBear2485: posts small blind $0.05
todd17800: posts big blind $0.10
*** HOLE CARDS ***
Dealt to Mahu2021 [7s 7c]
oocs: folds 
Mahu2021: raises $0.14 to $0.24
km1883: raises $0.56 to $0.80
CryptoCronos: folds 
BlackBear2485: folds 
todd17800: folds 
Mahu2021: calls $0.56
*** FLOP *** [5c 6h 3s]
Mahu2021: bets $7.31 and is all-in
km1883: calls $7.31
*** TURN *** [5c 6h 3s] [Ac]
*** RIVER *** [5c 6h 3s Ac] [3c]
*** SHOW DOWN ***
Mahu2021: shows [7s 7c] (two pair, Sevens and Threes)
km1883: shows [Kh Kd] (two pair, Kings and Threes)
km1883 collected $15.63 from pot
*** SUMMARY ***
Total pot $16.37 | Rake $0.74 
Board [5c 6h 3s Ac 3c]
Seat 1: CryptoCronos (button) folded before Flop (didn't bet)
Seat 2: BlackBear2485 (small blind) folded before Flop
Seat 3: todd17800 (big blind) folded before Flop
Seat 4: oocs folded before Flop (didn't bet)
Seat 5: Mahu2021 showed [7s 7c] and lost with two pair, Sevens and Threes
Seat 6: km1883 showed [Kh Kd] and won ($15.63) with two pair, Kings and Threes



PokerStars Zoom Hand #254717199955:  Hold'em No Limit ($0.05/$0.10) - 2025/02/05 12:38:11 CET [2025/02/05 6:38:11 ET]
Table 'Aludra' 6-max Seat #1 is the button
Seat 1: Safepoker ($11.80 in chips) 
Seat 2: Gobi000 ($19.45 in chips) 
Seat 3: SkyBoy23 ($58.14 in chips) 
Seat 4: km1883 ($12.20 in chips) 
Seat 5: d11dozer ($11.23 in chips) 
Seat 6: Mahu2021 ($8.11 in chips) 
Gobi000: posts small blind $0.05
SkyBoy23: posts big blind $0.10
*** HOLE CARDS ***
Dealt to Mahu2021 [3s 7h]
km1883: folds 
d11dozer: calls $0.10
Mahu2021: folds 
Safepoker: raises $0.30 to $0.40
Gobi000: folds 
SkyBoy23: folds 
d11dozer: calls $0.30
*** FLOP *** [Js 2c 8s]
d11dozer: checks 
Safepoker: checks 
*** TURN *** [Js 2c 8s] [2d]
d11dozer: checks 
Safepoker: checks 
*** RIVER *** [Js 2c 8s 2d] [4h]
d11dozer: checks 
Safepoker: bets $0.54
d11dozer: folds 
Uncalled bet ($0.54) returned to Safepoker
Safepoker collected $0.91 from pot
Safepoker: doesn't show hand 
*** SUMMARY ***
Total pot $0.95 | Rake $0.04 
Board [Js 2c 8s 2d 4h]
Seat 1: Safepoker (button) collected ($0.91)
Seat 2: Gobi000 (small blind) folded before Flop
Seat 3: SkyBoy23 (big blind) folded before Flop
Seat 4: km1883 folded before Flop (didn't bet)
Seat 5: d11dozer folded on the River
Seat 6: Mahu2021 folded before Flop (didn't bet)



PokerStars Zoom Hand #254717205417:  Hold'em No Limit ($0.05/$0.10) - 2025/02/05 12:38:52 CET [2025/02/05 6:38:52 ET]
Table 'Aludra' 6-max Seat #1 is the button
Seat 1: MaeBolada ($10.45 in chips) 
Seat 2: Gobi000 ($17.83 in chips) 
Seat 3: grunge&punk ($11.35 in chips) 
Seat 4: Mahu2021 ($10 in chips) 
Seat 5: 50´s Ghost ($13.14 in chips) 
Seat 6: Safepoker ($12.31 in chips) 
Gobi000: posts small blind $0.05
grunge&punk: posts big blind $0.10
*** HOLE CARDS ***
Dealt to Mahu2021 [Jc 8h]
Mahu2021: folds 
50´s Ghost: folds 
Safepoker: folds 
MaeBolada: folds 
Gobi000: folds 
Uncalled bet ($0.05) returned to grunge&punk
grunge&punk collected $0.10 from pot
grunge&punk: doesn't show hand 
*** SUMMARY ***
Total pot $0.10 | Rake $0 
Seat 1: MaeBolada (button) folded before Flop (didn't bet)
Seat 2: Gobi000 (small blind) folded before Flop
Seat 3: grunge&punk (big blind) collected ($0.10)
Seat 4: Mahu2021 folded before Flop (didn't bet)
Seat 5: 50´s Ghost folded before Flop (didn't bet)
Seat 6: Safepoker folded before Flop (didn't bet)



PokerStars Zoom Hand #254717205959:  Hold'em No Limit ($0.05/$0.10) - 2025/02/05 12:38:56 CET [2025/02/05 6:38:56 ET]
Table 'Aludra' 6-max Seat #1 is the button
Seat 1: km1883 ($19.67 in chips) 
Seat 2: SkyBoy23 ($58.19 in chips) 
Seat 3: Filip 712156 ($10.43 in chips) 
Seat 4: Mahu2021 ($10 in chips) 
Seat 5: pandaman9010 ($16.38 in chips) 
Seat 6: MaeBolada ($10.45 in chips) 
SkyBoy23: posts small blind $0.05
Filip 712156: posts big blind $0.10
*** HOLE CARDS ***
Dealt to Mahu2021 [Tc 3s]
Mahu2021: folds 
pandaman9010: raises $0.20 to $0.30
MaeBolada: folds 
km1883: folds 
SkyBoy23: folds 
Filip 712156: folds 
Uncalled bet ($0.20) returned to pandaman9010
pandaman9010 collected $0.25 from pot
pandaman9010: doesn't show hand 
*** SUMMARY ***
Total pot $0.25 | Rake $0 
Seat 1: km1883 (button) folded before Flop (didn't bet)
Seat 2: SkyBoy23 (small blind) folded before Flop
Seat 3: Filip 712156 (big blind) folded before Flop
Seat 4: Mahu2021 folded before Flop (didn't bet)
Seat 5: pandaman9010 collected ($0.25)
Seat 6: MaeBolada folded before Flop (didn't bet)



PokerStars Zoom Hand #254717206617:  Hold'em No Limit ($0.05/$0.10) - 2025/02/05 12:39:01 CET [2025/02/05 6:39:01 ET]
Table 'Aludra' 6-max Seat #1 is the button
Seat 1: 0aklay ($13.88 in chips) 
Seat 2: matiasmunyo ($11.01 in chips) 
Seat 3: Mahu2021 ($10 in chips) 
Seat 4: todd17800 ($48.20 in chips) 
Seat 5: MaeBolada ($10 in chips) 
Seat 6: Bowlestown ($11.94 in chips) 
matiasmunyo: posts small blind $0.05
Mahu2021: posts big blind $0.10
*** HOLE CARDS ***
Dealt to Mahu2021 [Td 4c]
todd17800: folds 
MaeBolada: folds 
Bowlestown: folds 
0aklay: raises $0.15 to $0.25
matiasmunyo: folds 
Mahu2021: folds 
Uncalled bet ($0.15) returned to 0aklay
0aklay collected $0.25 from pot
0aklay: doesn't show hand 
*** SUMMARY ***
Total pot $0.25 | Rake $0 
Seat 1: 0aklay (button) collected ($0.25)
Seat 2: matiasmunyo (small blind) folded before Flop
Seat 3: Mahu2021 (big blind) folded before Flop
Seat 4: todd17800 folded before Flop (didn't bet)
Seat 5: MaeBolada folded before Flop (didn't bet)
Seat 6: Bowlestown folded before Flop (didn't bet)



PokerStars Zoom Hand #254717208196:  Hold'em No Limit ($0.05/$0.10) - 2025/02/05 12:39:14 CET [2025/02/05 6:39:14 ET]
Table 'Aludra' 6-max Seat #1 is the button
Seat 1: Georg006830 ($8.29 in chips) 
Seat 2: Mahu2021 ($9.90 in chips) 
Seat 3: pandaman9010 ($16.53 in chips) 
Seat 4: Filip 712156 ($10.28 in chips) 
Seat 5: miu_0716 ($10 in chips) 
Seat 6: taka736 ($12.42 in chips) 
Mahu2021: posts small blind $0.05
pandaman9010: posts big blind $0.10
*** HOLE CARDS ***
Dealt to Mahu2021 [Kd 6h]
Filip 712156: folds 
miu_0716: folds 
taka736: folds 
Georg006830: raises $0.10 to $0.20
Mahu2021: folds 
pandaman9010: folds 
Uncalled bet ($0.10) returned to Georg006830
Georg006830 collected $0.25 from pot
Georg006830: doesn't show hand 
*** SUMMARY ***
Total pot $0.25 | Rake $0 
Seat 1: Georg006830 (button) collected ($0.25)
Seat 2: Mahu2021 (small blind) folded before Flop
Seat 3: pandaman9010 (big blind) folded before Flop
Seat 4: Filip 712156 folded before Flop (didn't bet)
Seat 5: miu_0716 folded before Flop (didn't bet)
Seat 6: taka736 folded before Flop (didn't bet)



PokerStars Zoom Hand #254717208989:  Hold'em No Limit ($0.05/$0.10) - 2025/02/05 12:39:19 CET [2025/02/05 6:39:19 ET]
Table 'Aludra' 6-max Seat #1 is the button
Seat 1: Mahu2021 ($9.85 in chips) 
Seat 2: oocs ($13.41 in chips) 
Seat 3: todd17800 ($41.58 in chips) 
Seat 4: 50´s Ghost ($18.33 in chips) 
Seat 5: taka736 ($12.42 in chips) 
Seat 6: Gobi000 ($11.69 in chips) 
oocs: posts small blind $0.05
todd17800: posts big blind $0.10
*** HOLE CARDS ***
Dealt to Mahu2021 [3h Ah]
50´s Ghost: folds 
taka736: folds 
Gobi000: raises $0.13 to $0.23
Mahu2021: calls $0.23
oocs: calls $0.18
todd17800: raises $1.57 to $1.80
Gobi000: folds 
Mahu2021: folds 
oocs: folds 
Uncalled bet ($1.57) returned to todd17800
todd17800 collected $0.92 from pot
todd17800: doesn't show hand 
*** SUMMARY ***
Total pot $0.92 | Rake $0 
Seat 1: Mahu2021 (button) folded before Flop
Seat 2: oocs (small blind) folded before Flop
Seat 3: todd17800 (big blind) collected ($0.92)
Seat 4: 50´s Ghost folded before Flop (didn't bet)
Seat 5: taka736 folded before Flop (didn't bet)
Seat 6: Gobi000 folded before Flop



PokerStars Zoom Hand #254717215533:  Hold'em No Limit ($0.05/$0.10) - 2025/02/05 12:40:10 CET [2025/02/05 6:40:10 ET]
Table 'Aludra' 6-max Seat #1 is the button
Seat 1: grunge&punk ($11.40 in chips) 
Seat 2: Seum90 ($19.82 in chips) 
Seat 3: Mahu2021 ($9.62 in chips) 
Seat 4: matiasmunyo ($10.10 in chips) 
Seat 5: Gobi000 ($19.30 in chips) 
Seat 6: MaeBolada ($10.35 in chips) 
Seum90: posts small blind $0.05
Mahu2021: posts big blind $0.10
*** HOLE CARDS ***
Dealt to Mahu2021 [9d 4d]
matiasmunyo: folds 
Gobi000: folds 
MaeBolada: folds 
grunge&punk: raises $0.15 to $0.25
Seum90: folds 
Mahu2021: folds 
Uncalled bet ($0.15) returned to grunge&punk
grunge&punk collected $0.25 from pot
grunge&punk: doesn't show hand 
*** SUMMARY ***
Total pot $0.25 | Rake $0 
Seat 1: grunge&punk (button) collected ($0.25)
Seat 2: Seum90 (small blind) folded before Flop
Seat 3: Mahu2021 (big blind) folded before Flop
Seat 4: matiasmunyo folded before Flop (didn't bet)
Seat 5: Gobi000 folded before Flop (didn't bet)
Seat 6: MaeBolada folded before Flop (didn't bet)



PokerStars Zoom Hand #254717217466:  Hold'em No Limit ($0.05/$0.10) - 2025/02/05 12:40:25 CET [2025/02/05 6:40:25 ET]
Table 'Aludra' 6-max Seat #1 is the button
Seat 1: oocs ($11.28 in chips) 
Seat 2: Tominou BE ($10 in chips) 
Seat 3: Gobi000 ($11.46 in chips) 
Seat 4: Bur1k ($5 in chips) 
Seat 5: dhdh0506 ($10.23 in chips) 
Seat 6: Mahu2021 ($9.52 in chips) 
Tominou BE: posts small blind $0.05
Gobi000: posts big blind $0.10
*** HOLE CARDS ***
Dealt to Mahu2021 [3d 7c]
Bur1k: folds 
dhdh0506: folds 
Mahu2021: folds 
oocs: folds 
Tominou BE: folds 
Uncalled bet ($0.05) returned to Gobi000
Gobi000 collected $0.10 from pot
Gobi000: doesn't show hand 
*** SUMMARY ***
Total pot $0.10 | Rake $0 
Seat 1: oocs (button) folded before Flop (didn't bet)
Seat 2: Tominou BE (small blind) folded before Flop
Seat 3: Gobi000 (big blind) collected ($0.10)
Seat 4: Bur1k folded before Flop (didn't bet)
Seat 5: dhdh0506 folded before Flop (didn't bet)
Seat 6: Mahu2021 folded before Flop (didn't bet)



PokerStars Zoom Hand #254717215166:  Hold'em No Limit ($0.05/$0.10) - 2025/02/05 12:40:06 CET [2025/02/05 6:40:06 ET]
Table 'Aludra' 6-max Seat #1 is the button
Seat 1: Bur1k ($5.15 in chips) 
Seat 2: 0aklay ($13.70 in chips) 
Seat 3: 50´s Ghost ($28.41 in chips) 
Seat 4: Tominou BE ($10 in chips) 
Seat 5: grunge&punk ($11.40 in chips) 
Seat 6: Mahu2021 ($9.62 in chips) 
0aklay: posts small blind $0.05
50´s Ghost: posts big blind $0.10
*** HOLE CARDS ***
Dealt to Mahu2021 [Ts 4s]
Tominou BE: folds 
grunge&punk: folds 
Mahu2021: folds 
Bur1k: raises $0.15 to $0.25
0aklay: folds 
50´s Ghost: raises $0.80 to $1.05
Bur1k: folds 
Uncalled bet ($0.80) returned to 50´s Ghost
50´s Ghost collected $0.55 from pot
50´s Ghost: doesn't show hand 
*** SUMMARY ***
Total pot $0.55 | Rake $0 
Seat 1: Bur1k (button) folded before Flop
Seat 2: 0aklay (small blind) folded before Flop
Seat 3: 50´s Ghost (big blind) collected ($0.55)
Seat 4: Tominou BE folded before Flop (didn't bet)
Seat 5: grunge&punk folded before Flop (didn't bet)
Seat 6: Mahu2021 folded before Flop (didn't bet)



PokerStars Zoom Hand #254717218549:  Hold'em No Limit ($0.05/$0.10) - 2025/02/05 12:40:33 CET [2025/02/05 6:40:33 ET]
Table 'Aludra' 6-max Seat #1 is the button
Seat 1: Mahu2021 ($9.47 in chips) 
Seat 2: MaeBolada ($10.50 in chips) 
Seat 3: killerita67 ($22.07 in chips) 
Seat 4: oocs ($11.28 in chips) 
Seat 5: mittl11 ($10.10 in chips) 
Seat 6: miu_0716 ($10.10 in chips) 
MaeBolada: posts small blind $0.05
killerita67: posts big blind $0.10
*** HOLE CARDS ***
Dealt to Mahu2021 [Ks 7c]
oocs: folds 
mittl11: raises $0.15 to $0.25
miu_0716: folds 
Mahu2021: folds 
MaeBolada: folds 
killerita67: folds 
Uncalled bet ($0.15) returned to mittl11
mittl11 collected $0.25 from pot
mittl11: doesn't show hand 
*** SUMMARY ***
Total pot $0.25 | Rake $0 
Seat 1: Mahu2021 (button) folded before Flop (didn't bet)
Seat 2: MaeBolada (small blind) folded before Flop
Seat 3: killerita67 (big blind) folded before Flop
Seat 4: oocs folded before Flop (didn't bet)
Seat 5: mittl11 collected ($0.25)
Seat 6: miu_0716 folded before Flop (didn't bet)



PokerStars Zoom Hand #254717219229:  Hold'em No Limit ($0.05/$0.10) - 2025/02/05 12:40:38 CET [2025/02/05 6:40:38 ET]
Table 'Aludra' 6-max Seat #1 is the button
Seat 1: taka736 ($10.35 in chips) 
Seat 2: oocs ($74.07 in chips) 
Seat 3: kesaDasdas ($4.60 in chips) 
Seat 4: Archontic force ($9.85 in chips) 
Seat 5: Mahu2021 ($9.47 in chips) 
Seat 6: miu_0716 ($10.10 in chips) 
oocs: posts small blind $0.05
kesaDasdas: posts big blind $0.10
*** HOLE CARDS ***
Dealt to Mahu2021 [3h 8s]
Archontic force: folds 
Mahu2021: folds 
miu_0716: folds 
taka736: folds 
oocs: folds 
Uncalled bet ($0.05) returned to kesaDasdas
kesaDasdas collected $0.10 from pot
kesaDasdas: doesn't show hand 
*** SUMMARY ***
Total pot $0.10 | Rake $0 
Seat 1: taka736 (button) folded before Flop (didn't bet)
Seat 2: oocs (small blind) folded before Flop
Seat 3: kesaDasdas (big blind) collected ($0.10)
Seat 4: Archontic force folded before Flop (didn't bet)
Seat 5: Mahu2021 folded before Flop (didn't bet)
Seat 6: miu_0716 folded before Flop (didn't bet)



PokerStars Zoom Hand #254717219690:  Hold'em No Limit ($0.05/$0.10) - 2025/02/05 12:40:42 CET [2025/02/05 6:40:42 ET]
Table 'Aludra' 6-max Seat #1 is the button
Seat 1: seignior ($10.15 in chips) 
Seat 2: killerita67 ($21.97 in chips) 
Seat 3: SkyBoy23 ($12.76 in chips) 
Seat 4: Mahu2021 ($9.47 in chips) 
Seat 5: Bur1k ($5.77 in chips) 
Seat 6: joorup ($10.54 in chips) 
killerita67: posts small blind $0.05
SkyBoy23: posts big blind $0.10
*** HOLE CARDS ***
Dealt to Mahu2021 [8h Kh]
Mahu2021: folds 
Bur1k: folds 
joorup: raises $0.12 to $0.22
seignior: folds 
killerita67: folds 
SkyBoy23: calls $0.12
*** FLOP *** [7h 9s Th]
SkyBoy23: checks 
joorup: checks 
*** TURN *** [7h 9s Th] [6s]
SkyBoy23: bets $0.35
joorup: folds 
Uncalled bet ($0.35) returned to SkyBoy23
SkyBoy23 collected $0.47 from pot
SkyBoy23: doesn't show hand 
*** SUMMARY ***
Total pot $0.49 | Rake $0.02 
Board [7h 9s Th 6s]
Seat 1: seignior (button) folded before Flop (didn't bet)
Seat 2: killerita67 (small blind) folded before Flop
Seat 3: SkyBoy23 (big blind) collected ($0.47)
Seat 4: Mahu2021 folded before Flop (didn't bet)
Seat 5: Bur1k folded before Flop (didn't bet)
Seat 6: joorup folded on the Turn



PokerStars Zoom Hand #254717218147:  Hold'em No Limit ($0.05/$0.10) - 2025/02/05 12:40:30 CET [2025/02/05 6:40:30 ET]
Table 'Aludra' 6-max Seat #1 is the button
Seat 1: matiasmunyo ($10 in chips) 
Seat 2: Mahu2021 ($9.52 in chips) 
Seat 3: 50´s Ghost ($12.81 in chips) 
Seat 4: dhdh0506 ($10.23 in chips) 
Seat 5: todd17800 ($42.42 in chips) 
Seat 6: hiding.by ($10.11 in chips) 
Mahu2021: posts small blind $0.05
50´s Ghost: posts big blind $0.10
*** HOLE CARDS ***
Dealt to Mahu2021 [2s Qc]
dhdh0506: folds 
todd17800: raises $0.10 to $0.20
hiding.by: folds 
matiasmunyo: raises $0.50 to $0.70
Mahu2021: folds 
50´s Ghost: folds 
todd17800: calls $0.50
*** FLOP *** [4d Ac 7h]
todd17800: checks 
matiasmunyo: checks 
*** TURN *** [4d Ac 7h] [9c]
todd17800: bets $0.74
matiasmunyo: calls $0.74
*** RIVER *** [4d Ac 7h 9c] [Ks]
todd17800: checks 
matiasmunyo: bets $1.75
todd17800: calls $1.75
*** SHOW DOWN ***
matiasmunyo: shows [Kh Kd] (three of a kind, Kings)
todd17800: mucks hand 
matiasmunyo collected $6.24 from pot
*** SUMMARY ***
Total pot $6.53 | Rake $0.29 
Board [4d Ac 7h 9c Ks]
Seat 1: matiasmunyo (button) showed [Kh Kd] and won ($6.24) with three of a kind, Kings
Seat 2: Mahu2021 (small blind) folded before Flop
Seat 3: 50´s Ghost (big blind) folded before Flop
Seat 4: dhdh0506 folded before Flop (didn't bet)
Seat 5: todd17800 mucked [Td Ah]
Seat 6: hiding.by folded before Flop (didn't bet)



PokerStars Zoom Hand #254717220284:  Hold'em No Limit ($0.05/$0.10) - 2025/02/05 12:40:46 CET [2025/02/05 6:40:46 ET]
Table 'Aludra' 6-max Seat #1 is the button
Seat 1: CryptoCronos ($11.97 in chips) 
Seat 2: kgeri10 ($9.90 in chips) 
Seat 3: Mahu2021 ($9.47 in chips) 
Seat 4: seignior ($10.15 in chips) 
Seat 5: munchh4usen ($15.16 in chips) 
Seat 6: arumlill ($8.51 in chips) 
kgeri10: posts small blind $0.05
Mahu2021: posts big blind $0.10
*** HOLE CARDS ***
Dealt to Mahu2021 [Ac 2d]
seignior: folds 
munchh4usen: folds 
arumlill: folds 
CryptoCronos: folds 
kgeri10: raises $0.10 to $0.20
Mahu2021: calls $0.10
*** FLOP *** [6h Tc 3h]
kgeri10: checks 
Mahu2021: checks 
*** TURN *** [6h Tc 3h] [3d]
kgeri10: bets $0.19
Mahu2021: calls $0.19
*** RIVER *** [6h Tc 3h 3d] [6c]
kgeri10: checks 
Mahu2021: bets $0.74
kgeri10: folds 
Uncalled bet ($0.74) returned to Mahu2021
Mahu2021 collected $0.74 from pot
Mahu2021: doesn't show hand 
*** SUMMARY ***
Total pot $0.78 | Rake $0.04 
Board [6h Tc 3h 3d 6c]
Seat 1: CryptoCronos (button) folded before Flop (didn't bet)
Seat 2: kgeri10 (small blind) folded on the River
Seat 3: Mahu2021 (big blind) collected ($0.74)
Seat 4: seignior folded before Flop (didn't bet)
Seat 5: munchh4usen folded before Flop (didn't bet)
Seat 6: arumlill folded before Flop (didn't bet)



PokerStars Zoom Hand #254717227186:  Hold'em No Limit ($0.05/$0.10) - 2025/02/05 12:41:40 CET [2025/02/05 6:41:40 ET]
Table 'Aludra' 6-max Seat #1 is the button
Seat 1: Gobi000 ($12.61 in chips) 
Seat 2: miu_0716 ($13.41 in chips) 
Seat 3: SkyBoy23 ($10.15 in chips) 
Seat 4: killerita67 ($12.94 in chips) 
Seat 5: munchh4usen ($14.61 in chips) 
Seat 6: Mahu2021 ($9.77 in chips) 
miu_0716: posts small blind $0.05
SkyBoy23: posts big blind $0.10
*** HOLE CARDS ***
Dealt to Mahu2021 [8d 9s]
killerita67: folds 
munchh4usen: folds 
Mahu2021: folds 
Gobi000: raises $0.15 to $0.25
miu_0716: folds 
SkyBoy23: folds 
Uncalled bet ($0.15) returned to Gobi000
Gobi000 collected $0.25 from pot
Gobi000: doesn't show hand 
*** SUMMARY ***
Total pot $0.25 | Rake $0 
Seat 1: Gobi000 (button) collected ($0.25)
Seat 2: miu_0716 (small blind) folded before Flop
Seat 3: SkyBoy23 (big blind) folded before Flop
Seat 4: killerita67 folded before Flop (didn't bet)
Seat 5: munchh4usen folded before Flop (didn't bet)
Seat 6: Mahu2021 folded before Flop (didn't bet)



PokerStars Zoom Hand #254717226022:  Hold'em No Limit ($0.05/$0.10) - 2025/02/05 12:41:31 CET [2025/02/05 6:41:31 ET]
Table 'Aludra' 6-max Seat #1 is the button
Seat 1: Mahu2021 ($9.82 in chips) 
Seat 2: Gobi000 ($12.66 in chips) 
Seat 3: pamonhao ($10.94 in chips) 
Seat 4: todd17800 ($39.23 in chips) 
Seat 5: iceballantyne ($13.16 in chips) 
Seat 6: mrbombpot ($4.22 in chips) 
Gobi000: posts small blind $0.05
pamonhao: posts big blind $0.10
*** HOLE CARDS ***
Dealt to Mahu2021 [2d 7d]
todd17800: raises $0.10 to $0.20
iceballantyne: folds 
mrbombpot has timed out
mrbombpot: folds 
Mahu2021: folds 
Gobi000: folds 
pamonhao: folds 
Uncalled bet ($0.10) returned to todd17800
todd17800 collected $0.25 from pot
todd17800: doesn't show hand 
*** SUMMARY ***
Total pot $0.25 | Rake $0 
Seat 1: Mahu2021 (button) folded before Flop (didn't bet)
Seat 2: Gobi000 (small blind) folded before Flop
Seat 3: pamonhao (big blind) folded before Flop
Seat 4: todd17800 collected ($0.25)
Seat 5: iceballantyne folded before Flop (didn't bet)
Seat 6: mrbombpot folded before Flop (didn't bet)



PokerStars Zoom Hand #254717227694:  Hold'em No Limit ($0.05/$0.10) - 2025/02/05 12:41:44 CET [2025/02/05 6:41:44 ET]
Table 'Aludra' 6-max Seat #1 is the button
Seat 1: killerita67 ($12.94 in chips) 
Seat 2: yperano ($21.94 in chips) 
Seat 3: seignior ($10 in chips) 
Seat 4: Mahu2021 ($9.77 in chips) 
Seat 5: miu_0716 ($13.36 in chips) 
Seat 6: kellan10 ($1.47 in chips) 
yperano: posts small blind $0.05
seignior: posts big blind $0.10
*** HOLE CARDS ***
Dealt to Mahu2021 [6h Td]
Mahu2021: folds 
miu_0716: folds 
kellan10: folds 
killerita67: raises $0.18 to $0.28
yperano: calls $0.23
seignior: folds 
*** FLOP *** [8d Kh 3d]
yperano: checks 
killerita67: bets $0.42
yperano: folds 
Uncalled bet ($0.42) returned to killerita67
killerita67 collected $0.63 from pot
killerita67: doesn't show hand 
*** SUMMARY ***
Total pot $0.66 | Rake $0.03 
Board [8d Kh 3d]
Seat 1: killerita67 (button) collected ($0.63)
Seat 2: yperano (small blind) folded on the Flop
Seat 3: seignior (big blind) folded before Flop
Seat 4: Mahu2021 folded before Flop (didn't bet)
Seat 5: miu_0716 folded before Flop (didn't bet)
Seat 6: kellan10 folded before Flop (didn't bet)



PokerStars Zoom Hand #254717228082:  Hold'em No Limit ($0.05/$0.10) - 2025/02/05 12:41:47 CET [2025/02/05 6:41:47 ET]
Table 'Aludra' 6-max Seat #1 is the button
Seat 1: joorup ($10.32 in chips) 
Seat 2: Seum90 ($19.88 in chips) 
Seat 3: Bur1k ($5 in chips) 
Seat 4: Shark5Omaha ($10.69 in chips) 
Seat 5: Mahu2021 ($9.77 in chips) 
Seat 6: miu_0716 ($10.10 in chips) 
Seum90: posts small blind $0.05
Bur1k: posts big blind $0.10
*** HOLE CARDS ***
Dealt to Mahu2021 [2s Ah]
Shark5Omaha: folds 
Mahu2021: folds 
miu_0716: raises $0.12 to $0.22
joorup: folds 
Seum90: folds 
Bur1k: folds 
Uncalled bet ($0.12) returned to miu_0716
miu_0716 collected $0.25 from pot
miu_0716: doesn't show hand 
*** SUMMARY ***
Total pot $0.25 | Rake $0 
Seat 1: joorup (button) folded before Flop (didn't bet)
Seat 2: Seum90 (small blind) folded before Flop
Seat 3: Bur1k (big blind) folded before Flop
Seat 4: Shark5Omaha folded before Flop (didn't bet)
Seat 5: Mahu2021 folded before Flop (didn't bet)
Seat 6: miu_0716 collected ($0.25)



PokerStars Zoom Hand #254717226680:  Hold'em No Limit ($0.05/$0.10) - 2025/02/05 12:41:36 CET [2025/02/05 6:41:36 ET]
Table 'Aludra' 6-max Seat #1 is the button
Seat 1: mittl11 ($10 in chips) 
Seat 2: Mahu2021 ($9.82 in chips) 
Seat 3: iceballantyne ($13.16 in chips) 
Seat 4: oocs ($11.18 in chips) 
Seat 5: Tarancher ($6.46 in chips) 
Seat 6: killerita67 ($12.94 in chips) 
Mahu2021: posts small blind $0.05
iceballantyne: posts big blind $0.10
*** HOLE CARDS ***
Dealt to Mahu2021 [4h 5d]
oocs: folds 
Tarancher: folds 
killerita67: folds 
mittl11: raises $0.15 to $0.25
Mahu2021: folds 
iceballantyne: calls $0.15
*** FLOP *** [9c Kd Qs]
iceballantyne: checks 
mittl11: checks 
*** TURN *** [9c Kd Qs] [7s]
iceballantyne: bets $0.16
mittl11: calls $0.16
*** RIVER *** [9c Kd Qs 7s] [6h]
iceballantyne: bets $0.25
mittl11: calls $0.25
*** SHOW DOWN ***
iceballantyne: shows [8c Jh] (high card King)
mittl11: shows [Ac 7d] (a pair of Sevens)
mittl11 collected $1.31 from pot
*** SUMMARY ***
Total pot $1.37 | Rake $0.06 
Board [9c Kd Qs 7s 6h]
Seat 1: mittl11 (button) showed [Ac 7d] and won ($1.31) with a pair of Sevens
Seat 2: Mahu2021 (small blind) folded before Flop
Seat 3: iceballantyne (big blind) showed [8c Jh] and lost with high card King
Seat 4: oocs folded before Flop (didn't bet)
Seat 5: Tarancher folded before Flop (didn't bet)
Seat 6: killerita67 folded before Flop (didn't bet)



PokerStars Zoom Hand #254717228603:  Hold'em No Limit ($0.05/$0.10) - 2025/02/05 12:41:51 CET [2025/02/05 6:41:51 ET]
Table 'Aludra' 6-max Seat #1 is the button
Seat 1: MaeBolada ($10.30 in chips) 
Seat 2: 50´s Ghost ($18.58 in chips) 
Seat 3: Mahu2021 ($9.77 in chips) 
Seat 4: Archontic force ($9.70 in chips) 
Seat 5: Gobi000 ($12.76 in chips) 
Seat 6: dhdh0506 ($12.95 in chips) 
50´s Ghost: posts small blind $0.05
Mahu2021: posts big blind $0.10
*** HOLE CARDS ***
Dealt to Mahu2021 [7s 9s]
Archontic force: folds 
Gobi000: raises $0.10 to $0.20
dhdh0506: folds 
MaeBolada: folds 
50´s Ghost: folds 
Mahu2021: calls $0.10
*** FLOP *** [9h Qs 6d]
Mahu2021: checks 
Gobi000: bets $0.28
Mahu2021: calls $0.28
*** TURN *** [9h Qs 6d] [8c]
Mahu2021: checks 
Gobi000: bets $0.63
Mahu2021: calls $0.63
*** RIVER *** [9h Qs 6d 8c] [Ks]
Mahu2021: checks 
Gobi000: checks 
*** SHOW DOWN ***
Mahu2021: shows [7s 9s] (a pair of Nines)
Gobi000: shows [Qc Ah] (a pair of Queens)
Gobi000 collected $2.17 from pot
*** SUMMARY ***
Total pot $2.27 | Rake $0.10 
Board [9h Qs 6d 8c Ks]
Seat 1: MaeBolada (button) folded before Flop (didn't bet)
Seat 2: 50´s Ghost (small blind) folded before Flop
Seat 3: Mahu2021 (big blind) showed [7s 9s] and lost with a pair of Nines
Seat 4: Archontic force folded before Flop (didn't bet)
Seat 5: Gobi000 showed [Qc Ah] and won ($2.17) with a pair of Queens
Seat 6: dhdh0506 folded before Flop (didn't bet)



PokerStars Zoom Hand #254717235966:  Hold'em No Limit ($0.05/$0.10) - 2025/02/05 12:42:47 CET [2025/02/05 6:42:47 ET]
Table 'Aludra' 6-max Seat #1 is the button
Seat 1: Mahu2021 ($8.66 in chips) 
Seat 2: 0aklay ($12.46 in chips) 
Seat 3: acebob999 ($8.14 in chips) 
Seat 4: Matzet1ka ($10.88 in chips) 
Seat 5: arumlill ($10.67 in chips) 
Seat 6: miu_0716 ($10 in chips) 
0aklay: posts small blind $0.05
acebob999: posts big blind $0.10
*** HOLE CARDS ***
Dealt to Mahu2021 [2h Qh]
Matzet1ka: folds 
arumlill: folds 
miu_0716: raises $0.12 to $0.22
Mahu2021: folds 
0aklay: folds 
acebob999: folds 
Uncalled bet ($0.12) returned to miu_0716
miu_0716 collected $0.25 from pot
miu_0716: doesn't show hand 
*** SUMMARY ***
Total pot $0.25 | Rake $0 
Seat 1: Mahu2021 (button) folded before Flop (didn't bet)
Seat 2: 0aklay (small blind) folded before Flop
Seat 3: acebob999 (big blind) folded before Flop
Seat 4: Matzet1ka folded before Flop (didn't bet)
Seat 5: arumlill folded before Flop (didn't bet)
Seat 6: miu_0716 collected ($0.25)



PokerStars Zoom Hand #254717237442:  Hold'em No Limit ($0.05/$0.10) - 2025/02/05 12:42:58 CET [2025/02/05 6:42:58 ET]
Table 'Aludra' 6-max Seat #1 is the button
Seat 1: Seum90 ($19.73 in chips) 
Seat 2: iceballantyne ($12.45 in chips) 
Seat 3: Uksifej ($13.13 in chips) 
Seat 4: Creedthecreator ($10 in chips) 
Seat 5: schinkel1 ($9.70 in chips) 
Seat 6: Mahu2021 ($8.61 in chips) 
iceballantyne: posts small blind $0.05
Uksifej: posts big blind $0.10
*** HOLE CARDS ***
Dealt to Mahu2021 [6h Ad]
Creedthecreator: folds 
schinkel1: folds 
Mahu2021: folds 
Seum90: folds 
iceballantyne: folds 
Uncalled bet ($0.05) returned to Uksifej
Uksifej collected $0.10 from pot
Uksifej: doesn't show hand 
*** SUMMARY ***
Total pot $0.10 | Rake $0 
Seat 1: Seum90 (button) folded before Flop (didn't bet)
Seat 2: iceballantyne (small blind) folded before Flop
Seat 3: Uksifej (big blind) collected ($0.10)
Seat 4: Creedthecreator folded before Flop (didn't bet)
Seat 5: schinkel1 folded before Flop (didn't bet)
Seat 6: Mahu2021 folded before Flop (didn't bet)



PokerStars Zoom Hand #254717237018:  Hold'em No Limit ($0.05/$0.10) - 2025/02/05 12:42:55 CET [2025/02/05 6:42:55 ET]
Table 'Aludra' 6-max Seat #1 is the button
Seat 1: taka736 ($14.64 in chips) 
Seat 2: Uksifej ($13.18 in chips) 
Seat 3: oocs ($73.87 in chips) 
Seat 4: grunge&punk ($19.36 in chips) 
Seat 5: Mahu2021 ($8.61 in chips) 
Seat 6: iceballantyne ($12.45 in chips) 
Uksifej: posts small blind $0.05
oocs: posts big blind $0.10
*** HOLE CARDS ***
Dealt to Mahu2021 [2s Th]
grunge&punk: folds 
Mahu2021: folds 
iceballantyne: folds 
taka736: raises $0.15 to $0.25
Uksifej: folds 
oocs: folds 
Uncalled bet ($0.15) returned to taka736
taka736 collected $0.25 from pot
taka736: doesn't show hand 
*** SUMMARY ***
Total pot $0.25 | Rake $0 
Seat 1: taka736 (button) collected ($0.25)
Seat 2: Uksifej (small blind) folded before Flop
Seat 3: oocs (big blind) folded before Flop
Seat 4: grunge&punk folded before Flop (didn't bet)
Seat 5: Mahu2021 folded before Flop (didn't bet)
Seat 6: iceballantyne folded before Flop (didn't bet)



PokerStars Zoom Hand #254717236381:  Hold'em No Limit ($0.05/$0.10) - 2025/02/05 12:42:50 CET [2025/02/05 6:42:50 ET]
Table 'Aludra' 6-max Seat #1 is the button
Seat 1: Matzet1ka ($10.88 in chips) 
Seat 2: Mahu2021 ($8.66 in chips) 
Seat 3: Bur1k ($5.40 in chips) 
Seat 4: Uksifej ($13.18 in chips) 
Seat 5: Shark5Omaha ($10.69 in chips) 
Seat 6: oocs ($73.87 in chips) 
Mahu2021: posts small blind $0.05
Bur1k: posts big blind $0.10
*** HOLE CARDS ***
Dealt to Mahu2021 [5s 9h]
Uksifej: folds 
Shark5Omaha: folds 
oocs: folds 
Matzet1ka: raises $0.15 to $0.25
Mahu2021: folds 
Bur1k: folds 
Uncalled bet ($0.15) returned to Matzet1ka
Matzet1ka collected $0.25 from pot
Matzet1ka: doesn't show hand 
*** SUMMARY ***
Total pot $0.25 | Rake $0 
Seat 1: Matzet1ka (button) collected ($0.25)
Seat 2: Mahu2021 (small blind) folded before Flop
Seat 3: Bur1k (big blind) folded before Flop
Seat 4: Uksifej folded before Flop (didn't bet)
Seat 5: Shark5Omaha folded before Flop (didn't bet)
Seat 6: oocs folded before Flop (didn't bet)



PokerStars Zoom Hand #254717238911:  Hold'em No Limit ($0.05/$0.10) - 2025/02/05 12:43:10 CET [2025/02/05 6:43:10 ET]
Table 'Aludra' 6-max Seat #1 is the button
Seat 1: SkyBoy23 ($12.56 in chips) 
Seat 2: acebob999 ($10 in chips) 
Seat 3: Matzet1ka ($10 in chips) 
Seat 4: Mahu2021 ($8.61 in chips) 
Seat 5: todd17800 ($39.51 in chips) 
Seat 6: grunge&punk ($10.17 in chips) 
acebob999: posts small blind $0.05
Matzet1ka: posts big blind $0.10
*** HOLE CARDS ***
Dealt to Mahu2021 [2d Kc]
Mahu2021: folds 
todd17800: folds 
grunge&punk: folds 
SkyBoy23: folds 
acebob999: folds 
Uncalled bet ($0.05) returned to Matzet1ka
Matzet1ka collected $0.10 from pot
Matzet1ka: doesn't show hand 
*** SUMMARY ***
Total pot $0.10 | Rake $0 
Seat 1: SkyBoy23 (button) folded before Flop (didn't bet)
Seat 2: acebob999 (small blind) folded before Flop
Seat 3: Matzet1ka (big blind) collected ($0.10)
Seat 4: Mahu2021 folded before Flop (didn't bet)
Seat 5: todd17800 folded before Flop (didn't bet)
Seat 6: grunge&punk folded before Flop (didn't bet)



PokerStars Zoom Hand #254717239297:  Hold'em No Limit ($0.05/$0.10) - 2025/02/05 12:43:13 CET [2025/02/05 6:43:13 ET]
Table 'Aludra' 6-max Seat #1 is the button
Seat 1: matiasmunyo ($15.55 in chips) 
Seat 2: hiding.by ($10 in chips) 
Seat 3: Mahu2021 ($8.61 in chips) 
Seat 4: SkyBoy23 ($14 in chips) 
Seat 5: TheVon50 ($6.83 in chips) 
Seat 6: miu_0716 ($10 in chips) 
hiding.by: posts small blind $0.05
Mahu2021: posts big blind $0.10
*** HOLE CARDS ***
Dealt to Mahu2021 [5h Kd]
SkyBoy23: folds 
TheVon50 has timed out
TheVon50: folds 
miu_0716: folds 
matiasmunyo: folds 
hiding.by: folds 
Uncalled bet ($0.05) returned to Mahu2021
Mahu2021 collected $0.10 from pot
Mahu2021: doesn't show hand 
*** SUMMARY ***
Total pot $0.10 | Rake $0 
Seat 1: matiasmunyo (button) folded before Flop (didn't bet)
Seat 2: hiding.by (small blind) folded before Flop
Seat 3: Mahu2021 (big blind) collected ($0.10)
Seat 4: SkyBoy23 folded before Flop (didn't bet)
Seat 5: TheVon50 folded before Flop (didn't bet)
Seat 6: miu_0716 folded before Flop (didn't bet)



PokerStars Zoom Hand #254717238038:  Hold'em No Limit ($0.05/$0.10) - 2025/02/05 12:43:03 CET [2025/02/05 6:43:03 ET]
Table 'Aludra' 6-max Seat #1 is the button
Seat 1: garimegane ($10.82 in chips) 
Seat 2: todd17800 ($16.51 in chips) 
Seat 3: BlackBear2485 ($5.61 in chips) 
Seat 4: dhdh0506 ($12.57 in chips) 
Seat 5: Mahu2021 ($8.61 in chips) 
Seat 6: SkyBoy23 ($12.61 in chips) 
todd17800: posts small blind $0.05
BlackBear2485: posts big blind $0.10
*** HOLE CARDS ***
Dealt to Mahu2021 [Qs 8d]
dhdh0506: folds 
Mahu2021: folds 
SkyBoy23: folds 
garimegane: raises $0.20 to $0.30
todd17800: folds 
BlackBear2485: calls $0.20
*** FLOP *** [9h 8s Jc]
BlackBear2485: checks 
garimegane: checks 
*** TURN *** [9h 8s Jc] [3s]
BlackBear2485: checks 
garimegane: checks 
*** RIVER *** [9h 8s Jc 3s] [3d]
BlackBear2485: checks 
garimegane: checks 
*** SHOW DOWN ***
BlackBear2485: shows [2h As] (a pair of Threes)
garimegane: shows [Ad 7c] (a pair of Threes)
BlackBear2485 collected $0.31 from pot
garimegane collected $0.31 from pot
*** SUMMARY ***
Total pot $0.65 | Rake $0.03 
Board [9h 8s Jc 3s 3d]
Seat 1: garimegane (button) showed [Ad 7c] and won ($0.31) with a pair of Threes
Seat 2: todd17800 (small blind) folded before Flop
Seat 3: BlackBear2485 (big blind) showed [2h As] and won ($0.31) with a pair of Threes
Seat 4: dhdh0506 folded before Flop (didn't bet)
Seat 5: Mahu2021 folded before Flop (didn't bet)
Seat 6: SkyBoy23 folded before Flop (didn't bet)



PokerStars Zoom Hand #254717241896:  Hold'em No Limit ($0.05/$0.10) - 2025/02/05 12:43:33 CET [2025/02/05 6:43:33 ET]
Table 'Aludra' 6-max Seat #1 is the button
Seat 1: Mahu2021 ($8.66 in chips) 
Seat 2: mrbombpot ($13.48 in chips) 
Seat 3: killerita67 ($21.87 in chips) 
Seat 4: km1883 ($13.84 in chips) 
Seat 5: juan19872323 ($14.78 in chips) 
Seat 6: Bur1k ($5.12 in chips) 
mrbombpot: posts small blind $0.05
killerita67: posts big blind $0.10
*** HOLE CARDS ***
Dealt to Mahu2021 [5s Kc]
km1883: folds 
juan19872323: folds 
Bur1k: folds 
Mahu2021: folds 
mrbombpot: raises $0.12 to $0.22
killerita67: folds 
Uncalled bet ($0.12) returned to mrbombpot
mrbombpot collected $0.20 from pot
mrbombpot: doesn't show hand 
*** SUMMARY ***
Total pot $0.20 | Rake $0 
Seat 1: Mahu2021 (button) folded before Flop (didn't bet)
Seat 2: mrbombpot (small blind) collected ($0.20)
Seat 3: killerita67 (big blind) folded before Flop
Seat 4: km1883 folded before Flop (didn't bet)
Seat 5: juan19872323 folded before Flop (didn't bet)
Seat 6: Bur1k folded before Flop (didn't bet)



PokerStars Zoom Hand #254717242419:  Hold'em No Limit ($0.05/$0.10) - 2025/02/05 12:43:37 CET [2025/02/05 6:43:37 ET]
Table 'Aludra' 6-max Seat #1 is the button
Seat 1: todd17800 ($16.46 in chips) 
Seat 2: Shark5Omaha ($10.61 in chips) 
Seat 3: MeniosS98 ($35.96 in chips) 
Seat 4: Mahu2021 ($8.66 in chips) 
Seat 5: grunge&punk ($18.46 in chips) 
Seat 6: schinkel1 ($9.90 in chips) 
Shark5Omaha: posts small blind $0.05
MeniosS98: posts big blind $0.10
*** HOLE CARDS ***
Dealt to Mahu2021 [Kc Ts]
Mahu2021: raises $0.14 to $0.24
grunge&punk: folds 
schinkel1: calls $0.24
todd17800: folds 
Shark5Omaha: folds 
MeniosS98: calls $0.14
*** FLOP *** [6h 9s 7d]
MeniosS98: checks 
Mahu2021: checks 
schinkel1: bets $0.37
MeniosS98: calls $0.37
Mahu2021: folds 
*** TURN *** [6h 9s 7d] [Tc]
MeniosS98: checks 
schinkel1: bets $0.42
MeniosS98: calls $0.42
*** RIVER *** [6h 9s 7d Tc] [4c]
MeniosS98: checks 
schinkel1: checks 
*** SHOW DOWN ***
MeniosS98: shows [8d Qs] (a straight, Six to Ten)
schinkel1: mucks hand 
MeniosS98 collected $2.24 from pot
*** SUMMARY ***
Total pot $2.35 | Rake $0.11 
Board [6h 9s 7d Tc 4c]
Seat 1: todd17800 (button) folded before Flop (didn't bet)
Seat 2: Shark5Omaha (small blind) folded before Flop
Seat 3: MeniosS98 (big blind) showed [8d Qs] and won ($2.24) with a straight, Six to Ten
Seat 4: Mahu2021 folded on the Flop
Seat 5: grunge&punk folded before Flop (didn't bet)
Seat 6: schinkel1 mucked [Ad As]



PokerStars Zoom Hand #254717247593:  Hold'em No Limit ($0.05/$0.10) - 2025/02/05 12:44:16 CET [2025/02/05 6:44:16 ET]
Table 'Aludra' 6-max Seat #1 is the button
Seat 1: mexxxy_90 ($10.05 in chips) 
Seat 2: Mahu2021 ($8.42 in chips) 
Seat 3: pamonhao ($10.79 in chips) 
Seat 4: grunge&punk ($10.17 in chips) 
Seat 5: mrbombpot ($7.31 in chips) 
Seat 6: iceballantyne ($10.33 in chips) 
Mahu2021: posts small blind $0.05
pamonhao: posts big blind $0.10
*** HOLE CARDS ***
Dealt to Mahu2021 [Ks 4s]
grunge&punk: folds 
mrbombpot: folds 
iceballantyne: folds 
mexxxy_90: raises $0.15 to $0.25
Mahu2021: calls $0.20
pamonhao: folds 
*** FLOP *** [Qc 6s 2h]
Mahu2021: checks 
mexxxy_90: checks 
*** TURN *** [Qc 6s 2h] [5s]
Mahu2021: bets $0.30
mexxxy_90: folds 
Uncalled bet ($0.30) returned to Mahu2021
Mahu2021 collected $0.57 from pot
Mahu2021: doesn't show hand 
*** SUMMARY ***
Total pot $0.60 | Rake $0.03 
Board [Qc 6s 2h 5s]
Seat 1: mexxxy_90 (button) folded on the Turn
Seat 2: Mahu2021 (small blind) collected ($0.57)
Seat 3: pamonhao (big blind) folded before Flop
Seat 4: grunge&punk folded before Flop (didn't bet)
Seat 5: mrbombpot folded before Flop (didn't bet)
Seat 6: iceballantyne folded before Flop (didn't bet)



PokerStars Zoom Hand #254717251233:  Hold'em No Limit ($0.05/$0.10) - 2025/02/05 12:44:44 CET [2025/02/05 6:44:44 ET]
Table 'Aludra' 6-max Seat #1 is the button
Seat 1: pamonhao ($2.73 in chips) 
Seat 2: SkyBoy23 ($59.97 in chips) 
Seat 3: Mahu2021 ($8.74 in chips) 
Seat 4: seignior ($10.96 in chips) 
Seat 5: taka736 ($10 in chips) 
Seat 6: CryptoCronos ($11.56 in chips) 
SkyBoy23: posts small blind $0.05
Mahu2021: posts big blind $0.10
*** HOLE CARDS ***
Dealt to Mahu2021 [7s Th]
seignior: raises $0.20 to $0.30
taka736: folds 
CryptoCronos: folds 
pamonhao: folds 
SkyBoy23: folds 
Mahu2021: folds 
Uncalled bet ($0.20) returned to seignior
seignior collected $0.25 from pot
seignior: doesn't show hand 
*** SUMMARY ***
Total pot $0.25 | Rake $0 
Seat 1: pamonhao (button) folded before Flop (didn't bet)
Seat 2: SkyBoy23 (small blind) folded before Flop
Seat 3: Mahu2021 (big blind) folded before Flop
Seat 4: seignior collected ($0.25)
Seat 5: taka736 folded before Flop (didn't bet)
Seat 6: CryptoCronos folded before Flop (didn't bet)



PokerStars Zoom Hand #254717250718:  Hold'em No Limit ($0.05/$0.10) - 2025/02/05 12:44:40 CET [2025/02/05 6:44:40 ET]
Table 'Aludra' 6-max Seat #1 is the button
Seat 1: todd17800 ($16.46 in chips) 
Seat 2: 50´s Ghost ($27.83 in chips) 
Seat 3: iceballantyne ($10.33 in chips) 
Seat 4: muddogdg ($9.44 in chips) 
Seat 5: seignior ($10.96 in chips) 
Seat 6: Mahu2021 ($8.74 in chips) 
50´s Ghost: posts small blind $0.05
iceballantyne: posts big blind $0.10
*** HOLE CARDS ***
Dealt to Mahu2021 [4h 3s]
muddogdg: folds 
seignior: folds 
Mahu2021: folds 
todd17800: folds 
50´s Ghost: raises $0.15 to $0.25
iceballantyne: folds 
Uncalled bet ($0.15) returned to 50´s Ghost
50´s Ghost collected $0.20 from pot
50´s Ghost: doesn't show hand 
*** SUMMARY ***
Total pot $0.20 | Rake $0 
Seat 1: todd17800 (button) folded before Flop (didn't bet)
Seat 2: 50´s Ghost (small blind) collected ($0.20)
Seat 3: iceballantyne (big blind) folded before Flop
Seat 4: muddogdg folded before Flop (didn't bet)
Seat 5: seignior folded before Flop (didn't bet)
Seat 6: Mahu2021 folded before Flop (didn't bet)



PokerStars Zoom Hand #254717252200:  Hold'em No Limit ($0.05/$0.10) - 2025/02/05 12:44:51 CET [2025/02/05 6:44:51 ET]
Table 'Aludra' 6-max Seat #1 is the button
Seat 1: AlvinoD ($10 in chips) 
Seat 2: mexxxy_90 ($10 in chips) 
Seat 3: langosport ($13.63 in chips) 
Seat 4: 50´s Ghost ($22.39 in chips) 
Seat 5: Mahu2021 ($8.64 in chips) 
Seat 6: pamonhao ($10.84 in chips) 
mexxxy_90: posts small blind $0.05
langosport: posts big blind $0.10
*** HOLE CARDS ***
Dealt to Mahu2021 [6c Td]
50´s Ghost: folds 
Mahu2021: folds 
pamonhao: folds 
AlvinoD: folds 
mexxxy_90: folds 
Uncalled bet ($0.05) returned to langosport
langosport collected $0.10 from pot
langosport: doesn't show hand 
*** SUMMARY ***
Total pot $0.10 | Rake $0 
Seat 1: AlvinoD (button) folded before Flop (didn't bet)
Seat 2: mexxxy_90 (small blind) folded before Flop
Seat 3: langosport (big blind) collected ($0.10)
Seat 4: 50´s Ghost folded before Flop (didn't bet)
Seat 5: Mahu2021 folded before Flop (didn't bet)
Seat 6: pamonhao folded before Flop (didn't bet)



PokerStars Zoom Hand #254717253398:  Hold'em No Limit ($0.05/$0.10) - 2025/02/05 12:45:00 CET [2025/02/05 6:45:00 ET]
Table 'Aludra' 6-max Seat #1 is the button
Seat 1: km1883 ($13.54 in chips) 
Seat 2: Mahu2021 ($8.64 in chips) 
Seat 3: SkyBoy23 ($14.42 in chips) 
Seat 4: d11dozer ($10.78 in chips) 
Seat 5: acebob999 ($9.30 in chips) 
Seat 6: taka736 ($14.49 in chips) 
Mahu2021: posts small blind $0.05
SkyBoy23: posts big blind $0.10
*** HOLE CARDS ***
Dealt to Mahu2021 [5d 4c]
d11dozer: calls $0.10
acebob999: folds 
taka736: raises $0.40 to $0.50
km1883: folds 
Mahu2021: folds 
SkyBoy23: folds 
d11dozer: folds 
Uncalled bet ($0.40) returned to taka736
taka736 collected $0.35 from pot
taka736: doesn't show hand 
*** SUMMARY ***
Total pot $0.35 | Rake $0 
Seat 1: km1883 (button) folded before Flop (didn't bet)
Seat 2: Mahu2021 (small blind) folded before Flop
Seat 3: SkyBoy23 (big blind) folded before Flop
Seat 4: d11dozer folded before Flop
Seat 5: acebob999 folded before Flop (didn't bet)
Seat 6: taka736 collected ($0.35)



PokerStars Zoom Hand #254717252902:  Hold'em No Limit ($0.05/$0.10) - 2025/02/05 12:44:56 CET [2025/02/05 6:44:56 ET]
Table 'Aludra' 6-max Seat #1 is the button
Seat 1: Mahu2021 ($8.64 in chips) 
Seat 2: todd17800 ($48.24 in chips) 
Seat 3: mrbombpot ($13.58 in chips) 
Seat 4: Creedthecreator ($10 in chips) 
Seat 5: SkyBoy23 ($14.42 in chips) 
Seat 6: miu_0716 ($10 in chips) 
todd17800: posts small blind $0.05
mrbombpot: posts big blind $0.10
*** HOLE CARDS ***
Dealt to Mahu2021 [3h 7s]
Creedthecreator: raises $0.10 to $0.20
SkyBoy23: folds 
miu_0716: folds 
Mahu2021: folds 
todd17800: folds 
mrbombpot: folds 
Uncalled bet ($0.10) returned to Creedthecreator
Creedthecreator collected $0.25 from pot
Creedthecreator: doesn't show hand 
*** SUMMARY ***
Total pot $0.25 | Rake $0 
Seat 1: Mahu2021 (button) folded before Flop (didn't bet)
Seat 2: todd17800 (small blind) folded before Flop
Seat 3: mrbombpot (big blind) folded before Flop
Seat 4: Creedthecreator collected ($0.25)
Seat 5: SkyBoy23 folded before Flop (didn't bet)
Seat 6: miu_0716 folded before Flop (didn't bet)



PokerStars Zoom Hand #254717254003:  Hold'em No Limit ($0.05/$0.10) - 2025/02/05 12:45:05 CET [2025/02/05 6:45:05 ET]
Table 'Aludra' 6-max Seat #1 is the button
Seat 1: langosport ($13.68 in chips) 
Seat 2: dhdh0506 ($12.47 in chips) 
Seat 3: garimegane ($10.78 in chips) 
Seat 4: iceballantyne ($10.23 in chips) 
Seat 5: Mahu2021 ($8.59 in chips) 
Seat 6: kesaDasdas ($2.97 in chips) 
dhdh0506: posts small blind $0.05
garimegane: posts big blind $0.10
*** HOLE CARDS ***
Dealt to Mahu2021 [2c 2h]
iceballantyne: raises $0.10 to $0.20
Mahu2021: calls $0.20
kesaDasdas: calls $0.20
langosport: folds 
dhdh0506: folds 
garimegane: folds 
*** FLOP *** [5s Ts 3h]
iceballantyne: checks 
Mahu2021: checks 
kesaDasdas: bets $0.36
iceballantyne: calls $0.36
Mahu2021: folds 
*** TURN *** [5s Ts 3h] [Jh]
iceballantyne: checks 
kesaDasdas: bets $0.70
iceballantyne: folds 
Uncalled bet ($0.70) returned to kesaDasdas
kesaDasdas collected $1.40 from pot
kesaDasdas: doesn't show hand 
*** SUMMARY ***
Total pot $1.47 | Rake $0.07 
Board [5s Ts 3h Jh]
Seat 1: langosport (button) folded before Flop (didn't bet)
Seat 2: dhdh0506 (small blind) folded before Flop
Seat 3: garimegane (big blind) folded before Flop
Seat 4: iceballantyne folded on the Turn
Seat 5: Mahu2021 folded on the Flop
Seat 6: kesaDasdas collected ($1.40)



PokerStars Zoom Hand #254717258870:  Hold'em No Limit ($0.05/$0.10) - 2025/02/05 12:45:43 CET [2025/02/05 6:45:43 ET]
Table 'Aludra' 6-max Seat #1 is the button
Seat 1: killerita67 ($14.80 in chips) 
Seat 2: grunge&punk ($13.77 in chips) 
Seat 3: kgeri10 ($12.47 in chips) 
Seat 4: Shark5Omaha ($10.21 in chips) 
Seat 5: dhdh0506 ($12.57 in chips) 
Seat 6: Mahu2021 ($8.39 in chips) 
grunge&punk: posts small blind $0.05
kgeri10: posts big blind $0.10
*** HOLE CARDS ***
Dealt to Mahu2021 [As Qs]
Shark5Omaha: folds 
dhdh0506: raises $0.10 to $0.20
Mahu2021: calls $0.20
killerita67: calls $0.20
grunge&punk: calls $0.15
kgeri10: calls $0.10
*** FLOP *** [Kd Qc Ah]
grunge&punk: checks 
kgeri10: checks 
dhdh0506: bets $0.24
Mahu2021: calls $0.24
killerita67: folds 
grunge&punk: calls $0.24
kgeri10: folds 
*** TURN *** [Kd Qc Ah] [6d]
grunge&punk: checks 
dhdh0506: checks 
Mahu2021: bets $1.64
grunge&punk: folds 
dhdh0506: folds 
Uncalled bet ($1.64) returned to Mahu2021
Mahu2021 collected $1.64 from pot
Mahu2021: doesn't show hand 
*** SUMMARY ***
Total pot $1.72 | Rake $0.08 
Board [Kd Qc Ah 6d]
Seat 1: killerita67 (button) folded on the Flop
Seat 2: grunge&punk (small blind) folded on the Turn
Seat 3: kgeri10 (big blind) folded on the Flop
Seat 4: Shark5Omaha folded before Flop (didn't bet)
Seat 5: dhdh0506 folded on the Turn
Seat 6: Mahu2021 collected ($1.64)



PokerStars Zoom Hand #254717268827:  Hold'em No Limit ($0.05/$0.10) - 2025/02/05 12:46:58 CET [2025/02/05 6:46:58 ET]
Table 'Aludra' 6-max Seat #1 is the button
Seat 1: miu_0716 ($10 in chips) 
Seat 2: kesaDasdas ($5 in chips) 
Seat 3: Mahu2021 ($9.59 in chips) 
Seat 4: sbela23 ($10.05 in chips) 
Seat 5: oocs ($10.95 in chips) 
Seat 6: Shark5Omaha ($13.72 in chips) 
kesaDasdas: posts small blind $0.05
Mahu2021: posts big blind $0.10
*** HOLE CARDS ***
Dealt to Mahu2021 [Ac 2c]
sbela23: folds 
oocs: folds 
Shark5Omaha: folds 
miu_0716: folds 
kesaDasdas: folds 
Uncalled bet ($0.05) returned to Mahu2021
Mahu2021 collected $0.10 from pot
Mahu2021: doesn't show hand 
*** SUMMARY ***
Total pot $0.10 | Rake $0 
Seat 1: miu_0716 (button) folded before Flop (didn't bet)
Seat 2: kesaDasdas (small blind) folded before Flop
Seat 3: Mahu2021 (big blind) collected ($0.10)
Seat 4: sbela23 folded before Flop (didn't bet)
Seat 5: oocs folded before Flop (didn't bet)
Seat 6: Shark5Omaha folded before Flop (didn't bet)



PokerStars Zoom Hand #254717270659:  Hold'em No Limit ($0.05/$0.10) - 2025/02/05 12:47:12 CET [2025/02/05 6:47:12 ET]
Table 'Aludra' 6-max Seat #1 is the button
Seat 1: matiasmunyo ($12.87 in chips) 
Seat 2: killerita67 ($22.23 in chips) 
Seat 3: pandaman9010 ($9.85 in chips) 
Seat 4: Mahu2021 ($9.64 in chips) 
Seat 5: SkyBoy23 ($59.37 in chips) 
Seat 6: iceballantyne ($11.78 in chips) 
killerita67: posts small blind $0.05
pandaman9010: posts big blind $0.10
*** HOLE CARDS ***
Dealt to Mahu2021 [3s Qh]
Mahu2021: folds 
SkyBoy23: folds 
iceballantyne: folds 
matiasmunyo: folds 
killerita67: raises $0.18 to $0.28
pandaman9010: folds 
Uncalled bet ($0.18) returned to killerita67
killerita67 collected $0.20 from pot
killerita67: doesn't show hand 
*** SUMMARY ***
Total pot $0.20 | Rake $0 
Seat 1: matiasmunyo (button) folded before Flop (didn't bet)
Seat 2: killerita67 (small blind) collected ($0.20)
Seat 3: pandaman9010 (big blind) folded before Flop
Seat 4: Mahu2021 folded before Flop (didn't bet)
Seat 5: SkyBoy23 folded before Flop (didn't bet)
Seat 6: iceballantyne folded before Flop (didn't bet)



PokerStars Zoom Hand #254717271726:  Hold'em No Limit ($0.05/$0.10) - 2025/02/05 12:47:20 CET [2025/02/05 6:47:20 ET]
Table 'Aludra' 6-max Seat #1 is the button
Seat 1: Bur1k ($5.74 in chips) 
Seat 2: Mahu2021 ($9.64 in chips) 
Seat 3: juan19872323 ($15.95 in chips) 
Seat 4: MaeBolada ($12.25 in chips) 
Seat 5: munchh4usen ($14.90 in chips) 
Seat 6: grunge&punk ($18.39 in chips) 
Mahu2021: posts small blind $0.05
juan19872323: posts big blind $0.10
*** HOLE CARDS ***
Dealt to Mahu2021 [Jh Kc]
MaeBolada: folds 
munchh4usen: folds 
grunge&punk: raises $0.20 to $0.30
Bur1k: folds 
Mahu2021: calls $0.25
juan19872323: folds 
*** FLOP *** [5d 7s 7d]
Mahu2021: checks 
grunge&punk: bets $0.40
Mahu2021: folds 
Uncalled bet ($0.40) returned to grunge&punk
grunge&punk collected $0.67 from pot
grunge&punk: doesn't show hand 
*** SUMMARY ***
Total pot $0.70 | Rake $0.03 
Board [5d 7s 7d]
Seat 1: Bur1k (button) folded before Flop (didn't bet)
Seat 2: Mahu2021 (small blind) folded on the Flop
Seat 3: juan19872323 (big blind) folded before Flop
Seat 4: MaeBolada folded before Flop (didn't bet)
Seat 5: munchh4usen folded before Flop (didn't bet)
Seat 6: grunge&punk collected ($0.67)



PokerStars Zoom Hand #254717270027:  Hold'em No Limit ($0.05/$0.10) - 2025/02/05 12:47:07 CET [2025/02/05 6:47:07 ET]
Table 'Aludra' 6-max Seat #1 is the button
Seat 1: Mahu2021 ($9.64 in chips) 
Seat 2: grunge&punk ($19.91 in chips) 
Seat 3: Seum90 ($16.85 in chips) 
Seat 4: SkyBoy23 ($22.57 in chips) 
Seat 5: juan19872323 ($14.01 in chips) 
Seat 6: Bowlestown ($11.27 in chips) 
grunge&punk: posts small blind $0.05
Seum90: posts big blind $0.10
*** HOLE CARDS ***
Dealt to Mahu2021 [7d Qc]
SkyBoy23: folds 
juan19872323: folds 
Bowlestown: raises $0.15 to $0.25
Mahu2021: folds 
grunge&punk: folds 
Seum90: calls $0.15
*** FLOP *** [3s 8c Kd]
Seum90: checks 
Bowlestown: bets $0.15
Seum90: calls $0.15
*** TURN *** [3s 8c Kd] [Ts]
Seum90: checks 
Bowlestown: bets $0.50
Seum90: folds 
Uncalled bet ($0.50) returned to Bowlestown
Bowlestown collected $0.81 from pot
Bowlestown: doesn't show hand 
*** SUMMARY ***
Total pot $0.85 | Rake $0.04 
Board [3s 8c Kd Ts]
Seat 1: Mahu2021 (button) folded before Flop (didn't bet)
Seat 2: grunge&punk (small blind) folded before Flop
Seat 3: Seum90 (big blind) folded on the Turn
Seat 4: SkyBoy23 folded before Flop (didn't bet)
Seat 5: juan19872323 folded before Flop (didn't bet)
Seat 6: Bowlestown collected ($0.81)



PokerStars Zoom Hand #254717271195:  Hold'em No Limit ($0.05/$0.10) - 2025/02/05 12:47:16 CET [2025/02/05 6:47:16 ET]
Table 'Aludra' 6-max Seat #1 is the button
Seat 1: Shark5Omaha ($10.88 in chips) 
Seat 2: 50´s Ghost ($22.89 in chips) 
Seat 3: SkyBoy23 ($59.37 in chips) 
Seat 4: Mahu2021 ($9.64 in chips) 
Seat 5: Gobi000 ($15.87 in chips) 
Seat 6: Hazooka ($7.96 in chips) 
50´s Ghost: posts small blind $0.05
SkyBoy23: posts big blind $0.10
*** HOLE CARDS ***
Dealt to Mahu2021 [4s Qc]
Mahu2021: folds 
Gobi000: folds 
Hazooka: raises $0.10 to $0.20
Shark5Omaha: calls $0.20
50´s Ghost: folds 
SkyBoy23: calls $0.10
*** FLOP *** [6d As Jd]
SkyBoy23: checks 
Hazooka: checks 
Shark5Omaha: checks 
*** TURN *** [6d As Jd] [3c]
SkyBoy23: bets $0.22
Hazooka: raises $0.22 to $0.44
Shark5Omaha: folds 
SkyBoy23: folds 
Uncalled bet ($0.22) returned to Hazooka
Hazooka collected $1.04 from pot
Hazooka: doesn't show hand 
*** SUMMARY ***
Total pot $1.09 | Rake $0.05 
Board [6d As Jd 3c]
Seat 1: Shark5Omaha (button) folded on the Turn
Seat 2: 50´s Ghost (small blind) folded before Flop
Seat 3: SkyBoy23 (big blind) folded on the Turn
Seat 4: Mahu2021 folded before Flop (didn't bet)
Seat 5: Gobi000 folded before Flop (didn't bet)
Seat 6: Hazooka collected ($1.04)



PokerStars Zoom Hand #254717275325:  Hold'em No Limit ($0.05/$0.10) - 2025/02/05 12:47:47 CET [2025/02/05 6:47:47 ET]
Table 'Aludra' 6-max Seat #1 is the button
Seat 1: MrGray0924 ($7.19 in chips) 
Seat 2: taka736 ($13.86 in chips) 
Seat 3: Mahu2021 ($9.34 in chips) 
Seat 4: Creedthecreator ($12.54 in chips) 
Seat 5: 50´s Ghost ($22.84 in chips) 
Seat 6: Bur1k ($5.84 in chips) 
taka736: posts small blind $0.05
Mahu2021: posts big blind $0.10
*** HOLE CARDS ***
Dealt to Mahu2021 [3s 3h]
Creedthecreator: folds 
50´s Ghost: folds 
Bur1k: raises $0.15 to $0.25
MrGray0924: folds 
taka736: folds 
Mahu2021: calls $0.15
*** FLOP *** [8c Ac Js]
Mahu2021: checks 
Bur1k: bets $0.30
Mahu2021: calls $0.30
*** TURN *** [8c Ac Js] [9h]
Mahu2021: checks 
Bur1k: bets $0.81
Mahu2021: folds 
Uncalled bet ($0.81) returned to Bur1k
Bur1k collected $1.10 from pot
Bur1k: doesn't show hand 
*** SUMMARY ***
Total pot $1.15 | Rake $0.05 
Board [8c Ac Js 9h]
Seat 1: MrGray0924 (button) folded before Flop (didn't bet)
Seat 2: taka736 (small blind) folded before Flop
Seat 3: Mahu2021 (big blind) folded on the Turn
Seat 4: Creedthecreator folded before Flop (didn't bet)
Seat 5: 50´s Ghost folded before Flop (didn't bet)
Seat 6: Bur1k collected ($1.10)



PokerStars Zoom Hand #254717280766:  Hold'em No Limit ($0.05/$0.10) - 2025/02/05 12:48:28 CET [2025/02/05 6:48:28 ET]
Table 'Aludra' 6-max Seat #1 is the button
Seat 1: Bowlestown ($11.53 in chips) 
Seat 2: mittl11 ($20.03 in chips) 
Seat 3: Bur1k ($6.13 in chips) 
Seat 4: grunge&punk ($17.66 in chips) 
Seat 5: Mahu2021 ($8.79 in chips) 
Seat 6: Shark5Omaha ($10.43 in chips) 
mittl11: posts small blind $0.05
Bur1k: posts big blind $0.10
*** HOLE CARDS ***
Dealt to Mahu2021 [Kh 3d]
grunge&punk: folds 
Mahu2021: folds 
Shark5Omaha: folds 
Bowlestown: folds 
mittl11: folds 
Uncalled bet ($0.05) returned to Bur1k
Bur1k collected $0.10 from pot
Bur1k: doesn't show hand 
*** SUMMARY ***
Total pot $0.10 | Rake $0 
Seat 1: Bowlestown (button) folded before Flop (didn't bet)
Seat 2: mittl11 (small blind) folded before Flop
Seat 3: Bur1k (big blind) collected ($0.10)
Seat 4: grunge&punk folded before Flop (didn't bet)
Seat 5: Mahu2021 folded before Flop (didn't bet)
Seat 6: Shark5Omaha folded before Flop (didn't bet)



PokerStars Zoom Hand #254717280358:  Hold'em No Limit ($0.05/$0.10) - 2025/02/05 12:48:25 CET [2025/02/05 6:48:25 ET]
Table 'Aludra' 6-max Seat #1 is the button
Seat 1: Mahu2021 ($8.79 in chips) 
Seat 2: pandaman9010 ($9.35 in chips) 
Seat 3: MarkRegen ($13.85 in chips) 
Seat 4: CryptoCronos ($10.38 in chips) 
Seat 5: Bowlestown ($10.58 in chips) 
Seat 6: AlvinoD ($10.10 in chips) 
pandaman9010: posts small blind $0.05
MarkRegen: posts big blind $0.10
*** HOLE CARDS ***
Dealt to Mahu2021 [4h Jc]
CryptoCronos: folds 
Bowlestown: folds 
AlvinoD: folds 
Mahu2021: folds 
pandaman9010: folds 
Uncalled bet ($0.05) returned to MarkRegen
MarkRegen collected $0.10 from pot
MarkRegen: doesn't show hand 
*** SUMMARY ***
Total pot $0.10 | Rake $0 
Seat 1: Mahu2021 (button) folded before Flop (didn't bet)
Seat 2: pandaman9010 (small blind) folded before Flop
Seat 3: MarkRegen (big blind) collected ($0.10)
Seat 4: CryptoCronos folded before Flop (didn't bet)
Seat 5: Bowlestown folded before Flop (didn't bet)
Seat 6: AlvinoD folded before Flop (didn't bet)



PokerStars Zoom Hand #254717281400:  Hold'em No Limit ($0.05/$0.10) - 2025/02/05 12:48:33 CET [2025/02/05 6:48:33 ET]
Table 'Aludra' 6-max Seat #1 is the button
Seat 1: garimegane ($10.63 in chips) 
Seat 2: mexxxy_90 ($10.41 in chips) 
Seat 3: Mahu2021 ($8.79 in chips) 
Seat 4: 50´s Ghost ($22.69 in chips) 
Seat 5: grunge&punk ($17.66 in chips) 
Seat 6: Uksifej ($16.77 in chips) 
mexxxy_90: posts small blind $0.05
Mahu2021: posts big blind $0.10
*** HOLE CARDS ***
Dealt to Mahu2021 [4s Qc]
50´s Ghost: raises $0.15 to $0.25
grunge&punk: folds 
Uksifej: folds 
garimegane: folds 
mexxxy_90: folds 
Mahu2021: folds 
Uncalled bet ($0.15) returned to 50´s Ghost
50´s Ghost collected $0.25 from pot
50´s Ghost: doesn't show hand 
*** SUMMARY ***
Total pot $0.25 | Rake $0 
Seat 1: garimegane (button) folded before Flop (didn't bet)
Seat 2: mexxxy_90 (small blind) folded before Flop
Seat 3: Mahu2021 (big blind) folded before Flop
Seat 4: 50´s Ghost collected ($0.25)
Seat 5: grunge&punk folded before Flop (didn't bet)
Seat 6: Uksifej folded before Flop (didn't bet)



PokerStars Zoom Hand #254717279678:  Hold'em No Limit ($0.05/$0.10) - 2025/02/05 12:48:20 CET [2025/02/05 6:48:20 ET]
Table 'Aludra' 6-max Seat #1 is the button
Seat 1: 50´s Ghost ($11.49 in chips) 
Seat 2: todd17800 ($15.96 in chips) 
Seat 3: kgeri10 ($5.14 in chips) 
Seat 4: munchh4usen ($14.28 in chips) 
Seat 5: bigS01 ($10.66 in chips) 
Seat 6: Mahu2021 ($8.79 in chips) 
todd17800: posts small blind $0.05
kgeri10: posts big blind $0.10
*** HOLE CARDS ***
Dealt to Mahu2021 [8c 7h]
munchh4usen: folds 
bigS01: folds 
Mahu2021: folds 
50´s Ghost: raises $0.10 to $0.20
todd17800: raises $0.60 to $0.80
kgeri10: folds 
50´s Ghost: folds 
Uncalled bet ($0.60) returned to todd17800
todd17800 collected $0.50 from pot
todd17800: doesn't show hand 
*** SUMMARY ***
Total pot $0.50 | Rake $0 
Seat 1: 50´s Ghost (button) folded before Flop
Seat 2: todd17800 (small blind) collected ($0.50)
Seat 3: kgeri10 (big blind) folded before Flop
Seat 4: munchh4usen folded before Flop (didn't bet)
Seat 5: bigS01 folded before Flop (didn't bet)
Seat 6: Mahu2021 folded before Flop (didn't bet)



PokerStars Zoom Hand #254717282871:  Hold'em No Limit ($0.05/$0.10) - 2025/02/05 12:48:44 CET [2025/02/05 6:48:44 ET]
Table 'Aludra' 6-max Seat #1 is the button
Seat 1: MeniosS98 ($34.40 in chips) 
Seat 2: Mahu2021 ($8.69 in chips) 
Seat 3: Tooloop ($10 in chips) 
Seat 4: swalley9999 ($12.28 in chips) 
Seat 5: hiding.by ($10.15 in chips) 
Seat 6: garimegane ($10.63 in chips) 
Mahu2021: posts small blind $0.05
Tooloop: posts big blind $0.10
*** HOLE CARDS ***
Dealt to Mahu2021 [8h 6c]
swalley9999: folds 
hiding.by: folds 
garimegane: raises $0.15 to $0.25
MeniosS98: folds 
Mahu2021: folds 
Tooloop: calls $0.15
*** FLOP *** [7d 4h Kh]
Tooloop: checks 
garimegane: bets $0.27
Tooloop: folds 
Uncalled bet ($0.27) returned to garimegane
garimegane collected $0.53 from pot
garimegane: doesn't show hand 
*** SUMMARY ***
Total pot $0.55 | Rake $0.02 
Board [7d 4h Kh]
Seat 1: MeniosS98 (button) folded before Flop (didn't bet)
Seat 2: Mahu2021 (small blind) folded before Flop
Seat 3: Tooloop (big blind) folded on the Flop
Seat 4: swalley9999 folded before Flop (didn't bet)
Seat 5: hiding.by folded before Flop (didn't bet)
Seat 6: garimegane collected ($0.53)



PokerStars Zoom Hand #254717283399:  Hold'em No Limit ($0.05/$0.10) - 2025/02/05 12:48:48 CET [2025/02/05 6:48:48 ET]
Table 'Aludra' 6-max Seat #1 is the button
Seat 1: killerita67 ($14.23 in chips) 
Seat 2: Bur1k ($5 in chips) 
Seat 3: oocs ($74.14 in chips) 
Seat 4: Mahu2021 ($8.64 in chips) 
Seat 5: AlvinoD ($16.52 in chips) 
Seat 6: langosport ($15.38 in chips) 
Bur1k: posts small blind $0.05
oocs: posts big blind $0.10
*** HOLE CARDS ***
Dealt to Mahu2021 [2h Qd]
Mahu2021: folds 
AlvinoD: folds 
langosport: raises $0.20 to $0.30
killerita67: folds 
Bur1k: folds 
oocs: folds 
Uncalled bet ($0.20) returned to langosport
langosport collected $0.25 from pot
langosport: doesn't show hand 
*** SUMMARY ***
Total pot $0.25 | Rake $0 
Seat 1: killerita67 (button) folded before Flop (didn't bet)
Seat 2: Bur1k (small blind) folded before Flop
Seat 3: oocs (big blind) folded before Flop
Seat 4: Mahu2021 folded before Flop (didn't bet)
Seat 5: AlvinoD folded before Flop (didn't bet)
Seat 6: langosport collected ($0.25)



PokerStars Zoom Hand #254717372748:  Hold'em No Limit ($0.05/$0.10) - 2025/02/05 13:01:06 CET [2025/02/05 7:01:06 ET]
Table 'Aludra' 6-max Seat #1 is the button
Seat 1: I00ns ($5.58 in chips) 
Seat 2: Roma88K ($5.53 in chips) 
Seat 3: iFold72o ($16.36 in chips) 
Seat 4: miu_0716 ($11.85 in chips) 
Seat 5: elhankmoudi 2 ($9.50 in chips) 
Seat 6: Mahu2021 ($8.64 in chips) 
Roma88K: posts small blind $0.05
iFold72o: posts big blind $0.10
*** HOLE CARDS ***
Dealt to Mahu2021 [3c 2d]
miu_0716: folds 
elhankmoudi 2: folds 
Mahu2021: folds 
I00ns: calls $0.10
Roma88K: calls $0.05
iFold72o: checks 
*** FLOP *** [6d 9c 3d]
Roma88K: checks 
iFold72o: bets $0.10
I00ns: raises $0.10 to $0.20
Roma88K: folds 
iFold72o: calls $0.10
*** TURN *** [6d 9c 3d] [5c]
iFold72o: checks 
I00ns: bets $0.20
iFold72o: calls $0.20
*** RIVER *** [6d 9c 3d 5c] [Tc]
iFold72o: checks 
I00ns: bets $0.30
iFold72o: calls $0.30
*** SHOW DOWN ***
I00ns: shows [6h 3h] (two pair, Sixes and Threes)
iFold72o: mucks hand 
I00ns collected $1.62 from pot
*** SUMMARY ***
Total pot $1.70 | Rake $0.08 
Board [6d 9c 3d 5c Tc]
Seat 1: I00ns (button) showed [6h 3h] and won ($1.62) with two pair, Sixes and Threes
Seat 2: Roma88K (small blind) folded on the Flop
Seat 3: iFold72o (big blind) mucked [Qc 3s]
Seat 4: miu_0716 folded before Flop (didn't bet)
Seat 5: elhankmoudi 2 folded before Flop (didn't bet)
Seat 6: Mahu2021 folded before Flop (didn't bet)



PokerStars Zoom Hand #254717373645:  Hold'em No Limit ($0.05/$0.10) - 2025/02/05 13:01:13 CET [2025/02/05 7:01:13 ET]
Table 'Aludra' 6-max Seat #1 is the button
Seat 1: roo198 ($10.05 in chips) 
Seat 2: Poklrll02 ($25.08 in chips) 
Seat 3: AlvinoD ($10.77 in chips) 
Seat 4: sbela23 ($10.92 in chips) 
Seat 5: hiding.by ($17.51 in chips) 
Seat 6: Mahu2021 ($8.64 in chips) 
Poklrll02: posts small blind $0.05
AlvinoD: posts big blind $0.10
*** HOLE CARDS ***
Dealt to Mahu2021 [Kc As]
sbela23: folds 
hiding.by: folds 
Mahu2021: raises $0.13 to $0.23
roo198: folds 
Poklrll02: raises $0.72 to $0.95
AlvinoD: folds 
Mahu2021: calls $0.72
*** FLOP *** [3c Jc Ah]
Poklrll02: bets $0.63
Mahu2021: raises $7.06 to $7.69 and is all-in
Poklrll02: folds 
Uncalled bet ($7.06) returned to Mahu2021
Mahu2021 collected $3.11 from pot
Mahu2021: doesn't show hand 
*** SUMMARY ***
Total pot $3.26 | Rake $0.15 
Board [3c Jc Ah]
Seat 1: roo198 (button) folded before Flop (didn't bet)
Seat 2: Poklrll02 (small blind) folded on the Flop
Seat 3: AlvinoD (big blind) folded before Flop
Seat 4: sbela23 folded before Flop (didn't bet)
Seat 5: hiding.by folded before Flop (didn't bet)
Seat 6: Mahu2021 collected ($3.11)



PokerStars Zoom Hand #254717378560:  Hold'em No Limit ($0.05/$0.10) - 2025/02/05 13:01:51 CET [2025/02/05 7:01:51 ET]
Table 'Aludra' 6-max Seat #1 is the button
Seat 1: Mahu2021 ($10.17 in chips) 
Seat 2: "QOTILL" ($17.04 in chips) 
Seat 3: Georg006830 ($12.93 in chips) 
Seat 4: 8ujn ($9.45 in chips) 
Seat 5: Bowlestown ($10.89 in chips) 
Seat 6: miu_0716 ($10.35 in chips) 
"QOTILL": posts small blind $0.05
Georg006830: posts big blind $0.10
*** HOLE CARDS ***
Dealt to Mahu2021 [8s 6d]
8ujn: folds 
Bowlestown: folds 
miu_0716: folds 
Mahu2021: folds 
"QOTILL": folds 
Uncalled bet ($0.05) returned to Georg006830
Georg006830 collected $0.10 from pot
Georg006830: doesn't show hand 
*** SUMMARY ***
Total pot $0.10 | Rake $0 
Seat 1: Mahu2021 (button) folded before Flop (didn't bet)
Seat 2: "QOTILL" (small blind) folded before Flop
Seat 3: Georg006830 (big blind) collected ($0.10)
Seat 4: 8ujn folded before Flop (didn't bet)
Seat 5: Bowlestown folded before Flop (didn't bet)
Seat 6: miu_0716 folded before Flop (didn't bet)



PokerStars Zoom Hand #254717379772:  Hold'em No Limit ($0.05/$0.10) - 2025/02/05 13:02:00 CET [2025/02/05 7:02:00 ET]
Table 'Aludra' 6-max Seat #1 is the button
Seat 1: roo198 ($10 in chips) 
Seat 2: Mahu2021 ($10.17 in chips) 
Seat 3: miu_0716 ($10.35 in chips) 
Seat 4: fixgear ($12.93 in chips) 
Seat 5: retardonfire ($10.05 in chips) 
Seat 6: jezza71 ($7.69 in chips) 
Mahu2021: posts small blind $0.05
miu_0716: posts big blind $0.10
*** HOLE CARDS ***
Dealt to Mahu2021 [6c Ah]
fixgear: folds 
retardonfire: folds 
jezza71: folds 
roo198: folds 
Mahu2021: raises $0.20 to $0.30
miu_0716: calls $0.20
*** FLOP *** [Jd 3c 6h]
Mahu2021: bets $0.30
miu_0716: folds 
Uncalled bet ($0.30) returned to Mahu2021
Mahu2021 collected $0.57 from pot
Mahu2021: doesn't show hand 
*** SUMMARY ***
Total pot $0.60 | Rake $0.03 
Board [Jd 3c 6h]
Seat 1: roo198 (button) folded before Flop (didn't bet)
Seat 2: Mahu2021 (small blind) collected ($0.57)
Seat 3: miu_0716 (big blind) folded on the Flop
Seat 4: fixgear folded before Flop (didn't bet)
Seat 5: retardonfire folded before Flop (didn't bet)
Seat 6: jezza71 folded before Flop (didn't bet)



PokerStars Zoom Hand #254717383198:  Hold'em No Limit ($0.05/$0.10) - 2025/02/05 13:02:27 CET [2025/02/05 7:02:27 ET]
Table 'Aludra' 6-max Seat #1 is the button
Seat 1: miu_0716 ($10 in chips) 
Seat 2: founder9 ($10.13 in chips) 
Seat 3: Mahu2021 ($10.44 in chips) 
Seat 4: sbela23 ($18.11 in chips) 
Seat 5: iceballantyne ($24.06 in chips) 
Seat 6: todd17800 ($50.79 in chips) 
founder9: posts small blind $0.05
Mahu2021: posts big blind $0.10
*** HOLE CARDS ***
Dealt to Mahu2021 [9s 5h]
sbela23: folds 
iceballantyne: folds 
todd17800: folds 
miu_0716: raises $0.12 to $0.22
founder9: folds 
Mahu2021: calls $0.12
*** FLOP *** [Qs Ts Kc]
Mahu2021: checks 
miu_0716: bets $0.16
Mahu2021: calls $0.16
*** TURN *** [Qs Ts Kc] [6s]
Mahu2021: checks 
miu_0716: checks 
*** RIVER *** [Qs Ts Kc 6s] [6c]
Mahu2021: bets $2
miu_0716: folds 
Uncalled bet ($2) returned to Mahu2021
Mahu2021 collected $0.77 from pot
Mahu2021: doesn't show hand 
*** SUMMARY ***
Total pot $0.81 | Rake $0.04 
Board [Qs Ts Kc 6s 6c]
Seat 1: miu_0716 (button) folded on the River
Seat 2: founder9 (small blind) folded before Flop
Seat 3: Mahu2021 (big blind) collected ($0.77)
Seat 4: sbela23 folded before Flop (didn't bet)
Seat 5: iceballantyne folded before Flop (didn't bet)
Seat 6: todd17800 folded before Flop (didn't bet)



PokerStars Zoom Hand #254717388683:  Hold'em No Limit ($0.05/$0.10) - 2025/02/05 13:03:10 CET [2025/02/05 7:03:10 ET]
Table 'Aludra' 6-max Seat #1 is the button
Seat 1: Roma88K ($8.45 in chips) 
Seat 2: mittl11 ($10 in chips) 
Seat 3: jezza71 ($10 in chips) 
Seat 4: Mahu2021 ($10.83 in chips) 
Seat 5: pandaman9010 ($10.41 in chips) 
Seat 6: berto2030 ($9.85 in chips) 
mittl11: posts small blind $0.05
jezza71: posts big blind $0.10
*** HOLE CARDS ***
Dealt to Mahu2021 [2c Jh]
Mahu2021: folds 
pandaman9010: folds 
berto2030: calls $0.10
Roma88K: calls $0.10
mittl11: calls $0.05
jezza71: checks 
*** FLOP *** [Qh Ac Qs]
mittl11: checks 
jezza71: bets $0.19
berto2030: folds 
Roma88K: folds 
mittl11: folds 
Uncalled bet ($0.19) returned to jezza71
jezza71 collected $0.38 from pot
jezza71: doesn't show hand 
*** SUMMARY ***
Total pot $0.40 | Rake $0.02 
Board [Qh Ac Qs]
Seat 1: Roma88K (button) folded on the Flop
Seat 2: mittl11 (small blind) folded on the Flop
Seat 3: jezza71 (big blind) collected ($0.38)
Seat 4: Mahu2021 folded before Flop (didn't bet)
Seat 5: pandaman9010 folded before Flop (didn't bet)
Seat 6: berto2030 folded on the Flop



PokerStars Zoom Hand #254717389180:  Hold'em No Limit ($0.05/$0.10) - 2025/02/05 13:03:13 CET [2025/02/05 7:03:13 ET]
Table 'Aludra' 6-max Seat #1 is the button
Seat 1: roo198 ($10.05 in chips) 
Seat 2: kesaDasdas ($13.63 in chips) 
Seat 3: sbela23 ($18.26 in chips) 
Seat 4: Mahu2021 ($10.83 in chips) 
Seat 5: TJI6687 ($9.55 in chips) 
Seat 6: AlvinoD ($10 in chips) 
kesaDasdas: posts small blind $0.05
sbela23: posts big blind $0.10
*** HOLE CARDS ***
Dealt to Mahu2021 [5s 2h]
Mahu2021: folds 
TJI6687: folds 
AlvinoD: folds 
roo198: raises $0.20 to $0.30
kesaDasdas: calls $0.25
sbela23: folds 
*** FLOP *** [Th Jh As]
kesaDasdas: bets $0.34
roo198: calls $0.34
*** TURN *** [Th Jh As] [Ah]
kesaDasdas: bets $0.30
roo198: folds 
Uncalled bet ($0.30) returned to kesaDasdas
kesaDasdas collected $1.32 from pot
kesaDasdas: doesn't show hand 
*** SUMMARY ***
Total pot $1.38 | Rake $0.06 
Board [Th Jh As Ah]
Seat 1: roo198 (button) folded on the Turn
Seat 2: kesaDasdas (small blind) collected ($1.32)
Seat 3: sbela23 (big blind) folded before Flop
Seat 4: Mahu2021 folded before Flop (didn't bet)
Seat 5: TJI6687 folded before Flop (didn't bet)
Seat 6: AlvinoD folded before Flop (didn't bet)



PokerStars Zoom Hand #254717388166:  Hold'em No Limit ($0.05/$0.10) - 2025/02/05 13:03:06 CET [2025/02/05 7:03:06 ET]
Table 'Aludra' 6-max Seat #1 is the button
Seat 1: retardonfire ($10.30 in chips) 
Seat 2: Tooloop ($17.07 in chips) 
Seat 3: swalley9999 ($9.97 in chips) 
Seat 4: mrbombpot ($6.84 in chips) 
Seat 5: Mahu2021 ($10.83 in chips) 
Seat 6: bigS01 ($7.26 in chips) 
Tooloop: posts small blind $0.05
swalley9999: posts big blind $0.10
*** HOLE CARDS ***
Dealt to Mahu2021 [8s 3d]
mrbombpot: folds 
Mahu2021: folds 
bigS01: folds 
retardonfire: raises $0.15 to $0.25
Tooloop: folds 
swalley9999: calls $0.15
*** FLOP *** [5h 9s 4s]
swalley9999: checks 
retardonfire: bets $0.27
swalley9999: folds 
Uncalled bet ($0.27) returned to retardonfire
retardonfire collected $0.53 from pot
retardonfire: doesn't show hand 
*** SUMMARY ***
Total pot $0.55 | Rake $0.02 
Board [5h 9s 4s]
Seat 1: retardonfire (button) collected ($0.53)
Seat 2: Tooloop (small blind) folded before Flop
Seat 3: swalley9999 (big blind) folded on the Flop
Seat 4: mrbombpot folded before Flop (didn't bet)
Seat 5: Mahu2021 folded before Flop (didn't bet)
Seat 6: bigS01 folded before Flop (didn't bet)



PokerStars Zoom Hand #254717396140:  Hold'em No Limit ($0.05/$0.10) - 2025/02/05 13:04:07 CET [2025/02/05 7:04:07 ET]
Table 'Aludra' 6-max Seat #1 is the button
Seat 1: Shark5Omaha ($8.48 in chips) 
Seat 2: iFold72o ($10.05 in chips) 
Seat 3: tgshrnb ($9.30 in chips) 
Seat 4: kingkongkk19 ($14.87 in chips) 
Seat 5: Mahu2021 ($10.63 in chips) 
Seat 6: km1883 ($13.29 in chips) 
iFold72o: posts small blind $0.05
tgshrnb: posts big blind $0.10
*** HOLE CARDS ***
Dealt to Mahu2021 [Ad Js]
kingkongkk19: folds 
Mahu2021: raises $0.14 to $0.24
km1883: folds 
Shark5Omaha: folds 
iFold72o: folds 
tgshrnb: raises $0.81 to $1.05
Mahu2021: calls $0.81
*** FLOP *** [9c 3c Ks]
tgshrnb: checks 
Mahu2021: bets $2.05
tgshrnb: folds 
Uncalled bet ($2.05) returned to Mahu2021
Mahu2021 collected $2.05 from pot
Mahu2021: doesn't show hand 
*** SUMMARY ***
Total pot $2.15 | Rake $0.10 
Board [9c 3c Ks]
Seat 1: Shark5Omaha (button) folded before Flop (didn't bet)
Seat 2: iFold72o (small blind) folded before Flop
Seat 3: tgshrnb (big blind) folded on the Flop
Seat 4: kingkongkk19 folded before Flop (didn't bet)
Seat 5: Mahu2021 collected ($2.05)
Seat 6: km1883 folded before Flop (didn't bet)



PokerStars Zoom Hand #254717389607:  Hold'em No Limit ($0.05/$0.10) - 2025/02/05 13:03:17 CET [2025/02/05 7:03:17 ET]
Table 'Aludra' 6-max Seat #1 is the button
Seat 1: Mahu2021 ($10.83 in chips) 
Seat 2: roo198 ($11.23 in chips) 
Seat 3: 50´s Ghost ($13.30 in chips) 
Seat 4: Panknpalta ($6.90 in chips) 
Seat 5: iceballantyne ($24.06 in chips) 
Seat 6: munchh4usen ($15.61 in chips) 
roo198: posts small blind $0.05
50´s Ghost: posts big blind $0.10
*** HOLE CARDS ***
Dealt to Mahu2021 [7c 6s]
Panknpalta: raises $0.10 to $0.20
iceballantyne: folds 
munchh4usen: folds 
Mahu2021: calls $0.20
roo198: folds 
50´s Ghost: calls $0.10
*** FLOP *** [Th 9d Js]
50´s Ghost: checks 
Panknpalta: bets $0.50
Mahu2021: folds 
50´s Ghost: calls $0.50
*** TURN *** [Th 9d Js] [8s]
50´s Ghost: bets $0.79
Panknpalta: calls $0.79
*** RIVER *** [Th 9d Js 8s] [3c]
50´s Ghost: bets $4.20
Panknpalta: calls $4.20
*** SHOW DOWN ***
50´s Ghost: shows [Qc As] (a straight, Eight to Queen)
Panknpalta: mucks hand 
50´s Ghost collected $11.11 from pot
*** SUMMARY ***
Total pot $11.63 | Rake $0.52 
Board [Th 9d Js 8s 3c]
Seat 1: Mahu2021 (button) folded on the Flop
Seat 2: roo198 (small blind) folded before Flop
Seat 3: 50´s Ghost (big blind) showed [Qc As] and won ($11.11) with a straight, Eight to Queen
Seat 4: Panknpalta mucked [Tc Ts]
Seat 5: iceballantyne folded before Flop (didn't bet)
Seat 6: munchh4usen folded before Flop (didn't bet)



PokerStars Zoom Hand #254717403899:  Hold'em No Limit ($0.05/$0.10) - 2025/02/05 13:05:06 CET [2025/02/05 7:05:06 ET]
Table 'Aludra' 6-max Seat #1 is the button
Seat 1: RoC044 ($6.98 in chips) 
Seat 2: retardonfire ($10 in chips) 
Seat 3: Mahu2021 ($11.58 in chips) 
Seat 4: Baratrum777 ($11.07 in chips) 
Seat 5: N1ceTry3 ($10.37 in chips) 
Seat 6: MarkRegen ($9.75 in chips) 
retardonfire: posts small blind $0.05
Mahu2021: posts big blind $0.10
*** HOLE CARDS ***
Dealt to Mahu2021 [Ah 9d]
Baratrum777: folds 
N1ceTry3: folds 
MarkRegen: folds 
RoC044: folds 
retardonfire: folds 
Uncalled bet ($0.05) returned to Mahu2021
Mahu2021 collected $0.10 from pot
Mahu2021: doesn't show hand 
*** SUMMARY ***
Total pot $0.10 | Rake $0 
Seat 1: RoC044 (button) folded before Flop (didn't bet)
Seat 2: retardonfire (small blind) folded before Flop
Seat 3: Mahu2021 (big blind) collected ($0.10)
Seat 4: Baratrum777 folded before Flop (didn't bet)
Seat 5: N1ceTry3 folded before Flop (didn't bet)
Seat 6: MarkRegen folded before Flop (didn't bet)



PokerStars Zoom Hand #254717405677:  Hold'em No Limit ($0.05/$0.10) - 2025/02/05 13:05:20 CET [2025/02/05 7:05:20 ET]
Table 'Aludra' 6-max Seat #1 is the button
Seat 1: MarkRegen ($9.75 in chips) 
Seat 2: retardonfire ($10.50 in chips) 
Seat 3: I00ns ($6.32 in chips) 
Seat 4: iceballantyne ($17.19 in chips) 
Seat 5: Mahu2021 ($11.63 in chips) 
Seat 6: iFold72o ($12.38 in chips) 
retardonfire: posts small blind $0.05
I00ns: posts big blind $0.10
*** HOLE CARDS ***
Dealt to Mahu2021 [Ad Jh]
iceballantyne: folds 
Mahu2021: raises $0.14 to $0.24
iFold72o: folds 
MarkRegen: folds 
retardonfire: raises $0.86 to $1.10
I00ns: folds 
Mahu2021: folds 
Uncalled bet ($0.86) returned to retardonfire
retardonfire collected $0.58 from pot
retardonfire: doesn't show hand 
*** SUMMARY ***
Total pot $0.58 | Rake $0 
Seat 1: MarkRegen (button) folded before Flop (didn't bet)
Seat 2: retardonfire (small blind) collected ($0.58)
Seat 3: I00ns (big blind) folded before Flop
Seat 4: iceballantyne folded before Flop (didn't bet)
Seat 5: Mahu2021 folded before Flop
Seat 6: iFold72o folded before Flop (didn't bet)



PokerStars Zoom Hand #254717405166:  Hold'em No Limit ($0.05/$0.10) - 2025/02/05 13:05:16 CET [2025/02/05 7:05:16 ET]
Table 'Aludra' 6-max Seat #1 is the button
Seat 1: mrbombpot ($4.83 in chips) 
Seat 2: Tooloop ($10.72 in chips) 
Seat 3: sbela23 ($15.79 in chips) 
Seat 4: ergooss ($6.17 in chips) 
Seat 5: retardonfire ($10 in chips) 
Seat 6: Mahu2021 ($11.63 in chips) 
Tooloop: posts small blind $0.05
sbela23: posts big blind $0.10
*** HOLE CARDS ***
Dealt to Mahu2021 [Kd 6s]
ergooss: raises $0.10 to $0.20
retardonfire: folds 
Mahu2021: folds 
mrbombpot: folds 
Tooloop: folds 
sbela23: raises $0.80 to $1
ergooss: calls $0.80
*** FLOP *** [Td 3d Jd]
sbela23: checks 
ergooss: bets $0.98
sbela23: folds 
Uncalled bet ($0.98) returned to ergooss
ergooss collected $1.96 from pot
ergooss: doesn't show hand 
*** SUMMARY ***
Total pot $2.05 | Rake $0.09 
Board [Td 3d Jd]
Seat 1: mrbombpot (button) folded before Flop (didn't bet)
Seat 2: Tooloop (small blind) folded before Flop
Seat 3: sbela23 (big blind) folded on the Flop
Seat 4: ergooss collected ($1.96)
Seat 5: retardonfire folded before Flop (didn't bet)
Seat 6: Mahu2021 folded before Flop (didn't bet)



PokerStars Zoom Hand #254717407392:  Hold'em No Limit ($0.05/$0.10) - 2025/02/05 13:05:33 CET [2025/02/05 7:05:33 ET]
Table 'Aludra' 6-max Seat #1 is the button
Seat 1: Tooloop ($12.36 in chips) 
Seat 2: Poklrll02 ($22.85 in chips) 
Seat 3: UNKNOWN_x_13 ($7.66 in chips) 
Seat 4: Mahu2021 ($11.39 in chips) 
Seat 5: 50´s Ghost ($18.83 in chips) 
Seat 6: N1ceTry3 ($10 in chips) 
Poklrll02: posts small blind $0.05
UNKNOWN_x_13: posts big blind $0.10
*** HOLE CARDS ***
Dealt to Mahu2021 [4c 5c]
Mahu2021: raises $0.14 to $0.24
50´s Ghost: folds 
N1ceTry3: folds 
Tooloop: calls $0.24
Poklrll02: calls $0.19
UNKNOWN_x_13: calls $0.14
*** FLOP *** [9h 8d 3d]
Poklrll02: checks 
UNKNOWN_x_13: checks 
Mahu2021: checks 
Tooloop: checks 
*** TURN *** [9h 8d 3d] [Qh]
Poklrll02: bets $0.69
UNKNOWN_x_13: folds 
Mahu2021: folds 
Tooloop: folds 
Uncalled bet ($0.69) returned to Poklrll02
Poklrll02 collected $0.92 from pot
Poklrll02: doesn't show hand 
*** SUMMARY ***
Total pot $0.96 | Rake $0.04 
Board [9h 8d 3d Qh]
Seat 1: Tooloop (button) folded on the Turn
Seat 2: Poklrll02 (small blind) collected ($0.92)
Seat 3: UNKNOWN_x_13 (big blind) folded on the Turn
Seat 4: Mahu2021 folded on the Turn
Seat 5: 50´s Ghost folded before Flop (didn't bet)
Seat 6: N1ceTry3 folded before Flop (didn't bet)



PokerStars Zoom Hand #254717411659:  Hold'em No Limit ($0.05/$0.10) - 2025/02/05 13:06:06 CET [2025/02/05 7:06:06 ET]
Table 'Aludra' 6-max Seat #1 is the button
Seat 1: Mahu2021 ($11.15 in chips) 
Seat 2: AlvinoD ($10.97 in chips) 
Seat 3: retardonfire ($10.94 in chips) 
Seat 4: TJI6687 ($9.04 in chips) 
Seat 5: iFold72o ($12.38 in chips) 
Seat 6: Bonditten ($6.19 in chips) 
AlvinoD: posts small blind $0.05
retardonfire: posts big blind $0.10
*** HOLE CARDS ***
Dealt to Mahu2021 [4h Tc]
TJI6687: folds 
iFold72o: folds 
Bonditten: folds 
Mahu2021: folds 
AlvinoD: folds 
Uncalled bet ($0.05) returned to retardonfire
retardonfire collected $0.10 from pot
retardonfire: doesn't show hand 
*** SUMMARY ***
Total pot $0.10 | Rake $0 
Seat 1: Mahu2021 (button) folded before Flop (didn't bet)
Seat 2: AlvinoD (small blind) folded before Flop
Seat 3: retardonfire (big blind) collected ($0.10)
Seat 4: TJI6687 folded before Flop (didn't bet)
Seat 5: iFold72o folded before Flop (didn't bet)
Seat 6: Bonditten folded before Flop (didn't bet)



PokerStars Zoom Hand #254717412239:  Hold'em No Limit ($0.05/$0.10) - 2025/02/05 13:06:11 CET [2025/02/05 7:06:11 ET]
Table 'Aludra' 6-max Seat #1 is the button
Seat 1: iFold72o ($10 in chips) 
Seat 2: retardonfire ($10.66 in chips) 
Seat 3: Mahu2021 ($11.15 in chips) 
Seat 4: pougia777 ($11.45 in chips) 
Seat 5: Bonditten ($6.19 in chips) 
Seat 6: ergooss ($7.13 in chips) 
retardonfire: posts small blind $0.05
Mahu2021: posts big blind $0.10
*** HOLE CARDS ***
Dealt to Mahu2021 [Qd Td]
pougia777: folds 
Bonditten: folds 
ergooss: folds 
iFold72o: folds 
retardonfire: folds 
Uncalled bet ($0.05) returned to Mahu2021
Mahu2021 collected $0.10 from pot
Mahu2021: doesn't show hand 
*** SUMMARY ***
Total pot $0.10 | Rake $0 
Seat 1: iFold72o (button) folded before Flop (didn't bet)
Seat 2: retardonfire (small blind) folded before Flop
Seat 3: Mahu2021 (big blind) collected ($0.10)
Seat 4: pougia777 folded before Flop (didn't bet)
Seat 5: Bonditten folded before Flop (didn't bet)
Seat 6: ergooss folded before Flop (didn't bet)



PokerStars Zoom Hand #254717401719:  Hold'em No Limit ($0.05/$0.10) - 2025/02/05 13:04:50 CET [2025/02/05 7:04:50 ET]
Table 'Aludra' 6-max Seat #1 is the button
Seat 1: retardonfire ($10.18 in chips) 
Seat 2: Mahu2021 ($11.63 in chips) 
Seat 3: Panknpalta ($1.21 in chips) 
Seat 4: 8ujn ($7.43 in chips) 
Seat 5: todd17800 ($44.37 in chips) 
Seat 6: TheVon50 ($11.36 in chips) 
Mahu2021: posts small blind $0.05
Panknpalta: posts big blind $0.10
*** HOLE CARDS ***
Dealt to Mahu2021 [Js Kh]
8ujn: folds 
todd17800: raises $0.10 to $0.20
TheVon50: raises $0.70 to $0.90
retardonfire: folds 
Mahu2021: folds 
Panknpalta: raises $0.31 to $1.21 and is all-in
todd17800: calls $1.01
TheVon50: calls $0.31
*** FLOP *** [7d 2h 6d]
todd17800: checks 
TheVon50: bets $1.05
todd17800: calls $1.05
*** TURN *** [7d 2h 6d] [5h]
todd17800: checks 
TheVon50: checks 
*** RIVER *** [7d 2h 6d 5h] [3c]
todd17800: checks 
TheVon50: checks 
*** SHOW DOWN ***
todd17800: shows [Ad Kc] (high card Ace)
TheVon50: shows [Ks Ac] (high card Ace)
todd17800 collected $1.01 from side pot
TheVon50 collected $1 from side pot
Panknpalta: shows [Jh Jd] (a pair of Jacks)
Panknpalta collected $3.51 from main pot
*** SUMMARY ***
Total pot $5.78 Main pot $3.51. Side pot $2.01. | Rake $0.26 
Board [7d 2h 6d 5h 3c]
Seat 1: retardonfire (button) folded before Flop (didn't bet)
Seat 2: Mahu2021 (small blind) folded before Flop
Seat 3: Panknpalta (big blind) showed [Jh Jd] and won ($3.51) with a pair of Jacks
Seat 4: 8ujn folded before Flop (didn't bet)
Seat 5: todd17800 showed [Ad Kc] and won ($1.01) with high card Ace
Seat 6: TheVon50 showed [Ks Ac] and won ($1) with high card Ace



PokerStars Zoom Hand #254717413345:  Hold'em No Limit ($0.05/$0.10) - 2025/02/05 13:06:19 CET [2025/02/05 7:06:19 ET]
Table 'Aludra' 6-max Seat #1 is the button
Seat 1: "QOTILL" ($15.91 in chips) 
Seat 2: Mahu2021 ($11.20 in chips) 
Seat 3: todd17800 ($43.12 in chips) 
Seat 4: Panknpalta ($3.51 in chips) 
Seat 5: iFold72o ($10 in chips) 
Seat 6: retardonfire ($10.61 in chips) 
Mahu2021: posts small blind $0.05
todd17800: posts big blind $0.10
*** HOLE CARDS ***
Dealt to Mahu2021 [7d Ts]
Panknpalta: folds 
iFold72o: folds 
retardonfire: folds 
"QOTILL": raises $0.10 to $0.20
Mahu2021: folds 
todd17800: folds 
Uncalled bet ($0.10) returned to "QOTILL"
"QOTILL" collected $0.25 from pot
"QOTILL": doesn't show hand 
*** SUMMARY ***
Total pot $0.25 | Rake $0 
Seat 1: "QOTILL" (button) collected ($0.25)
Seat 2: Mahu2021 (small blind) folded before Flop
Seat 3: todd17800 (big blind) folded before Flop
Seat 4: Panknpalta folded before Flop (didn't bet)
Seat 5: iFold72o folded before Flop (didn't bet)
Seat 6: retardonfire folded before Flop (didn't bet)



PokerStars Zoom Hand #254717414167:  Hold'em No Limit ($0.05/$0.10) - 2025/02/05 13:06:26 CET [2025/02/05 7:06:26 ET]
Table 'Aludra' 6-max Seat #1 is the button
Seat 1: Mahu2021 ($11.15 in chips) 
Seat 2: Tooloop ($10 in chips) 
Seat 3: retardonfire ($10.61 in chips) 
Seat 4: kesaDasdas ($1.15 in chips) 
Seat 5: iFold72o ($17.09 in chips) 
Seat 6: pougia777 ($10 in chips) 
Tooloop: posts small blind $0.05
retardonfire: posts big blind $0.10
*** HOLE CARDS ***
Dealt to Mahu2021 [Ac 6c]
kesaDasdas: folds 
iFold72o: raises $0.11 to $0.21
pougia777: folds 
Mahu2021: calls $0.21
Tooloop: folds 
retardonfire: calls $0.11
*** FLOP *** [Qc Td 3h]
retardonfire: checks 
iFold72o: checks 
Mahu2021: checks 
*** TURN *** [Qc Td 3h] [Tc]
retardonfire: checks 
iFold72o: checks 
Mahu2021: checks 
*** RIVER *** [Qc Td 3h Tc] [3d]
retardonfire: checks 
iFold72o: checks 
Mahu2021: checks 
*** SHOW DOWN ***
retardonfire: shows [5s 4s] (two pair, Tens and Threes)
iFold72o: shows [7d 8d] (two pair, Tens and Threes)
Mahu2021: shows [Ac 6c] (two pair, Tens and Threes - Ace kicker)
Mahu2021 collected $0.65 from pot
*** SUMMARY ***
Total pot $0.68 | Rake $0.03 
Board [Qc Td 3h Tc 3d]
Seat 1: Mahu2021 (button) showed [Ac 6c] and won ($0.65) with two pair, Tens and Threes
Seat 2: Tooloop (small blind) folded before Flop
Seat 3: retardonfire (big blind) showed [5s 4s] and lost with two pair, Tens and Threes
Seat 4: kesaDasdas folded before Flop (didn't bet)
Seat 5: iFold72o showed [7d 8d] and lost with two pair, Tens and Threes
Seat 6: pougia777 folded before Flop (didn't bet)



PokerStars Zoom Hand #254717421122:  Hold'em No Limit ($0.05/$0.10) - 2025/02/05 13:07:19 CET [2025/02/05 7:07:19 ET]
Table 'Aludra' 6-max Seat #1 is the button
Seat 1: Poklrll02 ($31.36 in chips) 
Seat 2: COSIMODO200 ($5.80 in chips) 
Seat 3: iFold72o ($12.68 in chips) 
Seat 4: Mahu2021 ($11.54 in chips) 
Seat 5: sho0506 ($10 in chips) 
Seat 6: LevA1989 ($17.31 in chips) 
COSIMODO200: posts small blind $0.05
iFold72o: posts big blind $0.10
*** HOLE CARDS ***
Dealt to Mahu2021 [Qh 3d]
Mahu2021: folds 
sho0506: folds 
LevA1989: folds 
Poklrll02: folds 
COSIMODO200: calls $0.05
iFold72o: raises $0.30 to $0.40
COSIMODO200: folds 
Uncalled bet ($0.30) returned to iFold72o
iFold72o collected $0.20 from pot
iFold72o: doesn't show hand 
*** SUMMARY ***
Total pot $0.20 | Rake $0 
Seat 1: Poklrll02 (button) folded before Flop (didn't bet)
Seat 2: COSIMODO200 (small blind) folded before Flop
Seat 3: iFold72o (big blind) collected ($0.20)
Seat 4: Mahu2021 folded before Flop (didn't bet)
Seat 5: sho0506 folded before Flop (didn't bet)
Seat 6: LevA1989 folded before Flop (didn't bet)



PokerStars Zoom Hand #254717420140:  Hold'em No Limit ($0.05/$0.10) - 2025/02/05 13:07:11 CET [2025/02/05 7:07:11 ET]
Table 'Aludra' 6-max Seat #1 is the button
Seat 1: sbela23 ($14.54 in chips) 
Seat 2: iceballantyne ($17.24 in chips) 
Seat 3: sinister_mogi ($26.76 in chips) 
Seat 4: LevA1989 ($18.86 in chips) 
Seat 5: COSIMODO200 ($5.80 in chips) 
Seat 6: Mahu2021 ($11.54 in chips) 
iceballantyne: posts small blind $0.05
sinister_mogi: posts big blind $0.10
*** HOLE CARDS ***
Dealt to Mahu2021 [Th 4s]
LevA1989: raises $0.15 to $0.25
COSIMODO200: folds 
Mahu2021: folds 
sbela23: folds 
iceballantyne: folds 
sinister_mogi: folds 
Uncalled bet ($0.15) returned to LevA1989
LevA1989 collected $0.25 from pot
LevA1989: doesn't show hand 
*** SUMMARY ***
Total pot $0.25 | Rake $0 
Seat 1: sbela23 (button) folded before Flop (didn't bet)
Seat 2: iceballantyne (small blind) folded before Flop
Seat 3: sinister_mogi (big blind) folded before Flop
Seat 4: LevA1989 collected ($0.25)
Seat 5: COSIMODO200 folded before Flop (didn't bet)
Seat 6: Mahu2021 folded before Flop (didn't bet)



PokerStars Zoom Hand #254717418840:  Hold'em No Limit ($0.05/$0.10) - 2025/02/05 13:07:01 CET [2025/02/05 7:07:01 ET]
Table 'Aludra' 6-max Seat #1 is the button
Seat 1: retardonfire ($10.40 in chips) 
Seat 2: pougia777 ($10 in chips) 
Seat 3: sho0506 ($10 in chips) 
Seat 4: schraubernr1 ($6.11 in chips) 
Seat 5: Mahu2021 ($11.59 in chips) 
Seat 6: iceballantyne ($22.91 in chips) 
pougia777: posts small blind $0.05
sho0506: posts big blind $0.10
*** HOLE CARDS ***
Dealt to Mahu2021 [5h Th]
schraubernr1: folds 
Mahu2021: folds 
iceballantyne: raises $0.10 to $0.20
retardonfire: folds 
pougia777: calls $0.15
sho0506: folds 
*** FLOP *** [9c Jh Qd]
pougia777: checks 
iceballantyne: bets $0.25
pougia777: folds 
Uncalled bet ($0.25) returned to iceballantyne
iceballantyne collected $0.48 from pot
iceballantyne: doesn't show hand 
*** SUMMARY ***
Total pot $0.50 | Rake $0.02 
Board [9c Jh Qd]
Seat 1: retardonfire (button) folded before Flop (didn't bet)
Seat 2: pougia777 (small blind) folded on the Flop
Seat 3: sho0506 (big blind) folded before Flop
Seat 4: schraubernr1 folded before Flop (didn't bet)
Seat 5: Mahu2021 folded before Flop (didn't bet)
Seat 6: iceballantyne collected ($0.48)



PokerStars Zoom Hand #254717420625:  Hold'em No Limit ($0.05/$0.10) - 2025/02/05 13:07:15 CET [2025/02/05 7:07:15 ET]
Table 'Aludra' 6-max Seat #1 is the button
Seat 1: Ruby8790 ($15.50 in chips) 
Seat 2: Poklrll02 ($10.27 in chips) 
Seat 3: davidfpoker90 ($10 in chips) 
Seat 4: Mahu2021 ($11.54 in chips) 
Seat 5: Tarancher ($5.28 in chips) 
Seat 6: Seum90 ($10 in chips) 
Poklrll02: posts small blind $0.05
davidfpoker90: posts big blind $0.10
*** HOLE CARDS ***
Dealt to Mahu2021 [5d 2h]
Mahu2021: folds 
Tarancher: folds 
Seum90: folds 
Ruby8790: raises $0.12 to $0.22
Poklrll02: folds 
davidfpoker90: raises $0.62 to $0.84
Ruby8790: folds 
Uncalled bet ($0.62) returned to davidfpoker90
davidfpoker90 collected $0.49 from pot
davidfpoker90: doesn't show hand 
*** SUMMARY ***
Total pot $0.49 | Rake $0 
Seat 1: Ruby8790 (button) folded before Flop
Seat 2: Poklrll02 (small blind) folded before Flop
Seat 3: davidfpoker90 (big blind) collected ($0.49)
Seat 4: Mahu2021 folded before Flop (didn't bet)
Seat 5: Tarancher folded before Flop (didn't bet)
Seat 6: Seum90 folded before Flop (didn't bet)



PokerStars Zoom Hand #254717419710:  Hold'em No Limit ($0.05/$0.10) - 2025/02/05 13:07:08 CET [2025/02/05 7:07:08 ET]
Table 'Aludra' 6-max Seat #1 is the button
Seat 1: todd17800 ($43.12 in chips) 
Seat 2: Mahu2021 ($11.59 in chips) 
Seat 3: Poklrll02 ($23.38 in chips) 
Seat 4: "QOTILL" ($16.08 in chips) 
Seat 5: 50´s Ghost ($30.56 in chips) 
Seat 6: iFold72o ($12.68 in chips) 
Mahu2021: posts small blind $0.05
Poklrll02: posts big blind $0.10
*** HOLE CARDS ***
Dealt to Mahu2021 [Kh 3c]
"QOTILL": folds 
50´s Ghost: raises $0.15 to $0.25
iFold72o: folds 
todd17800: folds 
Mahu2021: folds 
Poklrll02: raises $0.85 to $1.10
50´s Ghost: calls $0.85
*** FLOP *** [Ts 4h Jd]
Poklrll02: bets $0.71
50´s Ghost: folds 
Uncalled bet ($0.71) returned to Poklrll02
Poklrll02 collected $2.15 from pot
Poklrll02: doesn't show hand 
*** SUMMARY ***
Total pot $2.25 | Rake $0.10 
Board [Ts 4h Jd]
Seat 1: todd17800 (button) folded before Flop (didn't bet)
Seat 2: Mahu2021 (small blind) folded before Flop
Seat 3: Poklrll02 (big blind) collected ($2.15)
Seat 4: "QOTILL" folded before Flop (didn't bet)
Seat 5: 50´s Ghost folded on the Flop
Seat 6: iFold72o folded before Flop (didn't bet)



PokerStars Zoom Hand #254717421777:  Hold'em No Limit ($0.05/$0.10) - 2025/02/05 13:07:24 CET [2025/02/05 7:07:24 ET]
Table 'Aludra' 6-max Seat #1 is the button
Seat 1: Cristi/Arg ($10 in chips) 
Seat 2: Seum90 ($10 in chips) 
Seat 3: Mahu2021 ($11.54 in chips) 
Seat 4: sho0506 ($10 in chips) 
Seat 5: BlackBear2485 ($19.41 in chips) 
Seat 6: Poklrll02 ($31.36 in chips) 
Seum90: posts small blind $0.05
Mahu2021: posts big blind $0.10
*** HOLE CARDS ***
Dealt to Mahu2021 [Ks Kd]
sho0506: folds 
BlackBear2485: calls $0.10
Poklrll02: folds 
Cristi/Arg: folds 
Seum90: folds 
Mahu2021: raises $0.50 to $0.60
BlackBear2485: calls $0.50
*** FLOP *** [7h 7s 9h]
Mahu2021: bets $10.94 and is all-in
BlackBear2485: folds 
Uncalled bet ($10.94) returned to Mahu2021
Mahu2021 collected $1.19 from pot
Mahu2021: doesn't show hand 
*** SUMMARY ***
Total pot $1.25 | Rake $0.06 
Board [7h 7s 9h]
Seat 1: Cristi/Arg (button) folded before Flop (didn't bet)
Seat 2: Seum90 (small blind) folded before Flop
Seat 3: Mahu2021 (big blind) collected ($1.19)
Seat 4: sho0506 folded before Flop (didn't bet)
Seat 5: BlackBear2485 folded on the Flop
Seat 6: Poklrll02 folded before Flop (didn't bet)



PokerStars Zoom Hand #254717425159:  Hold'em No Limit ($0.05/$0.10) - 2025/02/05 13:07:49 CET [2025/02/05 7:07:49 ET]
Table 'Aludra' 6-max Seat #1 is the button
Seat 1: Mahu2021 ($12.13 in chips) 
Seat 2: MaeBolada ($10.05 in chips) 
Seat 3: arumlill ($6.85 in chips) 
Seat 4: mrbombpot ($4.85 in chips) 
Seat 5: Bowlestown ($11.10 in chips) 
Seat 6: Poklrll02 ($10.46 in chips) 
MaeBolada: posts small blind $0.05
arumlill: posts big blind $0.10
*** HOLE CARDS ***
Dealt to Mahu2021 [Jd Th]
mrbombpot: folds 
Bowlestown: folds 
Poklrll02: raises $0.15 to $0.25
Mahu2021: calls $0.25
MaeBolada: folds 
arumlill: folds 
*** FLOP *** [5c 5s Kh]
Poklrll02: bets $0.20
Mahu2021: folds 
Uncalled bet ($0.20) returned to Poklrll02
Poklrll02 collected $0.62 from pot
Poklrll02: doesn't show hand 
*** SUMMARY ***
Total pot $0.65 | Rake $0.03 
Board [5c 5s Kh]
Seat 1: Mahu2021 (button) folded on the Flop
Seat 2: MaeBolada (small blind) folded before Flop
Seat 3: arumlill (big blind) folded before Flop
Seat 4: mrbombpot folded before Flop (didn't bet)
Seat 5: Bowlestown folded before Flop (didn't bet)
Seat 6: Poklrll02 collected ($0.62)



PokerStars Zoom Hand #254717427544:  Hold'em No Limit ($0.05/$0.10) - 2025/02/05 13:08:07 CET [2025/02/05 7:08:07 ET]
Table 'Aludra' 6-max Seat #1 is the button
Seat 1: kesaDasdas ($4.90 in chips) 
Seat 2: MarkRegen ($10.03 in chips) 
Seat 3: Bowlestown ($10.05 in chips) 
Seat 4: iceballantyne ($18.10 in chips) 
Seat 5: Roma88K ($12.54 in chips) 
Seat 6: Mahu2021 ($11.88 in chips) 
MarkRegen: posts small blind $0.05
Bowlestown: posts big blind $0.10
*** HOLE CARDS ***
Dealt to Mahu2021 [3c Th]
iceballantyne: folds 
Roma88K: folds 
Mahu2021: folds 
kesaDasdas: folds 
MarkRegen: folds 
Uncalled bet ($0.05) returned to Bowlestown
Bowlestown collected $0.10 from pot
Bowlestown: doesn't show hand 
*** SUMMARY ***
Total pot $0.10 | Rake $0 
Seat 1: kesaDasdas (button) folded before Flop (didn't bet)
Seat 2: MarkRegen (small blind) folded before Flop
Seat 3: Bowlestown (big blind) collected ($0.10)
Seat 4: iceballantyne folded before Flop (didn't bet)
Seat 5: Roma88K folded before Flop (didn't bet)
Seat 6: Mahu2021 folded before Flop (didn't bet)



PokerStars Zoom Hand #254717428179:  Hold'em No Limit ($0.05/$0.10) - 2025/02/05 13:08:12 CET [2025/02/05 7:08:12 ET]
Table 'Aludra' 6-max Seat #1 is the button
Seat 1: Tooloop ($10 in chips) 
Seat 2: kesaDasdas ($4.90 in chips) 
Seat 3: Mahu2021 ($11.88 in chips) 
Seat 4: retardonfire ($10.62 in chips) 
Seat 5: Tarancher ($5.56 in chips) 
Seat 6: MarkRegen ($9.98 in chips) 
kesaDasdas: posts small blind $0.05
Mahu2021: posts big blind $0.10
*** HOLE CARDS ***
Dealt to Mahu2021 [Td 3c]
retardonfire: folds 
Tarancher: folds 
MarkRegen: folds 
Tooloop: folds 
kesaDasdas: folds 
Uncalled bet ($0.05) returned to Mahu2021
Mahu2021 collected $0.10 from pot
Mahu2021: doesn't show hand 
*** SUMMARY ***
Total pot $0.10 | Rake $0 
Seat 1: Tooloop (button) folded before Flop (didn't bet)
Seat 2: kesaDasdas (small blind) folded before Flop
Seat 3: Mahu2021 (big blind) collected ($0.10)
Seat 4: retardonfire folded before Flop (didn't bet)
Seat 5: Tarancher folded before Flop (didn't bet)
Seat 6: MarkRegen folded before Flop (didn't bet)



PokerStars Zoom Hand #254717429236:  Hold'em No Limit ($0.05/$0.10) - 2025/02/05 13:08:20 CET [2025/02/05 7:08:20 ET]
Table 'Aludra' 6-max Seat #1 is the button
Seat 1: uriboo ($9.40 in chips) 
Seat 2: Mahu2021 ($11.93 in chips) 
Seat 3: Tooloop ($10 in chips) 
Seat 4: Bowlestown ($14.07 in chips) 
Seat 5: Poklrll02 ($10 in chips) 
Seat 6: AlvinoD ($18.78 in chips) 
Mahu2021: posts small blind $0.05
Tooloop: posts big blind $0.10
*** HOLE CARDS ***
Dealt to Mahu2021 [Kh Qc]
Bowlestown: folds 
Poklrll02: folds 
AlvinoD: folds 
uriboo: folds 
Mahu2021: raises $0.20 to $0.30
Tooloop: folds 
Uncalled bet ($0.20) returned to Mahu2021
Mahu2021 collected $0.20 from pot
Mahu2021: doesn't show hand 
*** SUMMARY ***
Total pot $0.20 | Rake $0 
Seat 1: uriboo (button) folded before Flop (didn't bet)
Seat 2: Mahu2021 (small blind) collected ($0.20)
Seat 3: Tooloop (big blind) folded before Flop
Seat 4: Bowlestown folded before Flop (didn't bet)
Seat 5: Poklrll02 folded before Flop (didn't bet)
Seat 6: AlvinoD folded before Flop (didn't bet)



PokerStars Zoom Hand #254717430912:  Hold'em No Limit ($0.05/$0.10) - 2025/02/05 13:08:33 CET [2025/02/05 7:08:33 ET]
Table 'Aludra' 6-max Seat #1 is the button
Seat 1: roo198 ($11.49 in chips) 
Seat 2: davidfpoker90 ($10.51 in chips) 
Seat 3: Poklrll02 ($31.46 in chips) 
Seat 4: fixgear ($15.44 in chips) 
Seat 5: Tooloop ($11.37 in chips) 
Seat 6: Mahu2021 ($12.03 in chips) 
davidfpoker90: posts small blind $0.05
Poklrll02: posts big blind $0.10
*** HOLE CARDS ***
Dealt to Mahu2021 [As Tc]
fixgear: folds 
Tooloop: folds 
Mahu2021: raises $0.14 to $0.24
roo198: folds 
davidfpoker90: folds 
Poklrll02: calls $0.14
*** FLOP *** [4c 9d 3d]
Poklrll02: checks 
Mahu2021: checks 
*** TURN *** [4c 9d 3d] [6d]
Poklrll02: bets $0.40
Mahu2021: folds 
Uncalled bet ($0.40) returned to Poklrll02
Poklrll02 collected $0.51 from pot
Poklrll02: doesn't show hand 
*** SUMMARY ***
Total pot $0.53 | Rake $0.02 
Board [4c 9d 3d 6d]
Seat 1: roo198 (button) folded before Flop (didn't bet)
Seat 2: davidfpoker90 (small blind) folded before Flop
Seat 3: Poklrll02 (big blind) collected ($0.51)
Seat 4: fixgear folded before Flop (didn't bet)
Seat 5: Tooloop folded before Flop (didn't bet)
Seat 6: Mahu2021 folded on the Turn



PokerStars Zoom Hand #254717435739:  Hold'em No Limit ($0.05/$0.10) - 2025/02/05 13:09:10 CET [2025/02/05 7:09:10 ET]
Table 'Aludra' 6-max Seat #1 is the button
Seat 1: Tooloop ($11.02 in chips) 
Seat 2: RoC044 ($6.45 in chips) 
Seat 3: todd17800 ($12.14 in chips) 
Seat 4: Mahu2021 ($11.79 in chips) 
Seat 5: Seum90 ($10.60 in chips) 
Seat 6: Georg006830 ($18.95 in chips) 
RoC044: posts small blind $0.05
todd17800: posts big blind $0.10
*** HOLE CARDS ***
Dealt to Mahu2021 [5c Qc]
Mahu2021: folds 
Seum90: folds 
Georg006830: folds 
Tooloop: raises $0.15 to $0.25
RoC044: folds 
todd17800: folds 
Uncalled bet ($0.15) returned to Tooloop
Tooloop collected $0.25 from pot
Tooloop: doesn't show hand 
*** SUMMARY ***
Total pot $0.25 | Rake $0 
Seat 1: Tooloop (button) collected ($0.25)
Seat 2: RoC044 (small blind) folded before Flop
Seat 3: todd17800 (big blind) folded before Flop
Seat 4: Mahu2021 folded before Flop (didn't bet)
Seat 5: Seum90 folded before Flop (didn't bet)
Seat 6: Georg006830 folded before Flop (didn't bet)



PokerStars Zoom Hand #254717435054:  Hold'em No Limit ($0.05/$0.10) - 2025/02/05 13:09:05 CET [2025/02/05 7:09:05 ET]
Table 'Aludra' 6-max Seat #1 is the button
Seat 1: Mahu2021 ($11.79 in chips) 
Seat 2: retardonfire ($10 in chips) 
Seat 3: Poklrll02 ($10.15 in chips) 
Seat 4: todd17800 ($12.14 in chips) 
Seat 5: Cristi/Arg ($11.45 in chips) 
Seat 6: mrbombpot ($4.75 in chips) 
retardonfire: posts small blind $0.05
Poklrll02: posts big blind $0.10
*** HOLE CARDS ***
Dealt to Mahu2021 [Th 8c]
todd17800: folds 
Cristi/Arg: raises $0.15 to $0.25
mrbombpot: folds 
Mahu2021: folds 
retardonfire: folds 
Poklrll02: folds 
Uncalled bet ($0.15) returned to Cristi/Arg
Cristi/Arg collected $0.25 from pot
Cristi/Arg: doesn't show hand 
*** SUMMARY ***
Total pot $0.25 | Rake $0 
Seat 1: Mahu2021 (button) folded before Flop (didn't bet)
Seat 2: retardonfire (small blind) folded before Flop
Seat 3: Poklrll02 (big blind) folded before Flop
Seat 4: todd17800 folded before Flop (didn't bet)
Seat 5: Cristi/Arg collected ($0.25)
Seat 6: mrbombpot folded before Flop (didn't bet)



PokerStars Zoom Hand #254717434408:  Hold'em No Limit ($0.05/$0.10) - 2025/02/05 13:09:00 CET [2025/02/05 7:09:00 ET]
Table 'Aludra' 6-max Seat #1 is the button
Seat 1: Tooloop ($10.60 in chips) 
Seat 2: iFold72o ($17.05 in chips) 
Seat 3: killerita67 ($17.31 in chips) 
Seat 4: jumeriah 04 ($9.20 in chips) 
Seat 5: Mahu2021 ($11.79 in chips) 
Seat 6: fixgear ($15.34 in chips) 
iFold72o: posts small blind $0.05
killerita67: posts big blind $0.10
*** HOLE CARDS ***
Dealt to Mahu2021 [Js 7c]
jumeriah 04: folds 
Mahu2021: folds 
fixgear: raises $0.18 to $0.28
Tooloop: calls $0.28
iFold72o: folds 
killerita67: folds 
*** FLOP *** [5s 3s 3c]
fixgear: bets $0.19
Tooloop: folds 
Uncalled bet ($0.19) returned to fixgear
fixgear collected $0.68 from pot
fixgear: doesn't show hand 
*** SUMMARY ***
Total pot $0.71 | Rake $0.03 
Board [5s 3s 3c]
Seat 1: Tooloop (button) folded on the Flop
Seat 2: iFold72o (small blind) folded before Flop
Seat 3: killerita67 (big blind) folded before Flop
Seat 4: jumeriah 04 folded before Flop (didn't bet)
Seat 5: Mahu2021 folded before Flop (didn't bet)
Seat 6: fixgear collected ($0.68)



PokerStars Zoom Hand #254717440341:  Hold'em No Limit ($0.05/$0.10) - 2025/02/05 13:09:45 CET [2025/02/05 7:09:45 ET]
Table 'Aludra' 6-max Seat #1 is the button
Seat 1: Roma88K ($11.07 in chips) 
Seat 2: Mahu2021 ($11.54 in chips) 
Seat 3: iceballantyne ($20.14 in chips) 
Seat 4: kesaDasdas ($5.63 in chips) 
Seat 5: Georg006830 ($18.80 in chips) 
Seat 6: uriboo ($7.65 in chips) 
Mahu2021: posts small blind $0.05
iceballantyne: posts big blind $0.10
*** HOLE CARDS ***
Dealt to Mahu2021 [6h Jd]
kesaDasdas: folds 
Georg006830: folds 
uriboo: folds 
Roma88K: folds 
Mahu2021: folds 
Uncalled bet ($0.05) returned to iceballantyne
iceballantyne collected $0.10 from pot
iceballantyne: doesn't show hand 
*** SUMMARY ***
Total pot $0.10 | Rake $0 
Seat 1: Roma88K (button) folded before Flop (didn't bet)
Seat 2: Mahu2021 (small blind) folded before Flop
Seat 3: iceballantyne (big blind) collected ($0.10)
Seat 4: kesaDasdas folded before Flop (didn't bet)
Seat 5: Georg006830 folded before Flop (didn't bet)
Seat 6: uriboo folded before Flop (didn't bet)



PokerStars Zoom Hand #254717436277:  Hold'em No Limit ($0.05/$0.10) - 2025/02/05 13:09:14 CET [2025/02/05 7:09:14 ET]
Table 'Aludra' 6-max Seat #1 is the button
Seat 1: tgshrnb ($10.38 in chips) 
Seat 2: taka736 ($10 in chips) 
Seat 3: mittl11 ($12.67 in chips) 
Seat 4: SamDavies848 ($17.16 in chips) 
Seat 5: Mahu2021 ($11.79 in chips) 
Seat 6: km1883 ($15.69 in chips) 
taka736: posts small blind $0.05
mittl11: posts big blind $0.10
*** HOLE CARDS ***
Dealt to Mahu2021 [7c 6c]
SamDavies848: raises $0.15 to $0.25
Mahu2021: calls $0.25
km1883: folds 
tgshrnb: folds 
taka736: calls $0.20
mittl11: folds 
*** FLOP *** [6h Jd 9d]
taka736: checks 
SamDavies848: checks 
Mahu2021: checks 
*** TURN *** [6h Jd 9d] [9c]
taka736: bets $0.41
SamDavies848: calls $0.41
Mahu2021: folds 
*** RIVER *** [6h Jd 9d 9c] [3c]
taka736: bets $0.80
SamDavies848: folds 
Uncalled bet ($0.80) returned to taka736
taka736 collected $1.59 from pot
taka736: doesn't show hand 
*** SUMMARY ***
Total pot $1.67 | Rake $0.08 
Board [6h Jd 9d 9c 3c]
Seat 1: tgshrnb (button) folded before Flop (didn't bet)
Seat 2: taka736 (small blind) collected ($1.59)
Seat 3: mittl11 (big blind) folded before Flop
Seat 4: SamDavies848 folded on the River
Seat 5: Mahu2021 folded on the Turn
Seat 6: km1883 folded before Flop (didn't bet)



PokerStars Zoom Hand #254717440834:  Hold'em No Limit ($0.05/$0.10) - 2025/02/05 13:09:49 CET [2025/02/05 7:09:49 ET]
Table 'Aludra' 6-max Seat #1 is the button
Seat 1: kesaDasdas ($5.63 in chips) 
Seat 2: iFold72o ($11.32 in chips) 
Seat 3: Mahu2021 ($11.49 in chips) 
Seat 4: Poklrll02 ($24.71 in chips) 
Seat 5: 8ujn ($9.75 in chips) 
Seat 6: sbela23 ($10.79 in chips) 
iFold72o: posts small blind $0.05
Mahu2021: posts big blind $0.10
*** HOLE CARDS ***
Dealt to Mahu2021 [Js 9c]
Poklrll02: folds 
8ujn: folds 
sbela23: folds 
kesaDasdas: folds 
iFold72o: raises $0.20 to $0.30
Mahu2021: calls $0.20
*** FLOP *** [7c Ah 3h]
iFold72o: bets $0.20
Mahu2021: raises $0.30 to $0.50
iFold72o: folds 
Uncalled bet ($0.30) returned to Mahu2021
Mahu2021 collected $0.96 from pot
Mahu2021: doesn't show hand 
*** SUMMARY ***
Total pot $1 | Rake $0.04 
Board [7c Ah 3h]
Seat 1: kesaDasdas (button) folded before Flop (didn't bet)
Seat 2: iFold72o (small blind) folded on the Flop
Seat 3: Mahu2021 (big blind) collected ($0.96)
Seat 4: Poklrll02 folded before Flop (didn't bet)
Seat 5: 8ujn folded before Flop (didn't bet)
Seat 6: sbela23 folded before Flop (didn't bet)



PokerStars Zoom Hand #254717445625:  Hold'em No Limit ($0.05/$0.10) - 2025/02/05 13:10:25 CET [2025/02/05 7:10:25 ET]
Table 'Aludra' 6-max Seat #1 is the button
Seat 1: Mahu2021 ($11.95 in chips) 
Seat 2: ergooss ($10.66 in chips) 
Seat 3: iFold72o ($13.22 in chips) 
Seat 4: 8ujn ($6.63 in chips) 
Seat 5: davidfpoker90 ($10.61 in chips) 
Seat 6: Bowlestown ($13.42 in chips) 
ergooss: posts small blind $0.05
iFold72o: posts big blind $0.10
*** HOLE CARDS ***
Dealt to Mahu2021 [Ks Kc]
8ujn: folds 
davidfpoker90: raises $0.10 to $0.20
Bowlestown: raises $0.40 to $0.60
Mahu2021: raises $11.35 to $11.95 and is all-in
ergooss: folds 
iFold72o: folds 
davidfpoker90: folds 
Bowlestown: folds 
Uncalled bet ($11.35) returned to Mahu2021
Mahu2021 collected $1.55 from pot
Mahu2021: doesn't show hand 
*** SUMMARY ***
Total pot $1.55 | Rake $0 
Seat 1: Mahu2021 (button) collected ($1.55)
Seat 2: ergooss (small blind) folded before Flop
Seat 3: iFold72o (big blind) folded before Flop
Seat 4: 8ujn folded before Flop (didn't bet)
Seat 5: davidfpoker90 folded before Flop
Seat 6: Bowlestown folded before Flop



PokerStars Zoom Hand #254717443674:  Hold'em No Limit ($0.05/$0.10) - 2025/02/05 13:10:10 CET [2025/02/05 7:10:10 ET]
Table 'Aludra' 6-max Seat #1 is the button
Seat 1: MarkRegen ($7.16 in chips) 
Seat 2: Roma88K ($10.97 in chips) 
Seat 3: pandaman9010 ($9.28 in chips) 
Seat 4: ergooss ($10.76 in chips) 
Seat 5: Mahu2021 ($11.95 in chips) 
Seat 6: retardonfire ($10 in chips) 
Roma88K: posts small blind $0.05
pandaman9010: posts big blind $0.10
*** HOLE CARDS ***
Dealt to Mahu2021 [3c 4d]
ergooss: folds 
Mahu2021: folds 
retardonfire: raises $0.13 to $0.23
MarkRegen: folds 
Roma88K: folds 
pandaman9010: calls $0.13
*** FLOP *** [8d Ts Th]
pandaman9010: checks 
retardonfire: bets $0.25
pandaman9010: calls $0.25
*** TURN *** [8d Ts Th] [9d]
pandaman9010: checks 
retardonfire: checks 
*** RIVER *** [8d Ts Th 9d] [Jh]
pandaman9010: bets $0.40
retardonfire: raises $1.60 to $2
pandaman9010: folds 
Uncalled bet ($1.60) returned to retardonfire
retardonfire collected $1.73 from pot
retardonfire: doesn't show hand 
*** SUMMARY ***
Total pot $1.81 | Rake $0.08 
Board [8d Ts Th 9d Jh]
Seat 1: MarkRegen (button) folded before Flop (didn't bet)
Seat 2: Roma88K (small blind) folded before Flop
Seat 3: pandaman9010 (big blind) folded on the River
Seat 4: ergooss folded before Flop (didn't bet)
Seat 5: Mahu2021 folded before Flop (didn't bet)
Seat 6: retardonfire collected ($1.73)



PokerStars Zoom Hand #254717444592:  Hold'em No Limit ($0.05/$0.10) - 2025/02/05 13:10:17 CET [2025/02/05 7:10:17 ET]
Table 'Aludra' 6-max Seat #1 is the button
Seat 1: davidfpoker90 ($10.61 in chips) 
Seat 2: AlvinoD ($13.15 in chips) 
Seat 3: BlackBear2485 ($14.46 in chips) 
Seat 4: Mahu2021 ($11.95 in chips) 
Seat 5: swalley9999 ($13.65 in chips) 
Seat 6: Rickyrihari ($1.49 in chips) 
AlvinoD: posts small blind $0.05
BlackBear2485: posts big blind $0.10
*** HOLE CARDS ***
Dealt to Mahu2021 [3s 5c]
Mahu2021: folds 
swalley9999: folds 
Rickyrihari: raises $0.25 to $0.35
davidfpoker90: folds 
AlvinoD: folds 
BlackBear2485: calls $0.25
*** FLOP *** [Kh Ad Tc]
BlackBear2485: checks 
Rickyrihari: checks 
*** TURN *** [Kh Ad Tc] [7c]
BlackBear2485: checks 
Rickyrihari: bets $0.36
BlackBear2485: calls $0.36
*** RIVER *** [Kh Ad Tc 7c] [4s]
BlackBear2485: checks 
Rickyrihari: bets $0.78 and is all-in
BlackBear2485: folds 
Uncalled bet ($0.78) returned to Rickyrihari
Rickyrihari collected $1.40 from pot
Rickyrihari: doesn't show hand 
*** SUMMARY ***
Total pot $1.47 | Rake $0.07 
Board [Kh Ad Tc 7c 4s]
Seat 1: davidfpoker90 (button) folded before Flop (didn't bet)
Seat 2: AlvinoD (small blind) folded before Flop
Seat 3: BlackBear2485 (big blind) folded on the River
Seat 4: Mahu2021 folded before Flop (didn't bet)
Seat 5: swalley9999 folded before Flop (didn't bet)
Seat 6: Rickyrihari collected ($1.40)



PokerStars Zoom Hand #254717449437:  Hold'em No Limit ($0.05/$0.10) - 2025/02/05 13:10:54 CET [2025/02/05 7:10:54 ET]
Table 'Aludra' 6-max Seat #1 is the button
Seat 1: Tooloop ($16.46 in chips) 
Seat 2: Mahu2021 ($12.90 in chips) 
Seat 3: Poklrll02 ($24.51 in chips) 
Seat 4: AlvinoD ($13.15 in chips) 
Seat 5: sbela23 ($14.94 in chips) 
Seat 6: mittl11 ($12.88 in chips) 
Mahu2021: posts small blind $0.05
Poklrll02: posts big blind $0.10
*** HOLE CARDS ***
Dealt to Mahu2021 [6s 6c]
AlvinoD: folds 
sbela23: folds 
mittl11: folds 
Tooloop: folds 
Mahu2021: raises $0.20 to $0.30
Poklrll02: calls $0.20
*** FLOP *** [Td Kh 8s]
Mahu2021: checks 
Poklrll02: bets $0.19
Mahu2021: calls $0.19
*** TURN *** [Td Kh 8s] [7h]
Mahu2021: checks 
Poklrll02: checks 
*** RIVER *** [Td Kh 8s 7h] [9h]
Mahu2021: bets $0.94
Poklrll02: folds 
Uncalled bet ($0.94) returned to Mahu2021
Mahu2021 collected $0.94 from pot
Mahu2021: doesn't show hand 
*** SUMMARY ***
Total pot $0.98 | Rake $0.04 
Board [Td Kh 8s 7h 9h]
Seat 1: Tooloop (button) folded before Flop (didn't bet)
Seat 2: Mahu2021 (small blind) collected ($0.94)
Seat 3: Poklrll02 (big blind) folded on the River
Seat 4: AlvinoD folded before Flop (didn't bet)
Seat 5: sbela23 folded before Flop (didn't bet)
Seat 6: mittl11 folded before Flop (didn't bet)



PokerStars Zoom Hand #254717455335:  Hold'em No Limit ($0.05/$0.10) - 2025/02/05 13:11:38 CET [2025/02/05 7:11:38 ET]
Table 'Aludra' 6-max Seat #1 is the button
Seat 1: iFold72o ($11.30 in chips) 
Seat 2: SamDavies848 ($17.10 in chips) 
Seat 3: N1ceTry3 ($19.24 in chips) 
Seat 4: Poklrll02 ($11.33 in chips) 
Seat 5: killerita67 ($24.44 in chips) 
Seat 6: Mahu2021 ($13.35 in chips) 
SamDavies848: posts small blind $0.05
N1ceTry3: posts big blind $0.10
*** HOLE CARDS ***
Dealt to Mahu2021 [Js Qs]
Poklrll02: folds 
killerita67: raises $0.10 to $0.20
Mahu2021: calls $0.20
iFold72o: raises $0.65 to $0.85
SamDavies848: folds 
N1ceTry3: folds 
killerita67: folds 
Mahu2021: calls $0.65
*** FLOP *** [7h Jh Th]
Mahu2021: checks 
iFold72o: bets $0.61
Mahu2021: calls $0.61
*** TURN *** [7h Jh Th] [Jd]
Mahu2021: checks 
iFold72o: checks 
*** RIVER *** [7h Jh Th Jd] [Jc]
Mahu2021: bets $1
iFold72o: calls $1
*** SHOW DOWN ***
Mahu2021: shows [Js Qs] (four of a kind, Jacks)
iFold72o: mucks hand 
Mahu2021 collected $5.03 from pot
*** SUMMARY ***
Total pot $5.27 | Rake $0.24 
Board [7h Jh Th Jd Jc]
Seat 1: iFold72o (button) mucked [9c 9d]
Seat 2: SamDavies848 (small blind) folded before Flop
Seat 3: N1ceTry3 (big blind) folded before Flop
Seat 4: Poklrll02 folded before Flop (didn't bet)
Seat 5: killerita67 folded before Flop
Seat 6: Mahu2021 showed [Js Qs] and won ($5.03) with four of a kind, Jacks



PokerStars Zoom Hand #254717462381:  Hold'em No Limit ($0.05/$0.10) - 2025/02/05 13:12:32 CET [2025/02/05 7:12:32 ET]
Table 'Aludra' 6-max Seat #1 is the button
Seat 1: Mahu2021 ($15.92 in chips) 
Seat 2: Poklrll02 ($10.37 in chips) 
Seat 3: Fakasaki ($10.19 in chips) 
Seat 4: iFold72o ($10 in chips) 
Seat 5: COSIMODO200 ($3.51 in chips) 
Seat 6: LevA1989 ($18.01 in chips) 
Poklrll02: posts small blind $0.05
Fakasaki: posts big blind $0.10
*** HOLE CARDS ***
Dealt to Mahu2021 [3h Ah]
iFold72o: folds 
COSIMODO200: calls $0.10
LevA1989: folds 
Mahu2021: calls $0.10
Poklrll02: folds 
Fakasaki: checks 
*** FLOP *** [Jh 5d Jc]
Fakasaki: checks 
COSIMODO200: bets $0.10
Mahu2021: folds 
Fakasaki: folds 
Uncalled bet ($0.10) returned to COSIMODO200
COSIMODO200 collected $0.33 from pot
COSIMODO200: doesn't show hand 
*** SUMMARY ***
Total pot $0.35 | Rake $0.02 
Board [Jh 5d Jc]
Seat 1: Mahu2021 (button) folded on the Flop
Seat 2: Poklrll02 (small blind) folded before Flop
Seat 3: Fakasaki (big blind) folded on the Flop
Seat 4: iFold72o folded before Flop (didn't bet)
Seat 5: COSIMODO200 collected ($0.33)
Seat 6: LevA1989 folded before Flop (didn't bet)



PokerStars Zoom Hand #254717466238:  Hold'em No Limit ($0.05/$0.10) - 2025/02/05 13:13:01 CET [2025/02/05 7:13:01 ET]
Table 'Aludra' 6-max Seat #1 is the button
Seat 1: "QOTILL" ($15.27 in chips) 
Seat 2: N1ceTry3 ($12.85 in chips) 
Seat 3: Mahu2021 ($15.82 in chips) 
Seat 4: AlvinoD ($10.71 in chips) 
Seat 5: retardonfire ($10 in chips) 
Seat 6: Fakasaki ($10 in chips) 
N1ceTry3: posts small blind $0.05
Mahu2021: posts big blind $0.10
*** HOLE CARDS ***
Dealt to Mahu2021 [5s Kd]
AlvinoD: raises $0.12 to $0.22
retardonfire: folds 
Fakasaki: folds 
"QOTILL": folds 
N1ceTry3: folds 
Mahu2021: folds 
Uncalled bet ($0.12) returned to AlvinoD
AlvinoD collected $0.25 from pot
AlvinoD: doesn't show hand 
*** SUMMARY ***
Total pot $0.25 | Rake $0 
Seat 1: "QOTILL" (button) folded before Flop (didn't bet)
Seat 2: N1ceTry3 (small blind) folded before Flop
Seat 3: Mahu2021 (big blind) folded before Flop
Seat 4: AlvinoD collected ($0.25)
Seat 5: retardonfire folded before Flop (didn't bet)
Seat 6: Fakasaki folded before Flop (didn't bet)



PokerStars Zoom Hand #254717467971:  Hold'em No Limit ($0.05/$0.10) - 2025/02/05 13:13:14 CET [2025/02/05 7:13:14 ET]
Table 'Aludra' 6-max Seat #1 is the button
Seat 1: pougia777 ($10.25 in chips) 
Seat 2: AlvinoD ($21.94 in chips) 
Seat 3: iFold72o ($13.90 in chips) 
Seat 4: Mahu2021 ($15.72 in chips) 
Seat 5: TJI6687 ($9.99 in chips) 
Seat 6: putzkedudu ($10 in chips) 
AlvinoD: posts small blind $0.05
iFold72o: posts big blind $0.10
*** HOLE CARDS ***
Dealt to Mahu2021 [4s 7s]
Mahu2021: folds 
TJI6687: folds 
putzkedudu: folds 
pougia777: folds 
AlvinoD: raises $0.20 to $0.30
iFold72o: folds 
Uncalled bet ($0.20) returned to AlvinoD
AlvinoD collected $0.20 from pot
AlvinoD: doesn't show hand 
*** SUMMARY ***
Total pot $0.20 | Rake $0 
Seat 1: pougia777 (button) folded before Flop (didn't bet)
Seat 2: AlvinoD (small blind) collected ($0.20)
Seat 3: iFold72o (big blind) folded before Flop
Seat 4: Mahu2021 folded before Flop (didn't bet)
Seat 5: TJI6687 folded before Flop (didn't bet)
Seat 6: putzkedudu folded before Flop (didn't bet)



PokerStars Zoom Hand #254717468504:  Hold'em No Limit ($0.05/$0.10) - 2025/02/05 13:13:18 CET [2025/02/05 7:13:18 ET]
Table 'Aludra' 6-max Seat #1 is the button
Seat 1: roo198 ($10.50 in chips) 
Seat 2: Rickyrihari ($1.46 in chips) 
Seat 3: 8ujn ($12.86 in chips) 
Seat 4: felipepassos1 ($9.08 in chips) 
Seat 5: pougia777 ($10.25 in chips) 
Seat 6: Mahu2021 ($15.72 in chips) 
Rickyrihari: posts small blind $0.05
8ujn: posts big blind $0.10
*** HOLE CARDS ***
Dealt to Mahu2021 [3s 5s]
felipepassos1: folds 
pougia777: raises $0.15 to $0.25
Mahu2021: folds 
roo198: folds 
Rickyrihari: raises $1.21 to $1.46 and is all-in
8ujn: calls $1.36
pougia777: folds 
*** FLOP *** [Ah Qs 5c]
*** TURN *** [Ah Qs 5c] [9d]
*** RIVER *** [Ah Qs 5c 9d] [Kd]
*** SHOW DOWN ***
Rickyrihari: shows [8s Js] (high card Ace)
8ujn: shows [Ac Jc] (a pair of Aces)
8ujn cashed out the hand for $2.08 | Cash Out Fee $0.04
*** SUMMARY ***
Total pot $3.17 | Rake $0.14 
Board [Ah Qs 5c 9d Kd]
Seat 1: roo198 (button) folded before Flop (didn't bet)
Seat 2: Rickyrihari (small blind) showed [8s Js] and lost with high card Ace
Seat 3: 8ujn (big blind) showed [Ac Jc] and won ($3.03) with a pair of Aces (pot not awarded as player cashed out)
Seat 4: felipepassos1 folded before Flop (didn't bet)
Seat 5: pougia777 folded before Flop
Seat 6: Mahu2021 folded before Flop (didn't bet)



PokerStars Zoom Hand #254717469011:  Hold'em No Limit ($0.05/$0.10) - 2025/02/05 13:13:22 CET [2025/02/05 7:13:22 ET]
Table 'Aludra' 6-max Seat #1 is the button
Seat 1: putzkedudu ($10 in chips) 
Seat 2: Mahu2021 ($15.72 in chips) 
Seat 3: Tooloop ($11.83 in chips) 
Seat 4: retardonfire ($10.43 in chips) 
Seat 5: Roma88K ($9.62 in chips) 
Seat 6: COSIMODO200 ($3.74 in chips) 
Mahu2021: posts small blind $0.05
Tooloop: posts big blind $0.10
*** HOLE CARDS ***
Dealt to Mahu2021 [Jh Td]
retardonfire: folds 
Roma88K: folds 
COSIMODO200: folds 
putzkedudu: raises $0.20 to $0.30
Mahu2021: calls $0.25
Tooloop: folds 
*** FLOP *** [Qd 3h 9d]
Mahu2021: checks 
putzkedudu: bets $0.17
Mahu2021: raises $0.73 to $0.90
putzkedudu: folds 
Uncalled bet ($0.73) returned to Mahu2021
Mahu2021 collected $0.99 from pot
Mahu2021: doesn't show hand 
*** SUMMARY ***
Total pot $1.04 | Rake $0.05 
Board [Qd 3h 9d]
Seat 1: putzkedudu (button) folded on the Flop
Seat 2: Mahu2021 (small blind) collected ($0.99)
Seat 3: Tooloop (big blind) folded before Flop
Seat 4: retardonfire folded before Flop (didn't bet)
Seat 5: Roma88K folded before Flop (didn't bet)
Seat 6: COSIMODO200 folded before Flop (didn't bet)



PokerStars Zoom Hand #254717477080:  Hold'em No Limit ($0.05/$0.10) - 2025/02/05 13:14:24 CET [2025/02/05 7:14:24 ET]
Table 'Aludra' 6-max Seat #1 is the button
Seat 1: LevA1989 ($14.28 in chips) 
Seat 2: Poklrll02 ($23.47 in chips) 
Seat 3: Mahu2021 ($16.24 in chips) 
Seat 4: "QOTILL" ($18.08 in chips) 
Seat 5: Windows 21xp ($10.79 in chips) 
Seat 6: SamDavies848 ($16.76 in chips) 
Poklrll02: posts small blind $0.05
Mahu2021: posts big blind $0.10
*** HOLE CARDS ***
Dealt to Mahu2021 [3s Kc]
"QOTILL": folds 
Windows 21xp: folds 
SamDavies848: folds 
LevA1989: folds 
Poklrll02: raises $0.20 to $0.30
Mahu2021: folds 
Uncalled bet ($0.20) returned to Poklrll02
Poklrll02 collected $0.20 from pot
Poklrll02: doesn't show hand 
*** SUMMARY ***
Total pot $0.20 | Rake $0 
Seat 1: LevA1989 (button) folded before Flop (didn't bet)
Seat 2: Poklrll02 (small blind) collected ($0.20)
Seat 3: Mahu2021 (big blind) folded before Flop
Seat 4: "QOTILL" folded before Flop (didn't bet)
Seat 5: Windows 21xp folded before Flop (didn't bet)
Seat 6: SamDavies848 folded before Flop (didn't bet)



PokerStars Zoom Hand #254717476554:  Hold'em No Limit ($0.05/$0.10) - 2025/02/05 13:14:20 CET [2025/02/05 7:14:20 ET]
Table 'Aludra' 6-max Seat #1 is the button
Seat 1: roo198 ($10.64 in chips) 
Seat 2: todd17800 ($18.22 in chips) 
Seat 3: MarkRegen ($10.17 in chips) 
Seat 4: Tooloop ($11.73 in chips) 
Seat 5: Mahu2021 ($16.24 in chips) 
Seat 6: killerita67 ($23.16 in chips) 
todd17800: posts small blind $0.05
MarkRegen: posts big blind $0.10
*** HOLE CARDS ***
Dealt to Mahu2021 [Tc 8s]
Tooloop: raises $0.15 to $0.25
Mahu2021: folds 
killerita67: folds 
roo198: folds 
todd17800: folds 
MarkRegen: folds 
Uncalled bet ($0.15) returned to Tooloop
Tooloop collected $0.25 from pot
Tooloop: doesn't show hand 
*** SUMMARY ***
Total pot $0.25 | Rake $0 
Seat 1: roo198 (button) folded before Flop (didn't bet)
Seat 2: todd17800 (small blind) folded before Flop
Seat 3: MarkRegen (big blind) folded before Flop
Seat 4: Tooloop collected ($0.25)
Seat 5: Mahu2021 folded before Flop (didn't bet)
Seat 6: killerita67 folded before Flop (didn't bet)



PokerStars Zoom Hand #254717479118:  Hold'em No Limit ($0.05/$0.10) - 2025/02/05 13:14:39 CET [2025/02/05 7:14:39 ET]
Table 'Aludra' 6-max Seat #1 is the button
Seat 1: Cristi/Arg ($10.15 in chips) 
Seat 2: Poklrll02 ($10.07 in chips) 
Seat 3: N1ceTry3 ($14.08 in chips) 
Seat 4: Mahu2021 ($16.14 in chips) 
Seat 5: Georg006830 ($17.32 in chips) 
Seat 6: roo198 ($10.64 in chips) 
Poklrll02: posts small blind $0.05
N1ceTry3: posts big blind $0.10
*** HOLE CARDS ***
Dealt to Mahu2021 [Jd Kh]
Mahu2021: raises $0.14 to $0.24
Georg006830: folds 
roo198: folds 
Cristi/Arg: folds 
Poklrll02: folds 
N1ceTry3: folds 
Uncalled bet ($0.14) returned to Mahu2021
Mahu2021 collected $0.25 from pot
Mahu2021: doesn't show hand 
*** SUMMARY ***
Total pot $0.25 | Rake $0 
Seat 1: Cristi/Arg (button) folded before Flop (didn't bet)
Seat 2: Poklrll02 (small blind) folded before Flop
Seat 3: N1ceTry3 (big blind) folded before Flop
Seat 4: Mahu2021 collected ($0.25)
Seat 5: Georg006830 folded before Flop (didn't bet)
Seat 6: roo198 folded before Flop (didn't bet)



PokerStars Zoom Hand #254717480867:  Hold'em No Limit ($0.05/$0.10) - 2025/02/05 13:14:52 CET [2025/02/05 7:14:52 ET]
Table 'Aludra' 6-max Seat #1 is the button
Seat 1: Mahu2021 ($16.29 in chips) 
Seat 2: "QOTILL" ($17.98 in chips) 
Seat 3: Fakasaki ($10 in chips) 
Seat 4: Poklrll02 ($23.57 in chips) 
Seat 5: gera266 ($9.77 in chips) 
Seat 6: mrbombpot ($11.47 in chips) 
"QOTILL": posts small blind $0.05
Fakasaki: posts big blind $0.10
*** HOLE CARDS ***
Dealt to Mahu2021 [2d Ts]
Poklrll02: folds 
gera266: folds 
mrbombpot: folds 
Mahu2021: folds 
"QOTILL": folds 
Uncalled bet ($0.05) returned to Fakasaki
Fakasaki collected $0.10 from pot
Fakasaki: doesn't show hand 
*** SUMMARY ***
Total pot $0.10 | Rake $0 
Seat 1: Mahu2021 (button) folded before Flop (didn't bet)
Seat 2: "QOTILL" (small blind) folded before Flop
Seat 3: Fakasaki (big blind) collected ($0.10)
Seat 4: Poklrll02 folded before Flop (didn't bet)
Seat 5: gera266 folded before Flop (didn't bet)
Seat 6: mrbombpot folded before Flop (didn't bet)



PokerStars Zoom Hand #254717481497:  Hold'em No Limit ($0.05/$0.10) - 2025/02/05 13:14:57 CET [2025/02/05 7:14:57 ET]
Table 'Aludra' 6-max Seat #1 is the button
Seat 1: MaeBolada ($11.58 in chips) 
Seat 2: N1ceTry3 ($17.31 in chips) 
Seat 3: SamDavies848 ($16.61 in chips) 
Seat 4: Mahu2021 ($16.29 in chips) 
Seat 5: Roma88K ($9.22 in chips) 
Seat 6: uriboo ($9.01 in chips) 
N1ceTry3: posts small blind $0.05
SamDavies848: posts big blind $0.10
*** HOLE CARDS ***
Dealt to Mahu2021 [2h Ad]
Mahu2021: folds 
Roma88K: folds 
uriboo: folds 
MaeBolada: folds 
N1ceTry3: raises $0.20 to $0.30
SamDavies848: folds 
Uncalled bet ($0.20) returned to N1ceTry3
N1ceTry3 collected $0.20 from pot
N1ceTry3: doesn't show hand 
*** SUMMARY ***
Total pot $0.20 | Rake $0 
Seat 1: MaeBolada (button) folded before Flop (didn't bet)
Seat 2: N1ceTry3 (small blind) collected ($0.20)
Seat 3: SamDavies848 (big blind) folded before Flop
Seat 4: Mahu2021 folded before Flop (didn't bet)
Seat 5: Roma88K folded before Flop (didn't bet)
Seat 6: uriboo folded before Flop (didn't bet)



PokerStars Zoom Hand #254717482037:  Hold'em No Limit ($0.05/$0.10) - 2025/02/05 13:15:01 CET [2025/02/05 7:15:01 ET]
Table 'Aludra' 6-max Seat #1 is the button
Seat 1: Roma88K ($9.22 in chips) 
Seat 2: sbela23 ($13.82 in chips) 
Seat 3: Cristi/Arg ($11.82 in chips) 
Seat 4: Tooloop ($10 in chips) 
Seat 5: Mahu2021 ($16.29 in chips) 
Seat 6: AlvinoD ($11.06 in chips) 
sbela23: posts small blind $0.05
Cristi/Arg: posts big blind $0.10
*** HOLE CARDS ***
Dealt to Mahu2021 [5d Js]
Tooloop: folds 
Mahu2021: folds 
AlvinoD: folds 
Roma88K: raises $0.10 to $0.20
sbela23: folds 
Cristi/Arg: calls $0.10
*** FLOP *** [Kd Ks 2d]
Cristi/Arg: checks 
Roma88K: bets $0.20
Cristi/Arg: raises $0.80 to $1
Roma88K: folds 
Uncalled bet ($0.80) returned to Cristi/Arg
Cristi/Arg collected $0.81 from pot
Cristi/Arg: doesn't show hand 
*** SUMMARY ***
Total pot $0.85 | Rake $0.04 
Board [Kd Ks 2d]
Seat 1: Roma88K (button) folded on the Flop
Seat 2: sbela23 (small blind) folded before Flop
Seat 3: Cristi/Arg (big blind) collected ($0.81)
Seat 4: Tooloop folded before Flop (didn't bet)
Seat 5: Mahu2021 folded before Flop (didn't bet)
Seat 6: AlvinoD folded before Flop (didn't bet)



PokerStars Zoom Hand #254717482580:  Hold'em No Limit ($0.05/$0.10) - 2025/02/05 13:15:05 CET [2025/02/05 7:15:05 ET]
Table 'Aludra' 6-max Seat #1 is the button
Seat 1: gera266 ($9.67 in chips) 
Seat 2: Mahu2021 ($16.29 in chips) 
Seat 3: putzkedudu ($11.15 in chips) 
Seat 4: iFold72o ($14.19 in chips) 
Seat 5: mrbombpot ($11.47 in chips) 
Seat 6: AlvinoD ($11.06 in chips) 
Mahu2021: posts small blind $0.05
putzkedudu: posts big blind $0.10
*** HOLE CARDS ***
Dealt to Mahu2021 [5c Ah]
iFold72o: folds 
mrbombpot: folds 
AlvinoD: raises $0.15 to $0.25
gera266: folds 
Mahu2021: calls $0.20
putzkedudu: folds 
*** FLOP *** [Kh 5h 2h]
Mahu2021: checks 
AlvinoD: bets $0.10
Mahu2021: calls $0.10
*** TURN *** [Kh 5h 2h] [4h]
Mahu2021: checks 
AlvinoD: checks 
*** RIVER *** [Kh 5h 2h 4h] [4s]
Mahu2021: bets $0.40
AlvinoD: folds 
Uncalled bet ($0.40) returned to Mahu2021
Mahu2021 collected $0.76 from pot
Mahu2021: doesn't show hand 
*** SUMMARY ***
Total pot $0.80 | Rake $0.04 
Board [Kh 5h 2h 4h 4s]
Seat 1: gera266 (button) folded before Flop (didn't bet)
Seat 2: Mahu2021 (small blind) collected ($0.76)
Seat 3: putzkedudu (big blind) folded before Flop
Seat 4: iFold72o folded before Flop (didn't bet)
Seat 5: mrbombpot folded before Flop (didn't bet)
Seat 6: AlvinoD folded on the River



PokerStars Zoom Hand #254717489288:  Hold'em No Limit ($0.05/$0.10) - 2025/02/05 13:15:56 CET [2025/02/05 7:15:56 ET]
Table 'Aludra' 6-max Seat #1 is the button
Seat 1: LevA1989 ($17.46 in chips) 
Seat 2: swalley9999 ($13.33 in chips) 
Seat 3: MarcosV184 ($6 in chips) 
Seat 4: arumlill ($12.53 in chips) 
Seat 5: Roma88K ($8.87 in chips) 
Seat 6: Mahu2021 ($16.70 in chips) 
swalley9999: posts small blind $0.05
MarcosV184: posts big blind $0.10
*** HOLE CARDS ***
Dealt to Mahu2021 [9d Kh]
arumlill: folds 
Roma88K: folds 
Mahu2021: folds 
LevA1989: folds 
swalley9999: raises $0.20 to $0.30
MarcosV184: folds 
Uncalled bet ($0.20) returned to swalley9999
swalley9999 collected $0.20 from pot
swalley9999: doesn't show hand 
*** SUMMARY ***
Total pot $0.20 | Rake $0 
Seat 1: LevA1989 (button) folded before Flop (didn't bet)
Seat 2: swalley9999 (small blind) collected ($0.20)
Seat 3: MarcosV184 (big blind) folded before Flop
Seat 4: arumlill folded before Flop (didn't bet)
Seat 5: Roma88K folded before Flop (didn't bet)
Seat 6: Mahu2021 folded before Flop (didn't bet)



PokerStars Zoom Hand #254717490227:  Hold'em No Limit ($0.05/$0.10) - 2025/02/05 13:16:03 CET [2025/02/05 7:16:03 ET]
Table 'Aludra' 6-max Seat #1 is the button
Seat 1: Tarancher ($5.61 in chips) 
Seat 2: kingkongkk19 ($17.32 in chips) 
Seat 3: Mahu2021 ($16.70 in chips) 
Seat 4: iFold72o ($10 in chips) 
Seat 5: mrbombpot ($4.42 in chips) 
Seat 6: SamDavies848 ($15.91 in chips) 
kingkongkk19: posts small blind $0.05
Mahu2021: posts big blind $0.10
*** HOLE CARDS ***
Dealt to Mahu2021 [Js 3s]
iFold72o: raises $0.11 to $0.21
mrbombpot: raises $0.57 to $0.78
SamDavies848: folds 
Tarancher: folds 
kingkongkk19: folds 
Mahu2021: folds 
iFold72o: folds 
Uncalled bet ($0.57) returned to mrbombpot
mrbombpot collected $0.57 from pot
mrbombpot: doesn't show hand 
*** SUMMARY ***
Total pot $0.57 | Rake $0 
Seat 1: Tarancher (button) folded before Flop (didn't bet)
Seat 2: kingkongkk19 (small blind) folded before Flop
Seat 3: Mahu2021 (big blind) folded before Flop
Seat 4: iFold72o folded before Flop
Seat 5: mrbombpot collected ($0.57)
Seat 6: SamDavies848 folded before Flop (didn't bet)



PokerStars Zoom Hand #254717491435:  Hold'em No Limit ($0.05/$0.10) - 2025/02/05 13:16:12 CET [2025/02/05 7:16:12 ET]
Table 'Aludra' 6-max Seat #1 is the button
Seat 1: Mahu2021 ($16.60 in chips) 
Seat 2: AlvinoD ($21.24 in chips) 
Seat 3: SamDavies848 ($15.91 in chips) 
Seat 4: 50´s Ghost ($22.51 in chips) 
Seat 5: Windows 21xp ($11.49 in chips) 
Seat 6: swalley9999 ($13.43 in chips) 
AlvinoD: posts small blind $0.05
SamDavies848: posts big blind $0.10
*** HOLE CARDS ***
Dealt to Mahu2021 [6h 8c]
50´s Ghost: folds 
Windows 21xp: folds 
swalley9999: folds 
Mahu2021: folds 
AlvinoD: folds 
Uncalled bet ($0.05) returned to SamDavies848
SamDavies848 collected $0.10 from pot
SamDavies848: doesn't show hand 
*** SUMMARY ***
Total pot $0.10 | Rake $0 
Seat 1: Mahu2021 (button) folded before Flop (didn't bet)
Seat 2: AlvinoD (small blind) folded before Flop
Seat 3: SamDavies848 (big blind) collected ($0.10)
Seat 4: 50´s Ghost folded before Flop (didn't bet)
Seat 5: Windows 21xp folded before Flop (didn't bet)
Seat 6: swalley9999 folded before Flop (didn't bet)



PokerStars Zoom Hand #254717492498:  Hold'em No Limit ($0.05/$0.10) - 2025/02/05 13:16:20 CET [2025/02/05 7:16:20 ET]
Table 'Aludra' 6-max Seat #1 is the button
Seat 1: putzkedudu ($12.36 in chips) 
Seat 2: Tooloop ($20.92 in chips) 
Seat 3: todd17800 ($42.24 in chips) 
Seat 4: LevA1989 ($12.27 in chips) 
Seat 5: Mahu2021 ($16.60 in chips) 
Seat 6: Poklrll02 ($14.16 in chips) 
Tooloop: posts small blind $0.05
todd17800: posts big blind $0.10
*** HOLE CARDS ***
Dealt to Mahu2021 [7d 4c]
LevA1989: raises $0.15 to $0.25
Mahu2021: folds 
Poklrll02: folds 
putzkedudu: folds 
Tooloop: folds 
todd17800: folds 
Uncalled bet ($0.15) returned to LevA1989
LevA1989 collected $0.25 from pot
LevA1989: doesn't show hand 
*** SUMMARY ***
Total pot $0.25 | Rake $0 
Seat 1: putzkedudu (button) folded before Flop (didn't bet)
Seat 2: Tooloop (small blind) folded before Flop
Seat 3: todd17800 (big blind) folded before Flop
Seat 4: LevA1989 collected ($0.25)
Seat 5: Mahu2021 folded before Flop (didn't bet)
Seat 6: Poklrll02 folded before Flop (didn't bet)



