PokerStars Hand #248084196674: Tournament #3696612285, $1.84+$0.16 USD Hold'em No Limit - Level I (10/20) - 2024/01/05 21:00:39 CET [2024/01/05 15:00:39 ET]
Table '3696612285 1' 3-max Seat #1 is the button
Seat 1: Mahu2021 (500 in chips) 
Seat 2: borges0903 (500 in chips) 
Seat 3: lulypau (500 in chips) 
borges0903: posts small blind 10
lulypau: posts big blind 20
*** HOLE CARDS ***
Dealt to Mahu2021 [7c 6d]
Mahu2021: folds 
borges0903: raises 20 to 40
lulypau: calls 20
*** FLOP *** [7s Kd 8h]
borges0903: checks 
lulypau: bets 40
borges0903: calls 40
*** TURN *** [7s Kd 8h] [6c]
borges0903: checks 
lulypau: bets 160
borges0903: folds 
Uncalled bet (160) returned to lulypau
lulypau collected 160 from pot
*** SUMMARY ***
Total pot 160 | Rake 0 
Board [7s Kd 8h 6c]
Seat 1: Mahu2021 (button) folded before Flop (didn't bet)
Seat 2: borges0903 (small blind) folded on the Turn
Seat 3: lulypau (big blind) collected (160)



PokerStars Hand #248084204131: Tournament #3696612285, $1.84+$0.16 USD Hold'em No Limit - Level I (10/20) - 2024/01/05 21:01:05 CET [2024/01/05 15:01:05 ET]
Table '3696612285 1' 3-max Seat #2 is the button
Seat 1: Mahu2021 (500 in chips) 
Seat 2: borges0903 (420 in chips) 
Seat 3: lulypau (580 in chips) 
lulypau: posts small blind 10
Mahu2021: posts big blind 20
*** HOLE CARDS ***
Dealt to Mahu2021 [8h 5c]
borges0903: raises 20 to 40
lulypau: folds 
Mahu2021: calls 20
*** FLOP *** [Ks 6c Qd]
Mahu2021: checks 
borges0903 is disconnected 
borges0903 has timed out while disconnected
borges0903: checks 
*** TURN *** [Ks 6c Qd] [3d]
Mahu2021: bets 20
borges0903 has timed out while disconnected
borges0903: folds 
borges0903 is sitting out
Uncalled bet (20) returned to Mahu2021
Mahu2021 collected 90 from pot
Mahu2021: doesn't show hand 
*** SUMMARY ***
Total pot 90 | Rake 0 
Board [Ks 6c Qd 3d]
Seat 1: Mahu2021 (big blind) collected (90)
Seat 2: borges0903 (button) folded on the Turn
Seat 3: lulypau (small blind) folded before Flop



PokerStars Hand #248084218355: Tournament #3696612285, $1.84+$0.16 USD Hold'em No Limit - Level I (10/20) - 2024/01/05 21:01:49 CET [2024/01/05 15:01:49 ET]
Table '3696612285 1' 3-max Seat #3 is the button
Seat 1: Mahu2021 (550 in chips) 
Seat 2: borges0903 (380 in chips) is sitting out
Seat 3: lulypau (570 in chips) 
Mahu2021: posts small blind 10
borges0903: posts big blind 20
*** HOLE CARDS ***
Dealt to Mahu2021 [5c Ah]
lulypau: raises 20 to 40
Mahu2021: calls 30
borges0903: folds 
*** FLOP *** [Jh 2h Qs]
Mahu2021: checks 
lulypau: bets 50
Mahu2021: folds 
Uncalled bet (50) returned to lulypau
lulypau collected 100 from pot
*** SUMMARY ***
Total pot 100 | Rake 0 
Board [Jh 2h Qs]
Seat 1: Mahu2021 (small blind) folded on the Flop
Seat 2: borges0903 (big blind) folded before Flop
Seat 3: lulypau (button) collected (100)



PokerStars Hand #248084222940: Tournament #3696612285, $1.84+$0.16 USD Hold'em No Limit - Level I (10/20) - 2024/01/05 21:02:02 CET [2024/01/05 15:02:02 ET]
Table '3696612285 1' 3-max Seat #1 is the button
Seat 1: Mahu2021 (510 in chips) 
Seat 2: borges0903 (360 in chips) is sitting out
Seat 3: lulypau (630 in chips) 
borges0903: posts small blind 10
lulypau: posts big blind 20
*** HOLE CARDS ***
Dealt to Mahu2021 [9d 7c]
Mahu2021: folds 
borges0903: folds 
Uncalled bet (10) returned to lulypau
lulypau collected 20 from pot
*** SUMMARY ***
Total pot 20 | Rake 0 
Seat 1: Mahu2021 (button) folded before Flop (didn't bet)
Seat 2: borges0903 (small blind) folded before Flop
Seat 3: lulypau (big blind) collected (20)



PokerStars Hand #248084224434: Tournament #3696612285, $1.84+$0.16 USD Hold'em No Limit - Level I (10/20) - 2024/01/05 21:02:06 CET [2024/01/05 15:02:06 ET]
Table '3696612285 1' 3-max Seat #2 is the button
Seat 1: Mahu2021 (510 in chips) 
Seat 2: borges0903 (350 in chips) is sitting out
Seat 3: lulypau (640 in chips) 
lulypau: posts small blind 10
Mahu2021: posts big blind 20
*** HOLE CARDS ***
Dealt to Mahu2021 [Js 8d]
borges0903: folds 
lulypau: folds 
Uncalled bet (10) returned to Mahu2021
Mahu2021 collected 20 from pot
Mahu2021: doesn't show hand 
*** SUMMARY ***
Total pot 20 | Rake 0 
Seat 1: Mahu2021 (big blind) collected (20)
Seat 2: borges0903 (button) folded before Flop (didn't bet)
Seat 3: lulypau (small blind) folded before Flop



PokerStars Hand #248084225882: Tournament #3696612285, $1.84+$0.16 USD Hold'em No Limit - Level I (10/20) - 2024/01/05 21:02:11 CET [2024/01/05 15:02:11 ET]
Table '3696612285 1' 3-max Seat #3 is the button
Seat 1: Mahu2021 (520 in chips) 
Seat 2: borges0903 (350 in chips) is sitting out
Seat 3: lulypau (630 in chips) 
Mahu2021: posts small blind 10
borges0903: posts big blind 20
*** HOLE CARDS ***
Dealt to Mahu2021 [Ac 5d]
lulypau: folds 
Mahu2021: raises 20 to 40
borges0903: folds 
Uncalled bet (20) returned to Mahu2021
Mahu2021 collected 40 from pot
Mahu2021: doesn't show hand 
*** SUMMARY ***
Total pot 40 | Rake 0 
Seat 1: Mahu2021 (small blind) collected (40)
Seat 2: borges0903 (big blind) folded before Flop
Seat 3: lulypau (button) folded before Flop (didn't bet)



PokerStars Hand #248084227773: Tournament #3696612285, $1.84+$0.16 USD Hold'em No Limit - Level I (10/20) - 2024/01/05 21:02:16 CET [2024/01/05 15:02:16 ET]
Table '3696612285 1' 3-max Seat #1 is the button
Seat 1: Mahu2021 (540 in chips) 
Seat 2: borges0903 (330 in chips) is sitting out
Seat 3: lulypau (630 in chips) 
borges0903: posts small blind 10
lulypau: posts big blind 20
*** HOLE CARDS ***
Dealt to Mahu2021 [Js Kc]
Mahu2021: raises 20 to 40
borges0903: folds 
lulypau: raises 90 to 130
Mahu2021: calls 90
*** FLOP *** [8h Ts Kd]
lulypau: checks 
Mahu2021: bets 410 and is all-in
lulypau: folds 
Uncalled bet (410) returned to Mahu2021
Mahu2021 collected 270 from pot
Mahu2021: doesn't show hand 
*** SUMMARY ***
Total pot 270 | Rake 0 
Board [8h Ts Kd]
Seat 1: Mahu2021 (button) collected (270)
Seat 2: borges0903 (small blind) folded before Flop
Seat 3: lulypau (big blind) folded on the Flop



PokerStars Hand #248084235579: Tournament #3696612285, $1.84+$0.16 USD Hold'em No Limit - Level I (10/20) - 2024/01/05 21:02:36 CET [2024/01/05 15:02:36 ET]
Table '3696612285 1' 3-max Seat #2 is the button
Seat 1: Mahu2021 (680 in chips) 
Seat 2: borges0903 (320 in chips) is sitting out
Seat 3: lulypau (500 in chips) 
lulypau: posts small blind 10
Mahu2021: posts big blind 20
*** HOLE CARDS ***
Dealt to Mahu2021 [5d 5h]
borges0903: folds 
lulypau: folds 
Uncalled bet (10) returned to Mahu2021
Mahu2021 collected 20 from pot
Mahu2021: doesn't show hand 
*** SUMMARY ***
Total pot 20 | Rake 0 
Seat 1: Mahu2021 (big blind) collected (20)
Seat 2: borges0903 (button) folded before Flop (didn't bet)
Seat 3: lulypau (small blind) folded before Flop



PokerStars Hand #248084238077: Tournament #3696612285, $1.84+$0.16 USD Hold'em No Limit - Level I (10/20) - 2024/01/05 21:02:42 CET [2024/01/05 15:02:42 ET]
Table '3696612285 1' 3-max Seat #3 is the button
Seat 1: Mahu2021 (690 in chips) 
Seat 2: borges0903 (320 in chips) is sitting out
Seat 3: lulypau (490 in chips) 
Mahu2021: posts small blind 10
borges0903: posts big blind 20
*** HOLE CARDS ***
Dealt to Mahu2021 [3s 2c]
borges0903 is disconnected 
lulypau: raises 20 to 40
borges0903 has returned
Mahu2021: calls 30
borges0903: folds 
*** FLOP *** [6s Qh 4s]
Mahu2021: checks 
lulypau: bets 50
Mahu2021: folds 
Uncalled bet (50) returned to lulypau
lulypau collected 100 from pot
*** SUMMARY ***
Total pot 100 | Rake 0 
Board [6s Qh 4s]
Seat 1: Mahu2021 (small blind) folded on the Flop
Seat 2: borges0903 (big blind) folded before Flop
Seat 3: lulypau (button) collected (100)



PokerStars Hand #248084243032: Tournament #3696612285, $1.84+$0.16 USD Hold'em No Limit - Level I (10/20) - 2024/01/05 21:02:56 CET [2024/01/05 15:02:56 ET]
Table '3696612285 1' 3-max Seat #1 is the button
Seat 1: Mahu2021 (650 in chips) 
Seat 2: borges0903 (300 in chips) 
Seat 3: lulypau (550 in chips) 
borges0903: posts small blind 10
lulypau: posts big blind 20
*** HOLE CARDS ***
Dealt to Mahu2021 [6s Ah]
Mahu2021: folds 
borges0903: folds 
Uncalled bet (10) returned to lulypau
lulypau collected 20 from pot
*** SUMMARY ***
Total pot 20 | Rake 0 
Seat 1: Mahu2021 (button) folded before Flop (didn't bet)
Seat 2: borges0903 (small blind) folded before Flop
Seat 3: lulypau (big blind) collected (20)



PokerStars Hand #248084245565: Tournament #3696612285, $1.84+$0.16 USD Hold'em No Limit - Level I (10/20) - 2024/01/05 21:03:02 CET [2024/01/05 15:03:02 ET]
Table '3696612285 1' 3-max Seat #2 is the button
Seat 1: Mahu2021 (650 in chips) 
Seat 2: borges0903 (290 in chips) 
Seat 3: lulypau (560 in chips) 
lulypau: posts small blind 10
Mahu2021: posts big blind 20
*** HOLE CARDS ***
Dealt to Mahu2021 [Ts As]
borges0903: folds 
lulypau: raises 20 to 40
Mahu2021: calls 20
*** FLOP *** [3d 3s 6h]
lulypau: checks 
Mahu2021: checks 
*** TURN *** [3d 3s 6h] [Ad]
lulypau: checks 
Mahu2021: bets 40
lulypau: calls 40
*** RIVER *** [3d 3s 6h Ad] [Qh]
lulypau: checks 
Mahu2021: checks 
*** SHOW DOWN ***
lulypau: shows [8c Ac] (two pair, Aces and Threes)
Mahu2021: shows [Ts As] (two pair, Aces and Threes)
lulypau collected 80 from pot
Mahu2021 collected 80 from pot
*** SUMMARY ***
Total pot 160 | Rake 0 
Board [3d 3s 6h Ad Qh]
Seat 1: Mahu2021 (big blind) showed [Ts As] and won (80) with two pair, Aces and Threes
Seat 2: borges0903 (button) folded before Flop (didn't bet)
Seat 3: lulypau (small blind) showed [8c Ac] and won (80) with two pair, Aces and Threes



PokerStars Hand #248084254639: Tournament #3696612285, $1.84+$0.16 USD Hold'em No Limit - Level I (10/20) - 2024/01/05 21:03:27 CET [2024/01/05 15:03:27 ET]
Table '3696612285 1' 3-max Seat #3 is the button
Seat 1: Mahu2021 (650 in chips) 
Seat 2: borges0903 (290 in chips) 
Seat 3: lulypau (560 in chips) 
Mahu2021: posts small blind 10
borges0903: posts big blind 20
*** HOLE CARDS ***
Dealt to Mahu2021 [3d 6c]
lulypau: raises 20 to 40
Mahu2021: folds 
borges0903: calls 20
*** FLOP *** [Qh 7h 5s]
borges0903: checks 
lulypau: bets 520 and is all-in
borges0903: calls 250 and is all-in
Uncalled bet (270) returned to lulypau
*** TURN *** [Qh 7h 5s] [7s]
*** RIVER *** [Qh 7h 5s 7s] [Kd]
*** SHOW DOWN ***
borges0903: shows [Qd 2d] (two pair, Queens and Sevens)
lulypau: shows [9c 5c] (two pair, Sevens and Fives)
borges0903 collected 590 from pot
*** SUMMARY ***
Total pot 590 | Rake 0 
Board [Qh 7h 5s 7s Kd]
Seat 1: Mahu2021 (small blind) folded before Flop
Seat 2: borges0903 (big blind) showed [Qd 2d] and won (590) with two pair, Queens and Sevens
Seat 3: lulypau (button) showed [9c 5c] and lost with two pair, Sevens and Fives



PokerStars Hand #248084263835: Tournament #3696612285, $1.84+$0.16 USD Hold'em No Limit - Level II (15/30) - 2024/01/05 21:03:51 CET [2024/01/05 15:03:51 ET]
Table '3696612285 1' 3-max Seat #1 is the button
Seat 1: Mahu2021 (640 in chips) 
Seat 2: borges0903 (590 in chips) 
Seat 3: lulypau (270 in chips) 
borges0903: posts small blind 15
lulypau: posts big blind 30
*** HOLE CARDS ***
Dealt to Mahu2021 [2c Ac]
Mahu2021: calls 30
borges0903: calls 15
lulypau: checks 
*** FLOP *** [5s Th 2s]
borges0903: checks 
lulypau: bets 240 and is all-in
Mahu2021: folds 
borges0903: folds 
Uncalled bet (240) returned to lulypau
lulypau collected 90 from pot
*** SUMMARY ***
Total pot 90 | Rake 0 
Board [5s Th 2s]
Seat 1: Mahu2021 (button) folded on the Flop
Seat 2: borges0903 (small blind) folded on the Flop
Seat 3: lulypau (big blind) collected (90)



PokerStars Hand #248084270272: Tournament #3696612285, $1.84+$0.16 USD Hold'em No Limit - Level II (15/30) - 2024/01/05 21:04:08 CET [2024/01/05 15:04:08 ET]
Table '3696612285 1' 3-max Seat #2 is the button
Seat 1: Mahu2021 (610 in chips) 
Seat 2: borges0903 (560 in chips) 
Seat 3: lulypau (330 in chips) 
lulypau: posts small blind 15
Mahu2021: posts big blind 30
*** HOLE CARDS ***
Dealt to Mahu2021 [2s Jh]
borges0903: raises 530 to 560 and is all-in
lulypau: folds 
Mahu2021: folds 
Uncalled bet (530) returned to borges0903
borges0903 collected 75 from pot
borges0903: doesn't show hand 
*** SUMMARY ***
Total pot 75 | Rake 0 
Seat 1: Mahu2021 (big blind) folded before Flop
Seat 2: borges0903 (button) collected (75)
Seat 3: lulypau (small blind) folded before Flop



PokerStars Hand #248084272830: Tournament #3696612285, $1.84+$0.16 USD Hold'em No Limit - Level II (15/30) - 2024/01/05 21:04:15 CET [2024/01/05 15:04:15 ET]
Table '3696612285 1' 3-max Seat #3 is the button
Seat 1: Mahu2021 (580 in chips) 
Seat 2: borges0903 (605 in chips) 
Seat 3: lulypau (315 in chips) 
Mahu2021: posts small blind 15
borges0903: posts big blind 30
*** HOLE CARDS ***
Dealt to Mahu2021 [6d Qc]
lulypau: folds 
Mahu2021: folds 
Uncalled bet (15) returned to borges0903
borges0903 collected 30 from pot
borges0903: doesn't show hand 
*** SUMMARY ***
Total pot 30 | Rake 0 
Seat 1: Mahu2021 (small blind) folded before Flop
Seat 2: borges0903 (big blind) collected (30)
Seat 3: lulypau (button) folded before Flop (didn't bet)



PokerStars Hand #248084275276: Tournament #3696612285, $1.84+$0.16 USD Hold'em No Limit - Level II (15/30) - 2024/01/05 21:04:21 CET [2024/01/05 15:04:21 ET]
Table '3696612285 1' 3-max Seat #1 is the button
Seat 1: Mahu2021 (565 in chips) 
Seat 2: borges0903 (620 in chips) 
Seat 3: lulypau (315 in chips) 
borges0903: posts small blind 15
lulypau: posts big blind 30
*** HOLE CARDS ***
Dealt to Mahu2021 [2d 4d]
Mahu2021: folds 
borges0903: raises 30 to 60
lulypau: raises 255 to 315 and is all-in
borges0903: folds 
Uncalled bet (255) returned to lulypau
lulypau collected 120 from pot
*** SUMMARY ***
Total pot 120 | Rake 0 
Seat 1: Mahu2021 (button) folded before Flop (didn't bet)
Seat 2: borges0903 (small blind) folded before Flop
Seat 3: lulypau (big blind) collected (120)



PokerStars Hand #248084281313: Tournament #3696612285, $1.84+$0.16 USD Hold'em No Limit - Level II (15/30) - 2024/01/05 21:04:37 CET [2024/01/05 15:04:37 ET]
Table '3696612285 1' 3-max Seat #2 is the button
Seat 1: Mahu2021 (565 in chips) 
Seat 2: borges0903 (560 in chips) 
Seat 3: lulypau (375 in chips) 
lulypau: posts small blind 15
Mahu2021: posts big blind 30
*** HOLE CARDS ***
Dealt to Mahu2021 [Jc 2d]
borges0903: folds 
lulypau: raises 345 to 375 and is all-in
Mahu2021: folds 
Uncalled bet (345) returned to lulypau
lulypau collected 60 from pot
*** SUMMARY ***
Total pot 60 | Rake 0 
Seat 1: Mahu2021 (big blind) folded before Flop
Seat 2: borges0903 (button) folded before Flop (didn't bet)
Seat 3: lulypau (small blind) collected (60)



PokerStars Hand #248084283940: Tournament #3696612285, $1.84+$0.16 USD Hold'em No Limit - Level II (15/30) - 2024/01/05 21:04:44 CET [2024/01/05 15:04:44 ET]
Table '3696612285 1' 3-max Seat #3 is the button
Seat 1: Mahu2021 (535 in chips) 
Seat 2: borges0903 (560 in chips) 
Seat 3: lulypau (405 in chips) 
Mahu2021: posts small blind 15
borges0903: posts big blind 30
*** HOLE CARDS ***
Dealt to Mahu2021 [4s Kh]
lulypau: folds 
Mahu2021: folds 
Uncalled bet (15) returned to borges0903
borges0903 collected 30 from pot
borges0903: doesn't show hand 
*** SUMMARY ***
Total pot 30 | Rake 0 
Seat 1: Mahu2021 (small blind) folded before Flop
Seat 2: borges0903 (big blind) collected (30)
Seat 3: lulypau (button) folded before Flop (didn't bet)



PokerStars Hand #248084286131: Tournament #3696612285, $1.84+$0.16 USD Hold'em No Limit - Level II (15/30) - 2024/01/05 21:04:50 CET [2024/01/05 15:04:50 ET]
Table '3696612285 1' 3-max Seat #1 is the button
Seat 1: Mahu2021 (520 in chips) 
Seat 2: borges0903 (575 in chips) 
Seat 3: lulypau (405 in chips) 
borges0903: posts small blind 15
lulypau: posts big blind 30
*** HOLE CARDS ***
Dealt to Mahu2021 [9d Jc]
Mahu2021: calls 30
borges0903: calls 15
lulypau: checks 
*** FLOP *** [8d 2c 7c]
borges0903: checks 
lulypau: checks 
Mahu2021: checks 
*** TURN *** [8d 2c 7c] [9h]
borges0903: bets 45
lulypau: folds 
Mahu2021: calls 45
*** RIVER *** [8d 2c 7c 9h] [8c]
borges0903: bets 135
Mahu2021: calls 135
*** SHOW DOWN ***
borges0903: shows [8s Kc] (three of a kind, Eights)
Mahu2021: mucks hand 
borges0903 collected 450 from pot
*** SUMMARY ***
Total pot 450 | Rake 0 
Board [8d 2c 7c 9h 8c]
Seat 1: Mahu2021 (button) mucked [9d Jc]
Seat 2: borges0903 (small blind) showed [8s Kc] and won (450) with three of a kind, Eights
Seat 3: lulypau (big blind) folded on the Turn



PokerStars Hand #248084297406: Tournament #3696612285, $1.84+$0.16 USD Hold'em No Limit - Level II (15/30) - 2024/01/05 21:05:18 CET [2024/01/05 15:05:18 ET]
Table '3696612285 1' 3-max Seat #2 is the button
Seat 1: Mahu2021 (310 in chips) 
Seat 2: borges0903 (815 in chips) 
Seat 3: lulypau (375 in chips) 
lulypau: posts small blind 15
Mahu2021: posts big blind 30
*** HOLE CARDS ***
Dealt to Mahu2021 [Ad 9s]
borges0903: raises 30 to 60
lulypau: raises 315 to 375 and is all-in
Mahu2021: folds 
borges0903: folds 
Uncalled bet (315) returned to lulypau
lulypau collected 150 from pot
*** SUMMARY ***
Total pot 150 | Rake 0 
Seat 1: Mahu2021 (big blind) folded before Flop
Seat 2: borges0903 (button) folded before Flop
Seat 3: lulypau (small blind) collected (150)



PokerStars Hand #248084301677: Tournament #3696612285, $1.84+$0.16 USD Hold'em No Limit - Level II (15/30) - 2024/01/05 21:05:28 CET [2024/01/05 15:05:28 ET]
Table '3696612285 1' 3-max Seat #3 is the button
Seat 1: Mahu2021 (280 in chips) 
Seat 2: borges0903 (755 in chips) 
Seat 3: lulypau (465 in chips) 
Mahu2021: posts small blind 15
borges0903: posts big blind 30
*** HOLE CARDS ***
Dealt to Mahu2021 [3c 3s]
lulypau: raises 435 to 465 and is all-in
Mahu2021: calls 265 and is all-in
borges0903: folds 
Uncalled bet (185) returned to lulypau
*** FLOP *** [6s 6c 7c]
*** TURN *** [6s 6c 7c] [5s]
*** RIVER *** [6s 6c 7c 5s] [Kc]
*** SHOW DOWN ***
Mahu2021: shows [3c 3s] (two pair, Sixes and Threes)
lulypau: shows [Jc Ad] (a pair of Sixes)
Mahu2021 collected 590 from pot
*** SUMMARY ***
Total pot 590 | Rake 0 
Board [6s 6c 7c 5s Kc]
Seat 1: Mahu2021 (small blind) showed [3c 3s] and won (590) with two pair, Sixes and Threes
Seat 2: borges0903 (big blind) folded before Flop
Seat 3: lulypau (button) showed [Jc Ad] and lost with a pair of Sixes



PokerStars Hand #248084306946: Tournament #3696612285, $1.84+$0.16 USD Hold'em No Limit - Level II (15/30) - 2024/01/05 21:05:42 CET [2024/01/05 15:05:42 ET]
Table '3696612285 1' 3-max Seat #1 is the button
Seat 1: Mahu2021 (590 in chips) 
Seat 2: borges0903 (725 in chips) 
Seat 3: lulypau (185 in chips) 
borges0903: posts small blind 15
lulypau: posts big blind 30
*** HOLE CARDS ***
Dealt to Mahu2021 [3c Jh]
Mahu2021: folds 
borges0903: folds 
Uncalled bet (15) returned to lulypau
lulypau collected 30 from pot
*** SUMMARY ***
Total pot 30 | Rake 0 
Seat 1: Mahu2021 (button) folded before Flop (didn't bet)
Seat 2: borges0903 (small blind) folded before Flop
Seat 3: lulypau (big blind) collected (30)



PokerStars Hand #248084309463: Tournament #3696612285, $1.84+$0.16 USD Hold'em No Limit - Level II (15/30) - 2024/01/05 21:05:48 CET [2024/01/05 15:05:48 ET]
Table '3696612285 1' 3-max Seat #2 is the button
Seat 1: Mahu2021 (590 in chips) 
Seat 2: borges0903 (710 in chips) 
Seat 3: lulypau (200 in chips) 
lulypau: posts small blind 15
Mahu2021: posts big blind 30
*** HOLE CARDS ***
Dealt to Mahu2021 [3h Ks]
borges0903: folds 
lulypau: folds 
Uncalled bet (15) returned to Mahu2021
Mahu2021 collected 30 from pot
Mahu2021: doesn't show hand 
*** SUMMARY ***
Total pot 30 | Rake 0 
Seat 1: Mahu2021 (big blind) collected (30)
Seat 2: borges0903 (button) folded before Flop (didn't bet)
Seat 3: lulypau (small blind) folded before Flop



PokerStars Hand #248084311423: Tournament #3696612285, $1.84+$0.16 USD Hold'em No Limit - Level II (15/30) - 2024/01/05 21:05:53 CET [2024/01/05 15:05:53 ET]
Table '3696612285 1' 3-max Seat #3 is the button
Seat 1: Mahu2021 (605 in chips) 
Seat 2: borges0903 (710 in chips) 
Seat 3: lulypau (185 in chips) 
Mahu2021: posts small blind 15
borges0903: posts big blind 30
*** HOLE CARDS ***
Dealt to Mahu2021 [Qs 9d]
lulypau: folds 
Mahu2021: calls 15
borges0903: raises 60 to 90
Mahu2021: calls 60
*** FLOP *** [2s Ts Td]
Mahu2021: checks 
borges0903: bets 59
Mahu2021: folds 
Uncalled bet (59) returned to borges0903
borges0903 collected 180 from pot
borges0903: doesn't show hand 
*** SUMMARY ***
Total pot 180 | Rake 0 
Board [2s Ts Td]
Seat 1: Mahu2021 (small blind) folded on the Flop
Seat 2: borges0903 (big blind) collected (180)
Seat 3: lulypau (button) folded before Flop (didn't bet)



PokerStars Hand #248084317509: Tournament #3696612285, $1.84+$0.16 USD Hold'em No Limit - Level II (15/30) - 2024/01/05 21:06:09 CET [2024/01/05 15:06:09 ET]
Table '3696612285 1' 3-max Seat #1 is the button
Seat 1: Mahu2021 (515 in chips) 
Seat 2: borges0903 (800 in chips) 
Seat 3: lulypau (185 in chips) 
borges0903: posts small blind 15
lulypau: posts big blind 30
*** HOLE CARDS ***
Dealt to Mahu2021 [4s 5h]
Mahu2021: folds 
borges0903: raises 770 to 800 and is all-in
lulypau: folds 
Uncalled bet (770) returned to borges0903
borges0903 collected 60 from pot
borges0903: doesn't show hand 
*** SUMMARY ***
Total pot 60 | Rake 0 
Seat 1: Mahu2021 (button) folded before Flop (didn't bet)
Seat 2: borges0903 (small blind) collected (60)
Seat 3: lulypau (big blind) folded before Flop



PokerStars Hand #248084320531: Tournament #3696612285, $1.84+$0.16 USD Hold'em No Limit - Level II (15/30) - 2024/01/05 21:06:16 CET [2024/01/05 15:06:16 ET]
Table '3696612285 1' 3-max Seat #2 is the button
Seat 1: Mahu2021 (515 in chips) 
Seat 2: borges0903 (830 in chips) 
Seat 3: lulypau (155 in chips) 
lulypau: posts small blind 15
Mahu2021: posts big blind 30
*** HOLE CARDS ***
Dealt to Mahu2021 [2s 3s]
borges0903: folds 
lulypau: folds 
Uncalled bet (15) returned to Mahu2021
Mahu2021 collected 30 from pot
Mahu2021: doesn't show hand 
*** SUMMARY ***
Total pot 30 | Rake 0 
Seat 1: Mahu2021 (big blind) collected (30)
Seat 2: borges0903 (button) folded before Flop (didn't bet)
Seat 3: lulypau (small blind) folded before Flop



PokerStars Hand #248084323291: Tournament #3696612285, $1.84+$0.16 USD Hold'em No Limit - Level II (15/30) - 2024/01/05 21:06:23 CET [2024/01/05 15:06:23 ET]
Table '3696612285 1' 3-max Seat #3 is the button
Seat 1: Mahu2021 (530 in chips) 
Seat 2: borges0903 (830 in chips) 
Seat 3: lulypau (140 in chips) 
Mahu2021: posts small blind 15
borges0903: posts big blind 30
*** HOLE CARDS ***
Dealt to Mahu2021 [9s 7s]
lulypau: folds 
Mahu2021: calls 15
borges0903: checks 
*** FLOP *** [2d 5s 4s]
Mahu2021: bets 30
borges0903: calls 30
*** TURN *** [2d 5s 4s] [2c]
Mahu2021: bets 30
borges0903: calls 30
*** RIVER *** [2d 5s 4s 2c] [Kh]
Mahu2021: checks 
borges0903: checks 
*** SHOW DOWN ***
Mahu2021: shows [9s 7s] (a pair of Deuces)
borges0903: shows [4h 3d] (two pair, Fours and Deuces)
borges0903 collected 180 from pot
*** SUMMARY ***
Total pot 180 | Rake 0 
Board [2d 5s 4s 2c Kh]
Seat 1: Mahu2021 (small blind) showed [9s 7s] and lost with a pair of Deuces
Seat 2: borges0903 (big blind) showed [4h 3d] and won (180) with two pair, Fours and Deuces
Seat 3: lulypau (button) folded before Flop (didn't bet)



PokerStars Hand #248084330326: Tournament #3696612285, $1.84+$0.16 USD Hold'em No Limit - Level II (15/30) - 2024/01/05 21:06:40 CET [2024/01/05 15:06:40 ET]
Table '3696612285 1' 3-max Seat #1 is the button
Seat 1: Mahu2021 (440 in chips) 
Seat 2: borges0903 (920 in chips) 
Seat 3: lulypau (140 in chips) 
borges0903: posts small blind 15
lulypau: posts big blind 30
*** HOLE CARDS ***
Dealt to Mahu2021 [6s 6h]
Mahu2021: raises 410 to 440 and is all-in
borges0903: folds 
lulypau: folds 
Uncalled bet (410) returned to Mahu2021
Mahu2021 collected 75 from pot
Mahu2021: doesn't show hand 
*** SUMMARY ***
Total pot 75 | Rake 0 
Seat 1: Mahu2021 (button) collected (75)
Seat 2: borges0903 (small blind) folded before Flop
Seat 3: lulypau (big blind) folded before Flop



PokerStars Hand #248084336838: Tournament #3696612285, $1.84+$0.16 USD Hold'em No Limit - Level III (20/40) - 2024/01/05 21:06:56 CET [2024/01/05 15:06:56 ET]
Table '3696612285 1' 3-max Seat #2 is the button
Seat 1: Mahu2021 (485 in chips) 
Seat 2: borges0903 (905 in chips) 
Seat 3: lulypau (110 in chips) 
lulypau: posts small blind 20
Mahu2021: posts big blind 40
*** HOLE CARDS ***
Dealt to Mahu2021 [7c As]
borges0903: folds 
lulypau: raises 40 to 80
Mahu2021: raises 40 to 120
lulypau: calls 30 and is all-in
Uncalled bet (10) returned to Mahu2021
*** FLOP *** [Jc 3c 8h]
*** TURN *** [Jc 3c 8h] [5s]
*** RIVER *** [Jc 3c 8h 5s] [Kd]
*** SHOW DOWN ***
lulypau: shows [Ks 6s] (a pair of Kings)
Mahu2021: shows [7c As] (high card Ace)
lulypau collected 220 from pot
*** SUMMARY ***
Total pot 220 | Rake 0 
Board [Jc 3c 8h 5s Kd]
Seat 1: Mahu2021 (big blind) showed [7c As] and lost with high card Ace
Seat 2: borges0903 (button) folded before Flop (didn't bet)
Seat 3: lulypau (small blind) showed [Ks 6s] and won (220) with a pair of Kings



PokerStars Hand #248084343551: Tournament #3696612285, $1.84+$0.16 USD Hold'em No Limit - Level III (20/40) - 2024/01/05 21:07:13 CET [2024/01/05 15:07:13 ET]
Table '3696612285 1' 3-max Seat #3 is the button
Seat 1: Mahu2021 (375 in chips) 
Seat 2: borges0903 (905 in chips) 
Seat 3: lulypau (220 in chips) 
Mahu2021: posts small blind 20
borges0903: posts big blind 40
*** HOLE CARDS ***
Dealt to Mahu2021 [7c Ac]
lulypau: raises 180 to 220 and is all-in
Mahu2021: raises 155 to 375 and is all-in
borges0903: folds 
Uncalled bet (155) returned to Mahu2021
*** FLOP *** [9d 6c Td]
*** TURN *** [9d 6c Td] [2h]
*** RIVER *** [9d 6c Td 2h] [Qh]
*** SHOW DOWN ***
Mahu2021: shows [7c Ac] (high card Ace)
lulypau: shows [9c Tc] (two pair, Tens and Nines)
lulypau collected 480 from pot
*** SUMMARY ***
Total pot 480 | Rake 0 
Board [9d 6c Td 2h Qh]
Seat 1: Mahu2021 (small blind) showed [7c Ac] and lost with high card Ace
Seat 2: borges0903 (big blind) folded before Flop
Seat 3: lulypau (button) showed [9c Tc] and won (480) with two pair, Tens and Nines



PokerStars Hand #248084349020: Tournament #3696612285, $1.84+$0.16 USD Hold'em No Limit - Level III (20/40) - 2024/01/05 21:07:26 CET [2024/01/05 15:07:26 ET]
Table '3696612285 1' 3-max Seat #1 is the button
Seat 1: Mahu2021 (155 in chips) 
Seat 2: borges0903 (865 in chips) 
Seat 3: lulypau (480 in chips) 
borges0903: posts small blind 20
lulypau: posts big blind 40
*** HOLE CARDS ***
Dealt to Mahu2021 [6c 8h]
Mahu2021: folds 
borges0903: raises 40 to 80
lulypau: raises 400 to 480 and is all-in
borges0903: folds 
Uncalled bet (400) returned to lulypau
lulypau collected 160 from pot
*** SUMMARY ***
Total pot 160 | Rake 0 
Seat 1: Mahu2021 (button) folded before Flop (didn't bet)
Seat 2: borges0903 (small blind) folded before Flop
Seat 3: lulypau (big blind) collected (160)



PokerStars Hand #248084354274: Tournament #3696612285, $1.84+$0.16 USD Hold'em No Limit - Level III (20/40) - 2024/01/05 21:07:39 CET [2024/01/05 15:07:39 ET]
Table '3696612285 1' 3-max Seat #2 is the button
Seat 1: Mahu2021 (155 in chips) 
Seat 2: borges0903 (785 in chips) 
Seat 3: lulypau (560 in chips) 
lulypau: posts small blind 20
Mahu2021: posts big blind 40
*** HOLE CARDS ***
Dealt to Mahu2021 [Td 3d]
borges0903: folds 
lulypau: folds 
Uncalled bet (20) returned to Mahu2021
Mahu2021 collected 40 from pot
Mahu2021: doesn't show hand 
*** SUMMARY ***
Total pot 40 | Rake 0 
Seat 1: Mahu2021 (big blind) collected (40)
Seat 2: borges0903 (button) folded before Flop (didn't bet)
Seat 3: lulypau (small blind) folded before Flop



PokerStars Hand #248084356224: Tournament #3696612285, $1.84+$0.16 USD Hold'em No Limit - Level III (20/40) - 2024/01/05 21:07:44 CET [2024/01/05 15:07:44 ET]
Table '3696612285 1' 3-max Seat #3 is the button
Seat 1: Mahu2021 (175 in chips) 
Seat 2: borges0903 (785 in chips) 
Seat 3: lulypau (540 in chips) 
Mahu2021: posts small blind 20
borges0903: posts big blind 40
*** HOLE CARDS ***
Dealt to Mahu2021 [8s 8c]
lulypau: raises 500 to 540 and is all-in
Mahu2021: calls 155 and is all-in
borges0903: folds 
Uncalled bet (365) returned to lulypau
*** FLOP *** [Qh 8d Jc]
*** TURN *** [Qh 8d Jc] [7h]
*** RIVER *** [Qh 8d Jc 7h] [Td]
*** SHOW DOWN ***
Mahu2021: shows [8s 8c] (three of a kind, Eights)
lulypau: shows [As Tc] (a pair of Tens)
Mahu2021 collected 390 from pot
*** SUMMARY ***
Total pot 390 | Rake 0 
Board [Qh 8d Jc 7h Td]
Seat 1: Mahu2021 (small blind) showed [8s 8c] and won (390) with three of a kind, Eights
Seat 2: borges0903 (big blind) folded before Flop
Seat 3: lulypau (button) showed [As Tc] and lost with a pair of Tens



PokerStars Hand #248084361696: Tournament #3696612285, $1.84+$0.16 USD Hold'em No Limit - Level III (20/40) - 2024/01/05 21:07:58 CET [2024/01/05 15:07:58 ET]
Table '3696612285 1' 3-max Seat #1 is the button
Seat 1: Mahu2021 (390 in chips) 
Seat 2: borges0903 (745 in chips) 
Seat 3: lulypau (365 in chips) 
borges0903: posts small blind 20
lulypau: posts big blind 40
*** HOLE CARDS ***
Dealt to Mahu2021 [Qc 4c]
Mahu2021: calls 40
borges0903: calls 20
lulypau: checks 
*** FLOP *** [8h 5c Ah]
borges0903: checks 
lulypau: checks 
Mahu2021: checks 
*** TURN *** [8h 5c Ah] [Qh]
borges0903: checks 
lulypau: checks 
Mahu2021: bets 40
borges0903: folds 
lulypau: calls 40
*** RIVER *** [8h 5c Ah Qh] [Ks]
lulypau: checks 
Mahu2021: checks 
*** SHOW DOWN ***
lulypau: shows [3s 9h] (high card Ace)
Mahu2021: shows [Qc 4c] (a pair of Queens)
Mahu2021 collected 200 from pot
*** SUMMARY ***
Total pot 200 | Rake 0 
Board [8h 5c Ah Qh Ks]
Seat 1: Mahu2021 (button) showed [Qc 4c] and won (200) with a pair of Queens
Seat 2: borges0903 (small blind) folded on the Turn
Seat 3: lulypau (big blind) showed [3s 9h] and lost with high card Ace



PokerStars Hand #248084370072: Tournament #3696612285, $1.84+$0.16 USD Hold'em No Limit - Level III (20/40) - 2024/01/05 21:08:19 CET [2024/01/05 15:08:19 ET]
Table '3696612285 1' 3-max Seat #2 is the button
Seat 1: Mahu2021 (510 in chips) 
Seat 2: borges0903 (705 in chips) 
Seat 3: lulypau (285 in chips) 
lulypau: posts small blind 20
Mahu2021: posts big blind 40
*** HOLE CARDS ***
Dealt to Mahu2021 [Jh Ac]
borges0903: folds 
lulypau: folds 
Uncalled bet (20) returned to Mahu2021
Mahu2021 collected 40 from pot
Mahu2021: doesn't show hand 
*** SUMMARY ***
Total pot 40 | Rake 0 
Seat 1: Mahu2021 (big blind) collected (40)
Seat 2: borges0903 (button) folded before Flop (didn't bet)
Seat 3: lulypau (small blind) folded before Flop



PokerStars Hand #248084372071: Tournament #3696612285, $1.84+$0.16 USD Hold'em No Limit - Level III (20/40) - 2024/01/05 21:08:24 CET [2024/01/05 15:08:24 ET]
Table '3696612285 1' 3-max Seat #3 is the button
Seat 1: Mahu2021 (530 in chips) 
Seat 2: borges0903 (705 in chips) 
Seat 3: lulypau (265 in chips) 
Mahu2021: posts small blind 20
borges0903: posts big blind 40
*** HOLE CARDS ***
Dealt to Mahu2021 [Jh 3d]
lulypau: folds 
Mahu2021: folds 
Uncalled bet (20) returned to borges0903
borges0903 collected 40 from pot
borges0903: doesn't show hand 
*** SUMMARY ***
Total pot 40 | Rake 0 
Seat 1: Mahu2021 (small blind) folded before Flop
Seat 2: borges0903 (big blind) collected (40)
Seat 3: lulypau (button) folded before Flop (didn't bet)



PokerStars Hand #248084374371: Tournament #3696612285, $1.84+$0.16 USD Hold'em No Limit - Level III (20/40) - 2024/01/05 21:08:29 CET [2024/01/05 15:08:29 ET]
Table '3696612285 1' 3-max Seat #1 is the button
Seat 1: Mahu2021 (510 in chips) 
Seat 2: borges0903 (725 in chips) 
Seat 3: lulypau (265 in chips) 
borges0903: posts small blind 20
lulypau: posts big blind 40
*** HOLE CARDS ***
Dealt to Mahu2021 [Jh 8d]
Mahu2021: folds 
borges0903: calls 20
lulypau: checks 
*** FLOP *** [5h Qs Ad]
borges0903: bets 40
lulypau: folds 
Uncalled bet (40) returned to borges0903
borges0903 collected 80 from pot
borges0903: doesn't show hand 
*** SUMMARY ***
Total pot 80 | Rake 0 
Board [5h Qs Ad]
Seat 1: Mahu2021 (button) folded before Flop (didn't bet)
Seat 2: borges0903 (small blind) collected (80)
Seat 3: lulypau (big blind) folded on the Flop



PokerStars Hand #248084378726: Tournament #3696612285, $1.84+$0.16 USD Hold'em No Limit - Level III (20/40) - 2024/01/05 21:08:40 CET [2024/01/05 15:08:40 ET]
Table '3696612285 1' 3-max Seat #2 is the button
Seat 1: Mahu2021 (510 in chips) 
Seat 2: borges0903 (765 in chips) 
Seat 3: lulypau (225 in chips) 
lulypau: posts small blind 20
Mahu2021: posts big blind 40
*** HOLE CARDS ***
Dealt to Mahu2021 [Td 7h]
borges0903: folds 
lulypau: raises 80 to 120
Mahu2021: folds 
Uncalled bet (80) returned to lulypau
lulypau collected 80 from pot
*** SUMMARY ***
Total pot 80 | Rake 0 
Seat 1: Mahu2021 (big blind) folded before Flop
Seat 2: borges0903 (button) folded before Flop (didn't bet)
Seat 3: lulypau (small blind) collected (80)



PokerStars Hand #248084385191: Tournament #3696612285, $1.84+$0.16 USD Hold'em No Limit - Level III (20/40) - 2024/01/05 21:08:57 CET [2024/01/05 15:08:57 ET]
Table '3696612285 1' 3-max Seat #3 is the button
Seat 1: Mahu2021 (470 in chips) 
Seat 2: borges0903 (765 in chips) 
Seat 3: lulypau (265 in chips) 
Mahu2021: posts small blind 20
borges0903: posts big blind 40
*** HOLE CARDS ***
Dealt to Mahu2021 [Ah 3h]
lulypau: folds 
Mahu2021: calls 20
borges0903: raises 80 to 120
Mahu2021: calls 80
*** FLOP *** [Kc 5s 4s]
Mahu2021: checks 
borges0903: bets 79
Mahu2021: calls 79
*** TURN *** [Kc 5s 4s] [6c]
Mahu2021: checks 
borges0903: checks 
*** RIVER *** [Kc 5s 4s 6c] [4d]
Mahu2021: bets 271 and is all-in
borges0903: folds 
Uncalled bet (271) returned to Mahu2021
Mahu2021 collected 398 from pot
Mahu2021: doesn't show hand 
*** SUMMARY ***
Total pot 398 | Rake 0 
Board [Kc 5s 4s 6c 4d]
Seat 1: Mahu2021 (small blind) collected (398)
Seat 2: borges0903 (big blind) folded on the River
Seat 3: lulypau (button) folded before Flop (didn't bet)



PokerStars Hand #248084393749: Tournament #3696612285, $1.84+$0.16 USD Hold'em No Limit - Level III (20/40) - 2024/01/05 21:09:18 CET [2024/01/05 15:09:18 ET]
Table '3696612285 1' 3-max Seat #1 is the button
Seat 1: Mahu2021 (669 in chips) 
Seat 2: borges0903 (566 in chips) 
Seat 3: lulypau (265 in chips) 
borges0903: posts small blind 20
lulypau: posts big blind 40
*** HOLE CARDS ***
Dealt to Mahu2021 [3c 4s]
Mahu2021: folds 
borges0903: folds 
Uncalled bet (20) returned to lulypau
lulypau collected 40 from pot
*** SUMMARY ***
Total pot 40 | Rake 0 
Seat 1: Mahu2021 (button) folded before Flop (didn't bet)
Seat 2: borges0903 (small blind) folded before Flop
Seat 3: lulypau (big blind) collected (40)



PokerStars Hand #248084395839: Tournament #3696612285, $1.84+$0.16 USD Hold'em No Limit - Level III (20/40) - 2024/01/05 21:09:23 CET [2024/01/05 15:09:23 ET]
Table '3696612285 1' 3-max Seat #2 is the button
Seat 1: Mahu2021 (669 in chips) 
Seat 2: borges0903 (546 in chips) 
Seat 3: lulypau (285 in chips) 
lulypau: posts small blind 20
Mahu2021: posts big blind 40
*** HOLE CARDS ***
Dealt to Mahu2021 [6c Ts]
borges0903: folds 
lulypau: folds 
Uncalled bet (20) returned to Mahu2021
Mahu2021 collected 40 from pot
Mahu2021: doesn't show hand 
*** SUMMARY ***
Total pot 40 | Rake 0 
Seat 1: Mahu2021 (big blind) collected (40)
Seat 2: borges0903 (button) folded before Flop (didn't bet)
Seat 3: lulypau (small blind) folded before Flop



PokerStars Hand #248084397520: Tournament #3696612285, $1.84+$0.16 USD Hold'em No Limit - Level III (20/40) - 2024/01/05 21:09:28 CET [2024/01/05 15:09:28 ET]
Table '3696612285 1' 3-max Seat #3 is the button
Seat 1: Mahu2021 (689 in chips) 
Seat 2: borges0903 (546 in chips) 
Seat 3: lulypau (265 in chips) 
Mahu2021: posts small blind 20
borges0903: posts big blind 40
*** HOLE CARDS ***
Dealt to Mahu2021 [Ac Kd]
lulypau: folds 
Mahu2021: raises 80 to 120
borges0903: folds 
Uncalled bet (80) returned to Mahu2021
Mahu2021 collected 80 from pot
Mahu2021: doesn't show hand 
*** SUMMARY ***
Total pot 80 | Rake 0 
Seat 1: Mahu2021 (small blind) collected (80)
Seat 2: borges0903 (big blind) folded before Flop
Seat 3: lulypau (button) folded before Flop (didn't bet)



PokerStars Hand #248084400591: Tournament #3696612285, $1.84+$0.16 USD Hold'em No Limit - Level III (20/40) - 2024/01/05 21:09:35 CET [2024/01/05 15:09:35 ET]
Table '3696612285 1' 3-max Seat #1 is the button
Seat 1: Mahu2021 (729 in chips) 
Seat 2: borges0903 (506 in chips) 
Seat 3: lulypau (265 in chips) 
borges0903: posts small blind 20
lulypau: posts big blind 40
*** HOLE CARDS ***
Dealt to Mahu2021 [2c 4c]
Mahu2021: folds 
borges0903: raises 40 to 80
lulypau: raises 185 to 265 and is all-in
borges0903: folds 
Uncalled bet (185) returned to lulypau
lulypau collected 160 from pot
*** SUMMARY ***
Total pot 160 | Rake 0 
Seat 1: Mahu2021 (button) folded before Flop (didn't bet)
Seat 2: borges0903 (small blind) folded before Flop
Seat 3: lulypau (big blind) collected (160)



PokerStars Hand #248084405658: Tournament #3696612285, $1.84+$0.16 USD Hold'em No Limit - Level IV (30/60) - 2024/01/05 21:09:47 CET [2024/01/05 15:09:47 ET]
Table '3696612285 1' 3-max Seat #2 is the button
Seat 1: Mahu2021 (729 in chips) 
Seat 2: borges0903 (426 in chips) 
Seat 3: lulypau (345 in chips) 
lulypau: posts small blind 30
Mahu2021: posts big blind 60
*** HOLE CARDS ***
Dealt to Mahu2021 [Qd 3c]
borges0903: folds 
lulypau: folds 
Uncalled bet (30) returned to Mahu2021
Mahu2021 collected 60 from pot
Mahu2021: doesn't show hand 
*** SUMMARY ***
Total pot 60 | Rake 0 
Seat 1: Mahu2021 (big blind) collected (60)
Seat 2: borges0903 (button) folded before Flop (didn't bet)
Seat 3: lulypau (small blind) folded before Flop



PokerStars Hand #248084410253: Tournament #3696612285, $1.84+$0.16 USD Hold'em No Limit - Level IV (30/60) - 2024/01/05 21:09:59 CET [2024/01/05 15:09:59 ET]
Table '3696612285 1' 3-max Seat #3 is the button
Seat 1: Mahu2021 (759 in chips) 
Seat 2: borges0903 (426 in chips) 
Seat 3: lulypau (315 in chips) 
Mahu2021: posts small blind 30
borges0903: posts big blind 60
*** HOLE CARDS ***
Dealt to Mahu2021 [2h Qc]
lulypau has timed out
lulypau: folds 
lulypau is sitting out
Mahu2021: calls 30
borges0903: raises 90 to 150
Mahu2021: folds 
Uncalled bet (90) returned to borges0903
borges0903 collected 120 from pot
borges0903: doesn't show hand 
lulypau has returned
*** SUMMARY ***
Total pot 120 | Rake 0 
Seat 1: Mahu2021 (small blind) folded before Flop
Seat 2: borges0903 (big blind) collected (120)
Seat 3: lulypau (button) folded before Flop (didn't bet)



PokerStars Hand #248084422558: Tournament #3696612285, $1.84+$0.16 USD Hold'em No Limit - Level IV (30/60) - 2024/01/05 21:10:29 CET [2024/01/05 15:10:29 ET]
Table '3696612285 1' 3-max Seat #1 is the button
Seat 1: Mahu2021 (699 in chips) 
Seat 2: borges0903 (486 in chips) 
Seat 3: lulypau (315 in chips) 
borges0903: posts small blind 30
lulypau: posts big blind 60
*** HOLE CARDS ***
Dealt to Mahu2021 [4h 9d]
Mahu2021: folds 
borges0903: raises 426 to 486 and is all-in
lulypau: calls 255 and is all-in
Uncalled bet (171) returned to borges0903
*** FLOP *** [2c 6c 5h]
*** TURN *** [2c 6c 5h] [Jd]
*** RIVER *** [2c 6c 5h Jd] [7c]
*** SHOW DOWN ***
borges0903: shows [Ah 4c] (high card Ace)
lulypau: shows [Ad 2h] (a pair of Deuces)
lulypau collected 630 from pot
*** SUMMARY ***
Total pot 630 | Rake 0 
Board [2c 6c 5h Jd 7c]
Seat 1: Mahu2021 (button) folded before Flop (didn't bet)
Seat 2: borges0903 (small blind) showed [Ah 4c] and lost with high card Ace
Seat 3: lulypau (big blind) showed [Ad 2h] and won (630) with a pair of Deuces



PokerStars Hand #248084428801: Tournament #3696612285, $1.84+$0.16 USD Hold'em No Limit - Level IV (30/60) - 2024/01/05 21:10:45 CET [2024/01/05 15:10:45 ET]
Table '3696612285 1' 3-max Seat #2 is the button
Seat 1: Mahu2021 (699 in chips) 
Seat 2: borges0903 (171 in chips) 
Seat 3: lulypau (630 in chips) 
lulypau: posts small blind 30
Mahu2021: posts big blind 60
*** HOLE CARDS ***
Dealt to Mahu2021 [Qs 8s]
borges0903: raises 111 to 171 and is all-in
lulypau: folds 
Mahu2021: calls 111
*** FLOP *** [8d Ac 6h]
*** TURN *** [8d Ac 6h] [7d]
*** RIVER *** [8d Ac 6h 7d] [Qh]
*** SHOW DOWN ***
Mahu2021: shows [Qs 8s] (two pair, Queens and Eights)
borges0903: shows [Jh 7c] (a pair of Sevens)
Mahu2021 collected 372 from pot
borges0903 finished the tournament in 3rd place
*** SUMMARY ***
Total pot 372 | Rake 0 
Board [8d Ac 6h 7d Qh]
Seat 1: Mahu2021 (big blind) showed [Qs 8s] and won (372) with two pair, Queens and Eights
Seat 2: borges0903 (button) showed [Jh 7c] and lost with a pair of Sevens
Seat 3: lulypau (small blind) folded before Flop



PokerStars Hand #248084436804: Tournament #3696612285, $1.84+$0.16 USD Hold'em No Limit - Level IV (30/60) - 2024/01/05 21:11:04 CET [2024/01/05 15:11:04 ET]
Table '3696612285 1' 3-max Seat #1 is the button
Seat 1: Mahu2021 (900 in chips) 
Seat 3: lulypau (600 in chips) 
Mahu2021: posts small blind 30
lulypau: posts big blind 60
*** HOLE CARDS ***
Dealt to Mahu2021 [3d 4h]
Mahu2021: calls 30
lulypau: raises 540 to 600 and is all-in
Mahu2021: folds 
Uncalled bet (540) returned to lulypau
lulypau collected 120 from pot
*** SUMMARY ***
Total pot 120 | Rake 0 
Seat 1: Mahu2021 (button) (small blind) folded before Flop
Seat 3: lulypau (big blind) collected (120)



PokerStars Hand #248084441491: Tournament #3696612285, $1.84+$0.16 USD Hold'em No Limit - Level IV (30/60) - 2024/01/05 21:11:16 CET [2024/01/05 15:11:16 ET]
Table '3696612285 1' 3-max Seat #3 is the button
Seat 1: Mahu2021 (840 in chips) 
Seat 3: lulypau (660 in chips) 
lulypau: posts small blind 30
Mahu2021: posts big blind 60
*** HOLE CARDS ***
Dealt to Mahu2021 [3d Ac]
lulypau: raises 60 to 120
Mahu2021: calls 60
*** FLOP *** [Jd 6s 6c]
Mahu2021: checks 
lulypau: checks 
*** TURN *** [Jd 6s 6c] [9c]
Mahu2021: checks 
lulypau: bets 540 and is all-in
Mahu2021: folds 
Uncalled bet (540) returned to lulypau
lulypau collected 240 from pot
*** SUMMARY ***
Total pot 240 | Rake 0 
Board [Jd 6s 6c 9c]
Seat 1: Mahu2021 (big blind) folded on the Turn
Seat 3: lulypau (button) (small blind) collected (240)



PokerStars Hand #248084450841: Tournament #3696612285, $1.84+$0.16 USD Hold'em No Limit - Level IV (30/60) - 2024/01/05 21:11:39 CET [2024/01/05 15:11:39 ET]
Table '3696612285 1' 3-max Seat #1 is the button
Seat 1: Mahu2021 (720 in chips) 
Seat 3: lulypau (780 in chips) 
Mahu2021: posts small blind 30
lulypau: posts big blind 60
*** HOLE CARDS ***
Dealt to Mahu2021 [3h Qd]
Mahu2021: folds 
Uncalled bet (30) returned to lulypau
lulypau collected 60 from pot
*** SUMMARY ***
Total pot 60 | Rake 0 
Seat 1: Mahu2021 (button) (small blind) folded before Flop
Seat 3: lulypau (big blind) collected (60)



PokerStars Hand #248084452878: Tournament #3696612285, $1.84+$0.16 USD Hold'em No Limit - Level IV (30/60) - 2024/01/05 21:11:44 CET [2024/01/05 15:11:44 ET]
Table '3696612285 1' 3-max Seat #3 is the button
Seat 1: Mahu2021 (690 in chips) 
Seat 3: lulypau (810 in chips) 
lulypau: posts small blind 30
Mahu2021: posts big blind 60
*** HOLE CARDS ***
Dealt to Mahu2021 [7c Th]
lulypau: folds 
Uncalled bet (30) returned to Mahu2021
Mahu2021 collected 60 from pot
Mahu2021: doesn't show hand 
*** SUMMARY ***
Total pot 60 | Rake 0 
Seat 1: Mahu2021 (big blind) collected (60)
Seat 3: lulypau (button) (small blind) folded before Flop



PokerStars Hand #248084455507: Tournament #3696612285, $1.84+$0.16 USD Hold'em No Limit - Level IV (30/60) - 2024/01/05 21:11:51 CET [2024/01/05 15:11:51 ET]
Table '3696612285 1' 3-max Seat #1 is the button
Seat 1: Mahu2021 (720 in chips) 
Seat 3: lulypau (780 in chips) 
Mahu2021: posts small blind 30
lulypau: posts big blind 60
*** HOLE CARDS ***
Dealt to Mahu2021 [4c Th]
Mahu2021: folds 
Uncalled bet (30) returned to lulypau
lulypau collected 60 from pot
*** SUMMARY ***
Total pot 60 | Rake 0 
Seat 1: Mahu2021 (button) (small blind) folded before Flop
Seat 3: lulypau (big blind) collected (60)



PokerStars Hand #248084457412: Tournament #3696612285, $1.84+$0.16 USD Hold'em No Limit - Level IV (30/60) - 2024/01/05 21:11:55 CET [2024/01/05 15:11:55 ET]
Table '3696612285 1' 3-max Seat #3 is the button
Seat 1: Mahu2021 (690 in chips) 
Seat 3: lulypau (810 in chips) 
lulypau: posts small blind 30
Mahu2021: posts big blind 60
*** HOLE CARDS ***
Dealt to Mahu2021 [2h Ts]
lulypau: folds 
Uncalled bet (30) returned to Mahu2021
Mahu2021 collected 60 from pot
Mahu2021: doesn't show hand 
*** SUMMARY ***
Total pot 60 | Rake 0 
Seat 1: Mahu2021 (big blind) collected (60)
Seat 3: lulypau (button) (small blind) folded before Flop



PokerStars Hand #248084459838: Tournament #3696612285, $1.84+$0.16 USD Hold'em No Limit - Level IV (30/60) - 2024/01/05 21:12:01 CET [2024/01/05 15:12:01 ET]
Table '3696612285 1' 3-max Seat #1 is the button
Seat 1: Mahu2021 (720 in chips) 
Seat 3: lulypau (780 in chips) 
Mahu2021: posts small blind 30
lulypau: posts big blind 60
*** HOLE CARDS ***
Dealt to Mahu2021 [7s 3h]
Mahu2021: folds 
Uncalled bet (30) returned to lulypau
lulypau collected 60 from pot
*** SUMMARY ***
Total pot 60 | Rake 0 
Seat 1: Mahu2021 (button) (small blind) folded before Flop
Seat 3: lulypau (big blind) collected (60)



PokerStars Hand #248084461728: Tournament #3696612285, $1.84+$0.16 USD Hold'em No Limit - Level IV (30/60) - 2024/01/05 21:12:06 CET [2024/01/05 15:12:06 ET]
Table '3696612285 1' 3-max Seat #3 is the button
Seat 1: Mahu2021 (690 in chips) 
Seat 3: lulypau (810 in chips) 
lulypau: posts small blind 30
Mahu2021: posts big blind 60
*** HOLE CARDS ***
Dealt to Mahu2021 [2c 4s]
lulypau: folds 
Uncalled bet (30) returned to Mahu2021
Mahu2021 collected 60 from pot
Mahu2021: doesn't show hand 
*** SUMMARY ***
Total pot 60 | Rake 0 
Seat 1: Mahu2021 (big blind) collected (60)
Seat 3: lulypau (button) (small blind) folded before Flop



PokerStars Hand #248084463820: Tournament #3696612285, $1.84+$0.16 USD Hold'em No Limit - Level IV (30/60) - 2024/01/05 21:12:11 CET [2024/01/05 15:12:11 ET]
Table '3696612285 1' 3-max Seat #1 is the button
Seat 1: Mahu2021 (720 in chips) 
Seat 3: lulypau (780 in chips) 
Mahu2021: posts small blind 30
lulypau: posts big blind 60
*** HOLE CARDS ***
Dealt to Mahu2021 [Jc 7s]
Mahu2021: calls 30
lulypau: checks 
*** FLOP *** [4d Jh 7c]
lulypau: checks 
Mahu2021: checks 
*** TURN *** [4d Jh 7c] [Kh]
lulypau: checks 
Mahu2021: checks 
*** RIVER *** [4d Jh 7c Kh] [Ad]
lulypau: checks 
Mahu2021: bets 120
lulypau: folds 
Uncalled bet (120) returned to Mahu2021
Mahu2021 collected 120 from pot
Mahu2021: doesn't show hand 
*** SUMMARY ***
Total pot 120 | Rake 0 
Board [4d Jh 7c Kh Ad]
Seat 1: Mahu2021 (button) (small blind) collected (120)
Seat 3: lulypau (big blind) folded on the River



PokerStars Hand #248084471558: Tournament #3696612285, $1.84+$0.16 USD Hold'em No Limit - Level IV (30/60) - 2024/01/05 21:12:30 CET [2024/01/05 15:12:30 ET]
Table '3696612285 1' 3-max Seat #3 is the button
Seat 1: Mahu2021 (780 in chips) 
Seat 3: lulypau (720 in chips) 
lulypau: posts small blind 30
Mahu2021: posts big blind 60
*** HOLE CARDS ***
Dealt to Mahu2021 [8c 8s]
lulypau: folds 
Uncalled bet (30) returned to Mahu2021
Mahu2021 collected 60 from pot
Mahu2021: doesn't show hand 
*** SUMMARY ***
Total pot 60 | Rake 0 
Seat 1: Mahu2021 (big blind) collected (60)
Seat 3: lulypau (button) (small blind) folded before Flop



PokerStars Hand #248084473491: Tournament #3696612285, $1.84+$0.16 USD Hold'em No Limit - Level IV (30/60) - 2024/01/05 21:12:34 CET [2024/01/05 15:12:34 ET]
Table '3696612285 1' 3-max Seat #1 is the button
Seat 1: Mahu2021 (810 in chips) 
Seat 3: lulypau (690 in chips) 
Mahu2021: posts small blind 30
lulypau: posts big blind 60
*** HOLE CARDS ***
Dealt to Mahu2021 [8h Jd]
Mahu2021: calls 30
lulypau: checks 
*** FLOP *** [9d As Kd]
lulypau: bets 630 and is all-in
Mahu2021: folds 
Uncalled bet (630) returned to lulypau
lulypau collected 120 from pot
*** SUMMARY ***
Total pot 120 | Rake 0 
Board [9d As Kd]
Seat 1: Mahu2021 (button) (small blind) folded on the Flop
Seat 3: lulypau (big blind) collected (120)



PokerStars Hand #248084481191: Tournament #3696612285, $1.84+$0.16 USD Hold'em No Limit - Level V (40/80) - 2024/01/05 21:12:53 CET [2024/01/05 15:12:53 ET]
Table '3696612285 1' 3-max Seat #3 is the button
Seat 1: Mahu2021 (750 in chips) 
Seat 3: lulypau (750 in chips) 
lulypau: posts small blind 40
Mahu2021: posts big blind 80
*** HOLE CARDS ***
Dealt to Mahu2021 [Ac 2c]
lulypau: folds 
Uncalled bet (40) returned to Mahu2021
Mahu2021 collected 80 from pot
Mahu2021: doesn't show hand 
*** SUMMARY ***
Total pot 80 | Rake 0 
Seat 1: Mahu2021 (big blind) collected (80)
Seat 3: lulypau (button) (small blind) folded before Flop



PokerStars Hand #248084484528: Tournament #3696612285, $1.84+$0.16 USD Hold'em No Limit - Level V (40/80) - 2024/01/05 21:13:02 CET [2024/01/05 15:13:02 ET]
Table '3696612285 1' 3-max Seat #1 is the button
Seat 1: Mahu2021 (790 in chips) 
Seat 3: lulypau (710 in chips) 
Mahu2021: posts small blind 40
lulypau: posts big blind 80
*** HOLE CARDS ***
Dealt to Mahu2021 [3d 3h]
Mahu2021: raises 710 to 790 and is all-in
lulypau: calls 630 and is all-in
Uncalled bet (80) returned to Mahu2021
*** FLOP *** [7h 5c Jc]
*** TURN *** [7h 5c Jc] [3c]
*** RIVER *** [7h 5c Jc 3c] [2s]
*** SHOW DOWN ***
lulypau: shows [9h 8h] (high card Jack)
Mahu2021: shows [3d 3h] (three of a kind, Threes)
Mahu2021 collected 1420 from pot
lulypau finished the tournament in 2nd place
Mahu2021 wins the tournament and receives $6.00 - congratulations!
*** SUMMARY ***
Total pot 1420 | Rake 0 
Board [7h 5c Jc 3c 2s]
Seat 1: Mahu2021 (button) (small blind) showed [3d 3h] and won (1420) with three of a kind, Threes
Seat 3: lulypau (big blind) showed [9h 8h] and lost with high card Jack



