PokerStars Hand #244339036173: Tournament #3606055926, $0.92+$0.08 USD Hold'em No Limit - Level I (10/20) - 2023/06/18 19:17:15 CET [2023/06/18 13:17:15 ET]
Table '3606055926 1' 3-max Seat #1 is the button
Seat 1: Pocket4ce231 (500 in chips) 
Seat 2: Gutho Full (500 in chips) 
Seat 3: Mahu2021 (500 in chips) 
Gutho Full: posts small blind 10
Mahu2021: posts big blind 20
*** HOLE CARDS ***
Dealt to Mahu2021 [2c Qd]
Pocket4ce231: folds 
Gutho Full: raises 20 to 40
Mahu2021: folds 
Uncalled bet (20) returned to Gutho Full
Gutho Full collected 40 from pot
Gutho Full: doesn't show hand 
*** SUMMARY ***
Total pot 40 | Rake 0 
Seat 1: Pocket4ce231 (button) folded before Flop (didn't bet)
Seat 2: Gutho Full (small blind) collected (40)
Seat 3: Mahu2021 (big blind) folded before Flop



PokerStars Hand #244339042162: Tournament #3606055926, $0.92+$0.08 USD Hold'em No Limit - Level I (10/20) - 2023/06/18 19:17:32 CET [2023/06/18 13:17:32 ET]
Table '3606055926 1' 3-max Seat #2 is the button
Seat 1: Pocket4ce231 (500 in chips) 
Seat 2: Gutho Full (520 in chips) 
Seat 3: Mahu2021 (480 in chips) 
Mahu2021: posts small blind 10
Pocket4ce231: posts big blind 20
*** HOLE CARDS ***
Dealt to Mahu2021 [6s Qd]
Gutho Full: raises 50 to 70
Mahu2021: folds 
Pocket4ce231: calls 50
*** FLOP *** [6d 4s Ac]
Pocket4ce231: checks 
Gutho Full: bets 75
Pocket4ce231: folds 
Uncalled bet (75) returned to Gutho Full
Gutho Full collected 150 from pot
Gutho Full: doesn't show hand 
*** SUMMARY ***
Total pot 150 | Rake 0 
Board [6d 4s Ac]
Seat 1: Pocket4ce231 (big blind) folded on the Flop
Seat 2: Gutho Full (button) collected (150)
Seat 3: Mahu2021 (small blind) folded before Flop



PokerStars Hand #244339048295: Tournament #3606055926, $0.92+$0.08 USD Hold'em No Limit - Level I (10/20) - 2023/06/18 19:17:50 CET [2023/06/18 13:17:50 ET]
Table '3606055926 1' 3-max Seat #3 is the button
Seat 1: Pocket4ce231 (430 in chips) 
Seat 2: Gutho Full (600 in chips) 
Seat 3: Mahu2021 (470 in chips) 
Pocket4ce231: posts small blind 10
Gutho Full: posts big blind 20
*** HOLE CARDS ***
Dealt to Mahu2021 [7h 4s]
Mahu2021: folds 
Pocket4ce231: raises 20 to 40
Gutho Full: calls 20
*** FLOP *** [Ac 2h Ts]
Pocket4ce231: bets 40
Gutho Full: folds 
Uncalled bet (40) returned to Pocket4ce231
Pocket4ce231 collected 80 from pot
*** SUMMARY ***
Total pot 80 | Rake 0 
Board [Ac 2h Ts]
Seat 1: Pocket4ce231 (small blind) collected (80)
Seat 2: Gutho Full (big blind) folded on the Flop
Seat 3: Mahu2021 (button) folded before Flop (didn't bet)



PokerStars Hand #244339053461: Tournament #3606055926, $0.92+$0.08 USD Hold'em No Limit - Level I (10/20) - 2023/06/18 19:18:06 CET [2023/06/18 13:18:06 ET]
Table '3606055926 1' 3-max Seat #1 is the button
Seat 1: Pocket4ce231 (470 in chips) 
Seat 2: Gutho Full (560 in chips) 
Seat 3: Mahu2021 (470 in chips) 
Gutho Full: posts small blind 10
Mahu2021: posts big blind 20
*** HOLE CARDS ***
Dealt to Mahu2021 [3d 3s]
Pocket4ce231: folds 
Gutho Full: calls 10
Mahu2021: raises 60 to 80
Gutho Full: folds 
Uncalled bet (60) returned to Mahu2021
Mahu2021 collected 40 from pot
Mahu2021: doesn't show hand 
*** SUMMARY ***
Total pot 40 | Rake 0 
Seat 1: Pocket4ce231 (button) folded before Flop (didn't bet)
Seat 2: Gutho Full (small blind) folded before Flop
Seat 3: Mahu2021 (big blind) collected (40)



PokerStars Hand #244339058090: Tournament #3606055926, $0.92+$0.08 USD Hold'em No Limit - Level I (10/20) - 2023/06/18 19:18:20 CET [2023/06/18 13:18:20 ET]
Table '3606055926 1' 3-max Seat #2 is the button
Seat 1: Pocket4ce231 (470 in chips) 
Seat 2: Gutho Full (540 in chips) 
Seat 3: Mahu2021 (490 in chips) 
Mahu2021: posts small blind 10
Pocket4ce231: posts big blind 20
*** HOLE CARDS ***
Dealt to Mahu2021 [Ac 3d]
Gutho Full: raises 20 to 40
Mahu2021: calls 30
Pocket4ce231: calls 20
*** FLOP *** [Th 8c Jh]
Mahu2021: checks 
Pocket4ce231: bets 60
Gutho Full: calls 60
Mahu2021: folds 
*** TURN *** [Th 8c Jh] [Jd]
Pocket4ce231: checks 
Gutho Full: bets 120
Pocket4ce231: calls 120
*** RIVER *** [Th 8c Jh Jd] [Ad]
Pocket4ce231: bets 240
Gutho Full: calls 240
*** SHOW DOWN ***
Pocket4ce231: shows [Ks Js] (three of a kind, Jacks)
Gutho Full: mucks hand 
Pocket4ce231 collected 960 from pot
*** SUMMARY ***
Total pot 960 | Rake 0 
Board [Th 8c Jh Jd Ad]
Seat 1: Pocket4ce231 (big blind) showed [Ks Js] and won (960) with three of a kind, Jacks
Seat 2: Gutho Full (button) mucked [Jc 7d]
Seat 3: Mahu2021 (small blind) folded on the Flop



PokerStars Hand #244339071109: Tournament #3606055926, $0.92+$0.08 USD Hold'em No Limit - Level I (10/20) - 2023/06/18 19:18:59 CET [2023/06/18 13:18:59 ET]
Table '3606055926 1' 3-max Seat #3 is the button
Seat 1: Pocket4ce231 (970 in chips) 
Seat 2: Gutho Full (80 in chips) 
Seat 3: Mahu2021 (450 in chips) 
Pocket4ce231: posts small blind 10
Gutho Full: posts big blind 20
*** HOLE CARDS ***
Dealt to Mahu2021 [6d 3c]
Mahu2021: folds 
Pocket4ce231: raises 20 to 40
Gutho Full: raises 40 to 80 and is all-in
Pocket4ce231: calls 40
*** FLOP *** [5c 3d Th]
*** TURN *** [5c 3d Th] [Qd]
*** RIVER *** [5c 3d Th Qd] [Ks]
*** SHOW DOWN ***
Pocket4ce231: shows [Jc Jh] (a pair of Jacks)
Gutho Full: shows [Qs 4c] (a pair of Queens)
Gutho Full collected 160 from pot
*** SUMMARY ***
Total pot 160 | Rake 0 
Board [5c 3d Th Qd Ks]
Seat 1: Pocket4ce231 (small blind) showed [Jc Jh] and lost with a pair of Jacks
Seat 2: Gutho Full (big blind) showed [Qs 4c] and won (160) with a pair of Queens
Seat 3: Mahu2021 (button) folded before Flop (didn't bet)



PokerStars Hand #244339080241: Tournament #3606055926, $0.92+$0.08 USD Hold'em No Limit - Level I (10/20) - 2023/06/18 19:19:26 CET [2023/06/18 13:19:26 ET]
Table '3606055926 1' 3-max Seat #1 is the button
Seat 1: Pocket4ce231 (890 in chips) 
Seat 2: Gutho Full (160 in chips) 
Seat 3: Mahu2021 (450 in chips) 
Gutho Full: posts small blind 10
Mahu2021: posts big blind 20
*** HOLE CARDS ***
Dealt to Mahu2021 [9h As]
Pocket4ce231: folds 
Gutho Full: calls 10
Mahu2021: checks 
*** FLOP *** [4h Th 7h]
Gutho Full: checks 
Mahu2021: bets 20
Gutho Full: calls 20
*** TURN *** [4h Th 7h] [6d]
Gutho Full: checks 
Mahu2021: bets 20
Gutho Full: folds 
Uncalled bet (20) returned to Mahu2021
Mahu2021 collected 80 from pot
Mahu2021: doesn't show hand 
*** SUMMARY ***
Total pot 80 | Rake 0 
Board [4h Th 7h 6d]
Seat 1: Pocket4ce231 (button) folded before Flop (didn't bet)
Seat 2: Gutho Full (small blind) folded on the Turn
Seat 3: Mahu2021 (big blind) collected (80)



PokerStars Hand #244339087889: Tournament #3606055926, $0.92+$0.08 USD Hold'em No Limit - Level I (10/20) - 2023/06/18 19:19:49 CET [2023/06/18 13:19:49 ET]
Table '3606055926 1' 3-max Seat #2 is the button
Seat 1: Pocket4ce231 (890 in chips) 
Seat 2: Gutho Full (120 in chips) 
Seat 3: Mahu2021 (490 in chips) 
Mahu2021: posts small blind 10
Pocket4ce231: posts big blind 20
*** HOLE CARDS ***
Dealt to Mahu2021 [4s 9h]
Gutho Full: folds 
Mahu2021: folds 
Uncalled bet (10) returned to Pocket4ce231
Pocket4ce231 collected 20 from pot
*** SUMMARY ***
Total pot 20 | Rake 0 
Seat 1: Pocket4ce231 (big blind) collected (20)
Seat 2: Gutho Full (button) folded before Flop (didn't bet)
Seat 3: Mahu2021 (small blind) folded before Flop



PokerStars Hand #244339089567: Tournament #3606055926, $0.92+$0.08 USD Hold'em No Limit - Level I (10/20) - 2023/06/18 19:19:54 CET [2023/06/18 13:19:54 ET]
Table '3606055926 1' 3-max Seat #3 is the button
Seat 1: Pocket4ce231 (900 in chips) 
Seat 2: Gutho Full (120 in chips) 
Seat 3: Mahu2021 (480 in chips) 
Pocket4ce231: posts small blind 10
Gutho Full: posts big blind 20
*** HOLE CARDS ***
Dealt to Mahu2021 [2h 6c]
Mahu2021: folds 
Pocket4ce231: folds 
Uncalled bet (10) returned to Gutho Full
Gutho Full collected 20 from pot
Gutho Full: doesn't show hand 
*** SUMMARY ***
Total pot 20 | Rake 0 
Seat 1: Pocket4ce231 (small blind) folded before Flop
Seat 2: Gutho Full (big blind) collected (20)
Seat 3: Mahu2021 (button) folded before Flop (didn't bet)



PokerStars Hand #244339091837: Tournament #3606055926, $0.92+$0.08 USD Hold'em No Limit - Level I (10/20) - 2023/06/18 19:20:01 CET [2023/06/18 13:20:01 ET]
Table '3606055926 1' 3-max Seat #1 is the button
Seat 1: Pocket4ce231 (890 in chips) 
Seat 2: Gutho Full (130 in chips) 
Seat 3: Mahu2021 (480 in chips) 
Gutho Full: posts small blind 10
Mahu2021: posts big blind 20
*** HOLE CARDS ***
Dealt to Mahu2021 [6h Th]
Pocket4ce231: folds 
Gutho Full: calls 10
Mahu2021: checks 
*** FLOP *** [Jc Ks 5c]
Gutho Full: bets 40
Mahu2021: folds 
Uncalled bet (40) returned to Gutho Full
Gutho Full collected 40 from pot
Gutho Full: doesn't show hand 
*** SUMMARY ***
Total pot 40 | Rake 0 
Board [Jc Ks 5c]
Seat 1: Pocket4ce231 (button) folded before Flop (didn't bet)
Seat 2: Gutho Full (small blind) collected (40)
Seat 3: Mahu2021 (big blind) folded on the Flop



PokerStars Hand #244339095586: Tournament #3606055926, $0.92+$0.08 USD Hold'em No Limit - Level I (10/20) - 2023/06/18 19:20:12 CET [2023/06/18 13:20:12 ET]
Table '3606055926 1' 3-max Seat #2 is the button
Seat 1: Pocket4ce231 (890 in chips) 
Seat 2: Gutho Full (150 in chips) 
Seat 3: Mahu2021 (460 in chips) 
Mahu2021: posts small blind 10
Pocket4ce231: posts big blind 20
*** HOLE CARDS ***
Dealt to Mahu2021 [2h 4c]
Gutho Full: folds 
Mahu2021: folds 
Uncalled bet (10) returned to Pocket4ce231
Pocket4ce231 collected 20 from pot
*** SUMMARY ***
Total pot 20 | Rake 0 
Seat 1: Pocket4ce231 (big blind) collected (20)
Seat 2: Gutho Full (button) folded before Flop (didn't bet)
Seat 3: Mahu2021 (small blind) folded before Flop



PokerStars Hand #244339098333: Tournament #3606055926, $0.92+$0.08 USD Hold'em No Limit - Level II (15/30) - 2023/06/18 19:20:20 CET [2023/06/18 13:20:20 ET]
Table '3606055926 1' 3-max Seat #3 is the button
Seat 1: Pocket4ce231 (900 in chips) 
Seat 2: Gutho Full (150 in chips) 
Seat 3: Mahu2021 (450 in chips) 
Pocket4ce231: posts small blind 15
Gutho Full: posts big blind 30
*** HOLE CARDS ***
Dealt to Mahu2021 [7s Th]
Mahu2021: folds 
Pocket4ce231: folds 
Uncalled bet (15) returned to Gutho Full
Gutho Full collected 30 from pot
Gutho Full: doesn't show hand 
*** SUMMARY ***
Total pot 30 | Rake 0 
Seat 1: Pocket4ce231 (small blind) folded before Flop
Seat 2: Gutho Full (big blind) collected (30)
Seat 3: Mahu2021 (button) folded before Flop (didn't bet)



PokerStars Hand #244339102167: Tournament #3606055926, $0.92+$0.08 USD Hold'em No Limit - Level II (15/30) - 2023/06/18 19:20:31 CET [2023/06/18 13:20:31 ET]
Table '3606055926 1' 3-max Seat #1 is the button
Seat 1: Pocket4ce231 (885 in chips) 
Seat 2: Gutho Full (165 in chips) 
Seat 3: Mahu2021 (450 in chips) 
Gutho Full: posts small blind 15
Mahu2021: posts big blind 30
*** HOLE CARDS ***
Dealt to Mahu2021 [9s Ks]
Pocket4ce231: raises 30 to 60
Gutho Full: folds 
Mahu2021: calls 30
*** FLOP *** [6c 5h 4s]
Mahu2021: checks 
Pocket4ce231: checks 
*** TURN *** [6c 5h 4s] [4h]
Mahu2021: checks 
Pocket4ce231: bets 30
Mahu2021: calls 30
*** RIVER *** [6c 5h 4s 4h] [Jh]
Mahu2021: checks 
Pocket4ce231: checks 
*** SHOW DOWN ***
Mahu2021: shows [9s Ks] (a pair of Fours)
Pocket4ce231: shows [Kh Ac] (a pair of Fours - Ace kicker)
Pocket4ce231 collected 195 from pot
*** SUMMARY ***
Total pot 195 | Rake 0 
Board [6c 5h 4s 4h Jh]
Seat 1: Pocket4ce231 (button) showed [Kh Ac] and won (195) with a pair of Fours
Seat 2: Gutho Full (small blind) folded before Flop
Seat 3: Mahu2021 (big blind) showed [9s Ks] and lost with a pair of Fours



PokerStars Hand #244339108655: Tournament #3606055926, $0.92+$0.08 USD Hold'em No Limit - Level II (15/30) - 2023/06/18 19:20:50 CET [2023/06/18 13:20:50 ET]
Table '3606055926 1' 3-max Seat #2 is the button
Seat 1: Pocket4ce231 (990 in chips) 
Seat 2: Gutho Full (150 in chips) 
Seat 3: Mahu2021 (360 in chips) 
Mahu2021: posts small blind 15
Pocket4ce231: posts big blind 30
*** HOLE CARDS ***
Dealt to Mahu2021 [2c 8s]
Gutho Full: folds 
Mahu2021: folds 
Uncalled bet (15) returned to Pocket4ce231
Pocket4ce231 collected 30 from pot
*** SUMMARY ***
Total pot 30 | Rake 0 
Seat 1: Pocket4ce231 (big blind) collected (30)
Seat 2: Gutho Full (button) folded before Flop (didn't bet)
Seat 3: Mahu2021 (small blind) folded before Flop



PokerStars Hand #244339110934: Tournament #3606055926, $0.92+$0.08 USD Hold'em No Limit - Level II (15/30) - 2023/06/18 19:20:57 CET [2023/06/18 13:20:57 ET]
Table '3606055926 1' 3-max Seat #3 is the button
Seat 1: Pocket4ce231 (1005 in chips) 
Seat 2: Gutho Full (150 in chips) 
Seat 3: Mahu2021 (345 in chips) 
Pocket4ce231: posts small blind 15
Gutho Full: posts big blind 30
*** HOLE CARDS ***
Dealt to Mahu2021 [3s As]
Mahu2021: raises 30 to 60
Pocket4ce231: folds 
Gutho Full: raises 90 to 150 and is all-in
Mahu2021: calls 90
*** FLOP *** [5c Ah Ts]
*** TURN *** [5c Ah Ts] [3h]
*** RIVER *** [5c Ah Ts 3h] [Qs]
*** SHOW DOWN ***
Gutho Full: shows [5h Kd] (a pair of Fives)
Mahu2021: shows [3s As] (two pair, Aces and Threes)
Mahu2021 collected 315 from pot
Gutho Full finished the tournament in 3rd place
*** SUMMARY ***
Total pot 315 | Rake 0 
Board [5c Ah Ts 3h Qs]
Seat 1: Pocket4ce231 (small blind) folded before Flop
Seat 2: Gutho Full (big blind) showed [5h Kd] and lost with a pair of Fives
Seat 3: Mahu2021 (button) showed [3s As] and won (315) with two pair, Aces and Threes



PokerStars Hand #244339118262: Tournament #3606055926, $0.92+$0.08 USD Hold'em No Limit - Level II (15/30) - 2023/06/18 19:21:19 CET [2023/06/18 13:21:19 ET]
Table '3606055926 1' 3-max Seat #1 is the button
Seat 1: Pocket4ce231 (990 in chips) 
Seat 3: Mahu2021 (510 in chips) 
Pocket4ce231: posts small blind 15
Mahu2021: posts big blind 30
*** HOLE CARDS ***
Dealt to Mahu2021 [8s Jh]
Pocket4ce231: folds 
Uncalled bet (15) returned to Mahu2021
Mahu2021 collected 30 from pot
Mahu2021: doesn't show hand 
*** SUMMARY ***
Total pot 30 | Rake 0 
Seat 1: Pocket4ce231 (button) (small blind) folded before Flop
Seat 3: Mahu2021 (big blind) collected (30)



PokerStars Hand #244339120307: Tournament #3606055926, $0.92+$0.08 USD Hold'em No Limit - Level II (15/30) - 2023/06/18 19:21:25 CET [2023/06/18 13:21:25 ET]
Table '3606055926 1' 3-max Seat #3 is the button
Seat 1: Pocket4ce231 (975 in chips) 
Seat 3: Mahu2021 (525 in chips) 
Mahu2021: posts small blind 15
Pocket4ce231: posts big blind 30
*** HOLE CARDS ***
Dealt to Mahu2021 [8s 4s]
Mahu2021: calls 15
Pocket4ce231: checks 
*** FLOP *** [6s 8d Tc]
Pocket4ce231: checks 
Mahu2021: checks 
*** TURN *** [6s 8d Tc] [7c]
Pocket4ce231: checks 
Mahu2021: bets 60
Pocket4ce231: folds 
Uncalled bet (60) returned to Mahu2021
Mahu2021 collected 60 from pot
Mahu2021: doesn't show hand 
*** SUMMARY ***
Total pot 60 | Rake 0 
Board [6s 8d Tc 7c]
Seat 1: Pocket4ce231 (big blind) folded on the Turn
Seat 3: Mahu2021 (button) (small blind) collected (60)



PokerStars Hand #244339129745: Tournament #3606055926, $0.92+$0.08 USD Hold'em No Limit - Level II (15/30) - 2023/06/18 19:21:53 CET [2023/06/18 13:21:53 ET]
Table '3606055926 1' 3-max Seat #1 is the button
Seat 1: Pocket4ce231 (945 in chips) 
Seat 3: Mahu2021 (555 in chips) 
Pocket4ce231: posts small blind 15
Mahu2021: posts big blind 30
*** HOLE CARDS ***
Dealt to Mahu2021 [Kc 2h]
Pocket4ce231: folds 
Uncalled bet (15) returned to Mahu2021
Mahu2021 collected 30 from pot
Mahu2021: doesn't show hand 
*** SUMMARY ***
Total pot 30 | Rake 0 
Seat 1: Pocket4ce231 (button) (small blind) folded before Flop
Seat 3: Mahu2021 (big blind) collected (30)



PokerStars Hand #244339133138: Tournament #3606055926, $0.92+$0.08 USD Hold'em No Limit - Level II (15/30) - 2023/06/18 19:22:03 CET [2023/06/18 13:22:03 ET]
Table '3606055926 1' 3-max Seat #3 is the button
Seat 1: Pocket4ce231 (930 in chips) 
Seat 3: Mahu2021 (570 in chips) 
Mahu2021: posts small blind 15
Pocket4ce231: posts big blind 30
*** HOLE CARDS ***
Dealt to Mahu2021 [7c 5h]
Mahu2021: calls 15
Pocket4ce231: checks 
*** FLOP *** [7s 9c Qc]
Pocket4ce231: checks 
Mahu2021: bets 30
Pocket4ce231: calls 30
*** TURN *** [7s 9c Qc] [Ah]
Pocket4ce231: checks 
Mahu2021: checks 
*** RIVER *** [7s 9c Qc Ah] [Jc]
Pocket4ce231: checks 
Mahu2021: checks 
*** SHOW DOWN ***
Pocket4ce231: shows [2d 7h] (a pair of Sevens)
Mahu2021: shows [7c 5h] (a pair of Sevens)
Pocket4ce231 collected 60 from pot
Mahu2021 collected 60 from pot
*** SUMMARY ***
Total pot 120 | Rake 0 
Board [7s 9c Qc Ah Jc]
Seat 1: Pocket4ce231 (big blind) showed [2d 7h] and won (60) with a pair of Sevens
Seat 3: Mahu2021 (button) (small blind) showed [7c 5h] and won (60) with a pair of Sevens



PokerStars Hand #244339145398: Tournament #3606055926, $0.92+$0.08 USD Hold'em No Limit - Level II (15/30) - 2023/06/18 19:22:39 CET [2023/06/18 13:22:39 ET]
Table '3606055926 1' 3-max Seat #1 is the button
Seat 1: Pocket4ce231 (930 in chips) 
Seat 3: Mahu2021 (570 in chips) 
Pocket4ce231: posts small blind 15
Mahu2021: posts big blind 30
*** HOLE CARDS ***
Dealt to Mahu2021 [9c Js]
Pocket4ce231: raises 30 to 60
Mahu2021: calls 30
*** FLOP *** [Jd Tc 5s]
Mahu2021: bets 60
Pocket4ce231: calls 60
*** TURN *** [Jd Tc 5s] [8d]
Mahu2021: bets 240
Pocket4ce231: calls 240
*** RIVER *** [Jd Tc 5s 8d] [9s]
Mahu2021: bets 210 and is all-in
Pocket4ce231: calls 210
*** SHOW DOWN ***
Mahu2021: shows [9c Js] (two pair, Jacks and Nines)
Pocket4ce231: shows [7c 7d] (a straight, Seven to Jack)
Pocket4ce231 collected 1140 from pot
Mahu2021 finished the tournament in 2nd place
Pocket4ce231 wins the tournament and receives $3.00 - congratulations!
*** SUMMARY ***
Total pot 1140 | Rake 0 
Board [Jd Tc 5s 8d 9s]
Seat 1: Pocket4ce231 (button) (small blind) showed [7c 7d] and won (1140) with a straight, Seven to Jack
Seat 3: Mahu2021 (big blind) showed [9c Js] and lost with two pair, Jacks and Nines



