PokerStars Hand #252443515876: Tournament #3800405588, $1.84+$0.16 USD Hold'em No Limit - Level I (10/20) - 2024/09/14 15:36:27 CET [2024/09/14 9:36:27 ET]
Table '3800405588 1' 3-max Seat #1 is the button
Seat 1: Laststandi27 (500 in chips) 
Seat 2: zuzunic (500 in chips) 
Seat 3: Mahu2021 (500 in chips) 
zuzunic: posts small blind 10
Mahu2021: posts big blind 20
*** HOLE CARDS ***
Dealt to Mahu2021 [6s 6d]
Laststandi27: folds 
zuzunic: calls 10
Mahu2021: raises 40 to 60
zuzunic: calls 40
*** FLOP *** [2h 3h 3c]
zuzunic: checks 
Mahu2021: bets 120
zuzunic: folds 
Uncalled bet (120) returned to Mahu2021
Mahu2021 collected 120 from pot
Mahu2021: doesn't show hand 
*** SUMMARY ***
Total pot 120 | Rake 0 
Board [2h 3h 3c]
Seat 1: Laststandi27 (button) folded before Flop (didn't bet)
Seat 2: zuzunic (small blind) folded on the Flop
Seat 3: Mahu2021 (big blind) collected (120)



PokerStars Hand #252443520153: Tournament #3800405588, $1.84+$0.16 USD Hold'em No Limit - Level I (10/20) - 2024/09/14 15:36:49 CET [2024/09/14 9:36:49 ET]
Table '3800405588 1' 3-max Seat #2 is the button
Seat 1: Laststandi27 (500 in chips) 
Seat 2: zuzunic (440 in chips) 
Seat 3: Mahu2021 (560 in chips) 
Mahu2021: posts small blind 10
Laststandi27: posts big blind 20
*** HOLE CARDS ***
Dealt to Mahu2021 [6s As]
zuzunic: raises 20 to 40
Mahu2021: calls 30
Laststandi27: folds 
*** FLOP *** [5s Th Qh]
Mahu2021: checks 
zuzunic: bets 80
Mahu2021: folds 
Uncalled bet (80) returned to zuzunic
zuzunic collected 100 from pot
zuzunic: doesn't show hand 
*** SUMMARY ***
Total pot 100 | Rake 0 
Board [5s Th Qh]
Seat 1: Laststandi27 (big blind) folded before Flop
Seat 2: zuzunic (button) collected (100)
Seat 3: Mahu2021 (small blind) folded on the Flop



PokerStars Hand #252443523270: Tournament #3800405588, $1.84+$0.16 USD Hold'em No Limit - Level I (10/20) - 2024/09/14 15:37:05 CET [2024/09/14 9:37:05 ET]
Table '3800405588 1' 3-max Seat #3 is the button
Seat 1: Laststandi27 (480 in chips) 
Seat 2: zuzunic (500 in chips) 
Seat 3: Mahu2021 (520 in chips) 
Laststandi27: posts small blind 10
zuzunic: posts big blind 20
*** HOLE CARDS ***
Dealt to Mahu2021 [8d Jc]
Mahu2021: folds 
Laststandi27: raises 40 to 60
zuzunic: calls 40
*** FLOP *** [6d 2c Ks]
Laststandi27: checks 
zuzunic: bets 80
Laststandi27: calls 80
*** TURN *** [6d 2c Ks] [Kd]
Laststandi27: checks 
zuzunic: bets 100
Laststandi27: calls 100
*** RIVER *** [6d 2c Ks Kd] [9d]
Laststandi27: bets 240 and is all-in
zuzunic: calls 240
*** SHOW DOWN ***
Laststandi27: shows [7s Ah] (a pair of Kings)
zuzunic: shows [Kh 9s] (a full house, Kings full of Nines)
zuzunic collected 960 from pot
Laststandi27 finished the tournament in 3rd place
*** SUMMARY ***
Total pot 960 | Rake 0 
Board [6d 2c Ks Kd 9d]
Seat 1: Laststandi27 (small blind) showed [7s Ah] and lost with a pair of Kings
Seat 2: zuzunic (big blind) showed [Kh 9s] and won (960) with a full house, Kings full of Nines
Seat 3: Mahu2021 (button) folded before Flop (didn't bet)



PokerStars Hand #252443532310: Tournament #3800405588, $1.84+$0.16 USD Hold'em No Limit - Level I (10/20) - 2024/09/14 15:37:52 CET [2024/09/14 9:37:52 ET]
Table '3800405588 1' 3-max Seat #2 is the button
Seat 2: zuzunic (980 in chips) 
Seat 3: Mahu2021 (520 in chips) 
zuzunic: posts small blind 10
Mahu2021: posts big blind 20
*** HOLE CARDS ***
Dealt to Mahu2021 [8s 8d]
zuzunic: raises 20 to 40
Mahu2021: raises 480 to 520 and is all-in
zuzunic: calls 480
*** FLOP *** [8h 2c 6h]
*** TURN *** [8h 2c 6h] [5c]
*** RIVER *** [8h 2c 6h 5c] [4s]
*** SHOW DOWN ***
Mahu2021: shows [8s 8d] (three of a kind, Eights)
zuzunic: shows [Qc Ac] (high card Ace)
Mahu2021 collected 1040 from pot
*** SUMMARY ***
Total pot 1040 | Rake 0 
Board [8h 2c 6h 5c 4s]
Seat 2: zuzunic (button) (small blind) showed [Qc Ac] and lost with high card Ace
Seat 3: Mahu2021 (big blind) showed [8s 8d] and won (1040) with three of a kind, Eights



PokerStars Hand #252443535624: Tournament #3800405588, $1.84+$0.16 USD Hold'em No Limit - Level I (10/20) - 2024/09/14 15:38:09 CET [2024/09/14 9:38:09 ET]
Table '3800405588 1' 3-max Seat #3 is the button
Seat 2: zuzunic (460 in chips) 
Seat 3: Mahu2021 (1040 in chips) 
Mahu2021: posts small blind 10
zuzunic: posts big blind 20
*** HOLE CARDS ***
Dealt to Mahu2021 [5h 9c]
Mahu2021: folds 
Uncalled bet (10) returned to zuzunic
zuzunic collected 20 from pot
zuzunic: doesn't show hand 
*** SUMMARY ***
Total pot 20 | Rake 0 
Seat 2: zuzunic (big blind) collected (20)
Seat 3: Mahu2021 (button) (small blind) folded before Flop



PokerStars Hand #252443536423: Tournament #3800405588, $1.84+$0.16 USD Hold'em No Limit - Level I (10/20) - 2024/09/14 15:38:13 CET [2024/09/14 9:38:13 ET]
Table '3800405588 1' 3-max Seat #2 is the button
Seat 2: zuzunic (470 in chips) 
Seat 3: Mahu2021 (1030 in chips) 
zuzunic: posts small blind 10
Mahu2021: posts big blind 20
*** HOLE CARDS ***
Dealt to Mahu2021 [6c Jc]
zuzunic: raises 20 to 40
Mahu2021: calls 20
*** FLOP *** [Ts Kc Td]
Mahu2021: checks 
zuzunic: bets 40
Mahu2021: folds 
Uncalled bet (40) returned to zuzunic
zuzunic collected 80 from pot
zuzunic: doesn't show hand 
*** SUMMARY ***
Total pot 80 | Rake 0 
Board [Ts Kc Td]
Seat 2: zuzunic (button) (small blind) collected (80)
Seat 3: Mahu2021 (big blind) folded on the Flop



PokerStars Hand #252443539032: Tournament #3800405588, $1.84+$0.16 USD Hold'em No Limit - Level I (10/20) - 2024/09/14 15:38:27 CET [2024/09/14 9:38:27 ET]
Table '3800405588 1' 3-max Seat #3 is the button
Seat 2: zuzunic (510 in chips) 
Seat 3: Mahu2021 (990 in chips) 
Mahu2021: posts small blind 10
zuzunic: posts big blind 20
*** HOLE CARDS ***
Dealt to Mahu2021 [2c Kh]
Mahu2021: raises 20 to 40
zuzunic: folds 
Uncalled bet (20) returned to Mahu2021
Mahu2021 collected 40 from pot
Mahu2021: doesn't show hand 
*** SUMMARY ***
Total pot 40 | Rake 0 
Seat 2: zuzunic (big blind) folded before Flop
Seat 3: Mahu2021 (button) (small blind) collected (40)



PokerStars Hand #252443540138: Tournament #3800405588, $1.84+$0.16 USD Hold'em No Limit - Level I (10/20) - 2024/09/14 15:38:32 CET [2024/09/14 9:38:32 ET]
Table '3800405588 1' 3-max Seat #2 is the button
Seat 2: zuzunic (490 in chips) 
Seat 3: Mahu2021 (1010 in chips) 
zuzunic: posts small blind 10
Mahu2021: posts big blind 20
*** HOLE CARDS ***
Dealt to Mahu2021 [Th 8h]
zuzunic: calls 10
Mahu2021: checks 
*** FLOP *** [Kc Qh Kh]
Mahu2021: checks 
zuzunic: bets 20
Mahu2021: calls 20
*** TURN *** [Kc Qh Kh] [Qd]
Mahu2021: checks 
zuzunic: bets 120
Mahu2021: folds 
Uncalled bet (120) returned to zuzunic
zuzunic collected 80 from pot
zuzunic: doesn't show hand 
*** SUMMARY ***
Total pot 80 | Rake 0 
Board [Kc Qh Kh Qd]
Seat 2: zuzunic (button) (small blind) collected (80)
Seat 3: Mahu2021 (big blind) folded on the Turn



PokerStars Hand #252443544923: Tournament #3800405588, $1.84+$0.16 USD Hold'em No Limit - Level I (10/20) - 2024/09/14 15:38:57 CET [2024/09/14 9:38:57 ET]
Table '3800405588 1' 3-max Seat #3 is the button
Seat 2: zuzunic (530 in chips) 
Seat 3: Mahu2021 (970 in chips) 
Mahu2021: posts small blind 10
zuzunic: posts big blind 20
*** HOLE CARDS ***
Dealt to Mahu2021 [Ks 5h]
Mahu2021: raises 20 to 40
zuzunic: calls 20
*** FLOP *** [6s Jh 7c]
zuzunic: checks 
Mahu2021: checks 
*** TURN *** [6s Jh 7c] [5s]
zuzunic: bets 40
Mahu2021: folds 
Uncalled bet (40) returned to zuzunic
zuzunic collected 80 from pot
zuzunic: doesn't show hand 
*** SUMMARY ***
Total pot 80 | Rake 0 
Board [6s Jh 7c 5s]
Seat 2: zuzunic (big blind) collected (80)
Seat 3: Mahu2021 (button) (small blind) folded on the Turn



PokerStars Hand #252443550980: Tournament #3800405588, $1.84+$0.16 USD Hold'em No Limit - Level I (10/20) - 2024/09/14 15:39:29 CET [2024/09/14 9:39:29 ET]
Table '3800405588 1' 3-max Seat #2 is the button
Seat 2: zuzunic (570 in chips) 
Seat 3: Mahu2021 (930 in chips) 
zuzunic: posts small blind 10
Mahu2021: posts big blind 20
*** HOLE CARDS ***
Dealt to Mahu2021 [Qh 3d]
zuzunic: folds 
Uncalled bet (10) returned to Mahu2021
Mahu2021 collected 20 from pot
Mahu2021: doesn't show hand 
*** SUMMARY ***
Total pot 20 | Rake 0 
Seat 2: zuzunic (button) (small blind) folded before Flop
Seat 3: Mahu2021 (big blind) collected (20)



PokerStars Hand #252443551888: Tournament #3800405588, $1.84+$0.16 USD Hold'em No Limit - Level I (10/20) - 2024/09/14 15:39:34 CET [2024/09/14 9:39:34 ET]
Table '3800405588 1' 3-max Seat #3 is the button
Seat 2: zuzunic (560 in chips) 
Seat 3: Mahu2021 (940 in chips) 
Mahu2021: posts small blind 10
zuzunic: posts big blind 20
*** HOLE CARDS ***
Dealt to Mahu2021 [8d Qs]
Mahu2021: raises 20 to 40
zuzunic: calls 20
*** FLOP *** [7c Qd 4s]
zuzunic: checks 
Mahu2021: checks 
*** TURN *** [7c Qd 4s] [Ad]
zuzunic: checks 
Mahu2021: checks 
*** RIVER *** [7c Qd 4s Ad] [6s]
zuzunic: checks 
Mahu2021: bets 40
zuzunic: calls 40
*** SHOW DOWN ***
Mahu2021: shows [8d Qs] (a pair of Queens)
zuzunic: mucks hand 
Mahu2021 collected 160 from pot
*** SUMMARY ***
Total pot 160 | Rake 0 
Board [7c Qd 4s Ad 6s]
Seat 2: zuzunic (big blind) mucked [5d Jd]
Seat 3: Mahu2021 (button) (small blind) showed [8d Qs] and won (160) with a pair of Queens



PokerStars Hand #252443555859: Tournament #3800405588, $1.84+$0.16 USD Hold'em No Limit - Level I (10/20) - 2024/09/14 15:39:54 CET [2024/09/14 9:39:54 ET]
Table '3800405588 1' 3-max Seat #2 is the button
Seat 2: zuzunic (480 in chips) 
Seat 3: Mahu2021 (1020 in chips) 
zuzunic: posts small blind 10
Mahu2021: posts big blind 20
*** HOLE CARDS ***
Dealt to Mahu2021 [Qd 8h]
zuzunic: calls 10
Mahu2021: checks 
*** FLOP *** [6d 7h 8c]
Mahu2021: bets 40
zuzunic: folds 
Uncalled bet (40) returned to Mahu2021
Mahu2021 collected 40 from pot
Mahu2021: doesn't show hand 
*** SUMMARY ***
Total pot 40 | Rake 0 
Board [6d 7h 8c]
Seat 2: zuzunic (button) (small blind) folded on the Flop
Seat 3: Mahu2021 (big blind) collected (40)



PokerStars Hand #252443557637: Tournament #3800405588, $1.84+$0.16 USD Hold'em No Limit - Level I (10/20) - 2024/09/14 15:40:04 CET [2024/09/14 9:40:04 ET]
Table '3800405588 1' 3-max Seat #3 is the button
Seat 2: zuzunic (460 in chips) 
Seat 3: Mahu2021 (1040 in chips) 
Mahu2021: posts small blind 10
zuzunic: posts big blind 20
*** HOLE CARDS ***
Dealt to Mahu2021 [9c 3c]
Mahu2021: calls 10
zuzunic: raises 60 to 80
Mahu2021: folds 
Uncalled bet (60) returned to zuzunic
zuzunic collected 40 from pot
zuzunic: doesn't show hand 
*** SUMMARY ***
Total pot 40 | Rake 0 
Seat 2: zuzunic (big blind) collected (40)
Seat 3: Mahu2021 (button) (small blind) folded before Flop



PokerStars Hand #252443559383: Tournament #3800405588, $1.84+$0.16 USD Hold'em No Limit - Level I (10/20) - 2024/09/14 15:40:13 CET [2024/09/14 9:40:13 ET]
Table '3800405588 1' 3-max Seat #2 is the button
Seat 2: zuzunic (480 in chips) 
Seat 3: Mahu2021 (1020 in chips) 
zuzunic: posts small blind 10
Mahu2021: posts big blind 20
*** HOLE CARDS ***
Dealt to Mahu2021 [7h Qc]
zuzunic: raises 40 to 60
Mahu2021: folds 
Uncalled bet (40) returned to zuzunic
zuzunic collected 40 from pot
zuzunic: doesn't show hand 
*** SUMMARY ***
Total pot 40 | Rake 0 
Seat 2: zuzunic (button) (small blind) collected (40)
Seat 3: Mahu2021 (big blind) folded before Flop



PokerStars Hand #252443560670: Tournament #3800405588, $1.84+$0.16 USD Hold'em No Limit - Level I (10/20) - 2024/09/14 15:40:20 CET [2024/09/14 9:40:20 ET]
Table '3800405588 1' 3-max Seat #3 is the button
Seat 2: zuzunic (500 in chips) 
Seat 3: Mahu2021 (1000 in chips) 
Mahu2021: posts small blind 10
zuzunic: posts big blind 20
*** HOLE CARDS ***
Dealt to Mahu2021 [Td 8h]
Mahu2021: calls 10
zuzunic: checks 
*** FLOP *** [Jd Kh Ac]
zuzunic: checks 
Mahu2021: bets 20
zuzunic: raises 20 to 40
Mahu2021: calls 20
*** TURN *** [Jd Kh Ac] [2d]
zuzunic: bets 60
Mahu2021: folds 
Uncalled bet (60) returned to zuzunic
zuzunic collected 120 from pot
zuzunic: doesn't show hand 
*** SUMMARY ***
Total pot 120 | Rake 0 
Board [Jd Kh Ac 2d]
Seat 2: zuzunic (big blind) collected (120)
Seat 3: Mahu2021 (button) (small blind) folded on the Turn



PokerStars Hand #252443566314: Tournament #3800405588, $1.84+$0.16 USD Hold'em No Limit - Level II (15/30) - 2024/09/14 15:40:49 CET [2024/09/14 9:40:49 ET]
Table '3800405588 1' 3-max Seat #2 is the button
Seat 2: zuzunic (560 in chips) 
Seat 3: Mahu2021 (940 in chips) 
zuzunic: posts small blind 15
Mahu2021: posts big blind 30
*** HOLE CARDS ***
Dealt to Mahu2021 [3d 8d]
zuzunic: raises 30 to 60
Mahu2021: folds 
Uncalled bet (30) returned to zuzunic
zuzunic collected 60 from pot
zuzunic: doesn't show hand 
*** SUMMARY ***
Total pot 60 | Rake 0 
Seat 2: zuzunic (button) (small blind) collected (60)
Seat 3: Mahu2021 (big blind) folded before Flop



PokerStars Hand #252443567522: Tournament #3800405588, $1.84+$0.16 USD Hold'em No Limit - Level II (15/30) - 2024/09/14 15:40:55 CET [2024/09/14 9:40:55 ET]
Table '3800405588 1' 3-max Seat #3 is the button
Seat 2: zuzunic (590 in chips) 
Seat 3: Mahu2021 (910 in chips) 
Mahu2021: posts small blind 15
zuzunic: posts big blind 30
*** HOLE CARDS ***
Dealt to Mahu2021 [4h 2h]
Mahu2021: calls 15
zuzunic: raises 90 to 120
Mahu2021: folds 
Uncalled bet (90) returned to zuzunic
zuzunic collected 60 from pot
zuzunic: doesn't show hand 
*** SUMMARY ***
Total pot 60 | Rake 0 
Seat 2: zuzunic (big blind) collected (60)
Seat 3: Mahu2021 (button) (small blind) folded before Flop



PokerStars Hand #252443569032: Tournament #3800405588, $1.84+$0.16 USD Hold'em No Limit - Level II (15/30) - 2024/09/14 15:41:03 CET [2024/09/14 9:41:03 ET]
Table '3800405588 1' 3-max Seat #2 is the button
Seat 2: zuzunic (620 in chips) 
Seat 3: Mahu2021 (880 in chips) 
zuzunic: posts small blind 15
Mahu2021: posts big blind 30
*** HOLE CARDS ***
Dealt to Mahu2021 [6h 7d]
zuzunic: raises 590 to 620 and is all-in
Mahu2021: folds 
Uncalled bet (590) returned to zuzunic
zuzunic collected 60 from pot
zuzunic: doesn't show hand 
*** SUMMARY ***
Total pot 60 | Rake 0 
Seat 2: zuzunic (button) (small blind) collected (60)
Seat 3: Mahu2021 (big blind) folded before Flop



PokerStars Hand #252443570313: Tournament #3800405588, $1.84+$0.16 USD Hold'em No Limit - Level II (15/30) - 2024/09/14 15:41:10 CET [2024/09/14 9:41:10 ET]
Table '3800405588 1' 3-max Seat #3 is the button
Seat 2: zuzunic (650 in chips) 
Seat 3: Mahu2021 (850 in chips) 
Mahu2021: posts small blind 15
zuzunic: posts big blind 30
*** HOLE CARDS ***
Dealt to Mahu2021 [8s Ks]
Mahu2021: raises 30 to 60
zuzunic: folds 
Uncalled bet (30) returned to Mahu2021
Mahu2021 collected 60 from pot
Mahu2021: doesn't show hand 
*** SUMMARY ***
Total pot 60 | Rake 0 
Seat 2: zuzunic (big blind) folded before Flop
Seat 3: Mahu2021 (button) (small blind) collected (60)



PokerStars Hand #252443571313: Tournament #3800405588, $1.84+$0.16 USD Hold'em No Limit - Level II (15/30) - 2024/09/14 15:41:15 CET [2024/09/14 9:41:15 ET]
Table '3800405588 1' 3-max Seat #2 is the button
Seat 2: zuzunic (620 in chips) 
Seat 3: Mahu2021 (880 in chips) 
zuzunic: posts small blind 15
Mahu2021: posts big blind 30
*** HOLE CARDS ***
Dealt to Mahu2021 [Qs Td]
zuzunic: raises 30 to 60
Mahu2021: calls 30
*** FLOP *** [5s 4c 4d]
Mahu2021: checks 
zuzunic: checks 
*** TURN *** [5s 4c 4d] [9d]
Mahu2021: bets 30
zuzunic: raises 180 to 210
Mahu2021: folds 
Uncalled bet (180) returned to zuzunic
zuzunic collected 180 from pot
zuzunic: doesn't show hand 
*** SUMMARY ***
Total pot 180 | Rake 0 
Board [5s 4c 4d 9d]
Seat 2: zuzunic (button) (small blind) collected (180)
Seat 3: Mahu2021 (big blind) folded on the Turn



PokerStars Hand #252443574241: Tournament #3800405588, $1.84+$0.16 USD Hold'em No Limit - Level II (15/30) - 2024/09/14 15:41:31 CET [2024/09/14 9:41:31 ET]
Table '3800405588 1' 3-max Seat #3 is the button
Seat 2: zuzunic (710 in chips) 
Seat 3: Mahu2021 (790 in chips) 
Mahu2021: posts small blind 15
zuzunic: posts big blind 30
*** HOLE CARDS ***
Dealt to Mahu2021 [5s Qs]
Mahu2021: calls 15
zuzunic: checks 
*** FLOP *** [Ac 4h 7c]
zuzunic: checks 
Mahu2021: checks 
*** TURN *** [Ac 4h 7c] [2d]
zuzunic: bets 30
Mahu2021: calls 30
*** RIVER *** [Ac 4h 7c 2d] [Kd]
zuzunic: checks 
Mahu2021: bets 120
zuzunic: calls 120
*** SHOW DOWN ***
Mahu2021: shows [5s Qs] (high card Ace)
zuzunic: shows [4d 6c] (a pair of Fours)
zuzunic collected 360 from pot
*** SUMMARY ***
Total pot 360 | Rake 0 
Board [Ac 4h 7c 2d Kd]
Seat 2: zuzunic (big blind) showed [4d 6c] and won (360) with a pair of Fours
Seat 3: Mahu2021 (button) (small blind) showed [5s Qs] and lost with high card Ace



PokerStars Hand #252443577144: Tournament #3800405588, $1.84+$0.16 USD Hold'em No Limit - Level II (15/30) - 2024/09/14 15:41:46 CET [2024/09/14 9:41:46 ET]
Table '3800405588 1' 3-max Seat #2 is the button
Seat 2: zuzunic (890 in chips) 
Seat 3: Mahu2021 (610 in chips) 
zuzunic: posts small blind 15
Mahu2021: posts big blind 30
*** HOLE CARDS ***
Dealt to Mahu2021 [Ac Kh]
zuzunic: calls 15
Mahu2021: raises 90 to 120
zuzunic: calls 90
*** FLOP *** [6c 9h 7h]
Mahu2021: bets 490 and is all-in
zuzunic: calls 490
*** TURN *** [6c 9h 7h] [9d]
*** RIVER *** [6c 9h 7h 9d] [8s]
*** SHOW DOWN ***
Mahu2021: shows [Ac Kh] (a pair of Nines)
zuzunic: shows [Ks 6d] (two pair, Nines and Sixes)
zuzunic collected 1220 from pot
Mahu2021 finished the tournament in 2nd place and received $4.00.
zuzunic wins the tournament and receives $16.00 - congratulations!
*** SUMMARY ***
Total pot 1220 | Rake 0 
Board [6c 9h 7h 9d 8s]
Seat 2: zuzunic (button) (small blind) showed [Ks 6d] and won (1220) with two pair, Nines and Sixes
Seat 3: Mahu2021 (big blind) showed [Ac Kh] and lost with a pair of Nines



