PokerStars Hand #245728449605: Tournament #3639446931, $0.92+$0.08 USD Hold'em No Limit - Level I (10/20) - 2023/09/02 14:46:38 CET [2023/09/02 8:46:38 ET]
Table '3639446931 1' 3-max Seat #1 is the button
Seat 1: fabio77777 (500 in chips) 
Seat 2: mateja2 (500 in chips) 
Seat 3: Mahu2021 (500 in chips) 
mateja2: posts small blind 10
Mahu2021: posts big blind 20
*** HOLE CARDS ***
Dealt to Mahu2021 [As Ah]
fabio77777: raises 20 to 40
mateja2: calls 30
Mahu2021: raises 460 to 500 and is all-in
fabio77777: folds 
mateja2: folds 
Uncalled bet (460) returned to Mahu2021
Mahu2021 collected 120 from pot
Mahu2021: doesn't show hand 
*** SUMMARY ***
Total pot 120 | Rake 0 
Seat 1: fabio77777 (button) folded before Flop
Seat 2: mateja2 (small blind) folded before Flop
Seat 3: Mahu2021 (big blind) collected (120)



PokerStars Hand #245728451685: Tournament #3639446931, $0.92+$0.08 USD Hold'em No Limit - Level I (10/20) - 2023/09/02 14:46:48 CET [2023/09/02 8:46:48 ET]
Table '3639446931 1' 3-max Seat #2 is the button
Seat 1: fabio77777 (460 in chips) 
Seat 2: mateja2 (460 in chips) 
Seat 3: Mahu2021 (580 in chips) 
Mahu2021: posts small blind 10
fabio77777: posts big blind 20
*** HOLE CARDS ***
Dealt to Mahu2021 [8h 7c]
mateja2: folds 
Mahu2021: folds 
Uncalled bet (10) returned to fabio77777
fabio77777 collected 20 from pot
*** SUMMARY ***
Total pot 20 | Rake 0 
Seat 1: fabio77777 (big blind) collected (20)
Seat 2: mateja2 (button) folded before Flop (didn't bet)
Seat 3: Mahu2021 (small blind) folded before Flop



PokerStars Hand #245728452611: Tournament #3639446931, $0.92+$0.08 USD Hold'em No Limit - Level I (10/20) - 2023/09/02 14:46:53 CET [2023/09/02 8:46:53 ET]
Table '3639446931 1' 3-max Seat #3 is the button
Seat 1: fabio77777 (470 in chips) 
Seat 2: mateja2 (460 in chips) 
Seat 3: Mahu2021 (570 in chips) 
fabio77777: posts small blind 10
mateja2: posts big blind 20
*** HOLE CARDS ***
Dealt to Mahu2021 [6c 9d]
Mahu2021: folds 
fabio77777: raises 20 to 40
mateja2: folds 
Uncalled bet (20) returned to fabio77777
fabio77777 collected 40 from pot
*** SUMMARY ***
Total pot 40 | Rake 0 
Seat 1: fabio77777 (small blind) collected (40)
Seat 2: mateja2 (big blind) folded before Flop
Seat 3: Mahu2021 (button) folded before Flop (didn't bet)



PokerStars Hand #245728454025: Tournament #3639446931, $0.92+$0.08 USD Hold'em No Limit - Level I (10/20) - 2023/09/02 14:47:00 CET [2023/09/02 8:47:00 ET]
Table '3639446931 1' 3-max Seat #1 is the button
Seat 1: fabio77777 (490 in chips) 
Seat 2: mateja2 (440 in chips) 
Seat 3: Mahu2021 (570 in chips) 
mateja2: posts small blind 10
Mahu2021: posts big blind 20
*** HOLE CARDS ***
Dealt to Mahu2021 [7d Tc]
fabio77777: folds 
mateja2: raises 20 to 40
Mahu2021: folds 
Uncalled bet (20) returned to mateja2
mateja2 collected 40 from pot
mateja2: doesn't show hand 
*** SUMMARY ***
Total pot 40 | Rake 0 
Seat 1: fabio77777 (button) folded before Flop (didn't bet)
Seat 2: mateja2 (small blind) collected (40)
Seat 3: Mahu2021 (big blind) folded before Flop



PokerStars Hand #245728455153: Tournament #3639446931, $0.92+$0.08 USD Hold'em No Limit - Level I (10/20) - 2023/09/02 14:47:05 CET [2023/09/02 8:47:05 ET]
Table '3639446931 1' 3-max Seat #2 is the button
Seat 1: fabio77777 (490 in chips) 
Seat 2: mateja2 (460 in chips) 
Seat 3: Mahu2021 (550 in chips) 
Mahu2021: posts small blind 10
fabio77777: posts big blind 20
*** HOLE CARDS ***
Dealt to Mahu2021 [8c 3d]
mateja2: raises 20 to 40
Mahu2021: folds 
fabio77777: calls 20
*** FLOP *** [Jc Qd 6c]
fabio77777: checks 
mateja2: bets 32
fabio77777: calls 32
*** TURN *** [Jc Qd 6c] [As]
fabio77777: checks 
mateja2: bets 139
fabio77777: folds 
Uncalled bet (139) returned to mateja2
mateja2 collected 154 from pot
mateja2: doesn't show hand 
*** SUMMARY ***
Total pot 154 | Rake 0 
Board [Jc Qd 6c As]
Seat 1: fabio77777 (big blind) folded on the Turn
Seat 2: mateja2 (button) collected (154)
Seat 3: Mahu2021 (small blind) folded before Flop



PokerStars Hand #245728458911: Tournament #3639446931, $0.92+$0.08 USD Hold'em No Limit - Level I (10/20) - 2023/09/02 14:47:23 CET [2023/09/02 8:47:23 ET]
Table '3639446931 1' 3-max Seat #3 is the button
Seat 1: fabio77777 (418 in chips) 
Seat 2: mateja2 (542 in chips) 
Seat 3: Mahu2021 (540 in chips) 
fabio77777: posts small blind 10
mateja2: posts big blind 20
*** HOLE CARDS ***
Dealt to Mahu2021 [Qc 7h]
Mahu2021: folds 
fabio77777: folds 
Uncalled bet (10) returned to mateja2
mateja2 collected 20 from pot
mateja2: doesn't show hand 
*** SUMMARY ***
Total pot 20 | Rake 0 
Seat 1: fabio77777 (small blind) folded before Flop
Seat 2: mateja2 (big blind) collected (20)
Seat 3: Mahu2021 (button) folded before Flop (didn't bet)



PokerStars Hand #245728459853: Tournament #3639446931, $0.92+$0.08 USD Hold'em No Limit - Level I (10/20) - 2023/09/02 14:47:27 CET [2023/09/02 8:47:27 ET]
Table '3639446931 1' 3-max Seat #1 is the button
Seat 1: fabio77777 (408 in chips) 
Seat 2: mateja2 (552 in chips) 
Seat 3: Mahu2021 (540 in chips) 
mateja2: posts small blind 10
Mahu2021: posts big blind 20
*** HOLE CARDS ***
Dealt to Mahu2021 [Ks 7c]
fabio77777: raises 388 to 408 and is all-in
mateja2: folds 
Mahu2021: folds 
Uncalled bet (388) returned to fabio77777
fabio77777 collected 50 from pot
*** SUMMARY ***
Total pot 50 | Rake 0 
Seat 1: fabio77777 (button) collected (50)
Seat 2: mateja2 (small blind) folded before Flop
Seat 3: Mahu2021 (big blind) folded before Flop



PokerStars Hand #245728461236: Tournament #3639446931, $0.92+$0.08 USD Hold'em No Limit - Level I (10/20) - 2023/09/02 14:47:34 CET [2023/09/02 8:47:34 ET]
Table '3639446931 1' 3-max Seat #2 is the button
Seat 1: fabio77777 (438 in chips) 
Seat 2: mateja2 (542 in chips) 
Seat 3: Mahu2021 (520 in chips) 
Mahu2021: posts small blind 10
fabio77777: posts big blind 20
*** HOLE CARDS ***
Dealt to Mahu2021 [5h 7h]
mateja2: folds 
Mahu2021: calls 10
fabio77777: checks 
*** FLOP *** [As 5c 5d]
Mahu2021: checks 
fabio77777: bets 20
Mahu2021: calls 20
*** TURN *** [As 5c 5d] [9h]
Mahu2021: checks 
fabio77777: checks 
*** RIVER *** [As 5c 5d 9h] [8c]
Mahu2021: bets 80
fabio77777: folds 
Uncalled bet (80) returned to Mahu2021
Mahu2021 collected 80 from pot
Mahu2021: doesn't show hand 
*** SUMMARY ***
Total pot 80 | Rake 0 
Board [As 5c 5d 9h 8c]
Seat 1: fabio77777 (big blind) folded on the River
Seat 2: mateja2 (button) folded before Flop (didn't bet)
Seat 3: Mahu2021 (small blind) collected (80)



PokerStars Hand #245728464528: Tournament #3639446931, $0.92+$0.08 USD Hold'em No Limit - Level I (10/20) - 2023/09/02 14:47:50 CET [2023/09/02 8:47:50 ET]
Table '3639446931 1' 3-max Seat #3 is the button
Seat 1: fabio77777 (398 in chips) 
Seat 2: mateja2 (542 in chips) 
Seat 3: Mahu2021 (560 in chips) 
fabio77777: posts small blind 10
mateja2: posts big blind 20
*** HOLE CARDS ***
Dealt to Mahu2021 [Jc 4h]
Mahu2021: folds 
fabio77777: raises 20 to 40
mateja2: calls 20
*** FLOP *** [Qh 8c 6h]
fabio77777: bets 40
mateja2: calls 40
*** TURN *** [Qh 8c 6h] [Kh]
fabio77777: bets 100
mateja2: folds 
Uncalled bet (100) returned to fabio77777
fabio77777 collected 160 from pot
*** SUMMARY ***
Total pot 160 | Rake 0 
Board [Qh 8c 6h Kh]
Seat 1: fabio77777 (small blind) collected (160)
Seat 2: mateja2 (big blind) folded on the Turn
Seat 3: Mahu2021 (button) folded before Flop (didn't bet)



PokerStars Hand #245728470674: Tournament #3639446931, $0.92+$0.08 USD Hold'em No Limit - Level I (10/20) - 2023/09/02 14:48:20 CET [2023/09/02 8:48:20 ET]
Table '3639446931 1' 3-max Seat #1 is the button
Seat 1: fabio77777 (478 in chips) 
Seat 2: mateja2 (462 in chips) 
Seat 3: Mahu2021 (560 in chips) 
mateja2: posts small blind 10
Mahu2021: posts big blind 20
*** HOLE CARDS ***
Dealt to Mahu2021 [Kc 6c]
fabio77777: folds 
mateja2: raises 20 to 40
Mahu2021: calls 20
*** FLOP *** [3s 3c Tc]
mateja2: checks 
Mahu2021: bets 520 and is all-in
mateja2: folds 
Uncalled bet (520) returned to Mahu2021
Mahu2021 collected 80 from pot
Mahu2021: doesn't show hand 
*** SUMMARY ***
Total pot 80 | Rake 0 
Board [3s 3c Tc]
Seat 1: fabio77777 (button) folded before Flop (didn't bet)
Seat 2: mateja2 (small blind) folded on the Flop
Seat 3: Mahu2021 (big blind) collected (80)



PokerStars Hand #245728475873: Tournament #3639446931, $0.92+$0.08 USD Hold'em No Limit - Level I (10/20) - 2023/09/02 14:48:45 CET [2023/09/02 8:48:45 ET]
Table '3639446931 1' 3-max Seat #2 is the button
Seat 1: fabio77777 (478 in chips) 
Seat 2: mateja2 (422 in chips) 
Seat 3: Mahu2021 (600 in chips) 
Mahu2021: posts small blind 10
fabio77777: posts big blind 20
*** HOLE CARDS ***
Dealt to Mahu2021 [Ks 8s]
mateja2: raises 20 to 40
Mahu2021: calls 30
fabio77777: folds 
*** FLOP *** [Qs Js Th]
Mahu2021: checks 
mateja2: checks 
*** TURN *** [Qs Js Th] [Ad]
Mahu2021: checks 
mateja2: bets 90
Mahu2021: raises 90 to 180
mateja2: folds 
Uncalled bet (90) returned to Mahu2021
Mahu2021 collected 280 from pot
Mahu2021: doesn't show hand 
*** SUMMARY ***
Total pot 280 | Rake 0 
Board [Qs Js Th Ad]
Seat 1: fabio77777 (big blind) folded before Flop
Seat 2: mateja2 (button) folded on the Turn
Seat 3: Mahu2021 (small blind) collected (280)



PokerStars Hand #245728479617: Tournament #3639446931, $0.92+$0.08 USD Hold'em No Limit - Level I (10/20) - 2023/09/02 14:49:03 CET [2023/09/02 8:49:03 ET]
Table '3639446931 1' 3-max Seat #3 is the button
Seat 1: fabio77777 (458 in chips) 
Seat 2: mateja2 (292 in chips) 
Seat 3: Mahu2021 (750 in chips) 
fabio77777: posts small blind 10
mateja2: posts big blind 20
*** HOLE CARDS ***
Dealt to Mahu2021 [3h Ts]
Mahu2021: folds 
fabio77777: calls 10
mateja2: checks 
*** FLOP *** [9s 5d Kc]
fabio77777: bets 20
mateja2: folds 
Uncalled bet (20) returned to fabio77777
fabio77777 collected 40 from pot
*** SUMMARY ***
Total pot 40 | Rake 0 
Board [9s 5d Kc]
Seat 1: fabio77777 (small blind) collected (40)
Seat 2: mateja2 (big blind) folded on the Flop
Seat 3: Mahu2021 (button) folded before Flop (didn't bet)



PokerStars Hand #245728481815: Tournament #3639446931, $0.92+$0.08 USD Hold'em No Limit - Level I (10/20) - 2023/09/02 14:49:14 CET [2023/09/02 8:49:14 ET]
Table '3639446931 1' 3-max Seat #1 is the button
Seat 1: fabio77777 (478 in chips) 
Seat 2: mateja2 (272 in chips) 
Seat 3: Mahu2021 (750 in chips) 
mateja2: posts small blind 10
Mahu2021: posts big blind 20
*** HOLE CARDS ***
Dealt to Mahu2021 [Kc Jd]
fabio77777: raises 20 to 40
mateja2: folds 
Mahu2021: calls 20
*** FLOP *** [Qc Th 3c]
Mahu2021: checks 
fabio77777: bets 45
Mahu2021: calls 45
*** TURN *** [Qc Th 3c] [2c]
Mahu2021: checks 
fabio77777: checks 
*** RIVER *** [Qc Th 3c 2c] [6c]
Mahu2021: bets 180
fabio77777: folds 
Uncalled bet (180) returned to Mahu2021
Mahu2021 collected 180 from pot
Mahu2021: doesn't show hand 
*** SUMMARY ***
Total pot 180 | Rake 0 
Board [Qc Th 3c 2c 6c]
Seat 1: fabio77777 (button) folded on the River
Seat 2: mateja2 (small blind) folded before Flop
Seat 3: Mahu2021 (big blind) collected (180)



PokerStars Hand #245728485881: Tournament #3639446931, $0.92+$0.08 USD Hold'em No Limit - Level I (10/20) - 2023/09/02 14:49:33 CET [2023/09/02 8:49:33 ET]
Table '3639446931 1' 3-max Seat #2 is the button
Seat 1: fabio77777 (393 in chips) 
Seat 2: mateja2 (262 in chips) 
Seat 3: Mahu2021 (845 in chips) 
Mahu2021: posts small blind 10
fabio77777: posts big blind 20
*** HOLE CARDS ***
Dealt to Mahu2021 [Kd Js]
mateja2: folds 
Mahu2021: calls 10
fabio77777: checks 
*** FLOP *** [8d Qc As]
Mahu2021: checks 
fabio77777: bets 20
Mahu2021: calls 20
*** TURN *** [8d Qc As] [Ks]
Mahu2021: checks 
fabio77777: checks 
*** RIVER *** [8d Qc As Ks] [Jh]
Mahu2021: checks 
fabio77777: checks 
*** SHOW DOWN ***
Mahu2021: shows [Kd Js] (two pair, Kings and Jacks)
fabio77777: mucks hand 
Mahu2021 collected 80 from pot
*** SUMMARY ***
Total pot 80 | Rake 0 
Board [8d Qc As Ks Jh]
Seat 1: fabio77777 (big blind) mucked [4s 9h]
Seat 2: mateja2 (button) folded before Flop (didn't bet)
Seat 3: Mahu2021 (small blind) showed [Kd Js] and won (80) with two pair, Kings and Jacks



PokerStars Hand #245728489921: Tournament #3639446931, $0.92+$0.08 USD Hold'em No Limit - Level II (15/30) - 2023/09/02 14:49:52 CET [2023/09/02 8:49:52 ET]
Table '3639446931 1' 3-max Seat #3 is the button
Seat 1: fabio77777 (353 in chips) 
Seat 2: mateja2 (262 in chips) 
Seat 3: Mahu2021 (885 in chips) 
fabio77777: posts small blind 15
mateja2: posts big blind 30
*** HOLE CARDS ***
Dealt to Mahu2021 [Kc Tc]
Mahu2021: raises 30 to 60
fabio77777: folds 
mateja2: raises 202 to 262 and is all-in
Mahu2021: calls 202
*** FLOP *** [2d 6h Kd]
*** TURN *** [2d 6h Kd] [Qh]
*** RIVER *** [2d 6h Kd Qh] [6c]
*** SHOW DOWN ***
mateja2: shows [2h Ac] (two pair, Sixes and Deuces)
Mahu2021: shows [Kc Tc] (two pair, Kings and Sixes)
Mahu2021 collected 539 from pot
mateja2 finished the tournament in 3rd place
*** SUMMARY ***
Total pot 539 | Rake 0 
Board [2d 6h Kd Qh 6c]
Seat 1: fabio77777 (small blind) folded before Flop
Seat 2: mateja2 (big blind) showed [2h Ac] and lost with two pair, Sixes and Deuces
Seat 3: Mahu2021 (button) showed [Kc Tc] and won (539) with two pair, Kings and Sixes



PokerStars Hand #245728493530: Tournament #3639446931, $0.92+$0.08 USD Hold'em No Limit - Level II (15/30) - 2023/09/02 14:50:10 CET [2023/09/02 8:50:10 ET]
Table '3639446931 1' 3-max Seat #1 is the button
Seat 1: fabio77777 (338 in chips) 
Seat 3: Mahu2021 (1162 in chips) 
fabio77777: posts small blind 15
Mahu2021: posts big blind 30
*** HOLE CARDS ***
Dealt to Mahu2021 [2d 5c]
fabio77777: folds 
Uncalled bet (15) returned to Mahu2021
Mahu2021 collected 30 from pot
Mahu2021: doesn't show hand 
*** SUMMARY ***
Total pot 30 | Rake 0 
Seat 1: fabio77777 (button) (small blind) folded before Flop
Seat 3: Mahu2021 (big blind) collected (30)



PokerStars Hand #245728494314: Tournament #3639446931, $0.92+$0.08 USD Hold'em No Limit - Level II (15/30) - 2023/09/02 14:50:14 CET [2023/09/02 8:50:14 ET]
Table '3639446931 1' 3-max Seat #3 is the button
Seat 1: fabio77777 (323 in chips) 
Seat 3: Mahu2021 (1177 in chips) 
Mahu2021: posts small blind 15
fabio77777: posts big blind 30
*** HOLE CARDS ***
Dealt to Mahu2021 [3h 5s]
Mahu2021: calls 15
fabio77777: raises 60 to 90
Mahu2021: folds 
Uncalled bet (60) returned to fabio77777
fabio77777 collected 60 from pot
*** SUMMARY ***
Total pot 60 | Rake 0 
Seat 1: fabio77777 (big blind) collected (60)
Seat 3: Mahu2021 (button) (small blind) folded before Flop



PokerStars Hand #245728495941: Tournament #3639446931, $0.92+$0.08 USD Hold'em No Limit - Level II (15/30) - 2023/09/02 14:50:22 CET [2023/09/02 8:50:22 ET]
Table '3639446931 1' 3-max Seat #1 is the button
Seat 1: fabio77777 (353 in chips) 
Seat 3: Mahu2021 (1147 in chips) 
fabio77777: posts small blind 15
Mahu2021: posts big blind 30
*** HOLE CARDS ***
Dealt to Mahu2021 [4c 3s]
fabio77777: calls 15
Mahu2021: checks 
*** FLOP *** [4s 8h Jh]
Mahu2021: checks 
fabio77777: bets 60
Mahu2021: calls 60
*** TURN *** [4s 8h Jh] [3h]
Mahu2021: checks 
fabio77777: bets 120
Mahu2021: raises 937 to 1057 and is all-in
fabio77777: calls 143 and is all-in
Uncalled bet (794) returned to Mahu2021
*** RIVER *** [4s 8h Jh 3h] [4h]
*** SHOW DOWN ***
Mahu2021: shows [4c 3s] (a full house, Fours full of Threes)
fabio77777: shows [As Js] (two pair, Jacks and Fours)
Mahu2021 collected 706 from pot
fabio77777 finished the tournament in 2nd place
Mahu2021 wins the tournament and receives $5.00 - congratulations!
*** SUMMARY ***
Total pot 706 | Rake 0 
Board [4s 8h Jh 3h 4h]
Seat 1: fabio77777 (button) (small blind) showed [As Js] and lost with two pair, Jacks and Fours
Seat 3: Mahu2021 (big blind) showed [4c 3s] and won (706) with a full house, Fours full of Threes



