PokerStars Hand #249467376640: Tournament #3729958882, $1.84+$0.16 USD Hold'em No Limit - Level I (10/20) - 2024/03/17 11:36:43 CET [2024/03/17 6:36:43 ET]
Table '3729958882 1' 3-max Seat #1 is the button
Seat 1: Mahu2021 (500 in chips) 
Seat 2: heilbronn12345 (500 in chips) 
Seat 3: Zoro_lunaa (500 in chips) 
heilbronn12345: posts small blind 10
Zoro_lunaa: posts big blind 20
*** HOLE CARDS ***
Dealt to Mahu2021 [Kd Kc]
Mahu2021: raises 480 to 500 and is all-in
heilbronn12345: folds 
Zoro_lunaa: calls 480 and is all-in
*** FLOP *** [8c Jh 3s]
*** TURN *** [8c Jh 3s] [5s]
*** RIVER *** [8c Jh 3s 5s] [7s]
*** SHOW DOWN ***
Zoro_lunaa: shows [Ks Th] (high card King)
Mahu2021: shows [Kd Kc] (a pair of Kings)
Mahu2021 collected 1010 from pot
Zoro_lunaa finished the tournament in 3rd place
*** SUMMARY ***
Total pot 1010 | Rake 0 
Board [8c Jh 3s 5s 7s]
Seat 1: Mahu2021 (button) showed [Kd Kc] and won (1010) with a pair of Kings
Seat 2: heilbronn12345 (small blind) folded before Flop
Seat 3: Zoro_lunaa (big blind) showed [Ks Th] and lost with high card King



PokerStars Hand #249467379601: Tournament #3729958882, $1.84+$0.16 USD Hold'em No Limit - Level I (10/20) - 2024/03/17 11:37:01 CET [2024/03/17 6:37:01 ET]
Table '3729958882 1' 3-max Seat #2 is the button
Seat 1: Mahu2021 (1010 in chips) 
Seat 2: heilbronn12345 (490 in chips) 
heilbronn12345: posts small blind 10
Mahu2021: posts big blind 20
*** HOLE CARDS ***
Dealt to Mahu2021 [6s 6d]
heilbronn12345: calls 10
Mahu2021: checks 
*** FLOP *** [Kh 6h Qh]
Mahu2021: checks 
heilbronn12345: bets 20
Mahu2021: raises 40 to 60
heilbronn12345: calls 40
*** TURN *** [Kh 6h Qh] [6c]
Mahu2021: bets 60
heilbronn12345: folds 
Uncalled bet (60) returned to Mahu2021
Mahu2021 collected 160 from pot
Mahu2021: doesn't show hand 
*** SUMMARY ***
Total pot 160 | Rake 0 
Board [Kh 6h Qh 6c]
Seat 1: Mahu2021 (big blind) collected (160)
Seat 2: heilbronn12345 (button) (small blind) folded on the Turn



PokerStars Hand #249467382110: Tournament #3729958882, $1.84+$0.16 USD Hold'em No Limit - Level I (10/20) - 2024/03/17 11:37:17 CET [2024/03/17 6:37:17 ET]
Table '3729958882 1' 3-max Seat #1 is the button
Seat 1: Mahu2021 (1090 in chips) 
Seat 2: heilbronn12345 (410 in chips) 
Mahu2021: posts small blind 10
heilbronn12345: posts big blind 20
*** HOLE CARDS ***
Dealt to Mahu2021 [5d 6c]
Mahu2021: folds 
Uncalled bet (10) returned to heilbronn12345
heilbronn12345 collected 20 from pot
heilbronn12345: doesn't show hand 
*** SUMMARY ***
Total pot 20 | Rake 0 
Seat 1: Mahu2021 (button) (small blind) folded before Flop
Seat 2: heilbronn12345 (big blind) collected (20)



PokerStars Hand #249467382823: Tournament #3729958882, $1.84+$0.16 USD Hold'em No Limit - Level I (10/20) - 2024/03/17 11:37:22 CET [2024/03/17 6:37:22 ET]
Table '3729958882 1' 3-max Seat #2 is the button
Seat 1: Mahu2021 (1080 in chips) 
Seat 2: heilbronn12345 (420 in chips) 
heilbronn12345: posts small blind 10
Mahu2021: posts big blind 20
*** HOLE CARDS ***
Dealt to Mahu2021 [Qs Qc]
heilbronn12345: calls 10
Mahu2021: raises 40 to 60
heilbronn12345: calls 40
*** FLOP *** [5h 3d Kc]
Mahu2021: bets 60
heilbronn12345: raises 180 to 240
Mahu2021: raises 780 to 1020 and is all-in
heilbronn12345: calls 120 and is all-in
Uncalled bet (660) returned to Mahu2021
*** TURN *** [5h 3d Kc] [9h]
*** RIVER *** [5h 3d Kc 9h] [Js]
*** SHOW DOWN ***
Mahu2021: shows [Qs Qc] (a pair of Queens)
heilbronn12345: shows [Kd Th] (a pair of Kings)
heilbronn12345 collected 840 from pot
*** SUMMARY ***
Total pot 840 | Rake 0 
Board [5h 3d Kc 9h Js]
Seat 1: Mahu2021 (big blind) showed [Qs Qc] and lost with a pair of Queens
Seat 2: heilbronn12345 (button) (small blind) showed [Kd Th] and won (840) with a pair of Kings



PokerStars Hand #249467386084: Tournament #3729958882, $1.84+$0.16 USD Hold'em No Limit - Level I (10/20) - 2024/03/17 11:37:42 CET [2024/03/17 6:37:42 ET]
Table '3729958882 1' 3-max Seat #1 is the button
Seat 1: Mahu2021 (660 in chips) 
Seat 2: heilbronn12345 (840 in chips) 
Mahu2021: posts small blind 10
heilbronn12345: posts big blind 20
*** HOLE CARDS ***
Dealt to Mahu2021 [6c 7h]
Mahu2021: folds 
Uncalled bet (10) returned to heilbronn12345
heilbronn12345 collected 20 from pot
heilbronn12345: doesn't show hand 
*** SUMMARY ***
Total pot 20 | Rake 0 
Seat 1: Mahu2021 (button) (small blind) folded before Flop
Seat 2: heilbronn12345 (big blind) collected (20)



PokerStars Hand #249467386740: Tournament #3729958882, $1.84+$0.16 USD Hold'em No Limit - Level I (10/20) - 2024/03/17 11:37:46 CET [2024/03/17 6:37:46 ET]
Table '3729958882 1' 3-max Seat #2 is the button
Seat 1: Mahu2021 (650 in chips) 
Seat 2: heilbronn12345 (850 in chips) 
heilbronn12345: posts small blind 10
Mahu2021: posts big blind 20
*** HOLE CARDS ***
Dealt to Mahu2021 [2c Kc]
heilbronn12345: calls 10
Mahu2021: checks 
*** FLOP *** [Qd Ks Ts]
Mahu2021: checks 
heilbronn12345: bets 20
Mahu2021: raises 20 to 40
heilbronn12345: raises 20 to 60
Mahu2021: raises 20 to 80
heilbronn12345: raises 20 to 100
Mahu2021: raises 530 to 630 and is all-in
heilbronn12345: calls 530
*** TURN *** [Qd Ks Ts] [2s]
*** RIVER *** [Qd Ks Ts 2s] [6c]
*** SHOW DOWN ***
Mahu2021: shows [2c Kc] (two pair, Kings and Deuces)
heilbronn12345: shows [Qc Js] (a pair of Queens)
Mahu2021 collected 1300 from pot
*** SUMMARY ***
Total pot 1300 | Rake 0 
Board [Qd Ks Ts 2s 6c]
Seat 1: Mahu2021 (big blind) showed [2c Kc] and won (1300) with two pair, Kings and Deuces
Seat 2: heilbronn12345 (button) (small blind) showed [Qc Js] and lost with a pair of Queens



PokerStars Hand #249467389724: Tournament #3729958882, $1.84+$0.16 USD Hold'em No Limit - Level I (10/20) - 2024/03/17 11:38:05 CET [2024/03/17 6:38:05 ET]
Table '3729958882 1' 3-max Seat #1 is the button
Seat 1: Mahu2021 (1300 in chips) 
Seat 2: heilbronn12345 (200 in chips) 
Mahu2021: posts small blind 10
heilbronn12345: posts big blind 20
*** HOLE CARDS ***
Dealt to Mahu2021 [8d 8s]
Mahu2021: raises 1280 to 1300 and is all-in
heilbronn12345: calls 180 and is all-in
Uncalled bet (1100) returned to Mahu2021
*** FLOP *** [4c Td 9s]
*** TURN *** [4c Td 9s] [Jd]
*** RIVER *** [4c Td 9s Jd] [5d]
*** SHOW DOWN ***
heilbronn12345: shows [7h Js] (a pair of Jacks)
Mahu2021: shows [8d 8s] (a pair of Eights)
heilbronn12345 collected 400 from pot
*** SUMMARY ***
Total pot 400 | Rake 0 
Board [4c Td 9s Jd 5d]
Seat 1: Mahu2021 (button) (small blind) showed [8d 8s] and lost with a pair of Eights
Seat 2: heilbronn12345 (big blind) showed [7h Js] and won (400) with a pair of Jacks



PokerStars Hand #249467391724: Tournament #3729958882, $1.84+$0.16 USD Hold'em No Limit - Level I (10/20) - 2024/03/17 11:38:18 CET [2024/03/17 6:38:18 ET]
Table '3729958882 1' 3-max Seat #2 is the button
Seat 1: Mahu2021 (1100 in chips) 
Seat 2: heilbronn12345 (400 in chips) 
heilbronn12345: posts small blind 10
Mahu2021: posts big blind 20
*** HOLE CARDS ***
Dealt to Mahu2021 [9h 4d]
heilbronn12345: calls 10
Mahu2021: checks 
*** FLOP *** [3d 8s Jh]
Mahu2021: checks 
heilbronn12345: checks 
*** TURN *** [3d 8s Jh] [8d]
Mahu2021: checks 
heilbronn12345: bets 20
Mahu2021: folds 
Uncalled bet (20) returned to heilbronn12345
heilbronn12345 collected 40 from pot
heilbronn12345: doesn't show hand 
*** SUMMARY ***
Total pot 40 | Rake 0 
Board [3d 8s Jh 8d]
Seat 1: Mahu2021 (big blind) folded on the Turn
Seat 2: heilbronn12345 (button) (small blind) collected (40)



PokerStars Hand #249467393370: Tournament #3729958882, $1.84+$0.16 USD Hold'em No Limit - Level I (10/20) - 2024/03/17 11:38:28 CET [2024/03/17 6:38:28 ET]
Table '3729958882 1' 3-max Seat #1 is the button
Seat 1: Mahu2021 (1080 in chips) 
Seat 2: heilbronn12345 (420 in chips) 
Mahu2021: posts small blind 10
heilbronn12345: posts big blind 20
*** HOLE CARDS ***
Dealt to Mahu2021 [Qc Jc]
Mahu2021: raises 20 to 40
heilbronn12345: calls 20
*** FLOP *** [4h 6h Ac]
heilbronn12345: checks 
Mahu2021: checks 
*** TURN *** [4h 6h Ac] [Qh]
heilbronn12345: checks 
Mahu2021: bets 40
heilbronn12345: calls 40
*** RIVER *** [4h 6h Ac Qh] [8s]
heilbronn12345: checks 
Mahu2021: checks 
*** SHOW DOWN ***
heilbronn12345: shows [9s 3h] (high card Ace)
Mahu2021: shows [Qc Jc] (a pair of Queens)
Mahu2021 collected 160 from pot
*** SUMMARY ***
Total pot 160 | Rake 0 
Board [4h 6h Ac Qh 8s]
Seat 1: Mahu2021 (button) (small blind) showed [Qc Jc] and won (160) with a pair of Queens
Seat 2: heilbronn12345 (big blind) showed [9s 3h] and lost with high card Ace



PokerStars Hand #249467396113: Tournament #3729958882, $1.84+$0.16 USD Hold'em No Limit - Level I (10/20) - 2024/03/17 11:38:45 CET [2024/03/17 6:38:45 ET]
Table '3729958882 1' 3-max Seat #2 is the button
Seat 1: Mahu2021 (1160 in chips) 
Seat 2: heilbronn12345 (340 in chips) 
heilbronn12345: posts small blind 10
Mahu2021: posts big blind 20
*** HOLE CARDS ***
Dealt to Mahu2021 [Qc Jh]
heilbronn12345: calls 10
Mahu2021: raises 40 to 60
heilbronn12345: calls 40
*** FLOP *** [Ks 3c 6c]
Mahu2021: checks 
heilbronn12345: bets 80
Mahu2021: folds 
Uncalled bet (80) returned to heilbronn12345
heilbronn12345 collected 120 from pot
heilbronn12345: doesn't show hand 
*** SUMMARY ***
Total pot 120 | Rake 0 
Board [Ks 3c 6c]
Seat 1: Mahu2021 (big blind) folded on the Flop
Seat 2: heilbronn12345 (button) (small blind) collected (120)



PokerStars Hand #249467398056: Tournament #3729958882, $1.84+$0.16 USD Hold'em No Limit - Level I (10/20) - 2024/03/17 11:38:58 CET [2024/03/17 6:38:58 ET]
Table '3729958882 1' 3-max Seat #1 is the button
Seat 1: Mahu2021 (1100 in chips) 
Seat 2: heilbronn12345 (400 in chips) 
Mahu2021: posts small blind 10
heilbronn12345: posts big blind 20
*** HOLE CARDS ***
Dealt to Mahu2021 [9h Jh]
Mahu2021: raises 20 to 40
heilbronn12345: calls 20
*** FLOP *** [8d 9d 9c]
heilbronn12345: checks 
Mahu2021: checks 
*** TURN *** [8d 9d 9c] [Kc]
heilbronn12345: bets 20
Mahu2021: calls 20
*** RIVER *** [8d 9d 9c Kc] [4h]
heilbronn12345: bets 60
Mahu2021: raises 980 to 1040 and is all-in
heilbronn12345: calls 280 and is all-in
Uncalled bet (700) returned to Mahu2021
*** SHOW DOWN ***
Mahu2021: shows [9h Jh] (three of a kind, Nines)
heilbronn12345: shows [5c Kd] (two pair, Kings and Nines)
Mahu2021 collected 800 from pot
heilbronn12345 finished the tournament in 2nd place
Mahu2021 wins the tournament and receives $6.00 - congratulations!
*** SUMMARY ***
Total pot 800 | Rake 0 
Board [8d 9d 9c Kc 4h]
Seat 1: Mahu2021 (button) (small blind) showed [9h Jh] and won (800) with three of a kind, Nines
Seat 2: heilbronn12345 (big blind) showed [5c Kd] and lost with two pair, Kings and Nines



