PokerStars Hand #251595654502: Tournament #3780297270, $1.84+$0.16 USD Hold'em No Limit - Level I (10/20) - 2024/07/21 16:42:37 CET [2024/07/21 10:42:37 ET]
Table '3780297270 1' 3-max Seat #1 is the button
Seat 1: Mahu2021 (500 in chips) 
Seat 2: bleubird24 (500 in chips) 
Seat 3: HopperHarris (500 in chips) 
bleubird24: posts small blind 10
HopperHarris: posts big blind 20
*** HOLE CARDS ***
Dealt to Mahu2021 [2d 5d]
Mahu2021: calls 20
bleubird24: folds 
HopperHarris: checks 
*** FLOP *** [Qd Ah 6s]
HopperHarris: checks 
Mahu2021: bets 20
HopperHarris: calls 20
*** TURN *** [Qd Ah 6s] [Qs]
HopperHarris: checks 
Mahu2021: bets 460 and is all-in
HopperHarris: folds 
Uncalled bet (460) returned to Mahu2021
Mahu2021 collected 90 from pot
Mahu2021: doesn't show hand 
*** SUMMARY ***
Total pot 90 | Rake 0 
Board [Qd Ah 6s Qs]
Seat 1: Mahu2021 (button) collected (90)
Seat 2: bleubird24 (small blind) folded before Flop
Seat 3: HopperHarris (big blind) folded on the Turn



PokerStars Hand #251595660120: Tournament #3780297270, $1.84+$0.16 USD Hold'em No Limit - Level I (10/20) - 2024/07/21 16:43:01 CET [2024/07/21 10:43:01 ET]
Table '3780297270 1' 3-max Seat #2 is the button
Seat 1: Mahu2021 (550 in chips) 
Seat 2: bleubird24 (490 in chips) 
Seat 3: HopperHarris (460 in chips) 
HopperHarris: posts small blind 10
Mahu2021: posts big blind 20
*** HOLE CARDS ***
Dealt to Mahu2021 [Jc 5s]
bleubird24: folds 
HopperHarris: calls 10
Mahu2021: checks 
*** FLOP *** [5c 5h Td]
HopperHarris: checks 
Mahu2021: checks 
*** TURN *** [5c 5h Td] [Tc]
HopperHarris: checks 
Mahu2021: checks 
*** RIVER *** [5c 5h Td Tc] [9h]
HopperHarris: bets 20
Mahu2021: raises 80 to 100
HopperHarris: raises 100 to 200
Mahu2021: calls 100
*** SHOW DOWN ***
HopperHarris: shows [Ts 6d] (a full house, Tens full of Fives)
Mahu2021: mucks hand 
HopperHarris collected 440 from pot
*** SUMMARY ***
Total pot 440 | Rake 0 
Board [5c 5h Td Tc 9h]
Seat 1: Mahu2021 (big blind) mucked [Jc 5s]
Seat 2: bleubird24 (button) folded before Flop (didn't bet)
Seat 3: HopperHarris (small blind) showed [Ts 6d] and won (440) with a full house, Tens full of Fives



PokerStars Hand #251595667333: Tournament #3780297270, $1.84+$0.16 USD Hold'em No Limit - Level I (10/20) - 2024/07/21 16:43:33 CET [2024/07/21 10:43:33 ET]
Table '3780297270 1' 3-max Seat #3 is the button
Seat 1: Mahu2021 (330 in chips) 
Seat 2: bleubird24 (490 in chips) 
Seat 3: HopperHarris (680 in chips) 
Mahu2021: posts small blind 10
bleubird24: posts big blind 20
*** HOLE CARDS ***
Dealt to Mahu2021 [Js 7c]
HopperHarris: calls 20
Mahu2021: calls 10
bleubird24: checks 
*** FLOP *** [Qc 2c 8d]
Mahu2021: checks 
bleubird24: checks 
HopperHarris: checks 
*** TURN *** [Qc 2c 8d] [6s]
Mahu2021: checks 
bleubird24: bets 60
HopperHarris: raises 60 to 120
Mahu2021: folds 
bleubird24: raises 350 to 470 and is all-in
HopperHarris: calls 350
*** RIVER *** [Qc 2c 8d 6s] [Kd]
*** SHOW DOWN ***
bleubird24: shows [2h 6d] (two pair, Sixes and Deuces)
HopperHarris: shows [As Qs] (a pair of Queens)
bleubird24 collected 1000 from pot
*** SUMMARY ***
Total pot 1000 | Rake 0 
Board [Qc 2c 8d 6s Kd]
Seat 1: Mahu2021 (small blind) folded on the Turn
Seat 2: bleubird24 (big blind) showed [2h 6d] and won (1000) with two pair, Sixes and Deuces
Seat 3: HopperHarris (button) showed [As Qs] and lost with a pair of Queens



PokerStars Hand #251595673404: Tournament #3780297270, $1.84+$0.16 USD Hold'em No Limit - Level I (10/20) - 2024/07/21 16:43:59 CET [2024/07/21 10:43:59 ET]
Table '3780297270 1' 3-max Seat #1 is the button
Seat 1: Mahu2021 (310 in chips) 
Seat 2: bleubird24 (1000 in chips) 
Seat 3: HopperHarris (190 in chips) 
bleubird24: posts small blind 10
HopperHarris: posts big blind 20
*** HOLE CARDS ***
Dealt to Mahu2021 [Kd 8d]
Mahu2021: calls 20
bleubird24: folds 
HopperHarris: checks 
*** FLOP *** [4d Ks 6h]
HopperHarris: bets 20
Mahu2021: calls 20
*** TURN *** [4d Ks 6h] [9c]
HopperHarris: bets 20
Mahu2021: calls 20
*** RIVER *** [4d Ks 6h 9c] [9d]
HopperHarris: bets 130 and is all-in
Mahu2021: calls 130
*** SHOW DOWN ***
HopperHarris: shows [6d Qd] (two pair, Nines and Sixes)
Mahu2021: shows [Kd 8d] (two pair, Kings and Nines)
Mahu2021 collected 390 from pot
HopperHarris finished the tournament in 3rd place
*** SUMMARY ***
Total pot 390 | Rake 0 
Board [4d Ks 6h 9c 9d]
Seat 1: Mahu2021 (button) showed [Kd 8d] and won (390) with two pair, Kings and Nines
Seat 2: bleubird24 (small blind) folded before Flop
Seat 3: HopperHarris (big blind) showed [6d Qd] and lost with two pair, Nines and Sixes



PokerStars Hand #251595678435: Tournament #3780297270, $1.84+$0.16 USD Hold'em No Limit - Level I (10/20) - 2024/07/21 16:44:21 CET [2024/07/21 10:44:21 ET]
Table '3780297270 1' 3-max Seat #2 is the button
Seat 1: Mahu2021 (510 in chips) 
Seat 2: bleubird24 (990 in chips) 
bleubird24: posts small blind 10
Mahu2021: posts big blind 20
*** HOLE CARDS ***
Dealt to Mahu2021 [8c 4h]
bleubird24: calls 10
Mahu2021: checks 
*** FLOP *** [Ts 6c 9c]
Mahu2021: checks 
bleubird24: checks 
*** TURN *** [Ts 6c 9c] [5d]
Mahu2021: checks 
bleubird24: checks 
*** RIVER *** [Ts 6c 9c 5d] [Th]
Mahu2021: checks 
bleubird24: checks 
*** SHOW DOWN ***
Mahu2021: shows [8c 4h] (a pair of Tens)
bleubird24: shows [Ac 3c] (a pair of Tens - Ace kicker)
bleubird24 collected 40 from pot
*** SUMMARY ***
Total pot 40 | Rake 0 
Board [Ts 6c 9c 5d Th]
Seat 1: Mahu2021 (big blind) showed [8c 4h] and lost with a pair of Tens
Seat 2: bleubird24 (button) (small blind) showed [Ac 3c] and won (40) with a pair of Tens



PokerStars Hand #251595681301: Tournament #3780297270, $1.84+$0.16 USD Hold'em No Limit - Level I (10/20) - 2024/07/21 16:44:33 CET [2024/07/21 10:44:33 ET]
Table '3780297270 1' 3-max Seat #1 is the button
Seat 1: Mahu2021 (490 in chips) 
Seat 2: bleubird24 (1010 in chips) 
Mahu2021: posts small blind 10
bleubird24: posts big blind 20
*** HOLE CARDS ***
Dealt to Mahu2021 [5c Tc]
Mahu2021: calls 10
bleubird24: checks 
*** FLOP *** [7s 8c 8d]
bleubird24: checks 
Mahu2021: checks 
*** TURN *** [7s 8c 8d] [Jc]
bleubird24: bets 20
Mahu2021: calls 20
*** RIVER *** [7s 8c 8d Jc] [2c]
bleubird24: bets 20
Mahu2021: raises 80 to 100
bleubird24: folds 
Uncalled bet (80) returned to Mahu2021
Mahu2021 collected 120 from pot
Mahu2021: doesn't show hand 
*** SUMMARY ***
Total pot 120 | Rake 0 
Board [7s 8c 8d Jc 2c]
Seat 1: Mahu2021 (button) (small blind) collected (120)
Seat 2: bleubird24 (big blind) folded on the River



PokerStars Hand #251595687106: Tournament #3780297270, $1.84+$0.16 USD Hold'em No Limit - Level I (10/20) - 2024/07/21 16:44:58 CET [2024/07/21 10:44:58 ET]
Table '3780297270 1' 3-max Seat #2 is the button
Seat 1: Mahu2021 (550 in chips) 
Seat 2: bleubird24 (950 in chips) 
bleubird24: posts small blind 10
Mahu2021: posts big blind 20
*** HOLE CARDS ***
Dealt to Mahu2021 [2s 8h]
bleubird24: calls 10
Mahu2021: checks 
*** FLOP *** [5d Js 8c]
Mahu2021: bets 20
bleubird24: calls 20
*** TURN *** [5d Js 8c] [2d]
Mahu2021: bets 20
bleubird24: calls 20
*** RIVER *** [5d Js 8c 2d] [6d]
Mahu2021: bets 20
bleubird24: calls 20
*** SHOW DOWN ***
Mahu2021: shows [2s 8h] (two pair, Eights and Deuces)
bleubird24: mucks hand 
Mahu2021 collected 160 from pot
*** SUMMARY ***
Total pot 160 | Rake 0 
Board [5d Js 8c 2d 6d]
Seat 1: Mahu2021 (big blind) showed [2s 8h] and won (160) with two pair, Eights and Deuces
Seat 2: bleubird24 (button) (small blind) mucked [Ah Jd]



PokerStars Hand #251595690496: Tournament #3780297270, $1.84+$0.16 USD Hold'em No Limit - Level I (10/20) - 2024/07/21 16:45:12 CET [2024/07/21 10:45:12 ET]
Table '3780297270 1' 3-max Seat #1 is the button
Seat 1: Mahu2021 (630 in chips) 
Seat 2: bleubird24 (870 in chips) 
Mahu2021: posts small blind 10
bleubird24: posts big blind 20
*** HOLE CARDS ***
Dealt to Mahu2021 [Kc Qs]
Mahu2021: raises 20 to 40
bleubird24: calls 20
*** FLOP *** [2h 7h Th]
bleubird24: bets 20
Mahu2021: folds 
Uncalled bet (20) returned to bleubird24
bleubird24 collected 80 from pot
bleubird24: doesn't show hand 
*** SUMMARY ***
Total pot 80 | Rake 0 
Board [2h 7h Th]
Seat 1: Mahu2021 (button) (small blind) folded on the Flop
Seat 2: bleubird24 (big blind) collected (80)



PokerStars Hand #251595692618: Tournament #3780297270, $1.84+$0.16 USD Hold'em No Limit - Level I (10/20) - 2024/07/21 16:45:21 CET [2024/07/21 10:45:21 ET]
Table '3780297270 1' 3-max Seat #2 is the button
Seat 1: Mahu2021 (590 in chips) 
Seat 2: bleubird24 (910 in chips) 
bleubird24: posts small blind 10
Mahu2021: posts big blind 20
*** HOLE CARDS ***
Dealt to Mahu2021 [6c 9c]
bleubird24: calls 10
Mahu2021: checks 
*** FLOP *** [5d 3h Kh]
Mahu2021: checks 
bleubird24: checks 
*** TURN *** [5d 3h Kh] [6h]
Mahu2021: bets 20
bleubird24: calls 20
*** RIVER *** [5d 3h Kh 6h] [4h]
Mahu2021: checks 
bleubird24: bets 40
Mahu2021: folds 
Uncalled bet (40) returned to bleubird24
bleubird24 collected 80 from pot
bleubird24: doesn't show hand 
*** SUMMARY ***
Total pot 80 | Rake 0 
Board [5d 3h Kh 6h 4h]
Seat 1: Mahu2021 (big blind) folded on the River
Seat 2: bleubird24 (button) (small blind) collected (80)



PokerStars Hand #251595696563: Tournament #3780297270, $1.84+$0.16 USD Hold'em No Limit - Level I (10/20) - 2024/07/21 16:45:38 CET [2024/07/21 10:45:38 ET]
Table '3780297270 1' 3-max Seat #1 is the button
Seat 1: Mahu2021 (550 in chips) 
Seat 2: bleubird24 (950 in chips) 
Mahu2021: posts small blind 10
bleubird24: posts big blind 20
*** HOLE CARDS ***
Dealt to Mahu2021 [Td 7d]
Mahu2021: calls 10
bleubird24: checks 
*** FLOP *** [Qd 8c 8h]
bleubird24: bets 20
Mahu2021: folds 
Uncalled bet (20) returned to bleubird24
bleubird24 collected 40 from pot
bleubird24: doesn't show hand 
*** SUMMARY ***
Total pot 40 | Rake 0 
Board [Qd 8c 8h]
Seat 1: Mahu2021 (button) (small blind) folded on the Flop
Seat 2: bleubird24 (big blind) collected (40)



PokerStars Hand #251595699415: Tournament #3780297270, $1.84+$0.16 USD Hold'em No Limit - Level II (15/30) - 2024/07/21 16:45:50 CET [2024/07/21 10:45:50 ET]
Table '3780297270 1' 3-max Seat #2 is the button
Seat 1: Mahu2021 (530 in chips) 
Seat 2: bleubird24 (970 in chips) 
bleubird24: posts small blind 15
Mahu2021: posts big blind 30
*** HOLE CARDS ***
Dealt to Mahu2021 [9h 6s]
bleubird24: folds 
Uncalled bet (15) returned to Mahu2021
Mahu2021 collected 30 from pot
Mahu2021: doesn't show hand 
*** SUMMARY ***
Total pot 30 | Rake 0 
Seat 1: Mahu2021 (big blind) collected (30)
Seat 2: bleubird24 (button) (small blind) folded before Flop



PokerStars Hand #251595700388: Tournament #3780297270, $1.84+$0.16 USD Hold'em No Limit - Level II (15/30) - 2024/07/21 16:45:54 CET [2024/07/21 10:45:54 ET]
Table '3780297270 1' 3-max Seat #1 is the button
Seat 1: Mahu2021 (545 in chips) 
Seat 2: bleubird24 (955 in chips) 
Mahu2021: posts small blind 15
bleubird24: posts big blind 30
*** HOLE CARDS ***
Dealt to Mahu2021 [Jd Kd]
Mahu2021: raises 30 to 60
bleubird24: folds 
Uncalled bet (30) returned to Mahu2021
Mahu2021 collected 60 from pot
Mahu2021: doesn't show hand 
*** SUMMARY ***
Total pot 60 | Rake 0 
Seat 1: Mahu2021 (button) (small blind) collected (60)
Seat 2: bleubird24 (big blind) folded before Flop



PokerStars Hand #251595701818: Tournament #3780297270, $1.84+$0.16 USD Hold'em No Limit - Level II (15/30) - 2024/07/21 16:46:00 CET [2024/07/21 10:46:00 ET]
Table '3780297270 1' 3-max Seat #2 is the button
Seat 1: Mahu2021 (575 in chips) 
Seat 2: bleubird24 (925 in chips) 
bleubird24: posts small blind 15
Mahu2021: posts big blind 30
*** HOLE CARDS ***
Dealt to Mahu2021 [Jd 4h]
bleubird24: calls 15
Mahu2021: checks 
*** FLOP *** [6d 3c 4s]
Mahu2021: checks 
bleubird24: checks 
*** TURN *** [6d 3c 4s] [9s]
Mahu2021: checks 
bleubird24: checks 
*** RIVER *** [6d 3c 4s 9s] [Qc]
Mahu2021: checks 
bleubird24: checks 
*** SHOW DOWN ***
Mahu2021: shows [Jd 4h] (a pair of Fours)
bleubird24: mucks hand 
Mahu2021 collected 60 from pot
*** SUMMARY ***
Total pot 60 | Rake 0 
Board [6d 3c 4s 9s Qc]
Seat 1: Mahu2021 (big blind) showed [Jd 4h] and won (60) with a pair of Fours
Seat 2: bleubird24 (button) (small blind) mucked [2c Ac]



PokerStars Hand #251595704710: Tournament #3780297270, $1.84+$0.16 USD Hold'em No Limit - Level II (15/30) - 2024/07/21 16:46:13 CET [2024/07/21 10:46:13 ET]
Table '3780297270 1' 3-max Seat #1 is the button
Seat 1: Mahu2021 (605 in chips) 
Seat 2: bleubird24 (895 in chips) 
Mahu2021: posts small blind 15
bleubird24: posts big blind 30
*** HOLE CARDS ***
Dealt to Mahu2021 [6h 7d]
Mahu2021: calls 15
bleubird24: checks 
*** FLOP *** [8d 9h Qs]
bleubird24: bets 30
Mahu2021: calls 30
*** TURN *** [8d 9h Qs] [Jh]
bleubird24: bets 30
Mahu2021: calls 30
*** RIVER *** [8d 9h Qs Jh] [Qc]
bleubird24: bets 30
Mahu2021: folds 
Uncalled bet (30) returned to bleubird24
bleubird24 collected 180 from pot
bleubird24: doesn't show hand 
*** SUMMARY ***
Total pot 180 | Rake 0 
Board [8d 9h Qs Jh Qc]
Seat 1: Mahu2021 (button) (small blind) folded on the River
Seat 2: bleubird24 (big blind) collected (180)



PokerStars Hand #251595707792: Tournament #3780297270, $1.84+$0.16 USD Hold'em No Limit - Level II (15/30) - 2024/07/21 16:46:26 CET [2024/07/21 10:46:26 ET]
Table '3780297270 1' 3-max Seat #2 is the button
Seat 1: Mahu2021 (515 in chips) 
Seat 2: bleubird24 (985 in chips) 
bleubird24: posts small blind 15
Mahu2021: posts big blind 30
*** HOLE CARDS ***
Dealt to Mahu2021 [As 7h]
bleubird24: folds 
Uncalled bet (15) returned to Mahu2021
Mahu2021 collected 30 from pot
Mahu2021: doesn't show hand 
*** SUMMARY ***
Total pot 30 | Rake 0 
Seat 1: Mahu2021 (big blind) collected (30)
Seat 2: bleubird24 (button) (small blind) folded before Flop



PokerStars Hand #251595708745: Tournament #3780297270, $1.84+$0.16 USD Hold'em No Limit - Level II (15/30) - 2024/07/21 16:46:30 CET [2024/07/21 10:46:30 ET]
Table '3780297270 1' 3-max Seat #1 is the button
Seat 1: Mahu2021 (530 in chips) 
Seat 2: bleubird24 (970 in chips) 
Mahu2021: posts small blind 15
bleubird24: posts big blind 30
*** HOLE CARDS ***
Dealt to Mahu2021 [6c 3c]
Mahu2021: calls 15
bleubird24: checks 
*** FLOP *** [Kh Ts 9s]
bleubird24: checks 
Mahu2021: bets 30
bleubird24: calls 30
*** TURN *** [Kh Ts 9s] [Jd]
bleubird24: checks 
Mahu2021: checks 
*** RIVER *** [Kh Ts 9s Jd] [5h]
bleubird24: bets 120
Mahu2021: folds 
Uncalled bet (120) returned to bleubird24
bleubird24 collected 120 from pot
bleubird24: doesn't show hand 
*** SUMMARY ***
Total pot 120 | Rake 0 
Board [Kh Ts 9s Jd 5h]
Seat 1: Mahu2021 (button) (small blind) folded on the River
Seat 2: bleubird24 (big blind) collected (120)



PokerStars Hand #251595712243: Tournament #3780297270, $1.84+$0.16 USD Hold'em No Limit - Level II (15/30) - 2024/07/21 16:46:45 CET [2024/07/21 10:46:45 ET]
Table '3780297270 1' 3-max Seat #2 is the button
Seat 1: Mahu2021 (470 in chips) 
Seat 2: bleubird24 (1030 in chips) 
bleubird24: posts small blind 15
Mahu2021: posts big blind 30
*** HOLE CARDS ***
Dealt to Mahu2021 [8h 6s]
bleubird24: folds 
Uncalled bet (15) returned to Mahu2021
Mahu2021 collected 30 from pot
Mahu2021: doesn't show hand 
*** SUMMARY ***
Total pot 30 | Rake 0 
Seat 1: Mahu2021 (big blind) collected (30)
Seat 2: bleubird24 (button) (small blind) folded before Flop



PokerStars Hand #251595713330: Tournament #3780297270, $1.84+$0.16 USD Hold'em No Limit - Level II (15/30) - 2024/07/21 16:46:49 CET [2024/07/21 10:46:49 ET]
Table '3780297270 1' 3-max Seat #1 is the button
Seat 1: Mahu2021 (485 in chips) 
Seat 2: bleubird24 (1015 in chips) 
Mahu2021: posts small blind 15
bleubird24: posts big blind 30
*** HOLE CARDS ***
Dealt to Mahu2021 [9s Ad]
Mahu2021: raises 30 to 60
bleubird24: folds 
Uncalled bet (30) returned to Mahu2021
Mahu2021 collected 60 from pot
Mahu2021: doesn't show hand 
*** SUMMARY ***
Total pot 60 | Rake 0 
Seat 1: Mahu2021 (button) (small blind) collected (60)
Seat 2: bleubird24 (big blind) folded before Flop



PokerStars Hand #251595714870: Tournament #3780297270, $1.84+$0.16 USD Hold'em No Limit - Level II (15/30) - 2024/07/21 16:46:56 CET [2024/07/21 10:46:56 ET]
Table '3780297270 1' 3-max Seat #2 is the button
Seat 1: Mahu2021 (515 in chips) 
Seat 2: bleubird24 (985 in chips) 
bleubird24: posts small blind 15
Mahu2021: posts big blind 30
*** HOLE CARDS ***
Dealt to Mahu2021 [2h 9s]
bleubird24: raises 30 to 60
Mahu2021: folds 
Uncalled bet (30) returned to bleubird24
bleubird24 collected 60 from pot
bleubird24: doesn't show hand 
*** SUMMARY ***
Total pot 60 | Rake 0 
Seat 1: Mahu2021 (big blind) folded before Flop
Seat 2: bleubird24 (button) (small blind) collected (60)



PokerStars Hand #251595716127: Tournament #3780297270, $1.84+$0.16 USD Hold'em No Limit - Level II (15/30) - 2024/07/21 16:47:01 CET [2024/07/21 10:47:01 ET]
Table '3780297270 1' 3-max Seat #1 is the button
Seat 1: Mahu2021 (485 in chips) 
Seat 2: bleubird24 (1015 in chips) 
Mahu2021: posts small blind 15
bleubird24: posts big blind 30
*** HOLE CARDS ***
Dealt to Mahu2021 [Ks 3c]
Mahu2021: calls 15
bleubird24: checks 
*** FLOP *** [Th 9s Qh]
bleubird24: checks 
Mahu2021: checks 
*** TURN *** [Th 9s Qh] [6c]
bleubird24: checks 
Mahu2021: checks 
*** RIVER *** [Th 9s Qh 6c] [Qd]
bleubird24: checks 
Mahu2021: checks 
*** SHOW DOWN ***
bleubird24: shows [Kd 5d] (a pair of Queens)
Mahu2021: shows [Ks 3c] (a pair of Queens)
bleubird24 collected 30 from pot
Mahu2021 collected 30 from pot
*** SUMMARY ***
Total pot 60 | Rake 0 
Board [Th 9s Qh 6c Qd]
Seat 1: Mahu2021 (button) (small blind) showed [Ks 3c] and won (30) with a pair of Queens
Seat 2: bleubird24 (big blind) showed [Kd 5d] and won (30) with a pair of Queens



PokerStars Hand #251595719229: Tournament #3780297270, $1.84+$0.16 USD Hold'em No Limit - Level II (15/30) - 2024/07/21 16:47:14 CET [2024/07/21 10:47:14 ET]
Table '3780297270 1' 3-max Seat #2 is the button
Seat 1: Mahu2021 (485 in chips) 
Seat 2: bleubird24 (1015 in chips) 
bleubird24: posts small blind 15
Mahu2021: posts big blind 30
*** HOLE CARDS ***
Dealt to Mahu2021 [8h 9s]
bleubird24: folds 
Uncalled bet (15) returned to Mahu2021
Mahu2021 collected 30 from pot
Mahu2021: doesn't show hand 
*** SUMMARY ***
Total pot 30 | Rake 0 
Seat 1: Mahu2021 (big blind) collected (30)
Seat 2: bleubird24 (button) (small blind) folded before Flop



PokerStars Hand #251595720240: Tournament #3780297270, $1.84+$0.16 USD Hold'em No Limit - Level II (15/30) - 2024/07/21 16:47:18 CET [2024/07/21 10:47:18 ET]
Table '3780297270 1' 3-max Seat #1 is the button
Seat 1: Mahu2021 (500 in chips) 
Seat 2: bleubird24 (1000 in chips) 
Mahu2021: posts small blind 15
bleubird24: posts big blind 30
*** HOLE CARDS ***
Dealt to Mahu2021 [Tc 7c]
Mahu2021: calls 15
bleubird24: checks 
*** FLOP *** [Kc 2d 5s]
bleubird24: bets 30
Mahu2021: folds 
Uncalled bet (30) returned to bleubird24
bleubird24 collected 60 from pot
bleubird24: doesn't show hand 
*** SUMMARY ***
Total pot 60 | Rake 0 
Board [Kc 2d 5s]
Seat 1: Mahu2021 (button) (small blind) folded on the Flop
Seat 2: bleubird24 (big blind) collected (60)



PokerStars Hand #251595722172: Tournament #3780297270, $1.84+$0.16 USD Hold'em No Limit - Level II (15/30) - 2024/07/21 16:47:27 CET [2024/07/21 10:47:27 ET]
Table '3780297270 1' 3-max Seat #2 is the button
Seat 1: Mahu2021 (470 in chips) 
Seat 2: bleubird24 (1030 in chips) 
bleubird24: posts small blind 15
Mahu2021: posts big blind 30
*** HOLE CARDS ***
Dealt to Mahu2021 [6s Ac]
bleubird24: calls 15
Mahu2021: raises 90 to 120
bleubird24: folds 
Uncalled bet (90) returned to Mahu2021
Mahu2021 collected 60 from pot
Mahu2021: doesn't show hand 
*** SUMMARY ***
Total pot 60 | Rake 0 
Seat 1: Mahu2021 (big blind) collected (60)
Seat 2: bleubird24 (button) (small blind) folded before Flop



PokerStars Hand #251595723863: Tournament #3780297270, $1.84+$0.16 USD Hold'em No Limit - Level II (15/30) - 2024/07/21 16:47:34 CET [2024/07/21 10:47:34 ET]
Table '3780297270 1' 3-max Seat #1 is the button
Seat 1: Mahu2021 (500 in chips) 
Seat 2: bleubird24 (1000 in chips) 
Mahu2021: posts small blind 15
bleubird24: posts big blind 30
*** HOLE CARDS ***
Dealt to Mahu2021 [Qc Jc]
Mahu2021: raises 30 to 60
bleubird24: folds 
Uncalled bet (30) returned to Mahu2021
Mahu2021 collected 60 from pot
Mahu2021: doesn't show hand 
*** SUMMARY ***
Total pot 60 | Rake 0 
Seat 1: Mahu2021 (button) (small blind) collected (60)
Seat 2: bleubird24 (big blind) folded before Flop



PokerStars Hand #251595725195: Tournament #3780297270, $1.84+$0.16 USD Hold'em No Limit - Level II (15/30) - 2024/07/21 16:47:40 CET [2024/07/21 10:47:40 ET]
Table '3780297270 1' 3-max Seat #2 is the button
Seat 1: Mahu2021 (530 in chips) 
Seat 2: bleubird24 (970 in chips) 
bleubird24: posts small blind 15
Mahu2021: posts big blind 30
*** HOLE CARDS ***
Dealt to Mahu2021 [8h 6s]
bleubird24: calls 15
Mahu2021: checks 
*** FLOP *** [7h 3c Th]
Mahu2021: checks 
bleubird24: bets 60
Mahu2021: folds 
Uncalled bet (60) returned to bleubird24
bleubird24 collected 60 from pot
bleubird24: doesn't show hand 
*** SUMMARY ***
Total pot 60 | Rake 0 
Board [7h 3c Th]
Seat 1: Mahu2021 (big blind) folded on the Flop
Seat 2: bleubird24 (button) (small blind) collected (60)



PokerStars Hand #251595727643: Tournament #3780297270, $1.84+$0.16 USD Hold'em No Limit - Level II (15/30) - 2024/07/21 16:47:50 CET [2024/07/21 10:47:50 ET]
Table '3780297270 1' 3-max Seat #1 is the button
Seat 1: Mahu2021 (500 in chips) 
Seat 2: bleubird24 (1000 in chips) 
Mahu2021: posts small blind 15
bleubird24: posts big blind 30
*** HOLE CARDS ***
Dealt to Mahu2021 [4s 3d]
Mahu2021: calls 15
bleubird24: checks 
*** FLOP *** [Kc 6d Qs]
bleubird24: bets 30
Mahu2021: folds 
Uncalled bet (30) returned to bleubird24
bleubird24 collected 60 from pot
bleubird24: doesn't show hand 
*** SUMMARY ***
Total pot 60 | Rake 0 
Board [Kc 6d Qs]
Seat 1: Mahu2021 (button) (small blind) folded on the Flop
Seat 2: bleubird24 (big blind) collected (60)



PokerStars Hand #251595729628: Tournament #3780297270, $1.84+$0.16 USD Hold'em No Limit - Level II (15/30) - 2024/07/21 16:47:58 CET [2024/07/21 10:47:58 ET]
Table '3780297270 1' 3-max Seat #2 is the button
Seat 1: Mahu2021 (470 in chips) 
Seat 2: bleubird24 (1030 in chips) 
bleubird24: posts small blind 15
Mahu2021: posts big blind 30
*** HOLE CARDS ***
Dealt to Mahu2021 [6d 4s]
bleubird24: calls 15
Mahu2021: checks 
*** FLOP *** [Jd 3s Jc]
Mahu2021: checks 
bleubird24: checks 
*** TURN *** [Jd 3s Jc] [Qc]
Mahu2021: checks 
bleubird24: checks 
*** RIVER *** [Jd 3s Jc Qc] [8h]
Mahu2021: checks 
bleubird24: bets 60
Mahu2021: folds 
Uncalled bet (60) returned to bleubird24
bleubird24 collected 60 from pot
bleubird24: doesn't show hand 
*** SUMMARY ***
Total pot 60 | Rake 0 
Board [Jd 3s Jc Qc 8h]
Seat 1: Mahu2021 (big blind) folded on the River
Seat 2: bleubird24 (button) (small blind) collected (60)



PokerStars Hand #251595732733: Tournament #3780297270, $1.84+$0.16 USD Hold'em No Limit - Level II (15/30) - 2024/07/21 16:48:11 CET [2024/07/21 10:48:11 ET]
Table '3780297270 1' 3-max Seat #1 is the button
Seat 1: Mahu2021 (440 in chips) 
Seat 2: bleubird24 (1060 in chips) 
Mahu2021: posts small blind 15
bleubird24: posts big blind 30
*** HOLE CARDS ***
Dealt to Mahu2021 [Ah 8c]
Mahu2021: raises 30 to 60
bleubird24: folds 
Uncalled bet (30) returned to Mahu2021
Mahu2021 collected 60 from pot
Mahu2021: doesn't show hand 
*** SUMMARY ***
Total pot 60 | Rake 0 
Seat 1: Mahu2021 (button) (small blind) collected (60)
Seat 2: bleubird24 (big blind) folded before Flop



PokerStars Hand #251595734169: Tournament #3780297270, $1.84+$0.16 USD Hold'em No Limit - Level II (15/30) - 2024/07/21 16:48:18 CET [2024/07/21 10:48:18 ET]
Table '3780297270 1' 3-max Seat #2 is the button
Seat 1: Mahu2021 (470 in chips) 
Seat 2: bleubird24 (1030 in chips) 
bleubird24: posts small blind 15
Mahu2021: posts big blind 30
*** HOLE CARDS ***
Dealt to Mahu2021 [Jc 8s]
bleubird24: calls 15
Mahu2021: checks 
*** FLOP *** [6d Qs Kc]
Mahu2021: checks 
bleubird24: checks 
*** TURN *** [6d Qs Kc] [5h]
Mahu2021: checks 
bleubird24: checks 
*** RIVER *** [6d Qs Kc 5h] [6s]
Mahu2021: checks 
bleubird24: bets 120
Mahu2021: folds 
Uncalled bet (120) returned to bleubird24
bleubird24 collected 60 from pot
bleubird24: doesn't show hand 
*** SUMMARY ***
Total pot 60 | Rake 0 
Board [6d Qs Kc 5h 6s]
Seat 1: Mahu2021 (big blind) folded on the River
Seat 2: bleubird24 (button) (small blind) collected (60)



PokerStars Hand #251595737676: Tournament #3780297270, $1.84+$0.16 USD Hold'em No Limit - Level II (15/30) - 2024/07/21 16:48:32 CET [2024/07/21 10:48:32 ET]
Table '3780297270 1' 3-max Seat #1 is the button
Seat 1: Mahu2021 (440 in chips) 
Seat 2: bleubird24 (1060 in chips) 
Mahu2021: posts small blind 15
bleubird24: posts big blind 30
*** HOLE CARDS ***
Dealt to Mahu2021 [4d Jd]
Mahu2021: calls 15
bleubird24: checks 
*** FLOP *** [Tc 9s 8h]
bleubird24: checks 
Mahu2021: bets 30
bleubird24: folds 
Uncalled bet (30) returned to Mahu2021
Mahu2021 collected 60 from pot
Mahu2021: doesn't show hand 
*** SUMMARY ***
Total pot 60 | Rake 0 
Board [Tc 9s 8h]
Seat 1: Mahu2021 (button) (small blind) collected (60)
Seat 2: bleubird24 (big blind) folded on the Flop



PokerStars Hand #251595740682: Tournament #3780297270, $1.84+$0.16 USD Hold'em No Limit - Level III (20/40) - 2024/07/21 16:48:45 CET [2024/07/21 10:48:45 ET]
Table '3780297270 1' 3-max Seat #2 is the button
Seat 1: Mahu2021 (470 in chips) 
Seat 2: bleubird24 (1030 in chips) 
bleubird24: posts small blind 20
Mahu2021: posts big blind 40
*** HOLE CARDS ***
Dealt to Mahu2021 [Jc 6c]
bleubird24: calls 20
Mahu2021: checks 
*** FLOP *** [4c 5d As]
Mahu2021: checks 
bleubird24: checks 
*** TURN *** [4c 5d As] [Qd]
Mahu2021: checks 
bleubird24: checks 
*** RIVER *** [4c 5d As Qd] [7h]
Mahu2021: checks 
bleubird24: bets 80
Mahu2021: folds 
Uncalled bet (80) returned to bleubird24
bleubird24 collected 80 from pot
bleubird24: doesn't show hand 
*** SUMMARY ***
Total pot 80 | Rake 0 
Board [4c 5d As Qd 7h]
Seat 1: Mahu2021 (big blind) folded on the River
Seat 2: bleubird24 (button) (small blind) collected (80)



PokerStars Hand #251595743991: Tournament #3780297270, $1.84+$0.16 USD Hold'em No Limit - Level III (20/40) - 2024/07/21 16:49:00 CET [2024/07/21 10:49:00 ET]
Table '3780297270 1' 3-max Seat #1 is the button
Seat 1: Mahu2021 (430 in chips) 
Seat 2: bleubird24 (1070 in chips) 
Mahu2021: posts small blind 20
bleubird24: posts big blind 40
*** HOLE CARDS ***
Dealt to Mahu2021 [Jh As]
Mahu2021: raises 40 to 80
bleubird24: calls 40
*** FLOP *** [Td 6c Jc]
bleubird24: checks 
Mahu2021: bets 40
bleubird24: calls 40
*** TURN *** [Td 6c Jc] [6h]
bleubird24: checks 
Mahu2021: bets 40
bleubird24: calls 40
*** RIVER *** [Td 6c Jc 6h] [7s]
bleubird24: checks 
Mahu2021: bets 40
bleubird24: calls 40
*** SHOW DOWN ***
Mahu2021: shows [Jh As] (two pair, Jacks and Sixes)
bleubird24: mucks hand 
Mahu2021 collected 400 from pot
*** SUMMARY ***
Total pot 400 | Rake 0 
Board [Td 6c Jc 6h 7s]
Seat 1: Mahu2021 (button) (small blind) showed [Jh As] and won (400) with two pair, Jacks and Sixes
Seat 2: bleubird24 (big blind) mucked [Ad 9h]



PokerStars Hand #251595747409: Tournament #3780297270, $1.84+$0.16 USD Hold'em No Limit - Level III (20/40) - 2024/07/21 16:49:14 CET [2024/07/21 10:49:14 ET]
Table '3780297270 1' 3-max Seat #2 is the button
Seat 1: Mahu2021 (630 in chips) 
Seat 2: bleubird24 (870 in chips) 
bleubird24: posts small blind 20
Mahu2021: posts big blind 40
*** HOLE CARDS ***
Dealt to Mahu2021 [8d 9h]
bleubird24: calls 20
Mahu2021: checks 
*** FLOP *** [Ac 7d 3s]
Mahu2021: checks 
bleubird24: bets 40
Mahu2021: folds 
Uncalled bet (40) returned to bleubird24
bleubird24 collected 80 from pot
bleubird24: doesn't show hand 
*** SUMMARY ***
Total pot 80 | Rake 0 
Board [Ac 7d 3s]
Seat 1: Mahu2021 (big blind) folded on the Flop
Seat 2: bleubird24 (button) (small blind) collected (80)



PokerStars Hand #251595749816: Tournament #3780297270, $1.84+$0.16 USD Hold'em No Limit - Level III (20/40) - 2024/07/21 16:49:24 CET [2024/07/21 10:49:24 ET]
Table '3780297270 1' 3-max Seat #1 is the button
Seat 1: Mahu2021 (590 in chips) 
Seat 2: bleubird24 (910 in chips) 
Mahu2021: posts small blind 20
bleubird24: posts big blind 40
*** HOLE CARDS ***
Dealt to Mahu2021 [4h Qc]
Mahu2021: calls 20
bleubird24: checks 
*** FLOP *** [5d 4d Tc]
bleubird24: checks 
Mahu2021: bets 40
bleubird24: folds 
Uncalled bet (40) returned to Mahu2021
Mahu2021 collected 80 from pot
Mahu2021: doesn't show hand 
*** SUMMARY ***
Total pot 80 | Rake 0 
Board [5d 4d Tc]
Seat 1: Mahu2021 (button) (small blind) collected (80)
Seat 2: bleubird24 (big blind) folded on the Flop



PokerStars Hand #251595751999: Tournament #3780297270, $1.84+$0.16 USD Hold'em No Limit - Level III (20/40) - 2024/07/21 16:49:33 CET [2024/07/21 10:49:33 ET]
Table '3780297270 1' 3-max Seat #2 is the button
Seat 1: Mahu2021 (630 in chips) 
Seat 2: bleubird24 (870 in chips) 
bleubird24: posts small blind 20
Mahu2021: posts big blind 40
*** HOLE CARDS ***
Dealt to Mahu2021 [7s Qs]
bleubird24: calls 20
Mahu2021: raises 120 to 160
bleubird24: folds 
Uncalled bet (120) returned to Mahu2021
Mahu2021 collected 80 from pot
Mahu2021: doesn't show hand 
*** SUMMARY ***
Total pot 80 | Rake 0 
Seat 1: Mahu2021 (big blind) collected (80)
Seat 2: bleubird24 (button) (small blind) folded before Flop



PokerStars Hand #251595753627: Tournament #3780297270, $1.84+$0.16 USD Hold'em No Limit - Level III (20/40) - 2024/07/21 16:49:40 CET [2024/07/21 10:49:40 ET]
Table '3780297270 1' 3-max Seat #1 is the button
Seat 1: Mahu2021 (670 in chips) 
Seat 2: bleubird24 (830 in chips) 
Mahu2021: posts small blind 20
bleubird24: posts big blind 40
*** HOLE CARDS ***
Dealt to Mahu2021 [6h Qs]
Mahu2021: calls 20
bleubird24: checks 
*** FLOP *** [9h 3d 8d]
bleubird24: bets 40
Mahu2021: folds 
Uncalled bet (40) returned to bleubird24
bleubird24 collected 80 from pot
bleubird24: doesn't show hand 
*** SUMMARY ***
Total pot 80 | Rake 0 
Board [9h 3d 8d]
Seat 1: Mahu2021 (button) (small blind) folded on the Flop
Seat 2: bleubird24 (big blind) collected (80)



PokerStars Hand #251595755641: Tournament #3780297270, $1.84+$0.16 USD Hold'em No Limit - Level III (20/40) - 2024/07/21 16:49:48 CET [2024/07/21 10:49:48 ET]
Table '3780297270 1' 3-max Seat #2 is the button
Seat 1: Mahu2021 (630 in chips) 
Seat 2: bleubird24 (870 in chips) 
bleubird24: posts small blind 20
Mahu2021: posts big blind 40
*** HOLE CARDS ***
Dealt to Mahu2021 [5s 3d]
bleubird24: calls 20
Mahu2021: checks 
*** FLOP *** [6c 8d Tc]
Mahu2021: checks 
bleubird24: checks 
*** TURN *** [6c 8d Tc] [8h]
Mahu2021: checks 
bleubird24: checks 
*** RIVER *** [6c 8d Tc 8h] [5d]
Mahu2021: checks 
bleubird24: checks 
*** SHOW DOWN ***
Mahu2021: shows [5s 3d] (two pair, Eights and Fives)
bleubird24: mucks hand 
Mahu2021 collected 80 from pot
*** SUMMARY ***
Total pot 80 | Rake 0 
Board [6c 8d Tc 8h 5d]
Seat 1: Mahu2021 (big blind) showed [5s 3d] and won (80) with two pair, Eights and Fives
Seat 2: bleubird24 (button) (small blind) mucked [Jh Qh]



PokerStars Hand #251595758293: Tournament #3780297270, $1.84+$0.16 USD Hold'em No Limit - Level III (20/40) - 2024/07/21 16:50:00 CET [2024/07/21 10:50:00 ET]
Table '3780297270 1' 3-max Seat #1 is the button
Seat 1: Mahu2021 (670 in chips) 
Seat 2: bleubird24 (830 in chips) 
Mahu2021: posts small blind 20
bleubird24: posts big blind 40
*** HOLE CARDS ***
Dealt to Mahu2021 [4h 3d]
Mahu2021: calls 20
bleubird24: raises 80 to 120
Mahu2021: folds 
Uncalled bet (80) returned to bleubird24
bleubird24 collected 80 from pot
bleubird24: doesn't show hand 
*** SUMMARY ***
Total pot 80 | Rake 0 
Seat 1: Mahu2021 (button) (small blind) folded before Flop
Seat 2: bleubird24 (big blind) collected (80)



PokerStars Hand #251595759858: Tournament #3780297270, $1.84+$0.16 USD Hold'em No Limit - Level III (20/40) - 2024/07/21 16:50:07 CET [2024/07/21 10:50:07 ET]
Table '3780297270 1' 3-max Seat #2 is the button
Seat 1: Mahu2021 (630 in chips) 
Seat 2: bleubird24 (870 in chips) 
bleubird24: posts small blind 20
Mahu2021: posts big blind 40
*** HOLE CARDS ***
Dealt to Mahu2021 [2d 3d]
bleubird24: calls 20
Mahu2021: checks 
*** FLOP *** [5c 4h 7h]
Mahu2021: checks 
bleubird24: bets 40
Mahu2021: calls 40
*** TURN *** [5c 4h 7h] [Kd]
Mahu2021: checks 
bleubird24: bets 40
Mahu2021: calls 40
*** RIVER *** [5c 4h 7h Kd] [Ks]
Mahu2021: checks 
bleubird24: bets 40
Mahu2021: folds 
Uncalled bet (40) returned to bleubird24
bleubird24 collected 240 from pot
bleubird24: doesn't show hand 
*** SUMMARY ***
Total pot 240 | Rake 0 
Board [5c 4h 7h Kd Ks]
Seat 1: Mahu2021 (big blind) folded on the River
Seat 2: bleubird24 (button) (small blind) collected (240)



PokerStars Hand #251595763373: Tournament #3780297270, $1.84+$0.16 USD Hold'em No Limit - Level III (20/40) - 2024/07/21 16:50:22 CET [2024/07/21 10:50:22 ET]
Table '3780297270 1' 3-max Seat #1 is the button
Seat 1: Mahu2021 (510 in chips) 
Seat 2: bleubird24 (990 in chips) 
Mahu2021: posts small blind 20
bleubird24: posts big blind 40
*** HOLE CARDS ***
Dealt to Mahu2021 [Tc Ah]
Mahu2021: raises 40 to 80
bleubird24: calls 40
*** FLOP *** [7c 9s 5c]
bleubird24: checks 
Mahu2021: bets 40
bleubird24: calls 40
*** TURN *** [7c 9s 5c] [Ks]
bleubird24: checks 
Mahu2021: bets 40
bleubird24: calls 40
*** RIVER *** [7c 9s 5c Ks] [8h]
bleubird24: bets 320
Mahu2021: folds 
Uncalled bet (320) returned to bleubird24
bleubird24 collected 320 from pot
bleubird24: doesn't show hand 
*** SUMMARY ***
Total pot 320 | Rake 0 
Board [7c 9s 5c Ks 8h]
Seat 1: Mahu2021 (button) (small blind) folded on the River
Seat 2: bleubird24 (big blind) collected (320)



PokerStars Hand #251595768119: Tournament #3780297270, $1.84+$0.16 USD Hold'em No Limit - Level III (20/40) - 2024/07/21 16:50:41 CET [2024/07/21 10:50:41 ET]
Table '3780297270 1' 3-max Seat #2 is the button
Seat 1: Mahu2021 (350 in chips) 
Seat 2: bleubird24 (1150 in chips) 
bleubird24: posts small blind 20
Mahu2021: posts big blind 40
*** HOLE CARDS ***
Dealt to Mahu2021 [Jd 9s]
bleubird24: calls 20
Mahu2021: checks 
*** FLOP *** [Jc Ks 7c]
Mahu2021: checks 
bleubird24: checks 
*** TURN *** [Jc Ks 7c] [8d]
Mahu2021: checks 
bleubird24: bets 40
Mahu2021: calls 40
*** RIVER *** [Jc Ks 7c 8d] [3s]
Mahu2021: checks 
bleubird24: bets 40
Mahu2021: calls 40
*** SHOW DOWN ***
bleubird24: shows [9h Kc] (a pair of Kings)
Mahu2021: mucks hand 
bleubird24 collected 240 from pot
*** SUMMARY ***
Total pot 240 | Rake 0 
Board [Jc Ks 7c 8d 3s]
Seat 1: Mahu2021 (big blind) mucked [Jd 9s]
Seat 2: bleubird24 (button) (small blind) showed [9h Kc] and won (240) with a pair of Kings



PokerStars Hand #251595771434: Tournament #3780297270, $1.84+$0.16 USD Hold'em No Limit - Level III (20/40) - 2024/07/21 16:50:55 CET [2024/07/21 10:50:55 ET]
Table '3780297270 1' 3-max Seat #1 is the button
Seat 1: Mahu2021 (230 in chips) 
Seat 2: bleubird24 (1270 in chips) 
Mahu2021: posts small blind 20
bleubird24: posts big blind 40
*** HOLE CARDS ***
Dealt to Mahu2021 [3c Th]
Mahu2021: folds 
Uncalled bet (20) returned to bleubird24
bleubird24 collected 40 from pot
bleubird24: doesn't show hand 
*** SUMMARY ***
Total pot 40 | Rake 0 
Seat 1: Mahu2021 (button) (small blind) folded before Flop
Seat 2: bleubird24 (big blind) collected (40)



PokerStars Hand #251595772445: Tournament #3780297270, $1.84+$0.16 USD Hold'em No Limit - Level III (20/40) - 2024/07/21 16:50:59 CET [2024/07/21 10:50:59 ET]
Table '3780297270 1' 3-max Seat #2 is the button
Seat 1: Mahu2021 (210 in chips) 
Seat 2: bleubird24 (1290 in chips) 
bleubird24: posts small blind 20
Mahu2021: posts big blind 40
*** HOLE CARDS ***
Dealt to Mahu2021 [8s Tc]
bleubird24: calls 20
Mahu2021: checks 
*** FLOP *** [Jd 4s Kc]
Mahu2021: checks 
bleubird24: checks 
*** TURN *** [Jd 4s Kc] [Qc]
Mahu2021: checks 
bleubird24: bets 40
Mahu2021: calls 40
*** RIVER *** [Jd 4s Kc Qc] [Qs]
Mahu2021: checks 
bleubird24: bets 40
Mahu2021: folds 
Uncalled bet (40) returned to bleubird24
bleubird24 collected 160 from pot
bleubird24: doesn't show hand 
*** SUMMARY ***
Total pot 160 | Rake 0 
Board [Jd 4s Kc Qc Qs]
Seat 1: Mahu2021 (big blind) folded on the River
Seat 2: bleubird24 (button) (small blind) collected (160)



PokerStars Hand #251595775432: Tournament #3780297270, $1.84+$0.16 USD Hold'em No Limit - Level III (20/40) - 2024/07/21 16:51:12 CET [2024/07/21 10:51:12 ET]
Table '3780297270 1' 3-max Seat #1 is the button
Seat 1: Mahu2021 (130 in chips) 
Seat 2: bleubird24 (1370 in chips) 
Mahu2021: posts small blind 20
bleubird24: posts big blind 40
*** HOLE CARDS ***
Dealt to Mahu2021 [5d 3h]
Mahu2021: folds 
Uncalled bet (20) returned to bleubird24
bleubird24 collected 40 from pot
bleubird24: doesn't show hand 
*** SUMMARY ***
Total pot 40 | Rake 0 
Seat 1: Mahu2021 (button) (small blind) folded before Flop
Seat 2: bleubird24 (big blind) collected (40)



PokerStars Hand #251595776497: Tournament #3780297270, $1.84+$0.16 USD Hold'em No Limit - Level III (20/40) - 2024/07/21 16:51:17 CET [2024/07/21 10:51:17 ET]
Table '3780297270 1' 3-max Seat #2 is the button
Seat 1: Mahu2021 (110 in chips) 
Seat 2: bleubird24 (1390 in chips) 
bleubird24: posts small blind 20
Mahu2021: posts big blind 40
*** HOLE CARDS ***
Dealt to Mahu2021 [8h Jc]
bleubird24: folds 
Uncalled bet (20) returned to Mahu2021
Mahu2021 collected 40 from pot
Mahu2021: doesn't show hand 
*** SUMMARY ***
Total pot 40 | Rake 0 
Seat 1: Mahu2021 (big blind) collected (40)
Seat 2: bleubird24 (button) (small blind) folded before Flop



PokerStars Hand #251595777544: Tournament #3780297270, $1.84+$0.16 USD Hold'em No Limit - Level III (20/40) - 2024/07/21 16:51:21 CET [2024/07/21 10:51:21 ET]
Table '3780297270 1' 3-max Seat #1 is the button
Seat 1: Mahu2021 (130 in chips) 
Seat 2: bleubird24 (1370 in chips) 
Mahu2021: posts small blind 20
bleubird24: posts big blind 40
*** HOLE CARDS ***
Dealt to Mahu2021 [Qd 3h]
Mahu2021: raises 90 to 130 and is all-in
bleubird24: calls 90
*** FLOP *** [Qs Td 7s]
*** TURN *** [Qs Td 7s] [Js]
*** RIVER *** [Qs Td 7s Js] [8s]
*** SHOW DOWN ***
bleubird24: shows [Jd Ac] (a pair of Jacks)
Mahu2021: shows [Qd 3h] (a pair of Queens)
Mahu2021 collected 260 from pot
*** SUMMARY ***
Total pot 260 | Rake 0 
Board [Qs Td 7s Js 8s]
Seat 1: Mahu2021 (button) (small blind) showed [Qd 3h] and won (260) with a pair of Queens
Seat 2: bleubird24 (big blind) showed [Jd Ac] and lost with a pair of Jacks



PokerStars Hand #251595780376: Tournament #3780297270, $1.84+$0.16 USD Hold'em No Limit - Level III (20/40) - 2024/07/21 16:51:33 CET [2024/07/21 10:51:33 ET]
Table '3780297270 1' 3-max Seat #2 is the button
Seat 1: Mahu2021 (260 in chips) 
Seat 2: bleubird24 (1240 in chips) 
bleubird24: posts small blind 20
Mahu2021: posts big blind 40
*** HOLE CARDS ***
Dealt to Mahu2021 [Qc 9c]
bleubird24: calls 20
Mahu2021: checks 
*** FLOP *** [Td Qs Ac]
Mahu2021: bets 40
bleubird24: calls 40
*** TURN *** [Td Qs Ac] [Jc]
Mahu2021: bets 40
bleubird24: calls 40
*** RIVER *** [Td Qs Ac Jc] [6h]
Mahu2021: bets 40
bleubird24: calls 40
*** SHOW DOWN ***
Mahu2021: shows [Qc 9c] (a pair of Queens)
bleubird24: mucks hand 
Mahu2021 collected 320 from pot
*** SUMMARY ***
Total pot 320 | Rake 0 
Board [Td Qs Ac Jc 6h]
Seat 1: Mahu2021 (big blind) showed [Qc 9c] and won (320) with a pair of Queens
Seat 2: bleubird24 (button) (small blind) mucked [9h Jh]



PokerStars Hand #251595784176: Tournament #3780297270, $1.84+$0.16 USD Hold'em No Limit - Level IV (30/60) - 2024/07/21 16:51:49 CET [2024/07/21 10:51:49 ET]
Table '3780297270 1' 3-max Seat #1 is the button
Seat 1: Mahu2021 (420 in chips) 
Seat 2: bleubird24 (1080 in chips) 
Mahu2021: posts small blind 30
bleubird24: posts big blind 60
*** HOLE CARDS ***
Dealt to Mahu2021 [Tc Js]
Mahu2021: calls 30
bleubird24: checks 
*** FLOP *** [Ah 2c Qd]
bleubird24: bets 60
Mahu2021: calls 60
*** TURN *** [Ah 2c Qd] [Qs]
bleubird24: bets 60
Mahu2021: calls 60
*** RIVER *** [Ah 2c Qd Qs] [7d]
bleubird24: bets 60
Mahu2021: raises 180 to 240 and is all-in
bleubird24: folds 
Uncalled bet (180) returned to Mahu2021
Mahu2021 collected 480 from pot
Mahu2021: doesn't show hand 
*** SUMMARY ***
Total pot 480 | Rake 0 
Board [Ah 2c Qd Qs 7d]
Seat 1: Mahu2021 (button) (small blind) collected (480)
Seat 2: bleubird24 (big blind) folded on the River



PokerStars Hand #251595787781: Tournament #3780297270, $1.84+$0.16 USD Hold'em No Limit - Level IV (30/60) - 2024/07/21 16:52:05 CET [2024/07/21 10:52:05 ET]
Table '3780297270 1' 3-max Seat #2 is the button
Seat 1: Mahu2021 (660 in chips) 
Seat 2: bleubird24 (840 in chips) 
bleubird24: posts small blind 30
Mahu2021: posts big blind 60
*** HOLE CARDS ***
Dealt to Mahu2021 [Qd 9s]
bleubird24: calls 30
Mahu2021: checks 
*** FLOP *** [9d 5c As]
Mahu2021: checks 
bleubird24: bets 60
Mahu2021: calls 60
*** TURN *** [9d 5c As] [6c]
Mahu2021: checks 
bleubird24: bets 60
Mahu2021: calls 60
*** RIVER *** [9d 5c As 6c] [Jd]
Mahu2021: checks 
bleubird24: bets 660 and is all-in
Mahu2021: folds 
Uncalled bet (660) returned to bleubird24
bleubird24 collected 360 from pot
bleubird24: doesn't show hand 
*** SUMMARY ***
Total pot 360 | Rake 0 
Board [9d 5c As 6c Jd]
Seat 1: Mahu2021 (big blind) folded on the River
Seat 2: bleubird24 (button) (small blind) collected (360)



PokerStars Hand #251595791419: Tournament #3780297270, $1.84+$0.16 USD Hold'em No Limit - Level IV (30/60) - 2024/07/21 16:52:20 CET [2024/07/21 10:52:20 ET]
Table '3780297270 1' 3-max Seat #1 is the button
Seat 1: Mahu2021 (480 in chips) 
Seat 2: bleubird24 (1020 in chips) 
Mahu2021: posts small blind 30
bleubird24: posts big blind 60
*** HOLE CARDS ***
Dealt to Mahu2021 [4s 6d]
Mahu2021: folds 
Uncalled bet (30) returned to bleubird24
bleubird24 collected 60 from pot
bleubird24: doesn't show hand 
*** SUMMARY ***
Total pot 60 | Rake 0 
Seat 1: Mahu2021 (button) (small blind) folded before Flop
Seat 2: bleubird24 (big blind) collected (60)



PokerStars Hand #251595792468: Tournament #3780297270, $1.84+$0.16 USD Hold'em No Limit - Level IV (30/60) - 2024/07/21 16:52:25 CET [2024/07/21 10:52:25 ET]
Table '3780297270 1' 3-max Seat #2 is the button
Seat 1: Mahu2021 (450 in chips) 
Seat 2: bleubird24 (1050 in chips) 
bleubird24: posts small blind 30
Mahu2021: posts big blind 60
*** HOLE CARDS ***
Dealt to Mahu2021 [As 8d]
bleubird24: calls 30
Mahu2021: raises 390 to 450 and is all-in
bleubird24: folds 
Uncalled bet (390) returned to Mahu2021
Mahu2021 collected 120 from pot
Mahu2021: doesn't show hand 
*** SUMMARY ***
Total pot 120 | Rake 0 
Seat 1: Mahu2021 (big blind) collected (120)
Seat 2: bleubird24 (button) (small blind) folded before Flop



PokerStars Hand #251595794109: Tournament #3780297270, $1.84+$0.16 USD Hold'em No Limit - Level IV (30/60) - 2024/07/21 16:52:32 CET [2024/07/21 10:52:32 ET]
Table '3780297270 1' 3-max Seat #1 is the button
Seat 1: Mahu2021 (510 in chips) 
Seat 2: bleubird24 (990 in chips) 
Mahu2021: posts small blind 30
bleubird24: posts big blind 60
*** HOLE CARDS ***
Dealt to Mahu2021 [Qc Jc]
Mahu2021: raises 60 to 120
bleubird24: folds 
Uncalled bet (60) returned to Mahu2021
Mahu2021 collected 120 from pot
Mahu2021: doesn't show hand 
*** SUMMARY ***
Total pot 120 | Rake 0 
Seat 1: Mahu2021 (button) (small blind) collected (120)
Seat 2: bleubird24 (big blind) folded before Flop



PokerStars Hand #251595795400: Tournament #3780297270, $1.84+$0.16 USD Hold'em No Limit - Level IV (30/60) - 2024/07/21 16:52:37 CET [2024/07/21 10:52:37 ET]
Table '3780297270 1' 3-max Seat #2 is the button
Seat 1: Mahu2021 (570 in chips) 
Seat 2: bleubird24 (930 in chips) 
bleubird24: posts small blind 30
Mahu2021: posts big blind 60
*** HOLE CARDS ***
Dealt to Mahu2021 [5h 4s]
bleubird24: calls 30
Mahu2021: checks 
*** FLOP *** [Kd 6d 2d]
Mahu2021: checks 
bleubird24: bets 60
Mahu2021: folds 
Uncalled bet (60) returned to bleubird24
bleubird24 collected 120 from pot
bleubird24: doesn't show hand 
*** SUMMARY ***
Total pot 120 | Rake 0 
Board [Kd 6d 2d]
Seat 1: Mahu2021 (big blind) folded on the Flop
Seat 2: bleubird24 (button) (small blind) collected (120)



PokerStars Hand #251595797649: Tournament #3780297270, $1.84+$0.16 USD Hold'em No Limit - Level IV (30/60) - 2024/07/21 16:52:47 CET [2024/07/21 10:52:47 ET]
Table '3780297270 1' 3-max Seat #1 is the button
Seat 1: Mahu2021 (510 in chips) 
Seat 2: bleubird24 (990 in chips) 
Mahu2021: posts small blind 30
bleubird24: posts big blind 60
*** HOLE CARDS ***
Dealt to Mahu2021 [Jh Qs]
Mahu2021: raises 60 to 120
bleubird24: calls 60
*** FLOP *** [4d Qd 6d]
bleubird24: bets 240
Mahu2021: raises 150 to 390 and is all-in
bleubird24: calls 150
*** TURN *** [4d Qd 6d] [3d]
*** RIVER *** [4d Qd 6d 3d] [5c]
*** SHOW DOWN ***
bleubird24: shows [4c Ah] (a pair of Fours)
Mahu2021: shows [Jh Qs] (a pair of Queens)
Mahu2021 collected 1020 from pot
*** SUMMARY ***
Total pot 1020 | Rake 0 
Board [4d Qd 6d 3d 5c]
Seat 1: Mahu2021 (button) (small blind) showed [Jh Qs] and won (1020) with a pair of Queens
Seat 2: bleubird24 (big blind) showed [4c Ah] and lost with a pair of Fours



PokerStars Hand #251595801631: Tournament #3780297270, $1.84+$0.16 USD Hold'em No Limit - Level IV (30/60) - 2024/07/21 16:53:03 CET [2024/07/21 10:53:03 ET]
Table '3780297270 1' 3-max Seat #2 is the button
Seat 1: Mahu2021 (1020 in chips) 
Seat 2: bleubird24 (480 in chips) 
bleubird24: posts small blind 30
Mahu2021: posts big blind 60
*** HOLE CARDS ***
Dealt to Mahu2021 [5c Kh]
bleubird24: calls 30
Mahu2021: checks 
*** FLOP *** [5h 4c Kd]
Mahu2021: bets 60
bleubird24: raises 360 to 420 and is all-in
Mahu2021: calls 360
*** TURN *** [5h 4c Kd] [Jc]
*** RIVER *** [5h 4c Kd Jc] [8s]
*** SHOW DOWN ***
Mahu2021: shows [5c Kh] (two pair, Kings and Fives)
bleubird24: shows [6c 7s] (a straight, Four to Eight)
bleubird24 collected 960 from pot
*** SUMMARY ***
Total pot 960 | Rake 0 
Board [5h 4c Kd Jc 8s]
Seat 1: Mahu2021 (big blind) showed [5c Kh] and lost with two pair, Kings and Fives
Seat 2: bleubird24 (button) (small blind) showed [6c 7s] and won (960) with a straight, Four to Eight



PokerStars Hand #251595805358: Tournament #3780297270, $1.84+$0.16 USD Hold'em No Limit - Level IV (30/60) - 2024/07/21 16:53:19 CET [2024/07/21 10:53:19 ET]
Table '3780297270 1' 3-max Seat #1 is the button
Seat 1: Mahu2021 (540 in chips) 
Seat 2: bleubird24 (960 in chips) 
Mahu2021: posts small blind 30
bleubird24: posts big blind 60
*** HOLE CARDS ***
Dealt to Mahu2021 [6h Ad]
Mahu2021: raises 60 to 120
bleubird24: folds 
Uncalled bet (60) returned to Mahu2021
Mahu2021 collected 120 from pot
Mahu2021: doesn't show hand 
*** SUMMARY ***
Total pot 120 | Rake 0 
Seat 1: Mahu2021 (button) (small blind) collected (120)
Seat 2: bleubird24 (big blind) folded before Flop



PokerStars Hand #251595806757: Tournament #3780297270, $1.84+$0.16 USD Hold'em No Limit - Level IV (30/60) - 2024/07/21 16:53:25 CET [2024/07/21 10:53:25 ET]
Table '3780297270 1' 3-max Seat #2 is the button
Seat 1: Mahu2021 (600 in chips) 
Seat 2: bleubird24 (900 in chips) 
bleubird24: posts small blind 30
Mahu2021: posts big blind 60
*** HOLE CARDS ***
Dealt to Mahu2021 [Ad Ah]
bleubird24: folds 
Uncalled bet (30) returned to Mahu2021
Mahu2021 collected 60 from pot
Mahu2021: doesn't show hand 
*** SUMMARY ***
Total pot 60 | Rake 0 
Seat 1: Mahu2021 (big blind) collected (60)
Seat 2: bleubird24 (button) (small blind) folded before Flop



PokerStars Hand #251595807788: Tournament #3780297270, $1.84+$0.16 USD Hold'em No Limit - Level IV (30/60) - 2024/07/21 16:53:29 CET [2024/07/21 10:53:29 ET]
Table '3780297270 1' 3-max Seat #1 is the button
Seat 1: Mahu2021 (630 in chips) 
Seat 2: bleubird24 (870 in chips) 
Mahu2021: posts small blind 30
bleubird24: posts big blind 60
*** HOLE CARDS ***
Dealt to Mahu2021 [Qh 5d]
Mahu2021: calls 30
bleubird24: raises 120 to 180
Mahu2021: folds 
Uncalled bet (120) returned to bleubird24
bleubird24 collected 120 from pot
bleubird24: doesn't show hand 
*** SUMMARY ***
Total pot 120 | Rake 0 
Seat 1: Mahu2021 (button) (small blind) folded before Flop
Seat 2: bleubird24 (big blind) collected (120)



PokerStars Hand #251595809657: Tournament #3780297270, $1.84+$0.16 USD Hold'em No Limit - Level IV (30/60) - 2024/07/21 16:53:37 CET [2024/07/21 10:53:37 ET]
Table '3780297270 1' 3-max Seat #2 is the button
Seat 1: Mahu2021 (570 in chips) 
Seat 2: bleubird24 (930 in chips) 
bleubird24: posts small blind 30
Mahu2021: posts big blind 60
*** HOLE CARDS ***
Dealt to Mahu2021 [Qh 5c]
bleubird24: calls 30
Mahu2021: checks 
*** FLOP *** [4c 3h Ah]
Mahu2021: checks 
bleubird24: checks 
*** TURN *** [4c 3h Ah] [2c]
Mahu2021: checks 
bleubird24: checks 
*** RIVER *** [4c 3h Ah 2c] [6d]
Mahu2021: bets 510 and is all-in
bleubird24: folds 
Uncalled bet (510) returned to Mahu2021
Mahu2021 collected 120 from pot
Mahu2021: doesn't show hand 
*** SUMMARY ***
Total pot 120 | Rake 0 
Board [4c 3h Ah 2c 6d]
Seat 1: Mahu2021 (big blind) collected (120)
Seat 2: bleubird24 (button) (small blind) folded on the River



PokerStars Hand #251595812593: Tournament #3780297270, $1.84+$0.16 USD Hold'em No Limit - Level IV (30/60) - 2024/07/21 16:53:50 CET [2024/07/21 10:53:50 ET]
Table '3780297270 1' 3-max Seat #1 is the button
Seat 1: Mahu2021 (630 in chips) 
Seat 2: bleubird24 (870 in chips) 
Mahu2021: posts small blind 30
bleubird24: posts big blind 60
*** HOLE CARDS ***
Dealt to Mahu2021 [Ac Jd]
Mahu2021: raises 60 to 120
bleubird24: folds 
Uncalled bet (60) returned to Mahu2021
Mahu2021 collected 120 from pot
Mahu2021: doesn't show hand 
*** SUMMARY ***
Total pot 120 | Rake 0 
Seat 1: Mahu2021 (button) (small blind) collected (120)
Seat 2: bleubird24 (big blind) folded before Flop



PokerStars Hand #251595813867: Tournament #3780297270, $1.84+$0.16 USD Hold'em No Limit - Level IV (30/60) - 2024/07/21 16:53:55 CET [2024/07/21 10:53:55 ET]
Table '3780297270 1' 3-max Seat #2 is the button
Seat 1: Mahu2021 (690 in chips) 
Seat 2: bleubird24 (810 in chips) 
bleubird24: posts small blind 30
Mahu2021: posts big blind 60
*** HOLE CARDS ***
Dealt to Mahu2021 [9d Qd]
bleubird24: calls 30
Mahu2021: checks 
*** FLOP *** [Js 2h 6d]
Mahu2021: checks 
bleubird24: checks 
*** TURN *** [Js 2h 6d] [4h]
Mahu2021: checks 
bleubird24: checks 
*** RIVER *** [Js 2h 6d 4h] [Qs]
Mahu2021: bets 60
bleubird24: folds 
Uncalled bet (60) returned to Mahu2021
Mahu2021 collected 120 from pot
Mahu2021: doesn't show hand 
*** SUMMARY ***
Total pot 120 | Rake 0 
Board [Js 2h 6d 4h Qs]
Seat 1: Mahu2021 (big blind) collected (120)
Seat 2: bleubird24 (button) (small blind) folded on the River



PokerStars Hand #251595816825: Tournament #3780297270, $1.84+$0.16 USD Hold'em No Limit - Level IV (30/60) - 2024/07/21 16:54:08 CET [2024/07/21 10:54:08 ET]
Table '3780297270 1' 3-max Seat #1 is the button
Seat 1: Mahu2021 (750 in chips) 
Seat 2: bleubird24 (750 in chips) 
Mahu2021: posts small blind 30
bleubird24: posts big blind 60
*** HOLE CARDS ***
Dealt to Mahu2021 [8c 4h]
Mahu2021: calls 30
bleubird24: checks 
*** FLOP *** [Kc 5s 5d]
bleubird24: bets 60
Mahu2021: folds 
Uncalled bet (60) returned to bleubird24
bleubird24 collected 120 from pot
bleubird24: doesn't show hand 
*** SUMMARY ***
Total pot 120 | Rake 0 
Board [Kc 5s 5d]
Seat 1: Mahu2021 (button) (small blind) folded on the Flop
Seat 2: bleubird24 (big blind) collected (120)



PokerStars Hand #251595818952: Tournament #3780297270, $1.84+$0.16 USD Hold'em No Limit - Level IV (30/60) - 2024/07/21 16:54:17 CET [2024/07/21 10:54:17 ET]
Table '3780297270 1' 3-max Seat #2 is the button
Seat 1: Mahu2021 (690 in chips) 
Seat 2: bleubird24 (810 in chips) 
bleubird24: posts small blind 30
Mahu2021: posts big blind 60
*** HOLE CARDS ***
Dealt to Mahu2021 [6h 3c]
bleubird24: calls 30
Mahu2021: checks 
*** FLOP *** [Qh Jc 8s]
Mahu2021: checks 
bleubird24: bets 60
Mahu2021: folds 
Uncalled bet (60) returned to bleubird24
bleubird24 collected 120 from pot
bleubird24: doesn't show hand 
*** SUMMARY ***
Total pot 120 | Rake 0 
Board [Qh Jc 8s]
Seat 1: Mahu2021 (big blind) folded on the Flop
Seat 2: bleubird24 (button) (small blind) collected (120)



PokerStars Hand #251595820950: Tournament #3780297270, $1.84+$0.16 USD Hold'em No Limit - Level IV (30/60) - 2024/07/21 16:54:25 CET [2024/07/21 10:54:25 ET]
Table '3780297270 1' 3-max Seat #1 is the button
Seat 1: Mahu2021 (630 in chips) 
Seat 2: bleubird24 (870 in chips) 
Mahu2021: posts small blind 30
bleubird24: posts big blind 60
*** HOLE CARDS ***
Dealt to Mahu2021 [Ah 9s]
Mahu2021: raises 60 to 120
bleubird24: calls 60
*** FLOP *** [3c Tc Ks]
bleubird24: bets 240
Mahu2021: folds 
Uncalled bet (240) returned to bleubird24
bleubird24 collected 240 from pot
bleubird24: doesn't show hand 
*** SUMMARY ***
Total pot 240 | Rake 0 
Board [3c Tc Ks]
Seat 1: Mahu2021 (button) (small blind) folded on the Flop
Seat 2: bleubird24 (big blind) collected (240)



PokerStars Hand #251595823159: Tournament #3780297270, $1.84+$0.16 USD Hold'em No Limit - Level IV (30/60) - 2024/07/21 16:54:35 CET [2024/07/21 10:54:35 ET]
Table '3780297270 1' 3-max Seat #2 is the button
Seat 1: Mahu2021 (510 in chips) 
Seat 2: bleubird24 (990 in chips) 
bleubird24: posts small blind 30
Mahu2021: posts big blind 60
*** HOLE CARDS ***
Dealt to Mahu2021 [7d Ts]
bleubird24: calls 30
Mahu2021: checks 
*** FLOP *** [Ad 3c 7c]
Mahu2021: bets 60
bleubird24: folds 
Uncalled bet (60) returned to Mahu2021
Mahu2021 collected 120 from pot
Mahu2021: doesn't show hand 
*** SUMMARY ***
Total pot 120 | Rake 0 
Board [Ad 3c 7c]
Seat 1: Mahu2021 (big blind) collected (120)
Seat 2: bleubird24 (button) (small blind) folded on the Flop



PokerStars Hand #251595825996: Tournament #3780297270, $1.84+$0.16 USD Hold'em No Limit - Level V (40/80) - 2024/07/21 16:54:47 CET [2024/07/21 10:54:47 ET]
Table '3780297270 1' 3-max Seat #1 is the button
Seat 1: Mahu2021 (570 in chips) 
Seat 2: bleubird24 (930 in chips) 
Mahu2021: posts small blind 40
bleubird24: posts big blind 80
*** HOLE CARDS ***
Dealt to Mahu2021 [8s 2d]
Mahu2021: folds 
Uncalled bet (40) returned to bleubird24
bleubird24 collected 80 from pot
bleubird24: doesn't show hand 
*** SUMMARY ***
Total pot 80 | Rake 0 
Seat 1: Mahu2021 (button) (small blind) folded before Flop
Seat 2: bleubird24 (big blind) collected (80)



PokerStars Hand #251595827095: Tournament #3780297270, $1.84+$0.16 USD Hold'em No Limit - Level V (40/80) - 2024/07/21 16:54:52 CET [2024/07/21 10:54:52 ET]
Table '3780297270 1' 3-max Seat #2 is the button
Seat 1: Mahu2021 (530 in chips) 
Seat 2: bleubird24 (970 in chips) 
bleubird24: posts small blind 40
Mahu2021: posts big blind 80
*** HOLE CARDS ***
Dealt to Mahu2021 [Ks 7s]
bleubird24: calls 40
Mahu2021: raises 450 to 530 and is all-in
bleubird24: folds 
Uncalled bet (450) returned to Mahu2021
Mahu2021 collected 160 from pot
Mahu2021: doesn't show hand 
*** SUMMARY ***
Total pot 160 | Rake 0 
Seat 1: Mahu2021 (big blind) collected (160)
Seat 2: bleubird24 (button) (small blind) folded before Flop



PokerStars Hand #251595828827: Tournament #3780297270, $1.84+$0.16 USD Hold'em No Limit - Level V (40/80) - 2024/07/21 16:54:59 CET [2024/07/21 10:54:59 ET]
Table '3780297270 1' 3-max Seat #1 is the button
Seat 1: Mahu2021 (610 in chips) 
Seat 2: bleubird24 (890 in chips) 
Mahu2021: posts small blind 40
bleubird24: posts big blind 80
*** HOLE CARDS ***
Dealt to Mahu2021 [9c Ks]
Mahu2021: raises 80 to 160
bleubird24: folds 
Uncalled bet (80) returned to Mahu2021
Mahu2021 collected 160 from pot
Mahu2021: doesn't show hand 
*** SUMMARY ***
Total pot 160 | Rake 0 
Seat 1: Mahu2021 (button) (small blind) collected (160)
Seat 2: bleubird24 (big blind) folded before Flop



PokerStars Hand #251595829847: Tournament #3780297270, $1.84+$0.16 USD Hold'em No Limit - Level V (40/80) - 2024/07/21 16:55:04 CET [2024/07/21 10:55:04 ET]
Table '3780297270 1' 3-max Seat #2 is the button
Seat 1: Mahu2021 (690 in chips) 
Seat 2: bleubird24 (810 in chips) 
bleubird24: posts small blind 40
Mahu2021: posts big blind 80
*** HOLE CARDS ***
Dealt to Mahu2021 [3h 9s]
bleubird24: folds 
Uncalled bet (40) returned to Mahu2021
Mahu2021 collected 80 from pot
Mahu2021: doesn't show hand 
*** SUMMARY ***
Total pot 80 | Rake 0 
Seat 1: Mahu2021 (big blind) collected (80)
Seat 2: bleubird24 (button) (small blind) folded before Flop



PokerStars Hand #251595830906: Tournament #3780297270, $1.84+$0.16 USD Hold'em No Limit - Level V (40/80) - 2024/07/21 16:55:09 CET [2024/07/21 10:55:09 ET]
Table '3780297270 1' 3-max Seat #1 is the button
Seat 1: Mahu2021 (730 in chips) 
Seat 2: bleubird24 (770 in chips) 
Mahu2021: posts small blind 40
bleubird24: posts big blind 80
*** HOLE CARDS ***
Dealt to Mahu2021 [Kd 2c]
Mahu2021: calls 40
bleubird24: checks 
*** FLOP *** [2h As 8s]
bleubird24: checks 
Mahu2021: bets 80
bleubird24: raises 320 to 400
Mahu2021: folds 
Uncalled bet (320) returned to bleubird24
bleubird24 collected 320 from pot
bleubird24: doesn't show hand 
*** SUMMARY ***
Total pot 320 | Rake 0 
Board [2h As 8s]
Seat 1: Mahu2021 (button) (small blind) folded on the Flop
Seat 2: bleubird24 (big blind) collected (320)



PokerStars Hand #251595834429: Tournament #3780297270, $1.84+$0.16 USD Hold'em No Limit - Level V (40/80) - 2024/07/21 16:55:31 CET [2024/07/21 10:55:31 ET]
Table '3780297270 1' 3-max Seat #2 is the button
Seat 1: Mahu2021 (570 in chips) 
Seat 2: bleubird24 (930 in chips) 
bleubird24: posts small blind 40
Mahu2021: posts big blind 80
*** HOLE CARDS ***
Dealt to Mahu2021 [5h Ks]
bleubird24: folds 
Uncalled bet (40) returned to Mahu2021
Mahu2021 collected 80 from pot
Mahu2021: doesn't show hand 
*** SUMMARY ***
Total pot 80 | Rake 0 
Seat 1: Mahu2021 (big blind) collected (80)
Seat 2: bleubird24 (button) (small blind) folded before Flop



PokerStars Hand #251595835146: Tournament #3780297270, $1.84+$0.16 USD Hold'em No Limit - Level V (40/80) - 2024/07/21 16:55:35 CET [2024/07/21 10:55:35 ET]
Table '3780297270 1' 3-max Seat #1 is the button
Seat 1: Mahu2021 (610 in chips) 
Seat 2: bleubird24 (890 in chips) 
Mahu2021: posts small blind 40
bleubird24: posts big blind 80
*** HOLE CARDS ***
Dealt to Mahu2021 [6c 2c]
Mahu2021: calls 40
bleubird24: raises 80 to 160
Mahu2021: calls 80
*** FLOP *** [5s 8c Jd]
bleubird24: bets 320
Mahu2021: folds 
Uncalled bet (320) returned to bleubird24
bleubird24 collected 320 from pot
bleubird24: doesn't show hand 
*** SUMMARY ***
Total pot 320 | Rake 0 
Board [5s 8c Jd]
Seat 1: Mahu2021 (button) (small blind) folded on the Flop
Seat 2: bleubird24 (big blind) collected (320)



PokerStars Hand #251595836906: Tournament #3780297270, $1.84+$0.16 USD Hold'em No Limit - Level V (40/80) - 2024/07/21 16:55:46 CET [2024/07/21 10:55:46 ET]
Table '3780297270 1' 3-max Seat #2 is the button
Seat 1: Mahu2021 (450 in chips) 
Seat 2: bleubird24 (1050 in chips) 
bleubird24: posts small blind 40
Mahu2021: posts big blind 80
*** HOLE CARDS ***
Dealt to Mahu2021 [5c 9d]
bleubird24: calls 40
Mahu2021: checks 
*** FLOP *** [7s 2h Jd]
Mahu2021: checks 
bleubird24: checks 
*** TURN *** [7s 2h Jd] [Th]
Mahu2021: checks 
bleubird24: checks 
*** RIVER *** [7s 2h Jd Th] [9h]
Mahu2021: bets 80
bleubird24: folds 
Uncalled bet (80) returned to Mahu2021
Mahu2021 collected 160 from pot
Mahu2021: doesn't show hand 
*** SUMMARY ***
Total pot 160 | Rake 0 
Board [7s 2h Jd Th 9h]
Seat 1: Mahu2021 (big blind) collected (160)
Seat 2: bleubird24 (button) (small blind) folded on the River



PokerStars Hand #251595839530: Tournament #3780297270, $1.84+$0.16 USD Hold'em No Limit - Level V (40/80) - 2024/07/21 16:56:02 CET [2024/07/21 10:56:02 ET]
Table '3780297270 1' 3-max Seat #1 is the button
Seat 1: Mahu2021 (530 in chips) 
Seat 2: bleubird24 (970 in chips) 
Mahu2021: posts small blind 40
bleubird24: posts big blind 80
*** HOLE CARDS ***
Dealt to Mahu2021 [2h Ks]
Mahu2021: calls 40
bleubird24: checks 
*** FLOP *** [Kc 4c Qc]
bleubird24: checks 
Mahu2021: bets 80
bleubird24: folds 
Uncalled bet (80) returned to Mahu2021
Mahu2021 collected 160 from pot
Mahu2021: doesn't show hand 
*** SUMMARY ***
Total pot 160 | Rake 0 
Board [Kc 4c Qc]
Seat 1: Mahu2021 (button) (small blind) collected (160)
Seat 2: bleubird24 (big blind) folded on the Flop



PokerStars Hand #251595840982: Tournament #3780297270, $1.84+$0.16 USD Hold'em No Limit - Level V (40/80) - 2024/07/21 16:56:11 CET [2024/07/21 10:56:11 ET]
Table '3780297270 1' 3-max Seat #2 is the button
Seat 1: Mahu2021 (610 in chips) 
Seat 2: bleubird24 (890 in chips) 
bleubird24: posts small blind 40
Mahu2021: posts big blind 80
*** HOLE CARDS ***
Dealt to Mahu2021 [Qh 3h]
bleubird24: calls 40
Mahu2021: checks 
*** FLOP *** [As 7s 4d]
Mahu2021: checks 
bleubird24: checks 
*** TURN *** [As 7s 4d] [2c]
Mahu2021: checks 
bleubird24: checks 
*** RIVER *** [As 7s 4d 2c] [5c]
Mahu2021: checks 
bleubird24: checks 
*** SHOW DOWN ***
Mahu2021: shows [Qh 3h] (a straight, Ace to Five)
bleubird24: mucks hand 
Mahu2021 collected 160 from pot
*** SUMMARY ***
Total pot 160 | Rake 0 
Board [As 7s 4d 2c 5c]
Seat 1: Mahu2021 (big blind) showed [Qh 3h] and won (160) with a straight, Ace to Five
Seat 2: bleubird24 (button) (small blind) mucked [Th Ks]



PokerStars Hand #251595842839: Tournament #3780297270, $1.84+$0.16 USD Hold'em No Limit - Level V (40/80) - 2024/07/21 16:56:22 CET [2024/07/21 10:56:22 ET]
Table '3780297270 1' 3-max Seat #1 is the button
Seat 1: Mahu2021 (690 in chips) 
Seat 2: bleubird24 (810 in chips) 
Mahu2021: posts small blind 40
bleubird24: posts big blind 80
*** HOLE CARDS ***
Dealt to Mahu2021 [3d 5h]
Mahu2021: calls 40
bleubird24: checks 
*** FLOP *** [Js As Ad]
bleubird24: bets 80
Mahu2021: folds 
Uncalled bet (80) returned to bleubird24
bleubird24 collected 160 from pot
bleubird24: doesn't show hand 
*** SUMMARY ***
Total pot 160 | Rake 0 
Board [Js As Ad]
Seat 1: Mahu2021 (button) (small blind) folded on the Flop
Seat 2: bleubird24 (big blind) collected (160)



PokerStars Hand #251595844233: Tournament #3780297270, $1.84+$0.16 USD Hold'em No Limit - Level V (40/80) - 2024/07/21 16:56:31 CET [2024/07/21 10:56:31 ET]
Table '3780297270 1' 3-max Seat #2 is the button
Seat 1: Mahu2021 (610 in chips) 
Seat 2: bleubird24 (890 in chips) 
bleubird24: posts small blind 40
Mahu2021: posts big blind 80
*** HOLE CARDS ***
Dealt to Mahu2021 [Kc 2s]
bleubird24: calls 40
Mahu2021: raises 530 to 610 and is all-in
bleubird24: calls 530
*** FLOP *** [6h 7d Ad]
*** TURN *** [6h 7d Ad] [5h]
*** RIVER *** [6h 7d Ad 5h] [8c]
*** SHOW DOWN ***
Mahu2021: shows [Kc 2s] (high card Ace)
bleubird24: shows [Qh 8h] (a pair of Eights)
bleubird24 collected 1220 from pot
Mahu2021 finished the tournament in 2nd place
bleubird24 wins the tournament and receives $6.00 - congratulations!
*** SUMMARY ***
Total pot 1220 | Rake 0 
Board [6h 7d Ad 5h 8c]
Seat 1: Mahu2021 (big blind) showed [Kc 2s] and lost with high card Ace
Seat 2: bleubird24 (button) (small blind) showed [Qh 8h] and won (1220) with a pair of Eights



