PokerStars Hand #242983233872: Tournament #3575039894, $0.92+$0.08 USD Hold'em No Limit - Level I (10/20) - 2023/04/09 16:03:47 CET [2023/04/09 10:03:47 ET]
Table '3575039894 1' 3-max Seat #1 is the button
Seat 1: Cocada85 (500 in chips) 
Seat 2: Budda_Lounge (500 in chips) 
Seat 3: Mahu2021 (500 in chips) 
Budda_Lounge: posts small blind 10
Mahu2021: posts big blind 20
*** HOLE CARDS ***
Dealt to Mahu2021 [Qc As]
Cocada85: folds 
Budda_Lounge: folds 
Uncalled bet (10) returned to Mahu2021
Mahu2021 collected 20 from pot
Mahu2021: doesn't show hand 
*** SUMMARY ***
Total pot 20 | Rake 0 
Seat 1: Cocada85 (button) folded before Flop (didn't bet)
Seat 2: Budda_Lounge (small blind) folded before Flop
Seat 3: Mahu2021 (big blind) collected (20)



PokerStars Hand #242983237011: Tournament #3575039894, $0.92+$0.08 USD Hold'em No Limit - Level I (10/20) - 2023/04/09 16:04:00 CET [2023/04/09 10:04:00 ET]
Table '3575039894 1' 3-max Seat #2 is the button
Seat 1: Cocada85 (500 in chips) 
Seat 2: Budda_Lounge (490 in chips) 
Seat 3: Mahu2021 (510 in chips) 
Mahu2021: posts small blind 10
Cocada85: posts big blind 20
*** HOLE CARDS ***
Dealt to Mahu2021 [Qd 8s]
Budda_Lounge: raises 20 to 40
Mahu2021: calls 30
Cocada85: calls 20
*** FLOP *** [3c 2h 4h]
Mahu2021: checks 
Cocada85: checks 
Budda_Lounge: checks 
*** TURN *** [3c 2h 4h] [5c]
Mahu2021: checks 
Cocada85: checks 
Budda_Lounge: checks 
*** RIVER *** [3c 2h 4h 5c] [4s]
Mahu2021: checks 
Cocada85: checks 
Budda_Lounge: checks 
*** SHOW DOWN ***
Mahu2021: shows [Qd 8s] (a pair of Fours)
Cocada85: shows [Td Kh] (a pair of Fours - King kicker)
Budda_Lounge: mucks hand 
Cocada85 collected 120 from pot
*** SUMMARY ***
Total pot 120 | Rake 0 
Board [3c 2h 4h 5c 4s]
Seat 1: Cocada85 (big blind) showed [Td Kh] and won (120) with a pair of Fours
Seat 2: Budda_Lounge (button) mucked [Ks 8d]
Seat 3: Mahu2021 (small blind) showed [Qd 8s] and lost with a pair of Fours



PokerStars Hand #242983244131: Tournament #3575039894, $0.92+$0.08 USD Hold'em No Limit - Level I (10/20) - 2023/04/09 16:04:29 CET [2023/04/09 10:04:29 ET]
Table '3575039894 1' 3-max Seat #3 is the button
Seat 1: Cocada85 (580 in chips) 
Seat 2: Budda_Lounge (450 in chips) 
Seat 3: Mahu2021 (470 in chips) 
Cocada85: posts small blind 10
Budda_Lounge: posts big blind 20
*** HOLE CARDS ***
Dealt to Mahu2021 [9s Ad]
Mahu2021: calls 20
Cocada85: calls 10
Budda_Lounge: checks 
*** FLOP *** [Qs 8d Ah]
Cocada85: checks 
Budda_Lounge: checks 
Mahu2021: bets 20
Cocada85: folds 
Budda_Lounge: folds 
Uncalled bet (20) returned to Mahu2021
Mahu2021 collected 60 from pot
Mahu2021: doesn't show hand 
*** SUMMARY ***
Total pot 60 | Rake 0 
Board [Qs 8d Ah]
Seat 1: Cocada85 (small blind) folded on the Flop
Seat 2: Budda_Lounge (big blind) folded on the Flop
Seat 3: Mahu2021 (button) collected (60)



PokerStars Hand #242983250737: Tournament #3575039894, $0.92+$0.08 USD Hold'em No Limit - Level I (10/20) - 2023/04/09 16:04:57 CET [2023/04/09 10:04:57 ET]
Table '3575039894 1' 3-max Seat #1 is the button
Seat 1: Cocada85 (560 in chips) 
Seat 2: Budda_Lounge (430 in chips) 
Seat 3: Mahu2021 (510 in chips) 
Budda_Lounge: posts small blind 10
Mahu2021: posts big blind 20
*** HOLE CARDS ***
Dealt to Mahu2021 [9d 7h]
Cocada85: calls 20
Budda_Lounge: raises 40 to 60
Mahu2021: folds 
Cocada85: calls 40
*** FLOP *** [Tc 4h 6h]
Budda_Lounge: checks 
Cocada85: checks 
*** TURN *** [Tc 4h 6h] [7d]
Budda_Lounge: checks 
Cocada85: checks 
*** RIVER *** [Tc 4h 6h 7d] [5c]
Budda_Lounge: checks 
Cocada85: checks 
*** SHOW DOWN ***
Budda_Lounge: shows [Qd Jh] (high card Queen)
Cocada85: shows [Qs Kd] (high card King)
Cocada85 collected 140 from pot
*** SUMMARY ***
Total pot 140 | Rake 0 
Board [Tc 4h 6h 7d 5c]
Seat 1: Cocada85 (button) showed [Qs Kd] and won (140) with high card King
Seat 2: Budda_Lounge (small blind) showed [Qd Jh] and lost with high card Queen
Seat 3: Mahu2021 (big blind) folded before Flop



PokerStars Hand #242983260045: Tournament #3575039894, $0.92+$0.08 USD Hold'em No Limit - Level I (10/20) - 2023/04/09 16:05:34 CET [2023/04/09 10:05:34 ET]
Table '3575039894 1' 3-max Seat #2 is the button
Seat 1: Cocada85 (640 in chips) 
Seat 2: Budda_Lounge (370 in chips) 
Seat 3: Mahu2021 (490 in chips) 
Mahu2021: posts small blind 10
Cocada85: posts big blind 20
*** HOLE CARDS ***
Dealt to Mahu2021 [7d Ts]
Budda_Lounge: folds 
Mahu2021: folds 
Uncalled bet (10) returned to Cocada85
Cocada85 collected 20 from pot
Cocada85: doesn't show hand 
*** SUMMARY ***
Total pot 20 | Rake 0 
Seat 1: Cocada85 (big blind) collected (20)
Seat 2: Budda_Lounge (button) folded before Flop (didn't bet)
Seat 3: Mahu2021 (small blind) folded before Flop



PokerStars Hand #242983261596: Tournament #3575039894, $0.92+$0.08 USD Hold'em No Limit - Level I (10/20) - 2023/04/09 16:05:40 CET [2023/04/09 10:05:40 ET]
Table '3575039894 1' 3-max Seat #3 is the button
Seat 1: Cocada85 (650 in chips) 
Seat 2: Budda_Lounge (370 in chips) 
Seat 3: Mahu2021 (480 in chips) 
Cocada85: posts small blind 10
Budda_Lounge: posts big blind 20
*** HOLE CARDS ***
Dealt to Mahu2021 [8d Ad]
Mahu2021: raises 20 to 40
Cocada85: folds 
Budda_Lounge: calls 20
*** FLOP *** [Ac Kd 3c]
Budda_Lounge: checks 
Mahu2021: bets 40
Budda_Lounge: folds 
Uncalled bet (40) returned to Mahu2021
Mahu2021 collected 90 from pot
Mahu2021: doesn't show hand 
*** SUMMARY ***
Total pot 90 | Rake 0 
Board [Ac Kd 3c]
Seat 1: Cocada85 (small blind) folded before Flop
Seat 2: Budda_Lounge (big blind) folded on the Flop
Seat 3: Mahu2021 (button) collected (90)



PokerStars Hand #242983267703: Tournament #3575039894, $0.92+$0.08 USD Hold'em No Limit - Level II (15/30) - 2023/04/09 16:06:05 CET [2023/04/09 10:06:05 ET]
Table '3575039894 1' 3-max Seat #1 is the button
Seat 1: Cocada85 (640 in chips) 
Seat 2: Budda_Lounge (330 in chips) 
Seat 3: Mahu2021 (530 in chips) 
Budda_Lounge: posts small blind 15
Mahu2021: posts big blind 30
*** HOLE CARDS ***
Dealt to Mahu2021 [8h 7c]
Cocada85: folds 
Budda_Lounge: calls 15
Mahu2021: checks 
*** FLOP *** [8s 3d 5s]
Budda_Lounge: bets 44
Mahu2021: raises 456 to 500 and is all-in
Budda_Lounge: calls 256 and is all-in
Uncalled bet (200) returned to Mahu2021
*** TURN *** [8s 3d 5s] [Ks]
*** RIVER *** [8s 3d 5s Ks] [As]
*** SHOW DOWN ***
Budda_Lounge: shows [Qh 8d] (a pair of Eights)
Mahu2021: shows [8h 7c] (a pair of Eights - lower kicker)
Budda_Lounge collected 660 from pot
*** SUMMARY ***
Total pot 660 | Rake 0 
Board [8s 3d 5s Ks As]
Seat 1: Cocada85 (button) folded before Flop (didn't bet)
Seat 2: Budda_Lounge (small blind) showed [Qh 8d] and won (660) with a pair of Eights
Seat 3: Mahu2021 (big blind) showed [8h 7c] and lost with a pair of Eights



PokerStars Hand #242983274712: Tournament #3575039894, $0.92+$0.08 USD Hold'em No Limit - Level II (15/30) - 2023/04/09 16:06:33 CET [2023/04/09 10:06:33 ET]
Table '3575039894 1' 3-max Seat #2 is the button
Seat 1: Cocada85 (640 in chips) 
Seat 2: Budda_Lounge (660 in chips) 
Seat 3: Mahu2021 (200 in chips) 
Mahu2021: posts small blind 15
Cocada85: posts big blind 30
*** HOLE CARDS ***
Dealt to Mahu2021 [5h 8h]
Budda_Lounge: raises 30 to 60
Mahu2021: calls 45
Cocada85: calls 30
*** FLOP *** [7s 8d 4s]
Mahu2021: bets 140 and is all-in
Cocada85: folds 
Budda_Lounge: calls 140
*** TURN *** [7s 8d 4s] [4h]
*** RIVER *** [7s 8d 4s 4h] [Qd]
*** SHOW DOWN ***
Mahu2021: shows [5h 8h] (two pair, Eights and Fours)
Budda_Lounge: shows [Ac 5d] (a pair of Fours)
Mahu2021 collected 460 from pot
*** SUMMARY ***
Total pot 460 | Rake 0 
Board [7s 8d 4s 4h Qd]
Seat 1: Cocada85 (big blind) folded on the Flop
Seat 2: Budda_Lounge (button) showed [Ac 5d] and lost with a pair of Fours
Seat 3: Mahu2021 (small blind) showed [5h 8h] and won (460) with two pair, Eights and Fours



PokerStars Hand #242983280959: Tournament #3575039894, $0.92+$0.08 USD Hold'em No Limit - Level II (15/30) - 2023/04/09 16:06:58 CET [2023/04/09 10:06:58 ET]
Table '3575039894 1' 3-max Seat #3 is the button
Seat 1: Cocada85 (580 in chips) 
Seat 2: Budda_Lounge (460 in chips) 
Seat 3: Mahu2021 (460 in chips) 
Cocada85: posts small blind 15
Budda_Lounge: posts big blind 30
*** HOLE CARDS ***
Dealt to Mahu2021 [8h 3h]
Mahu2021: folds 
Cocada85: folds 
Uncalled bet (15) returned to Budda_Lounge
Budda_Lounge collected 30 from pot
Budda_Lounge: doesn't show hand 
*** SUMMARY ***
Total pot 30 | Rake 0 
Seat 1: Cocada85 (small blind) folded before Flop
Seat 2: Budda_Lounge (big blind) collected (30)
Seat 3: Mahu2021 (button) folded before Flop (didn't bet)



PokerStars Hand #242983282328: Tournament #3575039894, $0.92+$0.08 USD Hold'em No Limit - Level II (15/30) - 2023/04/09 16:07:04 CET [2023/04/09 10:07:04 ET]
Table '3575039894 1' 3-max Seat #1 is the button
Seat 1: Cocada85 (565 in chips) 
Seat 2: Budda_Lounge (475 in chips) 
Seat 3: Mahu2021 (460 in chips) 
Budda_Lounge: posts small blind 15
Mahu2021: posts big blind 30
*** HOLE CARDS ***
Dealt to Mahu2021 [7d Kc]
Cocada85: folds 
Budda_Lounge: raises 30 to 60
Mahu2021: calls 30
*** FLOP *** [5c 5h Qs]
Budda_Lounge: checks 
Mahu2021: checks 
*** TURN *** [5c 5h Qs] [8c]
Budda_Lounge: checks 
Mahu2021: checks 
*** RIVER *** [5c 5h Qs 8c] [8s]
Budda_Lounge: checks 
Mahu2021: bets 60
Budda_Lounge: folds 
Uncalled bet (60) returned to Mahu2021
Mahu2021 collected 120 from pot
Mahu2021: doesn't show hand 
*** SUMMARY ***
Total pot 120 | Rake 0 
Board [5c 5h Qs 8c 8s]
Seat 1: Cocada85 (button) folded before Flop (didn't bet)
Seat 2: Budda_Lounge (small blind) folded on the River
Seat 3: Mahu2021 (big blind) collected (120)



PokerStars Hand #242983292669: Tournament #3575039894, $0.92+$0.08 USD Hold'em No Limit - Level II (15/30) - 2023/04/09 16:07:45 CET [2023/04/09 10:07:45 ET]
Table '3575039894 1' 3-max Seat #2 is the button
Seat 1: Cocada85 (565 in chips) 
Seat 2: Budda_Lounge (415 in chips) 
Seat 3: Mahu2021 (520 in chips) 
Mahu2021: posts small blind 15
Cocada85: posts big blind 30
*** HOLE CARDS ***
Dealt to Mahu2021 [Jd 5d]
Budda_Lounge: raises 30 to 60
Mahu2021: folds 
Cocada85: calls 30
*** FLOP *** [Qd Ad Qs]
Cocada85: checks 
Budda_Lounge: bets 30
Cocada85: calls 30
*** TURN *** [Qd Ad Qs] [4d]
Cocada85: checks 
Budda_Lounge: checks 
*** RIVER *** [Qd Ad Qs 4d] [Kc]
Cocada85: checks 
Budda_Lounge: bets 98
Cocada85: folds 
Uncalled bet (98) returned to Budda_Lounge
Budda_Lounge collected 195 from pot
Budda_Lounge: doesn't show hand 
*** SUMMARY ***
Total pot 195 | Rake 0 
Board [Qd Ad Qs 4d Kc]
Seat 1: Cocada85 (big blind) folded on the River
Seat 2: Budda_Lounge (button) collected (195)
Seat 3: Mahu2021 (small blind) folded before Flop



PokerStars Hand #242983300341: Tournament #3575039894, $0.92+$0.08 USD Hold'em No Limit - Level III (20/40) - 2023/04/09 16:08:16 CET [2023/04/09 10:08:16 ET]
Table '3575039894 1' 3-max Seat #3 is the button
Seat 1: Cocada85 (475 in chips) 
Seat 2: Budda_Lounge (520 in chips) 
Seat 3: Mahu2021 (505 in chips) 
Cocada85: posts small blind 20
Budda_Lounge: posts big blind 40
*** HOLE CARDS ***
Dealt to Mahu2021 [7h 5d]
Mahu2021: folds 
Cocada85: folds 
Uncalled bet (20) returned to Budda_Lounge
Budda_Lounge collected 40 from pot
Budda_Lounge: doesn't show hand 
*** SUMMARY ***
Total pot 40 | Rake 0 
Seat 1: Cocada85 (small blind) folded before Flop
Seat 2: Budda_Lounge (big blind) collected (40)
Seat 3: Mahu2021 (button) folded before Flop (didn't bet)



PokerStars Hand #242983301993: Tournament #3575039894, $0.92+$0.08 USD Hold'em No Limit - Level III (20/40) - 2023/04/09 16:08:23 CET [2023/04/09 10:08:23 ET]
Table '3575039894 1' 3-max Seat #1 is the button
Seat 1: Cocada85 (455 in chips) 
Seat 2: Budda_Lounge (540 in chips) 
Seat 3: Mahu2021 (505 in chips) 
Budda_Lounge: posts small blind 20
Mahu2021: posts big blind 40
*** HOLE CARDS ***
Dealt to Mahu2021 [3c 6s]
Cocada85: folds 
Budda_Lounge: calls 20
Mahu2021: checks 
*** FLOP *** [5d 2c 5c]
Budda_Lounge: checks 
Mahu2021: bets 40
Budda_Lounge: calls 40
*** TURN *** [5d 2c 5c] [Ac]
Budda_Lounge: checks 
Mahu2021: checks 
*** RIVER *** [5d 2c 5c Ac] [Qh]
Budda_Lounge: checks 
Mahu2021: checks 
*** SHOW DOWN ***
Budda_Lounge: shows [7h 3h] (a pair of Fives)
Mahu2021: mucks hand 
Budda_Lounge collected 160 from pot
*** SUMMARY ***
Total pot 160 | Rake 0 
Board [5d 2c 5c Ac Qh]
Seat 1: Cocada85 (button) folded before Flop (didn't bet)
Seat 2: Budda_Lounge (small blind) showed [7h 3h] and won (160) with a pair of Fives
Seat 3: Mahu2021 (big blind) mucked [3c 6s]



PokerStars Hand #242983308233: Tournament #3575039894, $0.92+$0.08 USD Hold'em No Limit - Level III (20/40) - 2023/04/09 16:08:48 CET [2023/04/09 10:08:48 ET]
Table '3575039894 1' 3-max Seat #2 is the button
Seat 1: Cocada85 (455 in chips) 
Seat 2: Budda_Lounge (620 in chips) 
Seat 3: Mahu2021 (425 in chips) 
Mahu2021: posts small blind 20
Cocada85: posts big blind 40
*** HOLE CARDS ***
Dealt to Mahu2021 [2s Ac]
Budda_Lounge: raises 40 to 80
Mahu2021: folds 
Cocada85: folds 
Uncalled bet (40) returned to Budda_Lounge
Budda_Lounge collected 100 from pot
Budda_Lounge: doesn't show hand 
*** SUMMARY ***
Total pot 100 | Rake 0 
Seat 1: Cocada85 (big blind) folded before Flop
Seat 2: Budda_Lounge (button) collected (100)
Seat 3: Mahu2021 (small blind) folded before Flop



PokerStars Hand #242983310885: Tournament #3575039894, $0.92+$0.08 USD Hold'em No Limit - Level III (20/40) - 2023/04/09 16:08:58 CET [2023/04/09 10:08:58 ET]
Table '3575039894 1' 3-max Seat #3 is the button
Seat 1: Cocada85 (415 in chips) 
Seat 2: Budda_Lounge (680 in chips) 
Seat 3: Mahu2021 (405 in chips) 
Cocada85: posts small blind 20
Budda_Lounge: posts big blind 40
*** HOLE CARDS ***
Dealt to Mahu2021 [9h 9c]
Mahu2021: raises 365 to 405 and is all-in
Cocada85: folds 
Budda_Lounge: folds 
Uncalled bet (365) returned to Mahu2021
Mahu2021 collected 100 from pot
Mahu2021: doesn't show hand 
*** SUMMARY ***
Total pot 100 | Rake 0 
Seat 1: Cocada85 (small blind) folded before Flop
Seat 2: Budda_Lounge (big blind) folded before Flop
Seat 3: Mahu2021 (button) collected (100)



PokerStars Hand #242983314056: Tournament #3575039894, $0.92+$0.08 USD Hold'em No Limit - Level III (20/40) - 2023/04/09 16:09:11 CET [2023/04/09 10:09:11 ET]
Table '3575039894 1' 3-max Seat #1 is the button
Seat 1: Cocada85 (395 in chips) 
Seat 2: Budda_Lounge (640 in chips) 
Seat 3: Mahu2021 (465 in chips) 
Budda_Lounge: posts small blind 20
Mahu2021: posts big blind 40
*** HOLE CARDS ***
Dealt to Mahu2021 [Qh 3d]
Cocada85: folds 
Budda_Lounge: calls 20
Mahu2021: checks 
*** FLOP *** [9s 3h Kc]
Budda_Lounge: checks 
Mahu2021: checks 
*** TURN *** [9s 3h Kc] [6s]
Budda_Lounge: checks 
Mahu2021: bets 40
Budda_Lounge: folds 
Uncalled bet (40) returned to Mahu2021
Mahu2021 collected 80 from pot
Mahu2021: doesn't show hand 
*** SUMMARY ***
Total pot 80 | Rake 0 
Board [9s 3h Kc 6s]
Seat 1: Cocada85 (button) folded before Flop (didn't bet)
Seat 2: Budda_Lounge (small blind) folded on the Turn
Seat 3: Mahu2021 (big blind) collected (80)



PokerStars Hand #242983320664: Tournament #3575039894, $0.92+$0.08 USD Hold'em No Limit - Level III (20/40) - 2023/04/09 16:09:38 CET [2023/04/09 10:09:38 ET]
Table '3575039894 1' 3-max Seat #2 is the button
Seat 1: Cocada85 (395 in chips) 
Seat 2: Budda_Lounge (600 in chips) 
Seat 3: Mahu2021 (505 in chips) 
Mahu2021: posts small blind 20
Cocada85: posts big blind 40
*** HOLE CARDS ***
Dealt to Mahu2021 [Jd Qd]
Budda_Lounge: raises 560 to 600 and is all-in
Mahu2021: folds 
Cocada85: folds 
Uncalled bet (560) returned to Budda_Lounge
Budda_Lounge collected 100 from pot
Budda_Lounge: doesn't show hand 
*** SUMMARY ***
Total pot 100 | Rake 0 
Seat 1: Cocada85 (big blind) folded before Flop
Seat 2: Budda_Lounge (button) collected (100)
Seat 3: Mahu2021 (small blind) folded before Flop



PokerStars Hand #242983322703: Tournament #3575039894, $0.92+$0.08 USD Hold'em No Limit - Level III (20/40) - 2023/04/09 16:09:46 CET [2023/04/09 10:09:46 ET]
Table '3575039894 1' 3-max Seat #3 is the button
Seat 1: Cocada85 (355 in chips) 
Seat 2: Budda_Lounge (660 in chips) 
Seat 3: Mahu2021 (485 in chips) 
Cocada85: posts small blind 20
Budda_Lounge: posts big blind 40
*** HOLE CARDS ***
Dealt to Mahu2021 [6c 4s]
Mahu2021: folds 
Cocada85: folds 
Uncalled bet (20) returned to Budda_Lounge
Budda_Lounge collected 40 from pot
Budda_Lounge: doesn't show hand 
*** SUMMARY ***
Total pot 40 | Rake 0 
Seat 1: Cocada85 (small blind) folded before Flop
Seat 2: Budda_Lounge (big blind) collected (40)
Seat 3: Mahu2021 (button) folded before Flop (didn't bet)



PokerStars Hand #242983324893: Tournament #3575039894, $0.92+$0.08 USD Hold'em No Limit - Level IV (30/60) - 2023/04/09 16:09:55 CET [2023/04/09 10:09:55 ET]
Table '3575039894 1' 3-max Seat #1 is the button
Seat 1: Cocada85 (335 in chips) 
Seat 2: Budda_Lounge (680 in chips) 
Seat 3: Mahu2021 (485 in chips) 
Budda_Lounge: posts small blind 30
Mahu2021: posts big blind 60
*** HOLE CARDS ***
Dealt to Mahu2021 [9c 8c]
Cocada85: folds 
Budda_Lounge: calls 30
Mahu2021: checks 
*** FLOP *** [Ks 6d 4s]
Budda_Lounge: checks 
Mahu2021: checks 
*** TURN *** [Ks 6d 4s] [Ac]
Budda_Lounge: checks 
Mahu2021: checks 
*** RIVER *** [Ks 6d 4s Ac] [3c]
Budda_Lounge: checks 
Mahu2021: checks 
*** SHOW DOWN ***
Budda_Lounge: shows [3d Tc] (a pair of Threes)
Mahu2021: mucks hand 
Budda_Lounge collected 120 from pot
*** SUMMARY ***
Total pot 120 | Rake 0 
Board [Ks 6d 4s Ac 3c]
Seat 1: Cocada85 (button) folded before Flop (didn't bet)
Seat 2: Budda_Lounge (small blind) showed [3d Tc] and won (120) with a pair of Threes
Seat 3: Mahu2021 (big blind) mucked [9c 8c]



PokerStars Hand #242983329693: Tournament #3575039894, $0.92+$0.08 USD Hold'em No Limit - Level IV (30/60) - 2023/04/09 16:10:14 CET [2023/04/09 10:10:14 ET]
Table '3575039894 1' 3-max Seat #2 is the button
Seat 1: Cocada85 (335 in chips) 
Seat 2: Budda_Lounge (740 in chips) 
Seat 3: Mahu2021 (425 in chips) 
Mahu2021: posts small blind 30
Cocada85: posts big blind 60
*** HOLE CARDS ***
Dealt to Mahu2021 [5d 3s]
Budda_Lounge: folds 
Mahu2021: folds 
Uncalled bet (30) returned to Cocada85
Cocada85 collected 60 from pot
Cocada85: doesn't show hand 
*** SUMMARY ***
Total pot 60 | Rake 0 
Seat 1: Cocada85 (big blind) collected (60)
Seat 2: Budda_Lounge (button) folded before Flop (didn't bet)
Seat 3: Mahu2021 (small blind) folded before Flop



PokerStars Hand #242983330918: Tournament #3575039894, $0.92+$0.08 USD Hold'em No Limit - Level IV (30/60) - 2023/04/09 16:10:19 CET [2023/04/09 10:10:19 ET]
Table '3575039894 1' 3-max Seat #3 is the button
Seat 1: Cocada85 (365 in chips) 
Seat 2: Budda_Lounge (740 in chips) 
Seat 3: Mahu2021 (395 in chips) 
Cocada85: posts small blind 30
Budda_Lounge: posts big blind 60
*** HOLE CARDS ***
Dealt to Mahu2021 [8s 4h]
Mahu2021: folds 
Cocada85: calls 30
Budda_Lounge: checks 
*** FLOP *** [Qh 7d 4d]
Cocada85: checks 
Budda_Lounge: bets 60
Cocada85: folds 
Uncalled bet (60) returned to Budda_Lounge
Budda_Lounge collected 120 from pot
Budda_Lounge: doesn't show hand 
*** SUMMARY ***
Total pot 120 | Rake 0 
Board [Qh 7d 4d]
Seat 1: Cocada85 (small blind) folded on the Flop
Seat 2: Budda_Lounge (big blind) collected (120)
Seat 3: Mahu2021 (button) folded before Flop (didn't bet)



PokerStars Hand #242983334938: Tournament #3575039894, $0.92+$0.08 USD Hold'em No Limit - Level IV (30/60) - 2023/04/09 16:10:35 CET [2023/04/09 10:10:35 ET]
Table '3575039894 1' 3-max Seat #1 is the button
Seat 1: Cocada85 (305 in chips) 
Seat 2: Budda_Lounge (800 in chips) 
Seat 3: Mahu2021 (395 in chips) 
Budda_Lounge: posts small blind 30
Mahu2021: posts big blind 60
*** HOLE CARDS ***
Dealt to Mahu2021 [8h 2c]
Cocada85: folds 
Budda_Lounge: calls 30
Mahu2021: checks 
*** FLOP *** [8s 9s Kd]
Budda_Lounge: checks 
Mahu2021: bets 60
Budda_Lounge: folds 
Uncalled bet (60) returned to Mahu2021
Mahu2021 collected 120 from pot
Mahu2021: doesn't show hand 
*** SUMMARY ***
Total pot 120 | Rake 0 
Board [8s 9s Kd]
Seat 1: Cocada85 (button) folded before Flop (didn't bet)
Seat 2: Budda_Lounge (small blind) folded on the Flop
Seat 3: Mahu2021 (big blind) collected (120)



PokerStars Hand #242983337797: Tournament #3575039894, $0.92+$0.08 USD Hold'em No Limit - Level IV (30/60) - 2023/04/09 16:10:47 CET [2023/04/09 10:10:47 ET]
Table '3575039894 1' 3-max Seat #2 is the button
Seat 1: Cocada85 (305 in chips) 
Seat 2: Budda_Lounge (740 in chips) 
Seat 3: Mahu2021 (455 in chips) 
Mahu2021: posts small blind 30
Cocada85: posts big blind 60
*** HOLE CARDS ***
Dealt to Mahu2021 [Tc 9s]
Budda_Lounge: folds 
Mahu2021: calls 30
Cocada85: checks 
*** FLOP *** [2h Qc 5d]
Mahu2021: checks 
Cocada85: checks 
*** TURN *** [2h Qc 5d] [As]
Mahu2021: checks 
Cocada85: checks 
*** RIVER *** [2h Qc 5d As] [Jc]
Mahu2021: bets 60
Cocada85: folds 
Uncalled bet (60) returned to Mahu2021
Mahu2021 collected 120 from pot
Mahu2021: doesn't show hand 
*** SUMMARY ***
Total pot 120 | Rake 0 
Board [2h Qc 5d As Jc]
Seat 1: Cocada85 (big blind) folded on the River
Seat 2: Budda_Lounge (button) folded before Flop (didn't bet)
Seat 3: Mahu2021 (small blind) collected (120)



PokerStars Hand #242983341877: Tournament #3575039894, $0.92+$0.08 USD Hold'em No Limit - Level IV (30/60) - 2023/04/09 16:11:03 CET [2023/04/09 10:11:03 ET]
Table '3575039894 1' 3-max Seat #3 is the button
Seat 1: Cocada85 (245 in chips) 
Seat 2: Budda_Lounge (740 in chips) 
Seat 3: Mahu2021 (515 in chips) 
Cocada85: posts small blind 30
Budda_Lounge: posts big blind 60
*** HOLE CARDS ***
Dealt to Mahu2021 [Ts Qd]
Mahu2021: calls 60
Cocada85: raises 180 to 240
Budda_Lounge: folds 
Mahu2021: folds 
Uncalled bet (180) returned to Cocada85
Cocada85 collected 180 from pot
Cocada85: doesn't show hand 
*** SUMMARY ***
Total pot 180 | Rake 0 
Seat 1: Cocada85 (small blind) collected (180)
Seat 2: Budda_Lounge (big blind) folded before Flop
Seat 3: Mahu2021 (button) folded before Flop



PokerStars Hand #242983345238: Tournament #3575039894, $0.92+$0.08 USD Hold'em No Limit - Level IV (30/60) - 2023/04/09 16:11:16 CET [2023/04/09 10:11:16 ET]
Table '3575039894 1' 3-max Seat #1 is the button
Seat 1: Cocada85 (365 in chips) 
Seat 2: Budda_Lounge (680 in chips) 
Seat 3: Mahu2021 (455 in chips) 
Budda_Lounge: posts small blind 30
Mahu2021: posts big blind 60
*** HOLE CARDS ***
Dealt to Mahu2021 [2d Kc]
Cocada85: folds 
Budda_Lounge: calls 30
Mahu2021: checks 
*** FLOP *** [Qh 8c 9h]
Budda_Lounge: checks 
Mahu2021: checks 
*** TURN *** [Qh 8c 9h] [9c]
Budda_Lounge: checks 
Mahu2021: checks 
*** RIVER *** [Qh 8c 9h 9c] [2c]
Budda_Lounge: checks 
Mahu2021: checks 
*** SHOW DOWN ***
Budda_Lounge: shows [6s 5s] (a pair of Nines)
Mahu2021: shows [2d Kc] (two pair, Nines and Deuces)
Mahu2021 collected 120 from pot
*** SUMMARY ***
Total pot 120 | Rake 0 
Board [Qh 8c 9h 9c 2c]
Seat 1: Cocada85 (button) folded before Flop (didn't bet)
Seat 2: Budda_Lounge (small blind) showed [6s 5s] and lost with a pair of Nines
Seat 3: Mahu2021 (big blind) showed [2d Kc] and won (120) with two pair, Nines and Deuces



PokerStars Hand #242983349512: Tournament #3575039894, $0.92+$0.08 USD Hold'em No Limit - Level IV (30/60) - 2023/04/09 16:11:33 CET [2023/04/09 10:11:33 ET]
Table '3575039894 1' 3-max Seat #2 is the button
Seat 1: Cocada85 (365 in chips) 
Seat 2: Budda_Lounge (620 in chips) 
Seat 3: Mahu2021 (515 in chips) 
Mahu2021: posts small blind 30
Cocada85: posts big blind 60
*** HOLE CARDS ***
Dealt to Mahu2021 [Kc 5s]
Budda_Lounge: raises 560 to 620 and is all-in
Mahu2021: folds 
Cocada85: folds 
Uncalled bet (560) returned to Budda_Lounge
Budda_Lounge collected 150 from pot
Budda_Lounge: doesn't show hand 
*** SUMMARY ***
Total pot 150 | Rake 0 
Seat 1: Cocada85 (big blind) folded before Flop
Seat 2: Budda_Lounge (button) collected (150)
Seat 3: Mahu2021 (small blind) folded before Flop



PokerStars Hand #242983351384: Tournament #3575039894, $0.92+$0.08 USD Hold'em No Limit - Level IV (30/60) - 2023/04/09 16:11:41 CET [2023/04/09 10:11:41 ET]
Table '3575039894 1' 3-max Seat #3 is the button
Seat 1: Cocada85 (305 in chips) 
Seat 2: Budda_Lounge (710 in chips) 
Seat 3: Mahu2021 (485 in chips) 
Cocada85: posts small blind 30
Budda_Lounge: posts big blind 60
*** HOLE CARDS ***
Dealt to Mahu2021 [4c Jc]
Mahu2021: folds 
Cocada85: folds 
Uncalled bet (30) returned to Budda_Lounge
Budda_Lounge collected 60 from pot
Budda_Lounge: doesn't show hand 
*** SUMMARY ***
Total pot 60 | Rake 0 
Seat 1: Cocada85 (small blind) folded before Flop
Seat 2: Budda_Lounge (big blind) collected (60)
Seat 3: Mahu2021 (button) folded before Flop (didn't bet)



PokerStars Hand #242983353068: Tournament #3575039894, $0.92+$0.08 USD Hold'em No Limit - Level IV (30/60) - 2023/04/09 16:11:48 CET [2023/04/09 10:11:48 ET]
Table '3575039894 1' 3-max Seat #1 is the button
Seat 1: Cocada85 (275 in chips) 
Seat 2: Budda_Lounge (740 in chips) 
Seat 3: Mahu2021 (485 in chips) 
Budda_Lounge: posts small blind 30
Mahu2021: posts big blind 60
*** HOLE CARDS ***
Dealt to Mahu2021 [Jh 9d]
Cocada85: folds 
Budda_Lounge: raises 60 to 120
Mahu2021: calls 60
*** FLOP *** [5h 2d 3h]
Budda_Lounge: bets 86
Mahu2021: folds 
Uncalled bet (86) returned to Budda_Lounge
Budda_Lounge collected 240 from pot
Budda_Lounge: doesn't show hand 
*** SUMMARY ***
Total pot 240 | Rake 0 
Board [5h 2d 3h]
Seat 1: Cocada85 (button) folded before Flop (didn't bet)
Seat 2: Budda_Lounge (small blind) collected (240)
Seat 3: Mahu2021 (big blind) folded on the Flop



PokerStars Hand #242983356672: Tournament #3575039894, $0.92+$0.08 USD Hold'em No Limit - Level V (40/80) - 2023/04/09 16:12:02 CET [2023/04/09 10:12:02 ET]
Table '3575039894 1' 3-max Seat #2 is the button
Seat 1: Cocada85 (275 in chips) 
Seat 2: Budda_Lounge (860 in chips) 
Seat 3: Mahu2021 (365 in chips) 
Mahu2021: posts small blind 40
Cocada85: posts big blind 80
*** HOLE CARDS ***
Dealt to Mahu2021 [7h Ac]
Budda_Lounge: folds 
Mahu2021: raises 285 to 365 and is all-in
Cocada85: folds 
Uncalled bet (285) returned to Mahu2021
Mahu2021 collected 160 from pot
Mahu2021: doesn't show hand 
*** SUMMARY ***
Total pot 160 | Rake 0 
Seat 1: Cocada85 (big blind) folded before Flop
Seat 2: Budda_Lounge (button) folded before Flop (didn't bet)
Seat 3: Mahu2021 (small blind) collected (160)



PokerStars Hand #242983358686: Tournament #3575039894, $0.92+$0.08 USD Hold'em No Limit - Level V (40/80) - 2023/04/09 16:12:10 CET [2023/04/09 10:12:10 ET]
Table '3575039894 1' 3-max Seat #3 is the button
Seat 1: Cocada85 (195 in chips) 
Seat 2: Budda_Lounge (860 in chips) 
Seat 3: Mahu2021 (445 in chips) 
Cocada85: posts small blind 40
Budda_Lounge: posts big blind 80
*** HOLE CARDS ***
Dealt to Mahu2021 [Td Kh]
Mahu2021: raises 365 to 445 and is all-in
Cocada85: folds 
Budda_Lounge: calls 365
*** FLOP *** [3c 8h 2s]
*** TURN *** [3c 8h 2s] [7s]
*** RIVER *** [3c 8h 2s 7s] [3s]
*** SHOW DOWN ***
Budda_Lounge: shows [As Jd] (a pair of Threes)
Mahu2021: shows [Td Kh] (a pair of Threes - lower kicker)
Budda_Lounge collected 930 from pot
Mahu2021 finished the tournament in 3rd place
*** SUMMARY ***
Total pot 930 | Rake 0 
Board [3c 8h 2s 7s 3s]
Seat 1: Cocada85 (small blind) folded before Flop
Seat 2: Budda_Lounge (big blind) showed [As Jd] and won (930) with a pair of Threes
Seat 3: Mahu2021 (button) showed [Td Kh] and lost with a pair of Threes



