PokerStars Hand #252576823808: Tournament #3803929698, $1.84+$0.16 USD Hold'em No Limit - Level I (10/20) - 2024/09/22 20:28:38 CET [2024/09/22 14:28:38 ET]
Table '3803929698 1' 3-max Seat #1 is the button
Seat 1: locke1812 (500 in chips) 
Seat 2: LinasPovil (500 in chips) 
Seat 3: Mahu2021 (500 in chips) 
LinasPovil: posts small blind 10
Mahu2021: posts big blind 20
*** HOLE CARDS ***
Dealt to Mahu2021 [Ts 3d]
locke1812: raises 20 to 40
LinasPovil: folds 
Mahu2021: folds 
Uncalled bet (20) returned to locke1812
locke1812 collected 50 from pot
*** SUMMARY ***
Total pot 50 | Rake 0 
Seat 1: locke1812 (button) collected (50)
Seat 2: LinasPovil (small blind) folded before Flop
Seat 3: Mahu2021 (big blind) folded before Flop



PokerStars Hand #252576825931: Tournament #3803929698, $1.84+$0.16 USD Hold'em No Limit - Level I (10/20) - 2024/09/22 20:28:45 CET [2024/09/22 14:28:45 ET]
Table '3803929698 1' 3-max Seat #2 is the button
Seat 1: locke1812 (530 in chips) 
Seat 2: LinasPovil (490 in chips) 
Seat 3: Mahu2021 (480 in chips) 
Mahu2021: posts small blind 10
locke1812: posts big blind 20
*** HOLE CARDS ***
Dealt to Mahu2021 [3s Qh]
LinasPovil: raises 20 to 40
Mahu2021: folds 
locke1812: calls 20
*** FLOP *** [9d 9c 4h]
locke1812: checks 
LinasPovil: bets 30
locke1812: folds 
Uncalled bet (30) returned to LinasPovil
LinasPovil collected 90 from pot
LinasPovil: doesn't show hand 
*** SUMMARY ***
Total pot 90 | Rake 0 
Board [9d 9c 4h]
Seat 1: locke1812 (big blind) folded on the Flop
Seat 2: LinasPovil (button) collected (90)
Seat 3: Mahu2021 (small blind) folded before Flop



PokerStars Hand #252576835675: Tournament #3803929698, $1.84+$0.16 USD Hold'em No Limit - Level I (10/20) - 2024/09/22 20:29:14 CET [2024/09/22 14:29:14 ET]
Table '3803929698 1' 3-max Seat #3 is the button
Seat 1: locke1812 (490 in chips) 
Seat 2: LinasPovil (540 in chips) 
Seat 3: Mahu2021 (470 in chips) 
locke1812: posts small blind 10
LinasPovil: posts big blind 20
*** HOLE CARDS ***
Dealt to Mahu2021 [Qd Qh]
Mahu2021: raises 450 to 470 and is all-in
locke1812: folds 
LinasPovil: folds 
Uncalled bet (450) returned to Mahu2021
Mahu2021 collected 50 from pot
Mahu2021: doesn't show hand 
*** SUMMARY ***
Total pot 50 | Rake 0 
Seat 1: locke1812 (small blind) folded before Flop
Seat 2: LinasPovil (big blind) folded before Flop
Seat 3: Mahu2021 (button) collected (50)



PokerStars Hand #252576841149: Tournament #3803929698, $1.84+$0.16 USD Hold'em No Limit - Level I (10/20) - 2024/09/22 20:29:30 CET [2024/09/22 14:29:30 ET]
Table '3803929698 1' 3-max Seat #1 is the button
Seat 1: locke1812 (480 in chips) 
Seat 2: LinasPovil (520 in chips) 
Seat 3: Mahu2021 (500 in chips) 
LinasPovil: posts small blind 10
Mahu2021: posts big blind 20
*** HOLE CARDS ***
Dealt to Mahu2021 [Js 8d]
locke1812: calls 20
LinasPovil: folds 
Mahu2021: checks 
*** FLOP *** [7d 9s 7s]
Mahu2021: checks 
locke1812: checks 
*** TURN *** [7d 9s 7s] [3s]
Mahu2021: checks 
locke1812: bets 20
Mahu2021: calls 20
*** RIVER *** [7d 9s 7s 3s] [Jc]
Mahu2021: bets 20
locke1812: calls 20
*** SHOW DOWN ***
Mahu2021: shows [Js 8d] (two pair, Jacks and Sevens)
locke1812: mucks hand 
Mahu2021 collected 130 from pot
*** SUMMARY ***
Total pot 130 | Rake 0 
Board [7d 9s 7s 3s Jc]
Seat 1: locke1812 (button) mucked [3h Ks]
Seat 2: LinasPovil (small blind) folded before Flop
Seat 3: Mahu2021 (big blind) showed [Js 8d] and won (130) with two pair, Jacks and Sevens



PokerStars Hand #252576847274: Tournament #3803929698, $1.84+$0.16 USD Hold'em No Limit - Level I (10/20) - 2024/09/22 20:29:48 CET [2024/09/22 14:29:48 ET]
Table '3803929698 1' 3-max Seat #2 is the button
Seat 1: locke1812 (420 in chips) 
Seat 2: LinasPovil (510 in chips) 
Seat 3: Mahu2021 (570 in chips) 
Mahu2021: posts small blind 10
locke1812: posts big blind 20
*** HOLE CARDS ***
Dealt to Mahu2021 [6d As]
LinasPovil: folds 
Mahu2021: raises 20 to 40
locke1812: folds 
Uncalled bet (20) returned to Mahu2021
Mahu2021 collected 40 from pot
Mahu2021: doesn't show hand 
*** SUMMARY ***
Total pot 40 | Rake 0 
Seat 1: locke1812 (big blind) folded before Flop
Seat 2: LinasPovil (button) folded before Flop (didn't bet)
Seat 3: Mahu2021 (small blind) collected (40)



PokerStars Hand #252576851716: Tournament #3803929698, $1.84+$0.16 USD Hold'em No Limit - Level I (10/20) - 2024/09/22 20:30:01 CET [2024/09/22 14:30:01 ET]
Table '3803929698 1' 3-max Seat #3 is the button
Seat 1: locke1812 (400 in chips) 
Seat 2: LinasPovil (510 in chips) 
Seat 3: Mahu2021 (590 in chips) 
locke1812: posts small blind 10
LinasPovil: posts big blind 20
*** HOLE CARDS ***
Dealt to Mahu2021 [Jc 3h]
Mahu2021: folds 
locke1812: calls 10
LinasPovil: raises 40 to 60
locke1812: folds 
Uncalled bet (40) returned to LinasPovil
LinasPovil collected 40 from pot
LinasPovil: doesn't show hand 
*** SUMMARY ***
Total pot 40 | Rake 0 
Seat 1: locke1812 (small blind) folded before Flop
Seat 2: LinasPovil (big blind) collected (40)
Seat 3: Mahu2021 (button) folded before Flop (didn't bet)



PokerStars Hand #252576857603: Tournament #3803929698, $1.84+$0.16 USD Hold'em No Limit - Level I (10/20) - 2024/09/22 20:30:19 CET [2024/09/22 14:30:19 ET]
Table '3803929698 1' 3-max Seat #1 is the button
Seat 1: locke1812 (380 in chips) 
Seat 2: LinasPovil (530 in chips) 
Seat 3: Mahu2021 (590 in chips) 
LinasPovil: posts small blind 10
Mahu2021: posts big blind 20
*** HOLE CARDS ***
Dealt to Mahu2021 [5d Ts]
locke1812: calls 20
LinasPovil: calls 10
Mahu2021: checks 
*** FLOP *** [9d Td Jc]
LinasPovil: checks 
Mahu2021: bets 20
locke1812: calls 20
LinasPovil: calls 20
*** TURN *** [9d Td Jc] [3s]
LinasPovil: checks 
Mahu2021: checks 
locke1812: checks 
*** RIVER *** [9d Td Jc 3s] [Js]
LinasPovil: checks 
Mahu2021: bets 40
locke1812: folds 
LinasPovil: calls 40
*** SHOW DOWN ***
Mahu2021: shows [5d Ts] (two pair, Jacks and Tens)
LinasPovil: shows [4h Th] (two pair, Jacks and Tens)
LinasPovil collected 100 from pot
Mahu2021 collected 100 from pot
*** SUMMARY ***
Total pot 200 | Rake 0 
Board [9d Td Jc 3s Js]
Seat 1: locke1812 (button) folded on the River
Seat 2: LinasPovil (small blind) showed [4h Th] and won (100) with two pair, Jacks and Tens
Seat 3: Mahu2021 (big blind) showed [5d Ts] and won (100) with two pair, Jacks and Tens



PokerStars Hand #252576874650: Tournament #3803929698, $1.84+$0.16 USD Hold'em No Limit - Level II (15/30) - 2024/09/22 20:31:09 CET [2024/09/22 14:31:09 ET]
Table '3803929698 1' 3-max Seat #2 is the button
Seat 1: locke1812 (340 in chips) 
Seat 2: LinasPovil (550 in chips) 
Seat 3: Mahu2021 (610 in chips) 
Mahu2021: posts small blind 15
locke1812: posts big blind 30
*** HOLE CARDS ***
Dealt to Mahu2021 [2c 5c]
LinasPovil: folds 
Mahu2021: calls 15
locke1812: checks 
*** FLOP *** [3d Qh 3h]
Mahu2021: checks 
locke1812: checks 
*** TURN *** [3d Qh 3h] [8c]
Mahu2021: checks 
locke1812: bets 30
Mahu2021: folds 
Uncalled bet (30) returned to locke1812
locke1812 collected 60 from pot
*** SUMMARY ***
Total pot 60 | Rake 0 
Board [3d Qh 3h 8c]
Seat 1: locke1812 (big blind) collected (60)
Seat 2: LinasPovil (button) folded before Flop (didn't bet)
Seat 3: Mahu2021 (small blind) folded on the Turn



PokerStars Hand #252576882049: Tournament #3803929698, $1.84+$0.16 USD Hold'em No Limit - Level II (15/30) - 2024/09/22 20:31:31 CET [2024/09/22 14:31:31 ET]
Table '3803929698 1' 3-max Seat #3 is the button
Seat 1: locke1812 (370 in chips) 
Seat 2: LinasPovil (550 in chips) 
Seat 3: Mahu2021 (580 in chips) 
locke1812: posts small blind 15
LinasPovil: posts big blind 30
*** HOLE CARDS ***
Dealt to Mahu2021 [Qc 2d]
Mahu2021: folds 
locke1812: calls 15
LinasPovil: checks 
*** FLOP *** [4s 9c 6c]
locke1812: checks 
LinasPovil: checks 
*** TURN *** [4s 9c 6c] [9d]
locke1812: checks 
LinasPovil: checks 
*** RIVER *** [4s 9c 6c 9d] [Js]
locke1812: checks 
LinasPovil: checks 
*** SHOW DOWN ***
locke1812: shows [8h Th] (a pair of Nines)
LinasPovil: shows [2h Qh] (a pair of Nines - Queen kicker)
LinasPovil collected 60 from pot
*** SUMMARY ***
Total pot 60 | Rake 0 
Board [4s 9c 6c 9d Js]
Seat 1: locke1812 (small blind) showed [8h Th] and lost with a pair of Nines
Seat 2: LinasPovil (big blind) showed [2h Qh] and won (60) with a pair of Nines
Seat 3: Mahu2021 (button) folded before Flop (didn't bet)



PokerStars Hand #252576896990: Tournament #3803929698, $1.84+$0.16 USD Hold'em No Limit - Level II (15/30) - 2024/09/22 20:32:14 CET [2024/09/22 14:32:14 ET]
Table '3803929698 1' 3-max Seat #1 is the button
Seat 1: locke1812 (340 in chips) 
Seat 2: LinasPovil (580 in chips) 
Seat 3: Mahu2021 (580 in chips) 
LinasPovil: posts small blind 15
Mahu2021: posts big blind 30
*** HOLE CARDS ***
Dealt to Mahu2021 [3c Jh]
locke1812: folds 
LinasPovil: calls 15
Mahu2021: checks 
*** FLOP *** [9c Ad Ac]
LinasPovil: bets 30
Mahu2021: folds 
Uncalled bet (30) returned to LinasPovil
LinasPovil collected 60 from pot
LinasPovil: doesn't show hand 
*** SUMMARY ***
Total pot 60 | Rake 0 
Board [9c Ad Ac]
Seat 1: locke1812 (button) folded before Flop (didn't bet)
Seat 2: LinasPovil (small blind) collected (60)
Seat 3: Mahu2021 (big blind) folded on the Flop



PokerStars Hand #252576903641: Tournament #3803929698, $1.84+$0.16 USD Hold'em No Limit - Level II (15/30) - 2024/09/22 20:32:34 CET [2024/09/22 14:32:34 ET]
Table '3803929698 1' 3-max Seat #2 is the button
Seat 1: locke1812 (340 in chips) 
Seat 2: LinasPovil (610 in chips) 
Seat 3: Mahu2021 (550 in chips) 
Mahu2021: posts small blind 15
locke1812: posts big blind 30
*** HOLE CARDS ***
Dealt to Mahu2021 [4s 6c]
LinasPovil: folds 
Mahu2021: folds 
Uncalled bet (15) returned to locke1812
locke1812 collected 30 from pot
*** SUMMARY ***
Total pot 30 | Rake 0 
Seat 1: locke1812 (big blind) collected (30)
Seat 2: LinasPovil (button) folded before Flop (didn't bet)
Seat 3: Mahu2021 (small blind) folded before Flop



PokerStars Hand #252576905399: Tournament #3803929698, $1.84+$0.16 USD Hold'em No Limit - Level II (15/30) - 2024/09/22 20:32:39 CET [2024/09/22 14:32:39 ET]
Table '3803929698 1' 3-max Seat #3 is the button
Seat 1: locke1812 (355 in chips) 
Seat 2: LinasPovil (610 in chips) 
Seat 3: Mahu2021 (535 in chips) 
locke1812: posts small blind 15
LinasPovil: posts big blind 30
*** HOLE CARDS ***
Dealt to Mahu2021 [3h Ac]
Mahu2021: raises 30 to 60
locke1812: calls 45
LinasPovil: folds 
*** FLOP *** [Ad Js 2c]
locke1812: checks 
Mahu2021: bets 60
locke1812: folds 
Uncalled bet (60) returned to Mahu2021
Mahu2021 collected 150 from pot
Mahu2021: doesn't show hand 
*** SUMMARY ***
Total pot 150 | Rake 0 
Board [Ad Js 2c]
Seat 1: locke1812 (small blind) folded on the Flop
Seat 2: LinasPovil (big blind) folded before Flop
Seat 3: Mahu2021 (button) collected (150)



PokerStars Hand #252576914585: Tournament #3803929698, $1.84+$0.16 USD Hold'em No Limit - Level III (20/40) - 2024/09/22 20:33:06 CET [2024/09/22 14:33:06 ET]
Table '3803929698 1' 3-max Seat #1 is the button
Seat 1: locke1812 (295 in chips) 
Seat 2: LinasPovil (580 in chips) 
Seat 3: Mahu2021 (625 in chips) 
LinasPovil: posts small blind 20
Mahu2021: posts big blind 40
*** HOLE CARDS ***
Dealt to Mahu2021 [3c 7h]
locke1812: calls 40
LinasPovil: folds 
Mahu2021: checks 
*** FLOP *** [9h 9d 4h]
Mahu2021: checks 
locke1812: checks 
*** TURN *** [9h 9d 4h] [9c]
Mahu2021: checks 
locke1812: checks 
*** RIVER *** [9h 9d 4h 9c] [4s]
Mahu2021: bets 40
locke1812: folds 
Uncalled bet (40) returned to Mahu2021
Mahu2021 collected 100 from pot
Mahu2021: doesn't show hand 
*** SUMMARY ***
Total pot 100 | Rake 0 
Board [9h 9d 4h 9c 4s]
Seat 1: locke1812 (button) folded on the River
Seat 2: LinasPovil (small blind) folded before Flop
Seat 3: Mahu2021 (big blind) collected (100)



PokerStars Hand #252576929853: Tournament #3803929698, $1.84+$0.16 USD Hold'em No Limit - Level III (20/40) - 2024/09/22 20:33:50 CET [2024/09/22 14:33:50 ET]
Table '3803929698 1' 3-max Seat #2 is the button
Seat 1: locke1812 (255 in chips) 
Seat 2: LinasPovil (560 in chips) 
Seat 3: Mahu2021 (685 in chips) 
Mahu2021: posts small blind 20
locke1812: posts big blind 40
*** HOLE CARDS ***
Dealt to Mahu2021 [4h 2d]
LinasPovil: raises 40 to 80
Mahu2021: folds 
locke1812: calls 40
*** FLOP *** [Ks 6d 6s]
locke1812: checks 
LinasPovil: bets 60
locke1812: folds 
Uncalled bet (60) returned to LinasPovil
LinasPovil collected 180 from pot
LinasPovil: doesn't show hand 
*** SUMMARY ***
Total pot 180 | Rake 0 
Board [Ks 6d 6s]
Seat 1: locke1812 (big blind) folded on the Flop
Seat 2: LinasPovil (button) collected (180)
Seat 3: Mahu2021 (small blind) folded before Flop



PokerStars Hand #252576939938: Tournament #3803929698, $1.84+$0.16 USD Hold'em No Limit - Level III (20/40) - 2024/09/22 20:34:20 CET [2024/09/22 14:34:20 ET]
Table '3803929698 1' 3-max Seat #3 is the button
Seat 1: locke1812 (175 in chips) 
Seat 2: LinasPovil (660 in chips) 
Seat 3: Mahu2021 (665 in chips) 
locke1812: posts small blind 20
LinasPovil: posts big blind 40
*** HOLE CARDS ***
Dealt to Mahu2021 [Ad Qc]
Mahu2021: raises 120 to 160
locke1812: raises 15 to 175 and is all-in
LinasPovil: folds 
Mahu2021: calls 15
*** FLOP *** [9c 4h 5h]
*** TURN *** [9c 4h 5h] [Tc]
*** RIVER *** [9c 4h 5h Tc] [Js]
*** SHOW DOWN ***
locke1812: shows [3c Qs] (high card Queen)
Mahu2021: shows [Ad Qc] (high card Ace)
Mahu2021 collected 390 from pot
locke1812 finished the tournament in 3rd place
*** SUMMARY ***
Total pot 390 | Rake 0 
Board [9c 4h 5h Tc Js]
Seat 1: locke1812 (small blind) showed [3c Qs] and lost with high card Queen
Seat 2: LinasPovil (big blind) folded before Flop
Seat 3: Mahu2021 (button) showed [Ad Qc] and won (390) with high card Ace



PokerStars Hand #252576947534: Tournament #3803929698, $1.84+$0.16 USD Hold'em No Limit - Level III (20/40) - 2024/09/22 20:34:42 CET [2024/09/22 14:34:42 ET]
Table '3803929698 1' 3-max Seat #2 is the button
Seat 2: LinasPovil (620 in chips) 
Seat 3: Mahu2021 (880 in chips) 
LinasPovil: posts small blind 20
Mahu2021: posts big blind 40
*** HOLE CARDS ***
Dealt to Mahu2021 [3c 5d]
LinasPovil: folds 
Uncalled bet (20) returned to Mahu2021
Mahu2021 collected 40 from pot
Mahu2021: doesn't show hand 
*** SUMMARY ***
Total pot 40 | Rake 0 
Seat 2: LinasPovil (button) (small blind) folded before Flop
Seat 3: Mahu2021 (big blind) collected (40)



PokerStars Hand #252576950130: Tournament #3803929698, $1.84+$0.16 USD Hold'em No Limit - Level IV (30/60) - 2024/09/22 20:34:50 CET [2024/09/22 14:34:50 ET]
Table '3803929698 1' 3-max Seat #3 is the button
Seat 2: LinasPovil (600 in chips) 
Seat 3: Mahu2021 (900 in chips) 
Mahu2021: posts small blind 30
LinasPovil: posts big blind 60
*** HOLE CARDS ***
Dealt to Mahu2021 [6h Kd]
Mahu2021: raises 60 to 120
LinasPovil: calls 60
*** FLOP *** [5s 9c Tc]
LinasPovil: checks 
Mahu2021: checks 
*** TURN *** [5s 9c Tc] [2c]
LinasPovil: checks 
Mahu2021: bets 60
LinasPovil: calls 60
*** RIVER *** [5s 9c Tc 2c] [4d]
LinasPovil: checks 
Mahu2021: bets 180
LinasPovil: folds 
Uncalled bet (180) returned to Mahu2021
Mahu2021 collected 360 from pot
Mahu2021: doesn't show hand 
*** SUMMARY ***
Total pot 360 | Rake 0 
Board [5s 9c Tc 2c 4d]
Seat 2: LinasPovil (big blind) folded on the River
Seat 3: Mahu2021 (button) (small blind) collected (360)



PokerStars Hand #252576957426: Tournament #3803929698, $1.84+$0.16 USD Hold'em No Limit - Level IV (30/60) - 2024/09/22 20:35:11 CET [2024/09/22 14:35:11 ET]
Table '3803929698 1' 3-max Seat #2 is the button
Seat 2: LinasPovil (420 in chips) 
Seat 3: Mahu2021 (1080 in chips) 
LinasPovil: posts small blind 30
Mahu2021: posts big blind 60
*** HOLE CARDS ***
Dealt to Mahu2021 [8s 2c]
LinasPovil: folds 
Uncalled bet (30) returned to Mahu2021
Mahu2021 collected 60 from pot
Mahu2021: doesn't show hand 
*** SUMMARY ***
Total pot 60 | Rake 0 
Seat 2: LinasPovil (button) (small blind) folded before Flop
Seat 3: Mahu2021 (big blind) collected (60)



PokerStars Hand #252576959889: Tournament #3803929698, $1.84+$0.16 USD Hold'em No Limit - Level IV (30/60) - 2024/09/22 20:35:18 CET [2024/09/22 14:35:18 ET]
Table '3803929698 1' 3-max Seat #3 is the button
Seat 2: LinasPovil (390 in chips) 
Seat 3: Mahu2021 (1110 in chips) 
Mahu2021: posts small blind 30
LinasPovil: posts big blind 60
*** HOLE CARDS ***
Dealt to Mahu2021 [5h Qd]
Mahu2021: calls 30
LinasPovil: raises 330 to 390 and is all-in
Mahu2021: folds 
Uncalled bet (330) returned to LinasPovil
LinasPovil collected 120 from pot
LinasPovil: doesn't show hand 
*** SUMMARY ***
Total pot 120 | Rake 0 
Seat 2: LinasPovil (big blind) collected (120)
Seat 3: Mahu2021 (button) (small blind) folded before Flop



PokerStars Hand #252576963201: Tournament #3803929698, $1.84+$0.16 USD Hold'em No Limit - Level IV (30/60) - 2024/09/22 20:35:27 CET [2024/09/22 14:35:27 ET]
Table '3803929698 1' 3-max Seat #2 is the button
Seat 2: LinasPovil (450 in chips) 
Seat 3: Mahu2021 (1050 in chips) 
LinasPovil: posts small blind 30
Mahu2021: posts big blind 60
*** HOLE CARDS ***
Dealt to Mahu2021 [7d 3s]
LinasPovil: folds 
Uncalled bet (30) returned to Mahu2021
Mahu2021 collected 60 from pot
Mahu2021: doesn't show hand 
*** SUMMARY ***
Total pot 60 | Rake 0 
Seat 2: LinasPovil (button) (small blind) folded before Flop
Seat 3: Mahu2021 (big blind) collected (60)



PokerStars Hand #252576965279: Tournament #3803929698, $1.84+$0.16 USD Hold'em No Limit - Level IV (30/60) - 2024/09/22 20:35:34 CET [2024/09/22 14:35:34 ET]
Table '3803929698 1' 3-max Seat #3 is the button
Seat 2: LinasPovil (420 in chips) 
Seat 3: Mahu2021 (1080 in chips) 
Mahu2021: posts small blind 30
LinasPovil: posts big blind 60
*** HOLE CARDS ***
Dealt to Mahu2021 [8s 2c]
Mahu2021: folds 
Uncalled bet (30) returned to LinasPovil
LinasPovil collected 60 from pot
LinasPovil: doesn't show hand 
*** SUMMARY ***
Total pot 60 | Rake 0 
Seat 2: LinasPovil (big blind) collected (60)
Seat 3: Mahu2021 (button) (small blind) folded before Flop



PokerStars Hand #252576966644: Tournament #3803929698, $1.84+$0.16 USD Hold'em No Limit - Level IV (30/60) - 2024/09/22 20:35:38 CET [2024/09/22 14:35:38 ET]
Table '3803929698 1' 3-max Seat #2 is the button
Seat 2: LinasPovil (450 in chips) 
Seat 3: Mahu2021 (1050 in chips) 
LinasPovil: posts small blind 30
Mahu2021: posts big blind 60
*** HOLE CARDS ***
Dealt to Mahu2021 [Qs Jh]
LinasPovil: raises 390 to 450 and is all-in
Mahu2021: folds 
Uncalled bet (390) returned to LinasPovil
LinasPovil collected 120 from pot
LinasPovil: doesn't show hand 
*** SUMMARY ***
Total pot 120 | Rake 0 
Seat 2: LinasPovil (button) (small blind) collected (120)
Seat 3: Mahu2021 (big blind) folded before Flop



PokerStars Hand #252576971984: Tournament #3803929698, $1.84+$0.16 USD Hold'em No Limit - Level IV (30/60) - 2024/09/22 20:35:53 CET [2024/09/22 14:35:53 ET]
Table '3803929698 1' 3-max Seat #3 is the button
Seat 2: LinasPovil (510 in chips) 
Seat 3: Mahu2021 (990 in chips) 
Mahu2021: posts small blind 30
LinasPovil: posts big blind 60
*** HOLE CARDS ***
Dealt to Mahu2021 [Ah 6d]
Mahu2021: raises 930 to 990 and is all-in
LinasPovil: calls 450 and is all-in
Uncalled bet (480) returned to Mahu2021
*** FLOP *** [3h 8c 3s]
*** TURN *** [3h 8c 3s] [Jd]
*** RIVER *** [3h 8c 3s Jd] [6h]
*** SHOW DOWN ***
LinasPovil: shows [8d As] (two pair, Eights and Threes)
Mahu2021: shows [Ah 6d] (two pair, Sixes and Threes)
LinasPovil collected 1020 from pot
*** SUMMARY ***
Total pot 1020 | Rake 0 
Board [3h 8c 3s Jd 6h]
Seat 2: LinasPovil (big blind) showed [8d As] and won (1020) with two pair, Eights and Threes
Seat 3: Mahu2021 (button) (small blind) showed [Ah 6d] and lost with two pair, Sixes and Threes



PokerStars Hand #252576976446: Tournament #3803929698, $1.84+$0.16 USD Hold'em No Limit - Level IV (30/60) - 2024/09/22 20:36:06 CET [2024/09/22 14:36:06 ET]
Table '3803929698 1' 3-max Seat #2 is the button
Seat 2: LinasPovil (1020 in chips) 
Seat 3: Mahu2021 (480 in chips) 
LinasPovil: posts small blind 30
Mahu2021: posts big blind 60
*** HOLE CARDS ***
Dealt to Mahu2021 [6s 9d]
LinasPovil: calls 30
Mahu2021: checks 
*** FLOP *** [Jh 8s 8c]
Mahu2021: checks 
LinasPovil: bets 60
Mahu2021: folds 
Uncalled bet (60) returned to LinasPovil
LinasPovil collected 120 from pot
LinasPovil: doesn't show hand 
*** SUMMARY ***
Total pot 120 | Rake 0 
Board [Jh 8s 8c]
Seat 2: LinasPovil (button) (small blind) collected (120)
Seat 3: Mahu2021 (big blind) folded on the Flop



PokerStars Hand #252576979991: Tournament #3803929698, $1.84+$0.16 USD Hold'em No Limit - Level IV (30/60) - 2024/09/22 20:36:17 CET [2024/09/22 14:36:17 ET]
Table '3803929698 1' 3-max Seat #3 is the button
Seat 2: LinasPovil (1080 in chips) 
Seat 3: Mahu2021 (420 in chips) 
Mahu2021: posts small blind 30
LinasPovil: posts big blind 60
*** HOLE CARDS ***
Dealt to Mahu2021 [Kc Qc]
Mahu2021: raises 360 to 420 and is all-in
LinasPovil: folds 
Uncalled bet (360) returned to Mahu2021
Mahu2021 collected 120 from pot
Mahu2021: doesn't show hand 
*** SUMMARY ***
Total pot 120 | Rake 0 
Seat 2: LinasPovil (big blind) folded before Flop
Seat 3: Mahu2021 (button) (small blind) collected (120)



PokerStars Hand #252576982564: Tournament #3803929698, $1.84+$0.16 USD Hold'em No Limit - Level IV (30/60) - 2024/09/22 20:36:24 CET [2024/09/22 14:36:24 ET]
Table '3803929698 1' 3-max Seat #2 is the button
Seat 2: LinasPovil (1020 in chips) 
Seat 3: Mahu2021 (480 in chips) 
LinasPovil: posts small blind 30
Mahu2021: posts big blind 60
*** HOLE CARDS ***
Dealt to Mahu2021 [9s 3c]
LinasPovil: raises 960 to 1020 and is all-in
Mahu2021: folds 
Uncalled bet (960) returned to LinasPovil
LinasPovil collected 120 from pot
LinasPovil: doesn't show hand 
*** SUMMARY ***
Total pot 120 | Rake 0 
Seat 2: LinasPovil (button) (small blind) collected (120)
Seat 3: Mahu2021 (big blind) folded before Flop



PokerStars Hand #252576984405: Tournament #3803929698, $1.84+$0.16 USD Hold'em No Limit - Level IV (30/60) - 2024/09/22 20:36:29 CET [2024/09/22 14:36:29 ET]
Table '3803929698 1' 3-max Seat #3 is the button
Seat 2: LinasPovil (1080 in chips) 
Seat 3: Mahu2021 (420 in chips) 
Mahu2021: posts small blind 30
LinasPovil: posts big blind 60
*** HOLE CARDS ***
Dealt to Mahu2021 [5c Jh]
Mahu2021: calls 30
LinasPovil: checks 
*** FLOP *** [3d Kh Td]
LinasPovil: checks 
Mahu2021: checks 
*** TURN *** [3d Kh Td] [8h]
LinasPovil: bets 90
Mahu2021: folds 
Uncalled bet (90) returned to LinasPovil
LinasPovil collected 120 from pot
LinasPovil: doesn't show hand 
*** SUMMARY ***
Total pot 120 | Rake 0 
Board [3d Kh Td 8h]
Seat 2: LinasPovil (big blind) collected (120)
Seat 3: Mahu2021 (button) (small blind) folded on the Turn



PokerStars Hand #252576990004: Tournament #3803929698, $1.84+$0.16 USD Hold'em No Limit - Level V (40/80) - 2024/09/22 20:36:45 CET [2024/09/22 14:36:45 ET]
Table '3803929698 1' 3-max Seat #2 is the button
Seat 2: LinasPovil (1140 in chips) 
Seat 3: Mahu2021 (360 in chips) 
LinasPovil: posts small blind 40
Mahu2021: posts big blind 80
*** HOLE CARDS ***
Dealt to Mahu2021 [9d 6c]
LinasPovil: raises 1060 to 1140 and is all-in
Mahu2021: folds 
Uncalled bet (1060) returned to LinasPovil
LinasPovil collected 160 from pot
LinasPovil: doesn't show hand 
*** SUMMARY ***
Total pot 160 | Rake 0 
Seat 2: LinasPovil (button) (small blind) collected (160)
Seat 3: Mahu2021 (big blind) folded before Flop



PokerStars Hand #252576991733: Tournament #3803929698, $1.84+$0.16 USD Hold'em No Limit - Level V (40/80) - 2024/09/22 20:36:50 CET [2024/09/22 14:36:50 ET]
Table '3803929698 1' 3-max Seat #3 is the button
Seat 2: LinasPovil (1220 in chips) 
Seat 3: Mahu2021 (280 in chips) 
Mahu2021: posts small blind 40
LinasPovil: posts big blind 80
*** HOLE CARDS ***
Dealt to Mahu2021 [Jh 6c]
Mahu2021: raises 200 to 280 and is all-in
LinasPovil: calls 200
*** FLOP *** [Kh Jc 4c]
*** TURN *** [Kh Jc 4c] [4s]
*** RIVER *** [Kh Jc 4c 4s] [8d]
*** SHOW DOWN ***
LinasPovil: shows [Qs 9d] (a pair of Fours)
Mahu2021: shows [Jh 6c] (two pair, Jacks and Fours)
Mahu2021 collected 560 from pot
*** SUMMARY ***
Total pot 560 | Rake 0 
Board [Kh Jc 4c 4s 8d]
Seat 2: LinasPovil (big blind) showed [Qs 9d] and lost with a pair of Fours
Seat 3: Mahu2021 (button) (small blind) showed [Jh 6c] and won (560) with two pair, Jacks and Fours



PokerStars Hand #252576996518: Tournament #3803929698, $1.84+$0.16 USD Hold'em No Limit - Level V (40/80) - 2024/09/22 20:37:04 CET [2024/09/22 14:37:04 ET]
Table '3803929698 1' 3-max Seat #2 is the button
Seat 2: LinasPovil (940 in chips) 
Seat 3: Mahu2021 (560 in chips) 
LinasPovil: posts small blind 40
Mahu2021: posts big blind 80
*** HOLE CARDS ***
Dealt to Mahu2021 [9s Kc]
LinasPovil: calls 40
Mahu2021: raises 480 to 560 and is all-in
LinasPovil: folds 
Uncalled bet (480) returned to Mahu2021
Mahu2021 collected 160 from pot
Mahu2021: doesn't show hand 
*** SUMMARY ***
Total pot 160 | Rake 0 
Seat 2: LinasPovil (button) (small blind) folded before Flop
Seat 3: Mahu2021 (big blind) collected (160)



PokerStars Hand #252576999642: Tournament #3803929698, $1.84+$0.16 USD Hold'em No Limit - Level V (40/80) - 2024/09/22 20:37:13 CET [2024/09/22 14:37:13 ET]
Table '3803929698 1' 3-max Seat #3 is the button
Seat 2: LinasPovil (860 in chips) 
Seat 3: Mahu2021 (640 in chips) 
Mahu2021: posts small blind 40
LinasPovil: posts big blind 80
*** HOLE CARDS ***
Dealt to Mahu2021 [6s Td]
Mahu2021: folds 
Uncalled bet (40) returned to LinasPovil
LinasPovil collected 80 from pot
LinasPovil: doesn't show hand 
*** SUMMARY ***
Total pot 80 | Rake 0 
Seat 2: LinasPovil (big blind) collected (80)
Seat 3: Mahu2021 (button) (small blind) folded before Flop



PokerStars Hand #252577001024: Tournament #3803929698, $1.84+$0.16 USD Hold'em No Limit - Level V (40/80) - 2024/09/22 20:37:17 CET [2024/09/22 14:37:17 ET]
Table '3803929698 1' 3-max Seat #2 is the button
Seat 2: LinasPovil (900 in chips) 
Seat 3: Mahu2021 (600 in chips) 
LinasPovil: posts small blind 40
Mahu2021: posts big blind 80
*** HOLE CARDS ***
Dealt to Mahu2021 [8s 9c]
LinasPovil: calls 40
Mahu2021: checks 
*** FLOP *** [4s 2d 7h]
Mahu2021: checks 
LinasPovil: checks 
*** TURN *** [4s 2d 7h] [Ah]
Mahu2021: checks 
LinasPovil: bets 80
Mahu2021: folds 
Uncalled bet (80) returned to LinasPovil
LinasPovil collected 160 from pot
LinasPovil: doesn't show hand 
*** SUMMARY ***
Total pot 160 | Rake 0 
Board [4s 2d 7h Ah]
Seat 2: LinasPovil (button) (small blind) collected (160)
Seat 3: Mahu2021 (big blind) folded on the Turn



PokerStars Hand #252577006110: Tournament #3803929698, $1.84+$0.16 USD Hold'em No Limit - Level V (40/80) - 2024/09/22 20:37:32 CET [2024/09/22 14:37:32 ET]
Table '3803929698 1' 3-max Seat #3 is the button
Seat 2: LinasPovil (980 in chips) 
Seat 3: Mahu2021 (520 in chips) 
Mahu2021: posts small blind 40
LinasPovil: posts big blind 80
*** HOLE CARDS ***
Dealt to Mahu2021 [Kh Ad]
Mahu2021: raises 80 to 160
LinasPovil: raises 820 to 980 and is all-in
Mahu2021: calls 360 and is all-in
Uncalled bet (460) returned to LinasPovil
*** FLOP *** [Jh Ac 2c]
*** TURN *** [Jh Ac 2c] [3d]
*** RIVER *** [Jh Ac 2c 3d] [Js]
*** SHOW DOWN ***
LinasPovil: shows [As 9h] (two pair, Aces and Jacks)
Mahu2021: shows [Kh Ad] (two pair, Aces and Jacks - King kicker)
Mahu2021 collected 1040 from pot
*** SUMMARY ***
Total pot 1040 | Rake 0 
Board [Jh Ac 2c 3d Js]
Seat 2: LinasPovil (big blind) showed [As 9h] and lost with two pair, Aces and Jacks
Seat 3: Mahu2021 (button) (small blind) showed [Kh Ad] and won (1040) with two pair, Aces and Jacks



PokerStars Hand #252577011037: Tournament #3803929698, $1.84+$0.16 USD Hold'em No Limit - Level V (40/80) - 2024/09/22 20:37:46 CET [2024/09/22 14:37:46 ET]
Table '3803929698 1' 3-max Seat #2 is the button
Seat 2: LinasPovil (460 in chips) 
Seat 3: Mahu2021 (1040 in chips) 
LinasPovil: posts small blind 40
Mahu2021: posts big blind 80
*** HOLE CARDS ***
Dealt to Mahu2021 [2d 7c]
LinasPovil: folds 
Uncalled bet (40) returned to Mahu2021
Mahu2021 collected 80 from pot
Mahu2021: doesn't show hand 
*** SUMMARY ***
Total pot 80 | Rake 0 
Seat 2: LinasPovil (button) (small blind) folded before Flop
Seat 3: Mahu2021 (big blind) collected (80)



PokerStars Hand #252577012305: Tournament #3803929698, $1.84+$0.16 USD Hold'em No Limit - Level V (40/80) - 2024/09/22 20:37:50 CET [2024/09/22 14:37:50 ET]
Table '3803929698 1' 3-max Seat #3 is the button
Seat 2: LinasPovil (420 in chips) 
Seat 3: Mahu2021 (1080 in chips) 
Mahu2021: posts small blind 40
LinasPovil: posts big blind 80
*** HOLE CARDS ***
Dealt to Mahu2021 [2s 4c]
Mahu2021: folds 
Uncalled bet (40) returned to LinasPovil
LinasPovil collected 80 from pot
LinasPovil: doesn't show hand 
*** SUMMARY ***
Total pot 80 | Rake 0 
Seat 2: LinasPovil (big blind) collected (80)
Seat 3: Mahu2021 (button) (small blind) folded before Flop



PokerStars Hand #252577013695: Tournament #3803929698, $1.84+$0.16 USD Hold'em No Limit - Level V (40/80) - 2024/09/22 20:37:54 CET [2024/09/22 14:37:54 ET]
Table '3803929698 1' 3-max Seat #2 is the button
Seat 2: LinasPovil (460 in chips) 
Seat 3: Mahu2021 (1040 in chips) 
LinasPovil: posts small blind 40
Mahu2021: posts big blind 80
*** HOLE CARDS ***
Dealt to Mahu2021 [Jc Kc]
LinasPovil: raises 380 to 460 and is all-in
Mahu2021: calls 380
*** FLOP *** [3c 9s 6h]
*** TURN *** [3c 9s 6h] [7d]
*** RIVER *** [3c 9s 6h 7d] [9c]
*** SHOW DOWN ***
Mahu2021: shows [Jc Kc] (a pair of Nines)
LinasPovil: shows [2s 2h] (two pair, Nines and Deuces)
LinasPovil collected 920 from pot
*** SUMMARY ***
Total pot 920 | Rake 0 
Board [3c 9s 6h 7d 9c]
Seat 2: LinasPovil (button) (small blind) showed [2s 2h] and won (920) with two pair, Nines and Deuces
Seat 3: Mahu2021 (big blind) showed [Jc Kc] and lost with a pair of Nines



PokerStars Hand #252577017445: Tournament #3803929698, $1.84+$0.16 USD Hold'em No Limit - Level V (40/80) - 2024/09/22 20:38:05 CET [2024/09/22 14:38:05 ET]
Table '3803929698 1' 3-max Seat #3 is the button
Seat 2: LinasPovil (920 in chips) 
Seat 3: Mahu2021 (580 in chips) 
Mahu2021: posts small blind 40
LinasPovil: posts big blind 80
*** HOLE CARDS ***
Dealt to Mahu2021 [8d Kc]
Mahu2021: raises 500 to 580 and is all-in
LinasPovil: folds 
Uncalled bet (500) returned to Mahu2021
Mahu2021 collected 160 from pot
Mahu2021: doesn't show hand 
*** SUMMARY ***
Total pot 160 | Rake 0 
Seat 2: LinasPovil (big blind) folded before Flop
Seat 3: Mahu2021 (button) (small blind) collected (160)



PokerStars Hand #252577019799: Tournament #3803929698, $1.84+$0.16 USD Hold'em No Limit - Level V (40/80) - 2024/09/22 20:38:12 CET [2024/09/22 14:38:12 ET]
Table '3803929698 1' 3-max Seat #2 is the button
Seat 2: LinasPovil (840 in chips) 
Seat 3: Mahu2021 (660 in chips) 
LinasPovil: posts small blind 40
Mahu2021: posts big blind 80
*** HOLE CARDS ***
Dealt to Mahu2021 [Kd 6s]
LinasPovil: folds 
Uncalled bet (40) returned to Mahu2021
Mahu2021 collected 80 from pot
Mahu2021: doesn't show hand 
*** SUMMARY ***
Total pot 80 | Rake 0 
Seat 2: LinasPovil (button) (small blind) folded before Flop
Seat 3: Mahu2021 (big blind) collected (80)



PokerStars Hand #252577021769: Tournament #3803929698, $1.84+$0.16 USD Hold'em No Limit - Level V (40/80) - 2024/09/22 20:38:18 CET [2024/09/22 14:38:18 ET]
Table '3803929698 1' 3-max Seat #3 is the button
Seat 2: LinasPovil (800 in chips) 
Seat 3: Mahu2021 (700 in chips) 
Mahu2021: posts small blind 40
LinasPovil: posts big blind 80
*** HOLE CARDS ***
Dealt to Mahu2021 [Ks 4s]
Mahu2021: calls 40
LinasPovil: raises 720 to 800 and is all-in
Mahu2021: folds 
Uncalled bet (720) returned to LinasPovil
LinasPovil collected 160 from pot
LinasPovil: doesn't show hand 
*** SUMMARY ***
Total pot 160 | Rake 0 
Seat 2: LinasPovil (big blind) collected (160)
Seat 3: Mahu2021 (button) (small blind) folded before Flop



PokerStars Hand #252577024815: Tournament #3803929698, $1.84+$0.16 USD Hold'em No Limit - Level V (40/80) - 2024/09/22 20:38:27 CET [2024/09/22 14:38:27 ET]
Table '3803929698 1' 3-max Seat #2 is the button
Seat 2: LinasPovil (880 in chips) 
Seat 3: Mahu2021 (620 in chips) 
LinasPovil: posts small blind 40
Mahu2021: posts big blind 80
*** HOLE CARDS ***
Dealt to Mahu2021 [As 8h]
LinasPovil: raises 800 to 880 and is all-in
Mahu2021: calls 540 and is all-in
Uncalled bet (260) returned to LinasPovil
*** FLOP *** [Kh Qs 6d]
*** TURN *** [Kh Qs 6d] [Ks]
*** RIVER *** [Kh Qs 6d Ks] [2h]
*** SHOW DOWN ***
Mahu2021: shows [As 8h] (a pair of Kings)
LinasPovil: shows [Kd 9h] (three of a kind, Kings)
LinasPovil collected 1240 from pot
Mahu2021 finished the tournament in 2nd place
LinasPovil wins the tournament and receives $4.00 - congratulations!
*** SUMMARY ***
Total pot 1240 | Rake 0 
Board [Kh Qs 6d Ks 2h]
Seat 2: LinasPovil (button) (small blind) showed [Kd 9h] and won (1240) with three of a kind, Kings
Seat 3: Mahu2021 (big blind) showed [As 8h] and lost with a pair of Kings



