PokerStars Hand #253197569202: Tournament #3818717043, $1.84+$0.16 USD Hold'em No Limit - Level I (10/20) - 2024/11/01 6:44:27 CET [2024/11/01 1:44:27 ET]
Table '3818717043 1' 3-max Seat #1 is the button
Seat 1: Tyndra777 (500 in chips) 
Seat 2: Mahu2021 (500 in chips) 
Seat 3: yamanii (500 in chips) 
Mahu2021: posts small blind 10
yamanii: posts big blind 20
*** HOLE CARDS ***
Dealt to Mahu2021 [7h Ah]
Tyndra777: folds 
Mahu2021: raises 20 to 40
yamanii: calls 20
*** FLOP *** [4s Ac 6c]
Mahu2021: bets 40
yamanii: folds 
Uncalled bet (40) returned to Mahu2021
Mahu2021 collected 80 from pot
Mahu2021: doesn't show hand 
*** SUMMARY ***
Total pot 80 | Rake 0 
Board [4s Ac 6c]
Seat 1: Tyndra777 (button) folded before Flop (didn't bet)
Seat 2: Mahu2021 (small blind) collected (80)
Seat 3: yamanii (big blind) folded on the Flop



PokerStars Hand #253197570855: Tournament #3818717043, $1.84+$0.16 USD Hold'em No Limit - Level I (10/20) - 2024/11/01 6:44:47 CET [2024/11/01 1:44:47 ET]
Table '3818717043 1' 3-max Seat #2 is the button
Seat 1: Tyndra777 (500 in chips) 
Seat 2: Mahu2021 (540 in chips) 
Seat 3: yamanii (460 in chips) 
yamanii: posts small blind 10
Tyndra777: posts big blind 20
*** HOLE CARDS ***
Dealt to Mahu2021 [Ac 2c]
Mahu2021: calls 20
yamanii: calls 10
Tyndra777: checks 
*** FLOP *** [Qc 9c Ad]
yamanii: checks 
Tyndra777: checks 
Mahu2021: checks 
*** TURN *** [Qc 9c Ad] [9h]
yamanii: checks 
Tyndra777: checks 
Mahu2021: bets 60
yamanii: folds 
Tyndra777: calls 60
*** RIVER *** [Qc 9c Ad 9h] [Tc]
Tyndra777: bets 60
Mahu2021: raises 120 to 180
Tyndra777: calls 120
*** SHOW DOWN ***
Mahu2021: shows [Ac 2c] (a flush, Ace high)
Tyndra777: mucks hand 
Mahu2021 collected 540 from pot
*** SUMMARY ***
Total pot 540 | Rake 0 
Board [Qc 9c Ad 9h Tc]
Seat 1: Tyndra777 (big blind) mucked [2h 9d]
Seat 2: Mahu2021 (button) showed [Ac 2c] and won (540) with a flush, Ace high
Seat 3: yamanii (small blind) folded on the Turn



PokerStars Hand #253197573815: Tournament #3818717043, $1.84+$0.16 USD Hold'em No Limit - Level I (10/20) - 2024/11/01 6:45:23 CET [2024/11/01 1:45:23 ET]
Table '3818717043 1' 3-max Seat #3 is the button
Seat 1: Tyndra777 (240 in chips) 
Seat 2: Mahu2021 (820 in chips) 
Seat 3: yamanii (440 in chips) 
Tyndra777: posts small blind 10
Mahu2021: posts big blind 20
*** HOLE CARDS ***
Dealt to Mahu2021 [5s 2d]
yamanii: calls 20
Tyndra777: raises 20 to 40
Mahu2021: folds 
yamanii: calls 20
*** FLOP *** [3h 8d Kc]
Tyndra777: checks 
yamanii: checks 
*** TURN *** [3h 8d Kc] [Kh]
Tyndra777: bets 53
yamanii: calls 53
*** RIVER *** [3h 8d Kc Kh] [3d]
Tyndra777: bets 147 and is all-in
yamanii: calls 147
*** SHOW DOWN ***
Tyndra777: shows [Ks Qh] (a full house, Kings full of Threes)
yamanii: shows [Kd 2s] (a full house, Kings full of Threes)
Tyndra777 collected 250 from pot
yamanii collected 250 from pot
*** SUMMARY ***
Total pot 500 | Rake 0 
Board [3h 8d Kc Kh 3d]
Seat 1: Tyndra777 (small blind) showed [Ks Qh] and won (250) with a full house, Kings full of Threes
Seat 2: Mahu2021 (big blind) folded before Flop
Seat 3: yamanii (button) showed [Kd 2s] and won (250) with a full house, Kings full of Threes



PokerStars Hand #253197577769: Tournament #3818717043, $1.84+$0.16 USD Hold'em No Limit - Level I (10/20) - 2024/11/01 6:46:11 CET [2024/11/01 1:46:11 ET]
Table '3818717043 1' 3-max Seat #1 is the button
Seat 1: Tyndra777 (250 in chips) 
Seat 2: Mahu2021 (800 in chips) 
Seat 3: yamanii (450 in chips) 
Mahu2021: posts small blind 10
yamanii: posts big blind 20
*** HOLE CARDS ***
Dealt to Mahu2021 [9h 5d]
Tyndra777: raises 20 to 40
Mahu2021: folds 
yamanii: calls 20
*** FLOP *** [Jd Ad Ts]
yamanii: checks 
Tyndra777: bets 48
yamanii: raises 132 to 180
Tyndra777: raises 30 to 210 and is all-in
yamanii: calls 30
*** TURN *** [Jd Ad Ts] [9s]
*** RIVER *** [Jd Ad Ts 9s] [4c]
*** SHOW DOWN ***
yamanii: shows [8s Ac] (a pair of Aces)
Tyndra777: shows [Kh Ah] (a pair of Aces - King kicker)
Tyndra777 collected 510 from pot
*** SUMMARY ***
Total pot 510 | Rake 0 
Board [Jd Ad Ts 9s 4c]
Seat 1: Tyndra777 (button) showed [Kh Ah] and won (510) with a pair of Aces
Seat 2: Mahu2021 (small blind) folded before Flop
Seat 3: yamanii (big blind) showed [8s Ac] and lost with a pair of Aces



PokerStars Hand #253197580572: Tournament #3818717043, $1.84+$0.16 USD Hold'em No Limit - Level I (10/20) - 2024/11/01 6:46:45 CET [2024/11/01 1:46:45 ET]
Table '3818717043 1' 3-max Seat #2 is the button
Seat 1: Tyndra777 (510 in chips) 
Seat 2: Mahu2021 (790 in chips) 
Seat 3: yamanii (200 in chips) 
yamanii: posts small blind 10
Tyndra777: posts big blind 20
*** HOLE CARDS ***
Dealt to Mahu2021 [5s 5c]
Mahu2021: calls 20
yamanii: calls 10
Tyndra777: checks 
*** FLOP *** [8d Ad 6s]
yamanii: checks 
Tyndra777: bets 20
Mahu2021: calls 20
yamanii: folds 
*** TURN *** [8d Ad 6s] [Kh]
Tyndra777: checks 
Mahu2021: checks 
*** RIVER *** [8d Ad 6s Kh] [2h]
Tyndra777: bets 20
Mahu2021: calls 20
*** SHOW DOWN ***
Tyndra777: shows [Qs 8h] (a pair of Eights)
Mahu2021: mucks hand 
Tyndra777 collected 140 from pot
*** SUMMARY ***
Total pot 140 | Rake 0 
Board [8d Ad 6s Kh 2h]
Seat 1: Tyndra777 (big blind) showed [Qs 8h] and won (140) with a pair of Eights
Seat 2: Mahu2021 (button) mucked [5s 5c]
Seat 3: yamanii (small blind) folded on the Flop



PokerStars Hand #253197582745: Tournament #3818717043, $1.84+$0.16 USD Hold'em No Limit - Level I (10/20) - 2024/11/01 6:47:13 CET [2024/11/01 1:47:13 ET]
Table '3818717043 1' 3-max Seat #3 is the button
Seat 1: Tyndra777 (590 in chips) 
Seat 2: Mahu2021 (730 in chips) 
Seat 3: yamanii (180 in chips) 
Tyndra777: posts small blind 10
Mahu2021: posts big blind 20
*** HOLE CARDS ***
Dealt to Mahu2021 [7c Th]
yamanii: calls 20
Tyndra777: folds 
Mahu2021: checks 
*** FLOP *** [Qs 7d 4d]
Mahu2021: checks 
yamanii: checks 
*** TURN *** [Qs 7d 4d] [9s]
Mahu2021: bets 20
yamanii: raises 20 to 40
Mahu2021: calls 20
*** RIVER *** [Qs 7d 4d 9s] [3c]
Mahu2021: checks 
yamanii: bets 120 and is all-in
Mahu2021: folds 
Uncalled bet (120) returned to yamanii
yamanii collected 130 from pot
*** SUMMARY ***
Total pot 130 | Rake 0 
Board [Qs 7d 4d 9s 3c]
Seat 1: Tyndra777 (small blind) folded before Flop
Seat 2: Mahu2021 (big blind) folded on the River
Seat 3: yamanii (button) collected (130)



PokerStars Hand #253197585369: Tournament #3818717043, $1.84+$0.16 USD Hold'em No Limit - Level II (15/30) - 2024/11/01 6:47:45 CET [2024/11/01 1:47:45 ET]
Table '3818717043 1' 3-max Seat #1 is the button
Seat 1: Tyndra777 (580 in chips) 
Seat 2: Mahu2021 (670 in chips) 
Seat 3: yamanii (250 in chips) 
Mahu2021: posts small blind 15
yamanii: posts big blind 30
*** HOLE CARDS ***
Dealt to Mahu2021 [Kd 8d]
Tyndra777: folds 
Mahu2021: raises 30 to 60
yamanii: folds 
Uncalled bet (30) returned to Mahu2021
Mahu2021 collected 60 from pot
Mahu2021: doesn't show hand 
*** SUMMARY ***
Total pot 60 | Rake 0 
Seat 1: Tyndra777 (button) folded before Flop (didn't bet)
Seat 2: Mahu2021 (small blind) collected (60)
Seat 3: yamanii (big blind) folded before Flop



PokerStars Hand #253197586027: Tournament #3818717043, $1.84+$0.16 USD Hold'em No Limit - Level II (15/30) - 2024/11/01 6:47:53 CET [2024/11/01 1:47:53 ET]
Table '3818717043 1' 3-max Seat #2 is the button
Seat 1: Tyndra777 (580 in chips) 
Seat 2: Mahu2021 (700 in chips) 
Seat 3: yamanii (220 in chips) 
yamanii: posts small blind 15
Tyndra777: posts big blind 30
*** HOLE CARDS ***
Dealt to Mahu2021 [7c 4s]
Mahu2021: folds 
yamanii: folds 
Uncalled bet (15) returned to Tyndra777
Tyndra777 collected 30 from pot
Tyndra777: doesn't show hand 
*** SUMMARY ***
Total pot 30 | Rake 0 
Seat 1: Tyndra777 (big blind) collected (30)
Seat 2: Mahu2021 (button) folded before Flop (didn't bet)
Seat 3: yamanii (small blind) folded before Flop



PokerStars Hand #253197586967: Tournament #3818717043, $1.84+$0.16 USD Hold'em No Limit - Level II (15/30) - 2024/11/01 6:48:05 CET [2024/11/01 1:48:05 ET]
Table '3818717043 1' 3-max Seat #3 is the button
Seat 1: Tyndra777 (595 in chips) 
Seat 2: Mahu2021 (700 in chips) 
Seat 3: yamanii (205 in chips) 
Tyndra777: posts small blind 15
Mahu2021: posts big blind 30
*** HOLE CARDS ***
Dealt to Mahu2021 [8h 4c]
yamanii: folds 
Tyndra777: calls 15
Mahu2021: checks 
*** FLOP *** [9s 9c 8s]
Tyndra777: checks 
Mahu2021: bets 60
Tyndra777: folds 
Uncalled bet (60) returned to Mahu2021
Mahu2021 collected 60 from pot
Mahu2021: doesn't show hand 
*** SUMMARY ***
Total pot 60 | Rake 0 
Board [9s 9c 8s]
Seat 1: Tyndra777 (small blind) folded on the Flop
Seat 2: Mahu2021 (big blind) collected (60)
Seat 3: yamanii (button) folded before Flop (didn't bet)



PokerStars Hand #253197588395: Tournament #3818717043, $1.84+$0.16 USD Hold'em No Limit - Level II (15/30) - 2024/11/01 6:48:22 CET [2024/11/01 1:48:22 ET]
Table '3818717043 1' 3-max Seat #1 is the button
Seat 1: Tyndra777 (565 in chips) 
Seat 2: Mahu2021 (730 in chips) 
Seat 3: yamanii (205 in chips) 
Mahu2021: posts small blind 15
yamanii: posts big blind 30
*** HOLE CARDS ***
Dealt to Mahu2021 [3d 3h]
Tyndra777: folds 
Mahu2021: raises 700 to 730 and is all-in
yamanii: folds 
Uncalled bet (700) returned to Mahu2021
Mahu2021 collected 60 from pot
Mahu2021: doesn't show hand 
*** SUMMARY ***
Total pot 60 | Rake 0 
Seat 1: Tyndra777 (button) folded before Flop (didn't bet)
Seat 2: Mahu2021 (small blind) collected (60)
Seat 3: yamanii (big blind) folded before Flop



PokerStars Hand #253197589420: Tournament #3818717043, $1.84+$0.16 USD Hold'em No Limit - Level II (15/30) - 2024/11/01 6:48:34 CET [2024/11/01 1:48:34 ET]
Table '3818717043 1' 3-max Seat #2 is the button
Seat 1: Tyndra777 (565 in chips) 
Seat 2: Mahu2021 (760 in chips) 
Seat 3: yamanii (175 in chips) 
yamanii: posts small blind 15
Tyndra777: posts big blind 30
*** HOLE CARDS ***
Dealt to Mahu2021 [8d Th]
Mahu2021: folds 
yamanii: calls 15
Tyndra777: checks 
*** FLOP *** [Js 9h 4d]
yamanii: checks 
Tyndra777: bets 30
yamanii: folds 
Uncalled bet (30) returned to Tyndra777
Tyndra777 collected 60 from pot
Tyndra777: doesn't show hand 
*** SUMMARY ***
Total pot 60 | Rake 0 
Board [Js 9h 4d]
Seat 1: Tyndra777 (big blind) collected (60)
Seat 2: Mahu2021 (button) folded before Flop (didn't bet)
Seat 3: yamanii (small blind) folded on the Flop



PokerStars Hand #253197590653: Tournament #3818717043, $1.84+$0.16 USD Hold'em No Limit - Level II (15/30) - 2024/11/01 6:48:49 CET [2024/11/01 1:48:49 ET]
Table '3818717043 1' 3-max Seat #3 is the button
Seat 1: Tyndra777 (595 in chips) 
Seat 2: Mahu2021 (760 in chips) 
Seat 3: yamanii (145 in chips) 
Tyndra777: posts small blind 15
Mahu2021: posts big blind 30
*** HOLE CARDS ***
Dealt to Mahu2021 [Js Ad]
yamanii: calls 30
Tyndra777: calls 15
Mahu2021: raises 730 to 760 and is all-in
yamanii: calls 115 and is all-in
Tyndra777: folds 
Uncalled bet (615) returned to Mahu2021
*** FLOP *** [2s Jh Tc]
*** TURN *** [2s Jh Tc] [Qd]
*** RIVER *** [2s Jh Tc Qd] [Kh]
*** SHOW DOWN ***
Mahu2021: shows [Js Ad] (a straight, Ten to Ace)
yamanii: shows [5s 5c] (a pair of Fives)
Mahu2021 collected 320 from pot
yamanii finished the tournament in 3rd place
*** SUMMARY ***
Total pot 320 | Rake 0 
Board [2s Jh Tc Qd Kh]
Seat 1: Tyndra777 (small blind) folded before Flop
Seat 2: Mahu2021 (big blind) showed [Js Ad] and won (320) with a straight, Ten to Ace
Seat 3: yamanii (button) showed [5s 5c] and lost with a pair of Fives



PokerStars Hand #253197592306: Tournament #3818717043, $1.84+$0.16 USD Hold'em No Limit - Level II (15/30) - 2024/11/01 6:49:09 CET [2024/11/01 1:49:09 ET]
Table '3818717043 1' 3-max Seat #2 is the button
Seat 1: Tyndra777 (565 in chips) 
Seat 2: Mahu2021 (935 in chips) 
Mahu2021: posts small blind 15
Tyndra777: posts big blind 30
*** HOLE CARDS ***
Dealt to Mahu2021 [Qc 5d]
Mahu2021: raises 30 to 60
Tyndra777: calls 30
*** FLOP *** [2s Td Qh]
Tyndra777: checks 
Mahu2021: bets 60
Tyndra777: folds 
Uncalled bet (60) returned to Mahu2021
Mahu2021 collected 120 from pot
Mahu2021: doesn't show hand 
*** SUMMARY ***
Total pot 120 | Rake 0 
Board [2s Td Qh]
Seat 1: Tyndra777 (big blind) folded on the Flop
Seat 2: Mahu2021 (button) (small blind) collected (120)



PokerStars Hand #253197593309: Tournament #3818717043, $1.84+$0.16 USD Hold'em No Limit - Level II (15/30) - 2024/11/01 6:49:22 CET [2024/11/01 1:49:22 ET]
Table '3818717043 1' 3-max Seat #1 is the button
Seat 1: Tyndra777 (505 in chips) 
Seat 2: Mahu2021 (995 in chips) 
Tyndra777: posts small blind 15
Mahu2021: posts big blind 30
*** HOLE CARDS ***
Dealt to Mahu2021 [5h Jh]
Tyndra777: calls 15
Mahu2021: checks 
*** FLOP *** [4d 8s 8d]
Mahu2021: checks 
Tyndra777: bets 30
Mahu2021: folds 
Uncalled bet (30) returned to Tyndra777
Tyndra777 collected 60 from pot
Tyndra777: doesn't show hand 
*** SUMMARY ***
Total pot 60 | Rake 0 
Board [4d 8s 8d]
Seat 1: Tyndra777 (button) (small blind) collected (60)
Seat 2: Mahu2021 (big blind) folded on the Flop



PokerStars Hand #253197594150: Tournament #3818717043, $1.84+$0.16 USD Hold'em No Limit - Level II (15/30) - 2024/11/01 6:49:32 CET [2024/11/01 1:49:32 ET]
Table '3818717043 1' 3-max Seat #2 is the button
Seat 1: Tyndra777 (535 in chips) 
Seat 2: Mahu2021 (965 in chips) 
Mahu2021: posts small blind 15
Tyndra777: posts big blind 30
*** HOLE CARDS ***
Dealt to Mahu2021 [6d Ac]
Mahu2021: raises 30 to 60
Tyndra777: calls 30
*** FLOP *** [8h 7d Jd]
Tyndra777: checks 
Mahu2021: checks 
*** TURN *** [8h 7d Jd] [7c]
Tyndra777: checks 
Mahu2021: checks 
*** RIVER *** [8h 7d Jd 7c] [5h]
Tyndra777: bets 115
Mahu2021: folds 
Uncalled bet (115) returned to Tyndra777
Tyndra777 collected 120 from pot
Tyndra777: doesn't show hand 
*** SUMMARY ***
Total pot 120 | Rake 0 
Board [8h 7d Jd 7c 5h]
Seat 1: Tyndra777 (big blind) collected (120)
Seat 2: Mahu2021 (button) (small blind) folded on the River



PokerStars Hand #253197595511: Tournament #3818717043, $1.84+$0.16 USD Hold'em No Limit - Level II (15/30) - 2024/11/01 6:49:49 CET [2024/11/01 1:49:49 ET]
Table '3818717043 1' 3-max Seat #1 is the button
Seat 1: Tyndra777 (595 in chips) 
Seat 2: Mahu2021 (905 in chips) 
Tyndra777: posts small blind 15
Mahu2021: posts big blind 30
*** HOLE CARDS ***
Dealt to Mahu2021 [Tc 4d]
Tyndra777: raises 30 to 60
Mahu2021: folds 
Uncalled bet (30) returned to Tyndra777
Tyndra777 collected 60 from pot
Tyndra777: doesn't show hand 
*** SUMMARY ***
Total pot 60 | Rake 0 
Seat 1: Tyndra777 (button) (small blind) collected (60)
Seat 2: Mahu2021 (big blind) folded before Flop



PokerStars Hand #253197595979: Tournament #3818717043, $1.84+$0.16 USD Hold'em No Limit - Level II (15/30) - 2024/11/01 6:49:54 CET [2024/11/01 1:49:54 ET]
Table '3818717043 1' 3-max Seat #2 is the button
Seat 1: Tyndra777 (625 in chips) 
Seat 2: Mahu2021 (875 in chips) 
Mahu2021: posts small blind 15
Tyndra777: posts big blind 30
*** HOLE CARDS ***
Dealt to Mahu2021 [8c 5h]
Mahu2021: raises 30 to 60
Tyndra777: folds 
Uncalled bet (30) returned to Mahu2021
Mahu2021 collected 60 from pot
Mahu2021: doesn't show hand 
*** SUMMARY ***
Total pot 60 | Rake 0 
Seat 1: Tyndra777 (big blind) folded before Flop
Seat 2: Mahu2021 (button) (small blind) collected (60)



PokerStars Hand #253197596428: Tournament #3818717043, $1.84+$0.16 USD Hold'em No Limit - Level II (15/30) - 2024/11/01 6:50:00 CET [2024/11/01 1:50:00 ET]
Table '3818717043 1' 3-max Seat #1 is the button
Seat 1: Tyndra777 (595 in chips) 
Seat 2: Mahu2021 (905 in chips) 
Tyndra777: posts small blind 15
Mahu2021: posts big blind 30
*** HOLE CARDS ***
Dealt to Mahu2021 [Qh 6h]
Tyndra777: calls 15
Mahu2021: checks 
*** FLOP *** [4d Ac 8d]
Mahu2021: checks 
Tyndra777: bets 30
Mahu2021: folds 
Uncalled bet (30) returned to Tyndra777
Tyndra777 collected 60 from pot
Tyndra777: doesn't show hand 
*** SUMMARY ***
Total pot 60 | Rake 0 
Board [4d Ac 8d]
Seat 1: Tyndra777 (button) (small blind) collected (60)
Seat 2: Mahu2021 (big blind) folded on the Flop



PokerStars Hand #253197597200: Tournament #3818717043, $1.84+$0.16 USD Hold'em No Limit - Level II (15/30) - 2024/11/01 6:50:09 CET [2024/11/01 1:50:09 ET]
Table '3818717043 1' 3-max Seat #2 is the button
Seat 1: Tyndra777 (625 in chips) 
Seat 2: Mahu2021 (875 in chips) 
Mahu2021: posts small blind 15
Tyndra777: posts big blind 30
*** HOLE CARDS ***
Dealt to Mahu2021 [Th 7s]
Mahu2021: raises 30 to 60
Tyndra777: calls 30
*** FLOP *** [9c 3c 9h]
Tyndra777: checks 
Mahu2021: checks 
*** TURN *** [9c 3c 9h] [Ts]
Tyndra777: checks 
Mahu2021: bets 30
Tyndra777: calls 30
*** RIVER *** [9c 3c 9h Ts] [3s]
Tyndra777: bets 173
Mahu2021: calls 173
*** SHOW DOWN ***
Tyndra777: shows [3d 6d] (a full house, Threes full of Nines)
Mahu2021: mucks hand 
Tyndra777 collected 526 from pot
*** SUMMARY ***
Total pot 526 | Rake 0 
Board [9c 3c 9h Ts 3s]
Seat 1: Tyndra777 (big blind) showed [3d 6d] and won (526) with a full house, Threes full of Nines
Seat 2: Mahu2021 (button) (small blind) mucked [Th 7s]



PokerStars Hand #253197598666: Tournament #3818717043, $1.84+$0.16 USD Hold'em No Limit - Level II (15/30) - 2024/11/01 6:50:27 CET [2024/11/01 1:50:27 ET]
Table '3818717043 1' 3-max Seat #1 is the button
Seat 1: Tyndra777 (888 in chips) 
Seat 2: Mahu2021 (612 in chips) 
Tyndra777: posts small blind 15
Mahu2021: posts big blind 30
*** HOLE CARDS ***
Dealt to Mahu2021 [5h 6d]
Tyndra777: calls 15
Mahu2021: checks 
*** FLOP *** [As 2c 8h]
Mahu2021: checks 
Tyndra777: bets 30
Mahu2021: folds 
Uncalled bet (30) returned to Tyndra777
Tyndra777 collected 60 from pot
Tyndra777: doesn't show hand 
*** SUMMARY ***
Total pot 60 | Rake 0 
Board [As 2c 8h]
Seat 1: Tyndra777 (button) (small blind) collected (60)
Seat 2: Mahu2021 (big blind) folded on the Flop



PokerStars Hand #253197599930: Tournament #3818717043, $1.84+$0.16 USD Hold'em No Limit - Level III (20/40) - 2024/11/01 6:50:42 CET [2024/11/01 1:50:42 ET]
Table '3818717043 1' 3-max Seat #2 is the button
Seat 1: Tyndra777 (918 in chips) 
Seat 2: Mahu2021 (582 in chips) 
Mahu2021: posts small blind 20
Tyndra777: posts big blind 40
*** HOLE CARDS ***
Dealt to Mahu2021 [Th 6h]
Mahu2021: raises 40 to 80
Tyndra777: folds 
Uncalled bet (40) returned to Mahu2021
Mahu2021 collected 80 from pot
Mahu2021: doesn't show hand 
*** SUMMARY ***
Total pot 80 | Rake 0 
Seat 1: Tyndra777 (big blind) folded before Flop
Seat 2: Mahu2021 (button) (small blind) collected (80)



PokerStars Hand #253197600380: Tournament #3818717043, $1.84+$0.16 USD Hold'em No Limit - Level III (20/40) - 2024/11/01 6:50:47 CET [2024/11/01 1:50:47 ET]
Table '3818717043 1' 3-max Seat #1 is the button
Seat 1: Tyndra777 (878 in chips) 
Seat 2: Mahu2021 (622 in chips) 
Tyndra777: posts small blind 20
Mahu2021: posts big blind 40
*** HOLE CARDS ***
Dealt to Mahu2021 [5h 3s]
Tyndra777: calls 20
Mahu2021: checks 
*** FLOP *** [2s 7s 4h]
Mahu2021: checks 
Tyndra777: bets 40
Mahu2021: calls 40
*** TURN *** [2s 7s 4h] [Kd]
Mahu2021: checks 
Tyndra777: checks 
*** RIVER *** [2s 7s 4h Kd] [Js]
Mahu2021: bets 160
Tyndra777: folds 
Uncalled bet (160) returned to Mahu2021
Mahu2021 collected 160 from pot
Mahu2021: doesn't show hand 
*** SUMMARY ***
Total pot 160 | Rake 0 
Board [2s 7s 4h Kd Js]
Seat 1: Tyndra777 (button) (small blind) folded on the River
Seat 2: Mahu2021 (big blind) collected (160)



PokerStars Hand #253197601559: Tournament #3818717043, $1.84+$0.16 USD Hold'em No Limit - Level III (20/40) - 2024/11/01 6:51:01 CET [2024/11/01 1:51:01 ET]
Table '3818717043 1' 3-max Seat #2 is the button
Seat 1: Tyndra777 (798 in chips) 
Seat 2: Mahu2021 (702 in chips) 
Mahu2021: posts small blind 20
Tyndra777: posts big blind 40
*** HOLE CARDS ***
Dealt to Mahu2021 [4h 2s]
Mahu2021: folds 
Uncalled bet (20) returned to Tyndra777
Tyndra777 collected 40 from pot
Tyndra777: doesn't show hand 
*** SUMMARY ***
Total pot 40 | Rake 0 
Seat 1: Tyndra777 (big blind) collected (40)
Seat 2: Mahu2021 (button) (small blind) folded before Flop



PokerStars Hand #253197601906: Tournament #3818717043, $1.84+$0.16 USD Hold'em No Limit - Level III (20/40) - 2024/11/01 6:51:05 CET [2024/11/01 1:51:05 ET]
Table '3818717043 1' 3-max Seat #1 is the button
Seat 1: Tyndra777 (818 in chips) 
Seat 2: Mahu2021 (682 in chips) 
Tyndra777: posts small blind 20
Mahu2021: posts big blind 40
*** HOLE CARDS ***
Dealt to Mahu2021 [9d 5c]
Tyndra777: calls 20
Mahu2021: checks 
*** FLOP *** [Td 8d 9h]
Mahu2021: bets 40
Tyndra777: calls 40
*** TURN *** [Td 8d 9h] [9s]
Mahu2021: bets 40
Tyndra777: calls 40
*** RIVER *** [Td 8d 9h 9s] [Kd]
Mahu2021: bets 40
Tyndra777: folds 
Uncalled bet (40) returned to Mahu2021
Mahu2021 collected 240 from pot
Mahu2021: doesn't show hand 
*** SUMMARY ***
Total pot 240 | Rake 0 
Board [Td 8d 9h 9s Kd]
Seat 1: Tyndra777 (button) (small blind) folded on the River
Seat 2: Mahu2021 (big blind) collected (240)



PokerStars Hand #253197603156: Tournament #3818717043, $1.84+$0.16 USD Hold'em No Limit - Level III (20/40) - 2024/11/01 6:51:20 CET [2024/11/01 1:51:20 ET]
Table '3818717043 1' 3-max Seat #2 is the button
Seat 1: Tyndra777 (698 in chips) 
Seat 2: Mahu2021 (802 in chips) 
Mahu2021: posts small blind 20
Tyndra777: posts big blind 40
*** HOLE CARDS ***
Dealt to Mahu2021 [Kh 7d]
Mahu2021: raises 40 to 80
Tyndra777: calls 40
*** FLOP *** [4h 9d 5d]
Tyndra777: bets 154
Mahu2021: folds 
Uncalled bet (154) returned to Tyndra777
Tyndra777 collected 160 from pot
Tyndra777: doesn't show hand 
*** SUMMARY ***
Total pot 160 | Rake 0 
Board [4h 9d 5d]
Seat 1: Tyndra777 (big blind) collected (160)
Seat 2: Mahu2021 (button) (small blind) folded on the Flop



PokerStars Hand #253197603965: Tournament #3818717043, $1.84+$0.16 USD Hold'em No Limit - Level III (20/40) - 2024/11/01 6:51:30 CET [2024/11/01 1:51:30 ET]
Table '3818717043 1' 3-max Seat #1 is the button
Seat 1: Tyndra777 (778 in chips) 
Seat 2: Mahu2021 (722 in chips) 
Tyndra777: posts small blind 20
Mahu2021: posts big blind 40
*** HOLE CARDS ***
Dealt to Mahu2021 [5h 3c]
Tyndra777: raises 40 to 80
Mahu2021: folds 
Uncalled bet (40) returned to Tyndra777
Tyndra777 collected 80 from pot
Tyndra777: doesn't show hand 
*** SUMMARY ***
Total pot 80 | Rake 0 
Seat 1: Tyndra777 (button) (small blind) collected (80)
Seat 2: Mahu2021 (big blind) folded before Flop



PokerStars Hand #253197604448: Tournament #3818717043, $1.84+$0.16 USD Hold'em No Limit - Level III (20/40) - 2024/11/01 6:51:35 CET [2024/11/01 1:51:35 ET]
Table '3818717043 1' 3-max Seat #2 is the button
Seat 1: Tyndra777 (818 in chips) 
Seat 2: Mahu2021 (682 in chips) 
Mahu2021: posts small blind 20
Tyndra777: posts big blind 40
*** HOLE CARDS ***
Dealt to Mahu2021 [Js 4h]
Mahu2021: raises 40 to 80
Tyndra777: calls 40
*** FLOP *** [Kc 2d Ah]
Tyndra777: checks 
Mahu2021: bets 80
Tyndra777: raises 170 to 250
Mahu2021: folds 
Uncalled bet (170) returned to Tyndra777
Tyndra777 collected 320 from pot
Tyndra777: doesn't show hand 
*** SUMMARY ***
Total pot 320 | Rake 0 
Board [Kc 2d Ah]
Seat 1: Tyndra777 (big blind) collected (320)
Seat 2: Mahu2021 (button) (small blind) folded on the Flop



PokerStars Hand #253197605587: Tournament #3818717043, $1.84+$0.16 USD Hold'em No Limit - Level III (20/40) - 2024/11/01 6:51:49 CET [2024/11/01 1:51:49 ET]
Table '3818717043 1' 3-max Seat #1 is the button
Seat 1: Tyndra777 (978 in chips) 
Seat 2: Mahu2021 (522 in chips) 
Tyndra777: posts small blind 20
Mahu2021: posts big blind 40
*** HOLE CARDS ***
Dealt to Mahu2021 [5s Qh]
Tyndra777: calls 20
Mahu2021: checks 
*** FLOP *** [8c 5d 8h]
Mahu2021: bets 40
Tyndra777: folds 
Uncalled bet (40) returned to Mahu2021
Mahu2021 collected 80 from pot
Mahu2021: doesn't show hand 
*** SUMMARY ***
Total pot 80 | Rake 0 
Board [8c 5d 8h]
Seat 1: Tyndra777 (button) (small blind) folded on the Flop
Seat 2: Mahu2021 (big blind) collected (80)



PokerStars Hand #253197606341: Tournament #3818717043, $1.84+$0.16 USD Hold'em No Limit - Level III (20/40) - 2024/11/01 6:51:58 CET [2024/11/01 1:51:58 ET]
Table '3818717043 1' 3-max Seat #2 is the button
Seat 1: Tyndra777 (938 in chips) 
Seat 2: Mahu2021 (562 in chips) 
Mahu2021: posts small blind 20
Tyndra777: posts big blind 40
*** HOLE CARDS ***
Dealt to Mahu2021 [Jc 8h]
Mahu2021: raises 40 to 80
Tyndra777: calls 40
*** FLOP *** [Qd Qh Js]
Tyndra777: checks 
Mahu2021: bets 160
Tyndra777: folds 
Uncalled bet (160) returned to Mahu2021
Mahu2021 collected 160 from pot
Mahu2021: doesn't show hand 
*** SUMMARY ***
Total pot 160 | Rake 0 
Board [Qd Qh Js]
Seat 1: Tyndra777 (big blind) folded on the Flop
Seat 2: Mahu2021 (button) (small blind) collected (160)



PokerStars Hand #253197607211: Tournament #3818717043, $1.84+$0.16 USD Hold'em No Limit - Level III (20/40) - 2024/11/01 6:52:08 CET [2024/11/01 1:52:08 ET]
Table '3818717043 1' 3-max Seat #1 is the button
Seat 1: Tyndra777 (858 in chips) 
Seat 2: Mahu2021 (642 in chips) 
Tyndra777: posts small blind 20
Mahu2021: posts big blind 40
*** HOLE CARDS ***
Dealt to Mahu2021 [9d 2d]
Tyndra777: folds 
Uncalled bet (20) returned to Mahu2021
Mahu2021 collected 40 from pot
Mahu2021: doesn't show hand 
*** SUMMARY ***
Total pot 40 | Rake 0 
Seat 1: Tyndra777 (button) (small blind) folded before Flop
Seat 2: Mahu2021 (big blind) collected (40)



PokerStars Hand #253197607602: Tournament #3818717043, $1.84+$0.16 USD Hold'em No Limit - Level III (20/40) - 2024/11/01 6:52:12 CET [2024/11/01 1:52:12 ET]
Table '3818717043 1' 3-max Seat #2 is the button
Seat 1: Tyndra777 (838 in chips) 
Seat 2: Mahu2021 (662 in chips) 
Mahu2021: posts small blind 20
Tyndra777: posts big blind 40
*** HOLE CARDS ***
Dealt to Mahu2021 [Kd 4h]
Mahu2021: raises 40 to 80
Tyndra777: folds 
Uncalled bet (40) returned to Mahu2021
Mahu2021 collected 80 from pot
Mahu2021: doesn't show hand 
*** SUMMARY ***
Total pot 80 | Rake 0 
Seat 1: Tyndra777 (big blind) folded before Flop
Seat 2: Mahu2021 (button) (small blind) collected (80)



PokerStars Hand #253197608056: Tournament #3818717043, $1.84+$0.16 USD Hold'em No Limit - Level III (20/40) - 2024/11/01 6:52:18 CET [2024/11/01 1:52:18 ET]
Table '3818717043 1' 3-max Seat #1 is the button
Seat 1: Tyndra777 (798 in chips) 
Seat 2: Mahu2021 (702 in chips) 
Tyndra777: posts small blind 20
Mahu2021: posts big blind 40
*** HOLE CARDS ***
Dealt to Mahu2021 [5c 7s]
Tyndra777: calls 20
Mahu2021: checks 
*** FLOP *** [6c 3h 2d]
Mahu2021: checks 
Tyndra777: bets 40
Mahu2021: calls 40
*** TURN *** [6c 3h 2d] [9h]
Mahu2021: checks 
Tyndra777: checks 
*** RIVER *** [6c 3h 2d 9h] [Tc]
Mahu2021: bets 80
Tyndra777: folds 
Uncalled bet (80) returned to Mahu2021
Mahu2021 collected 160 from pot
Mahu2021: doesn't show hand 
*** SUMMARY ***
Total pot 160 | Rake 0 
Board [6c 3h 2d 9h Tc]
Seat 1: Tyndra777 (button) (small blind) folded on the River
Seat 2: Mahu2021 (big blind) collected (160)



PokerStars Hand #253197609693: Tournament #3818717043, $1.84+$0.16 USD Hold'em No Limit - Level III (20/40) - 2024/11/01 6:52:37 CET [2024/11/01 1:52:37 ET]
Table '3818717043 1' 3-max Seat #2 is the button
Seat 1: Tyndra777 (718 in chips) 
Seat 2: Mahu2021 (782 in chips) 
Mahu2021: posts small blind 20
Tyndra777: posts big blind 40
*** HOLE CARDS ***
Dealt to Mahu2021 [7s 6s]
Mahu2021: calls 20
Tyndra777: checks 
*** FLOP *** [Qh 5c Js]
Tyndra777: bets 40
Mahu2021: folds 
Uncalled bet (40) returned to Tyndra777
Tyndra777 collected 80 from pot
Tyndra777: doesn't show hand 
*** SUMMARY ***
Total pot 80 | Rake 0 
Board [Qh 5c Js]
Seat 1: Tyndra777 (big blind) collected (80)
Seat 2: Mahu2021 (button) (small blind) folded on the Flop



PokerStars Hand #253197610418: Tournament #3818717043, $1.84+$0.16 USD Hold'em No Limit - Level III (20/40) - 2024/11/01 6:52:46 CET [2024/11/01 1:52:46 ET]
Table '3818717043 1' 3-max Seat #1 is the button
Seat 1: Tyndra777 (758 in chips) 
Seat 2: Mahu2021 (742 in chips) 
Tyndra777: posts small blind 20
Mahu2021: posts big blind 40
*** HOLE CARDS ***
Dealt to Mahu2021 [2d Jc]
Tyndra777: calls 20
Mahu2021: checks 
*** FLOP *** [2s Js 4c]
Mahu2021: checks 
Tyndra777: bets 40
Mahu2021: calls 40
*** TURN *** [2s Js 4c] [6h]
Mahu2021: checks 
Tyndra777: checks 
*** RIVER *** [2s Js 4c 6h] [2c]
Mahu2021: bets 662 and is all-in
Tyndra777: folds 
Uncalled bet (662) returned to Mahu2021
Mahu2021 collected 160 from pot
Mahu2021: doesn't show hand 
*** SUMMARY ***
Total pot 160 | Rake 0 
Board [2s Js 4c 6h 2c]
Seat 1: Tyndra777 (button) (small blind) folded on the River
Seat 2: Mahu2021 (big blind) collected (160)



PokerStars Hand #253197611817: Tournament #3818717043, $1.84+$0.16 USD Hold'em No Limit - Level III (20/40) - 2024/11/01 6:53:03 CET [2024/11/01 1:53:03 ET]
Table '3818717043 1' 3-max Seat #2 is the button
Seat 1: Tyndra777 (678 in chips) 
Seat 2: Mahu2021 (822 in chips) 
Mahu2021: posts small blind 20
Tyndra777: posts big blind 40
*** HOLE CARDS ***
Dealt to Mahu2021 [2c Jc]
Mahu2021: calls 20
Tyndra777: checks 
*** FLOP *** [9s Ac 6h]
Tyndra777: checks 
Mahu2021: checks 
*** TURN *** [9s Ac 6h] [2d]
Tyndra777: checks 
Mahu2021: bets 40
Tyndra777: folds 
Uncalled bet (40) returned to Mahu2021
Mahu2021 collected 80 from pot
Mahu2021: doesn't show hand 
*** SUMMARY ***
Total pot 80 | Rake 0 
Board [9s Ac 6h 2d]
Seat 1: Tyndra777 (big blind) folded on the Turn
Seat 2: Mahu2021 (button) (small blind) collected (80)



PokerStars Hand #253197612823: Tournament #3818717043, $1.84+$0.16 USD Hold'em No Limit - Level III (20/40) - 2024/11/01 6:53:15 CET [2024/11/01 1:53:15 ET]
Table '3818717043 1' 3-max Seat #1 is the button
Seat 1: Tyndra777 (638 in chips) 
Seat 2: Mahu2021 (862 in chips) 
Tyndra777: posts small blind 20
Mahu2021: posts big blind 40
*** HOLE CARDS ***
Dealt to Mahu2021 [4h 9s]
Tyndra777: folds 
Uncalled bet (20) returned to Mahu2021
Mahu2021 collected 40 from pot
Mahu2021: doesn't show hand 
*** SUMMARY ***
Total pot 40 | Rake 0 
Seat 1: Tyndra777 (button) (small blind) folded before Flop
Seat 2: Mahu2021 (big blind) collected (40)



PokerStars Hand #253197613146: Tournament #3818717043, $1.84+$0.16 USD Hold'em No Limit - Level III (20/40) - 2024/11/01 6:53:19 CET [2024/11/01 1:53:19 ET]
Table '3818717043 1' 3-max Seat #2 is the button
Seat 1: Tyndra777 (618 in chips) 
Seat 2: Mahu2021 (882 in chips) 
Mahu2021: posts small blind 20
Tyndra777: posts big blind 40
*** HOLE CARDS ***
Dealt to Mahu2021 [Th 5s]
Mahu2021: raises 40 to 80
Tyndra777: folds 
Uncalled bet (40) returned to Mahu2021
Mahu2021 collected 80 from pot
Mahu2021: doesn't show hand 
*** SUMMARY ***
Total pot 80 | Rake 0 
Seat 1: Tyndra777 (big blind) folded before Flop
Seat 2: Mahu2021 (button) (small blind) collected (80)



PokerStars Hand #253197613536: Tournament #3818717043, $1.84+$0.16 USD Hold'em No Limit - Level III (20/40) - 2024/11/01 6:53:24 CET [2024/11/01 1:53:24 ET]
Table '3818717043 1' 3-max Seat #1 is the button
Seat 1: Tyndra777 (578 in chips) 
Seat 2: Mahu2021 (922 in chips) 
Tyndra777: posts small blind 20
Mahu2021: posts big blind 40
*** HOLE CARDS ***
Dealt to Mahu2021 [6s Ks]
Tyndra777: raises 40 to 80
Mahu2021: calls 40
*** FLOP *** [5d 5h Qc]
Mahu2021: checks 
Tyndra777: bets 40
Mahu2021: calls 40
*** TURN *** [5d 5h Qc] [9h]
Mahu2021: checks 
Tyndra777: checks 
*** RIVER *** [5d 5h Qc 9h] [Ac]
Mahu2021: checks 
Tyndra777: bets 80
Mahu2021: folds 
Uncalled bet (80) returned to Tyndra777
Tyndra777 collected 240 from pot
Tyndra777: doesn't show hand 
*** SUMMARY ***
Total pot 240 | Rake 0 
Board [5d 5h Qc 9h Ac]
Seat 1: Tyndra777 (button) (small blind) collected (240)
Seat 2: Mahu2021 (big blind) folded on the River



PokerStars Hand #253197615260: Tournament #3818717043, $1.84+$0.16 USD Hold'em No Limit - Level IV (30/60) - 2024/11/01 6:53:44 CET [2024/11/01 1:53:44 ET]
Table '3818717043 1' 3-max Seat #2 is the button
Seat 1: Tyndra777 (698 in chips) 
Seat 2: Mahu2021 (802 in chips) 
Mahu2021: posts small blind 30
Tyndra777: posts big blind 60
*** HOLE CARDS ***
Dealt to Mahu2021 [Tc 5h]
Mahu2021: raises 60 to 120
Tyndra777: raises 120 to 240
Mahu2021: folds 
Uncalled bet (120) returned to Tyndra777
Tyndra777 collected 240 from pot
Tyndra777: doesn't show hand 
*** SUMMARY ***
Total pot 240 | Rake 0 
Seat 1: Tyndra777 (big blind) collected (240)
Seat 2: Mahu2021 (button) (small blind) folded before Flop



PokerStars Hand #253197615968: Tournament #3818717043, $1.84+$0.16 USD Hold'em No Limit - Level IV (30/60) - 2024/11/01 6:53:53 CET [2024/11/01 1:53:53 ET]
Table '3818717043 1' 3-max Seat #1 is the button
Seat 1: Tyndra777 (818 in chips) 
Seat 2: Mahu2021 (682 in chips) 
Tyndra777: posts small blind 30
Mahu2021: posts big blind 60
*** HOLE CARDS ***
Dealt to Mahu2021 [Qh Qd]
Tyndra777: folds 
Uncalled bet (30) returned to Mahu2021
Mahu2021 collected 60 from pot
Mahu2021: doesn't show hand 
*** SUMMARY ***
Total pot 60 | Rake 0 
Seat 1: Tyndra777 (button) (small blind) folded before Flop
Seat 2: Mahu2021 (big blind) collected (60)



PokerStars Hand #253197616354: Tournament #3818717043, $1.84+$0.16 USD Hold'em No Limit - Level IV (30/60) - 2024/11/01 6:53:57 CET [2024/11/01 1:53:57 ET]
Table '3818717043 1' 3-max Seat #2 is the button
Seat 1: Tyndra777 (788 in chips) 
Seat 2: Mahu2021 (712 in chips) 
Mahu2021: posts small blind 30
Tyndra777: posts big blind 60
*** HOLE CARDS ***
Dealt to Mahu2021 [5c Kh]
Mahu2021: raises 60 to 120
Tyndra777: calls 60
*** FLOP *** [Ts Ad Qs]
Tyndra777: checks 
Mahu2021: checks 
*** TURN *** [Ts Ad Qs] [4d]
Tyndra777: bets 120
Mahu2021: folds 
Uncalled bet (120) returned to Tyndra777
Tyndra777 collected 240 from pot
Tyndra777: doesn't show hand 
*** SUMMARY ***
Total pot 240 | Rake 0 
Board [Ts Ad Qs 4d]
Seat 1: Tyndra777 (big blind) collected (240)
Seat 2: Mahu2021 (button) (small blind) folded on the Turn



PokerStars Hand #253197617720: Tournament #3818717043, $1.84+$0.16 USD Hold'em No Limit - Level IV (30/60) - 2024/11/01 6:54:13 CET [2024/11/01 1:54:13 ET]
Table '3818717043 1' 3-max Seat #1 is the button
Seat 1: Tyndra777 (908 in chips) 
Seat 2: Mahu2021 (592 in chips) 
Tyndra777: posts small blind 30
Mahu2021: posts big blind 60
*** HOLE CARDS ***
Dealt to Mahu2021 [5h 4d]
Tyndra777: calls 30
Mahu2021: checks 
*** FLOP *** [7c 9d 3h]
Mahu2021: checks 
Tyndra777: bets 60
Mahu2021: calls 60
*** TURN *** [7c 9d 3h] [3s]
Mahu2021: checks 
Tyndra777: bets 120
Mahu2021: folds 
Uncalled bet (120) returned to Tyndra777
Tyndra777 collected 240 from pot
Tyndra777: doesn't show hand 
*** SUMMARY ***
Total pot 240 | Rake 0 
Board [7c 9d 3h 3s]
Seat 1: Tyndra777 (button) (small blind) collected (240)
Seat 2: Mahu2021 (big blind) folded on the Turn



PokerStars Hand #253197618739: Tournament #3818717043, $1.84+$0.16 USD Hold'em No Limit - Level IV (30/60) - 2024/11/01 6:54:25 CET [2024/11/01 1:54:25 ET]
Table '3818717043 1' 3-max Seat #2 is the button
Seat 1: Tyndra777 (1028 in chips) 
Seat 2: Mahu2021 (472 in chips) 
Mahu2021: posts small blind 30
Tyndra777: posts big blind 60
*** HOLE CARDS ***
Dealt to Mahu2021 [2h 5s]
Mahu2021: folds 
Uncalled bet (30) returned to Tyndra777
Tyndra777 collected 60 from pot
Tyndra777: doesn't show hand 
*** SUMMARY ***
Total pot 60 | Rake 0 
Seat 1: Tyndra777 (big blind) collected (60)
Seat 2: Mahu2021 (button) (small blind) folded before Flop



PokerStars Hand #253197619082: Tournament #3818717043, $1.84+$0.16 USD Hold'em No Limit - Level IV (30/60) - 2024/11/01 6:54:29 CET [2024/11/01 1:54:29 ET]
Table '3818717043 1' 3-max Seat #1 is the button
Seat 1: Tyndra777 (1058 in chips) 
Seat 2: Mahu2021 (442 in chips) 
Tyndra777: posts small blind 30
Mahu2021: posts big blind 60
*** HOLE CARDS ***
Dealt to Mahu2021 [Tc Jc]
Tyndra777: raises 90 to 150
Mahu2021: calls 90
*** FLOP *** [3d As 5h]
Mahu2021: checks 
Tyndra777: bets 120
Mahu2021: folds 
Uncalled bet (120) returned to Tyndra777
Tyndra777 collected 300 from pot
Tyndra777: doesn't show hand 
*** SUMMARY ***
Total pot 300 | Rake 0 
Board [3d As 5h]
Seat 1: Tyndra777 (button) (small blind) collected (300)
Seat 2: Mahu2021 (big blind) folded on the Flop



PokerStars Hand #253197620097: Tournament #3818717043, $1.84+$0.16 USD Hold'em No Limit - Level IV (30/60) - 2024/11/01 6:54:41 CET [2024/11/01 1:54:41 ET]
Table '3818717043 1' 3-max Seat #2 is the button
Seat 1: Tyndra777 (1208 in chips) 
Seat 2: Mahu2021 (292 in chips) 
Mahu2021: posts small blind 30
Tyndra777: posts big blind 60
*** HOLE CARDS ***
Dealt to Mahu2021 [2c Ts]
Mahu2021: folds 
Uncalled bet (30) returned to Tyndra777
Tyndra777 collected 60 from pot
Tyndra777: doesn't show hand 
*** SUMMARY ***
Total pot 60 | Rake 0 
Seat 1: Tyndra777 (big blind) collected (60)
Seat 2: Mahu2021 (button) (small blind) folded before Flop



PokerStars Hand #253197620490: Tournament #3818717043, $1.84+$0.16 USD Hold'em No Limit - Level IV (30/60) - 2024/11/01 6:54:46 CET [2024/11/01 1:54:46 ET]
Table '3818717043 1' 3-max Seat #1 is the button
Seat 1: Tyndra777 (1238 in chips) 
Seat 2: Mahu2021 (262 in chips) 
Tyndra777: posts small blind 30
Mahu2021: posts big blind 60
*** HOLE CARDS ***
Dealt to Mahu2021 [5h Ad]
Tyndra777: raises 90 to 150
Mahu2021: raises 112 to 262 and is all-in
Tyndra777: calls 112
*** FLOP *** [4d As 7h]
*** TURN *** [4d As 7h] [8h]
*** RIVER *** [4d As 7h 8h] [5d]
*** SHOW DOWN ***
Mahu2021: shows [5h Ad] (two pair, Aces and Fives)
Tyndra777: shows [Ks Qc] (high card Ace)
Mahu2021 collected 524 from pot
*** SUMMARY ***
Total pot 524 | Rake 0 
Board [4d As 7h 8h 5d]
Seat 1: Tyndra777 (button) (small blind) showed [Ks Qc] and lost with high card Ace
Seat 2: Mahu2021 (big blind) showed [5h Ad] and won (524) with two pair, Aces and Fives



PokerStars Hand #253197621704: Tournament #3818717043, $1.84+$0.16 USD Hold'em No Limit - Level IV (30/60) - 2024/11/01 6:55:01 CET [2024/11/01 1:55:01 ET]
Table '3818717043 1' 3-max Seat #2 is the button
Seat 1: Tyndra777 (976 in chips) 
Seat 2: Mahu2021 (524 in chips) 
Mahu2021: posts small blind 30
Tyndra777: posts big blind 60
*** HOLE CARDS ***
Dealt to Mahu2021 [Th 8c]
Mahu2021: raises 60 to 120
Tyndra777: raises 856 to 976 and is all-in
Mahu2021: folds 
Uncalled bet (856) returned to Tyndra777
Tyndra777 collected 240 from pot
Tyndra777: doesn't show hand 
*** SUMMARY ***
Total pot 240 | Rake 0 
Seat 1: Tyndra777 (big blind) collected (240)
Seat 2: Mahu2021 (button) (small blind) folded before Flop



PokerStars Hand #253197622454: Tournament #3818717043, $1.84+$0.16 USD Hold'em No Limit - Level IV (30/60) - 2024/11/01 6:55:10 CET [2024/11/01 1:55:10 ET]
Table '3818717043 1' 3-max Seat #1 is the button
Seat 1: Tyndra777 (1096 in chips) 
Seat 2: Mahu2021 (404 in chips) 
Tyndra777: posts small blind 30
Mahu2021: posts big blind 60
*** HOLE CARDS ***
Dealt to Mahu2021 [Td Kh]
Tyndra777: folds 
Uncalled bet (30) returned to Mahu2021
Mahu2021 collected 60 from pot
Mahu2021: doesn't show hand 
*** SUMMARY ***
Total pot 60 | Rake 0 
Seat 1: Tyndra777 (button) (small blind) folded before Flop
Seat 2: Mahu2021 (big blind) collected (60)



PokerStars Hand #253197622779: Tournament #3818717043, $1.84+$0.16 USD Hold'em No Limit - Level IV (30/60) - 2024/11/01 6:55:14 CET [2024/11/01 1:55:14 ET]
Table '3818717043 1' 3-max Seat #2 is the button
Seat 1: Tyndra777 (1066 in chips) 
Seat 2: Mahu2021 (434 in chips) 
Mahu2021: posts small blind 30
Tyndra777: posts big blind 60
*** HOLE CARDS ***
Dealt to Mahu2021 [2h 5h]
Mahu2021: folds 
Uncalled bet (30) returned to Tyndra777
Tyndra777 collected 60 from pot
Tyndra777: doesn't show hand 
*** SUMMARY ***
Total pot 60 | Rake 0 
Seat 1: Tyndra777 (big blind) collected (60)
Seat 2: Mahu2021 (button) (small blind) folded before Flop



PokerStars Hand #253197623050: Tournament #3818717043, $1.84+$0.16 USD Hold'em No Limit - Level IV (30/60) - 2024/11/01 6:55:18 CET [2024/11/01 1:55:18 ET]
Table '3818717043 1' 3-max Seat #1 is the button
Seat 1: Tyndra777 (1096 in chips) 
Seat 2: Mahu2021 (404 in chips) 
Tyndra777: posts small blind 30
Mahu2021: posts big blind 60
*** HOLE CARDS ***
Dealt to Mahu2021 [5d Kd]
Tyndra777: raises 60 to 120
Mahu2021: raises 284 to 404 and is all-in
Tyndra777: folds 
Uncalled bet (284) returned to Mahu2021
Mahu2021 collected 240 from pot
Mahu2021: doesn't show hand 
*** SUMMARY ***
Total pot 240 | Rake 0 
Seat 1: Tyndra777 (button) (small blind) folded before Flop
Seat 2: Mahu2021 (big blind) collected (240)



PokerStars Hand #253197623520: Tournament #3818717043, $1.84+$0.16 USD Hold'em No Limit - Level IV (30/60) - 2024/11/01 6:55:24 CET [2024/11/01 1:55:24 ET]
Table '3818717043 1' 3-max Seat #2 is the button
Seat 1: Tyndra777 (976 in chips) 
Seat 2: Mahu2021 (524 in chips) 
Mahu2021: posts small blind 30
Tyndra777: posts big blind 60
*** HOLE CARDS ***
Dealt to Mahu2021 [3s Ts]
Mahu2021: folds 
Uncalled bet (30) returned to Tyndra777
Tyndra777 collected 60 from pot
Tyndra777: doesn't show hand 
*** SUMMARY ***
Total pot 60 | Rake 0 
Seat 1: Tyndra777 (big blind) collected (60)
Seat 2: Mahu2021 (button) (small blind) folded before Flop



PokerStars Hand #253197623850: Tournament #3818717043, $1.84+$0.16 USD Hold'em No Limit - Level IV (30/60) - 2024/11/01 6:55:29 CET [2024/11/01 1:55:29 ET]
Table '3818717043 1' 3-max Seat #1 is the button
Seat 1: Tyndra777 (1006 in chips) 
Seat 2: Mahu2021 (494 in chips) 
Tyndra777: posts small blind 30
Mahu2021: posts big blind 60
*** HOLE CARDS ***
Dealt to Mahu2021 [9c Kh]
Tyndra777: calls 30
Mahu2021: raises 180 to 240
Tyndra777: folds 
Uncalled bet (180) returned to Mahu2021
Mahu2021 collected 120 from pot
Mahu2021: doesn't show hand 
*** SUMMARY ***
Total pot 120 | Rake 0 
Seat 1: Tyndra777 (button) (small blind) folded before Flop
Seat 2: Mahu2021 (big blind) collected (120)



PokerStars Hand #253197624325: Tournament #3818717043, $1.84+$0.16 USD Hold'em No Limit - Level IV (30/60) - 2024/11/01 6:55:36 CET [2024/11/01 1:55:36 ET]
Table '3818717043 1' 3-max Seat #2 is the button
Seat 1: Tyndra777 (946 in chips) 
Seat 2: Mahu2021 (554 in chips) 
Mahu2021: posts small blind 30
Tyndra777: posts big blind 60
*** HOLE CARDS ***
Dealt to Mahu2021 [6s 9s]
Mahu2021: calls 30
Tyndra777: checks 
*** FLOP *** [4d 3c 8c]
Tyndra777: checks 
Mahu2021: checks 
*** TURN *** [4d 3c 8c] [Kh]
Tyndra777: checks 
Mahu2021: checks 
*** RIVER *** [4d 3c 8c Kh] [5s]
Tyndra777: checks 
Mahu2021: bets 60
Tyndra777: folds 
Uncalled bet (60) returned to Mahu2021
Mahu2021 collected 120 from pot
Mahu2021: doesn't show hand 
*** SUMMARY ***
Total pot 120 | Rake 0 
Board [4d 3c 8c Kh 5s]
Seat 1: Tyndra777 (big blind) folded on the River
Seat 2: Mahu2021 (button) (small blind) collected (120)



PokerStars Hand #253197625459: Tournament #3818717043, $1.84+$0.16 USD Hold'em No Limit - Level IV (30/60) - 2024/11/01 6:55:51 CET [2024/11/01 1:55:51 ET]
Table '3818717043 1' 3-max Seat #1 is the button
Seat 1: Tyndra777 (886 in chips) 
Seat 2: Mahu2021 (614 in chips) 
Tyndra777: posts small blind 30
Mahu2021: posts big blind 60
*** HOLE CARDS ***
Dealt to Mahu2021 [5h Kc]
Tyndra777: calls 30
Mahu2021: checks 
*** FLOP *** [3h 7c 5c]
Mahu2021: checks 
Tyndra777: bets 60
Mahu2021: calls 60
*** TURN *** [3h 7c 5c] [Qd]
Mahu2021: checks 
Tyndra777: bets 180
Mahu2021: folds 
Uncalled bet (180) returned to Tyndra777
Tyndra777 collected 240 from pot
Tyndra777: doesn't show hand 
*** SUMMARY ***
Total pot 240 | Rake 0 
Board [3h 7c 5c Qd]
Seat 1: Tyndra777 (button) (small blind) collected (240)
Seat 2: Mahu2021 (big blind) folded on the Turn



PokerStars Hand #253197626476: Tournament #3818717043, $1.84+$0.16 USD Hold'em No Limit - Level IV (30/60) - 2024/11/01 6:56:05 CET [2024/11/01 1:56:05 ET]
Table '3818717043 1' 3-max Seat #2 is the button
Seat 1: Tyndra777 (1006 in chips) 
Seat 2: Mahu2021 (494 in chips) 
Mahu2021: posts small blind 30
Tyndra777: posts big blind 60
*** HOLE CARDS ***
Dealt to Mahu2021 [Td 4d]
Mahu2021: folds 
Uncalled bet (30) returned to Tyndra777
Tyndra777 collected 60 from pot
Tyndra777: doesn't show hand 
*** SUMMARY ***
Total pot 60 | Rake 0 
Seat 1: Tyndra777 (big blind) collected (60)
Seat 2: Mahu2021 (button) (small blind) folded before Flop



PokerStars Hand #253197626773: Tournament #3818717043, $1.84+$0.16 USD Hold'em No Limit - Level IV (30/60) - 2024/11/01 6:56:09 CET [2024/11/01 1:56:09 ET]
Table '3818717043 1' 3-max Seat #1 is the button
Seat 1: Tyndra777 (1036 in chips) 
Seat 2: Mahu2021 (464 in chips) 
Tyndra777: posts small blind 30
Mahu2021: posts big blind 60
*** HOLE CARDS ***
Dealt to Mahu2021 [Jd 5c]
Tyndra777: calls 30
Mahu2021: checks 
*** FLOP *** [Jh 4d Kh]
Mahu2021: checks 
Tyndra777: bets 60
Mahu2021: calls 60
*** TURN *** [Jh 4d Kh] [Ks]
Mahu2021: checks 
Tyndra777: bets 60
Mahu2021: raises 284 to 344 and is all-in
Tyndra777: calls 284
*** RIVER *** [Jh 4d Kh Ks] [9h]
*** SHOW DOWN ***
Mahu2021: shows [Jd 5c] (two pair, Kings and Jacks)
Tyndra777: shows [Jc 2d] (two pair, Kings and Jacks)
Mahu2021 collected 464 from pot
Tyndra777 collected 464 from pot
*** SUMMARY ***
Total pot 928 | Rake 0 
Board [Jh 4d Kh Ks 9h]
Seat 1: Tyndra777 (button) (small blind) showed [Jc 2d] and won (464) with two pair, Kings and Jacks
Seat 2: Mahu2021 (big blind) showed [Jd 5c] and won (464) with two pair, Kings and Jacks



PokerStars Hand #253197627978: Tournament #3818717043, $1.84+$0.16 USD Hold'em No Limit - Level IV (30/60) - 2024/11/01 6:56:27 CET [2024/11/01 1:56:27 ET]
Table '3818717043 1' 3-max Seat #2 is the button
Seat 1: Tyndra777 (1036 in chips) 
Seat 2: Mahu2021 (464 in chips) 
Mahu2021: posts small blind 30
Tyndra777: posts big blind 60
*** HOLE CARDS ***
Dealt to Mahu2021 [Jc 4h]
Mahu2021: calls 30
Tyndra777: raises 976 to 1036 and is all-in
Mahu2021: folds 
Uncalled bet (976) returned to Tyndra777
Tyndra777 collected 120 from pot
Tyndra777: doesn't show hand 
*** SUMMARY ***
Total pot 120 | Rake 0 
Seat 1: Tyndra777 (big blind) collected (120)
Seat 2: Mahu2021 (button) (small blind) folded before Flop



PokerStars Hand #253197628701: Tournament #3818717043, $1.84+$0.16 USD Hold'em No Limit - Level V (40/80) - 2024/11/01 6:56:37 CET [2024/11/01 1:56:37 ET]
Table '3818717043 1' 3-max Seat #1 is the button
Seat 1: Tyndra777 (1096 in chips) 
Seat 2: Mahu2021 (404 in chips) 
Tyndra777: posts small blind 40
Mahu2021: posts big blind 80
*** HOLE CARDS ***
Dealt to Mahu2021 [Js Ah]
Tyndra777: folds 
Uncalled bet (40) returned to Mahu2021
Mahu2021 collected 80 from pot
Mahu2021: doesn't show hand 
*** SUMMARY ***
Total pot 80 | Rake 0 
Seat 1: Tyndra777 (button) (small blind) folded before Flop
Seat 2: Mahu2021 (big blind) collected (80)



PokerStars Hand #253197629013: Tournament #3818717043, $1.84+$0.16 USD Hold'em No Limit - Level V (40/80) - 2024/11/01 6:56:41 CET [2024/11/01 1:56:41 ET]
Table '3818717043 1' 3-max Seat #2 is the button
Seat 1: Tyndra777 (1056 in chips) 
Seat 2: Mahu2021 (444 in chips) 
Mahu2021: posts small blind 40
Tyndra777: posts big blind 80
*** HOLE CARDS ***
Dealt to Mahu2021 [Js 4c]
Mahu2021: raises 364 to 444 and is all-in
Tyndra777: folds 
Uncalled bet (364) returned to Mahu2021
Mahu2021 collected 160 from pot
Mahu2021: doesn't show hand 
*** SUMMARY ***
Total pot 160 | Rake 0 
Seat 1: Tyndra777 (big blind) folded before Flop
Seat 2: Mahu2021 (button) (small blind) collected (160)



PokerStars Hand #253197629570: Tournament #3818717043, $1.84+$0.16 USD Hold'em No Limit - Level V (40/80) - 2024/11/01 6:56:48 CET [2024/11/01 1:56:48 ET]
Table '3818717043 1' 3-max Seat #1 is the button
Seat 1: Tyndra777 (976 in chips) 
Seat 2: Mahu2021 (524 in chips) 
Tyndra777: posts small blind 40
Mahu2021: posts big blind 80
*** HOLE CARDS ***
Dealt to Mahu2021 [9c 2d]
Tyndra777: calls 40
Mahu2021: checks 
*** FLOP *** [3h 8c 7c]
Mahu2021: checks 
Tyndra777: bets 80
Mahu2021: folds 
Uncalled bet (80) returned to Tyndra777
Tyndra777 collected 160 from pot
Tyndra777: doesn't show hand 
*** SUMMARY ***
Total pot 160 | Rake 0 
Board [3h 8c 7c]
Seat 1: Tyndra777 (button) (small blind) collected (160)
Seat 2: Mahu2021 (big blind) folded on the Flop



PokerStars Hand #253197630180: Tournament #3818717043, $1.84+$0.16 USD Hold'em No Limit - Level V (40/80) - 2024/11/01 6:56:57 CET [2024/11/01 1:56:57 ET]
Table '3818717043 1' 3-max Seat #2 is the button
Seat 1: Tyndra777 (1056 in chips) 
Seat 2: Mahu2021 (444 in chips) 
Mahu2021: posts small blind 40
Tyndra777: posts big blind 80
*** HOLE CARDS ***
Dealt to Mahu2021 [7d 2c]
Mahu2021: folds 
Uncalled bet (40) returned to Tyndra777
Tyndra777 collected 80 from pot
Tyndra777: doesn't show hand 
*** SUMMARY ***
Total pot 80 | Rake 0 
Seat 1: Tyndra777 (big blind) collected (80)
Seat 2: Mahu2021 (button) (small blind) folded before Flop



PokerStars Hand #253197630511: Tournament #3818717043, $1.84+$0.16 USD Hold'em No Limit - Level V (40/80) - 2024/11/01 6:57:01 CET [2024/11/01 1:57:01 ET]
Table '3818717043 1' 3-max Seat #1 is the button
Seat 1: Tyndra777 (1096 in chips) 
Seat 2: Mahu2021 (404 in chips) 
Tyndra777: posts small blind 40
Mahu2021: posts big blind 80
*** HOLE CARDS ***
Dealt to Mahu2021 [4h Ks]
Tyndra777: calls 40
Mahu2021: checks 
*** FLOP *** [6d As 4s]
Mahu2021: bets 324 and is all-in
Tyndra777: folds 
Uncalled bet (324) returned to Mahu2021
Mahu2021 collected 160 from pot
Mahu2021: doesn't show hand 
*** SUMMARY ***
Total pot 160 | Rake 0 
Board [6d As 4s]
Seat 1: Tyndra777 (button) (small blind) folded on the Flop
Seat 2: Mahu2021 (big blind) collected (160)



PokerStars Hand #253197631299: Tournament #3818717043, $1.84+$0.16 USD Hold'em No Limit - Level V (40/80) - 2024/11/01 6:57:12 CET [2024/11/01 1:57:12 ET]
Table '3818717043 1' 3-max Seat #2 is the button
Seat 1: Tyndra777 (1016 in chips) 
Seat 2: Mahu2021 (484 in chips) 
Mahu2021: posts small blind 40
Tyndra777: posts big blind 80
*** HOLE CARDS ***
Dealt to Mahu2021 [As 8d]
Mahu2021: raises 404 to 484 and is all-in
Tyndra777: calls 404
*** FLOP *** [Jh 2h 8h]
*** TURN *** [Jh 2h 8h] [3s]
*** RIVER *** [Jh 2h 8h 3s] [8s]
*** SHOW DOWN ***
Tyndra777: shows [Ks Tc] (a pair of Eights)
Mahu2021: shows [As 8d] (three of a kind, Eights)
Mahu2021 collected 968 from pot
*** SUMMARY ***
Total pot 968 | Rake 0 
Board [Jh 2h 8h 3s 8s]
Seat 1: Tyndra777 (big blind) showed [Ks Tc] and lost with a pair of Eights
Seat 2: Mahu2021 (button) (small blind) showed [As 8d] and won (968) with three of a kind, Eights



PokerStars Hand #253197632157: Tournament #3818717043, $1.84+$0.16 USD Hold'em No Limit - Level V (40/80) - 2024/11/01 6:57:25 CET [2024/11/01 1:57:25 ET]
Table '3818717043 1' 3-max Seat #1 is the button
Seat 1: Tyndra777 (532 in chips) 
Seat 2: Mahu2021 (968 in chips) 
Tyndra777: posts small blind 40
Mahu2021: posts big blind 80
*** HOLE CARDS ***
Dealt to Mahu2021 [Qh Tc]
Tyndra777: raises 80 to 160
Mahu2021: calls 80
*** FLOP *** [Td Qc Kd]
Mahu2021: checks 
Tyndra777: bets 80
Mahu2021: raises 160 to 240
Tyndra777: raises 132 to 372 and is all-in
Mahu2021: calls 132
*** TURN *** [Td Qc Kd] [Jc]
*** RIVER *** [Td Qc Kd Jc] [9s]
*** SHOW DOWN ***
Mahu2021: shows [Qh Tc] (a straight, Nine to King)
Tyndra777: shows [Qd As] (a straight, Ten to Ace)
Tyndra777 collected 1064 from pot
*** SUMMARY ***
Total pot 1064 | Rake 0 
Board [Td Qc Kd Jc 9s]
Seat 1: Tyndra777 (button) (small blind) showed [Qd As] and won (1064) with a straight, Ten to Ace
Seat 2: Mahu2021 (big blind) showed [Qh Tc] and lost with a straight, Nine to King



PokerStars Hand #253197633495: Tournament #3818717043, $1.84+$0.16 USD Hold'em No Limit - Level V (40/80) - 2024/11/01 6:57:43 CET [2024/11/01 1:57:43 ET]
Table '3818717043 1' 3-max Seat #2 is the button
Seat 1: Tyndra777 (1064 in chips) 
Seat 2: Mahu2021 (436 in chips) 
Mahu2021: posts small blind 40
Tyndra777: posts big blind 80
*** HOLE CARDS ***
Dealt to Mahu2021 [Ac Js]
Mahu2021: raises 80 to 160
Tyndra777: calls 80
*** FLOP *** [8c Th 9h]
Tyndra777: bets 307
Mahu2021: calls 276 and is all-in
Uncalled bet (31) returned to Tyndra777
*** TURN *** [8c Th 9h] [8h]
*** RIVER *** [8c Th 9h 8h] [4c]
*** SHOW DOWN ***
Tyndra777: shows [4s 9s] (two pair, Nines and Eights)
Mahu2021: shows [Ac Js] (a pair of Eights)
Tyndra777 collected 872 from pot
Mahu2021 finished the tournament in 2nd place
Tyndra777 wins the tournament and receives $6.00 - congratulations!
*** SUMMARY ***
Total pot 872 | Rake 0 
Board [8c Th 9h 8h 4c]
Seat 1: Tyndra777 (big blind) showed [4s 9s] and won (872) with two pair, Nines and Eights
Seat 2: Mahu2021 (button) (small blind) showed [Ac Js] and lost with a pair of Eights



