PokerStars Hand #245924700492: Tournament #3644091707, $0.92+$0.08 USD Hold'em No Limit - Level I (10/20) - 2023/09/12 21:56:22 CET [2023/09/12 15:56:22 ET]
Table '3644091707 1' 3-max Seat #1 is the button
Seat 1: fullion (500 in chips) 
Seat 2: Mahu2021 (500 in chips) 
Seat 3: DiiinhoP (500 in chips) 
Mahu2021: posts small blind 10
DiiinhoP: posts big blind 20
*** HOLE CARDS ***
Dealt to Mahu2021 [9h Kd]
fullion: calls 20
Mahu2021: calls 10
DiiinhoP: raises 60 to 80
fullion: calls 60
Mahu2021: folds 
*** FLOP *** [8s 9s 7s]
DiiinhoP: bets 90
fullion: folds 
Uncalled bet (90) returned to DiiinhoP
DiiinhoP collected 180 from pot
DiiinhoP: doesn't show hand 
*** SUMMARY ***
Total pot 180 | Rake 0 
Board [8s 9s 7s]
Seat 1: fullion (button) folded on the Flop
Seat 2: Mahu2021 (small blind) folded before Flop
Seat 3: DiiinhoP (big blind) collected (180)



PokerStars Hand #245924704924: Tournament #3644091707, $0.92+$0.08 USD Hold'em No Limit - Level I (10/20) - 2023/09/12 21:56:39 CET [2023/09/12 15:56:39 ET]
Table '3644091707 1' 3-max Seat #2 is the button
Seat 1: fullion (420 in chips) 
Seat 2: Mahu2021 (480 in chips) 
Seat 3: DiiinhoP (600 in chips) 
DiiinhoP: posts small blind 10
fullion: posts big blind 20
*** HOLE CARDS ***
Dealt to Mahu2021 [6s Kc]
Mahu2021: folds 
DiiinhoP: folds 
Uncalled bet (10) returned to fullion
fullion collected 20 from pot
fullion: doesn't show hand 
*** SUMMARY ***
Total pot 20 | Rake 0 
Seat 1: fullion (big blind) collected (20)
Seat 2: Mahu2021 (button) folded before Flop (didn't bet)
Seat 3: DiiinhoP (small blind) folded before Flop



PokerStars Hand #245924706419: Tournament #3644091707, $0.92+$0.08 USD Hold'em No Limit - Level I (10/20) - 2023/09/12 21:56:45 CET [2023/09/12 15:56:45 ET]
Table '3644091707 1' 3-max Seat #3 is the button
Seat 1: fullion (430 in chips) 
Seat 2: Mahu2021 (480 in chips) 
Seat 3: DiiinhoP (590 in chips) 
fullion: posts small blind 10
Mahu2021: posts big blind 20
*** HOLE CARDS ***
Dealt to Mahu2021 [4c 2h]
DiiinhoP: folds 
fullion: calls 10
Mahu2021: checks 
*** FLOP *** [5h 3d Kh]
fullion: bets 20
Mahu2021: calls 20
*** TURN *** [5h 3d Kh] [9s]
fullion: bets 20
Mahu2021: calls 20
*** RIVER *** [5h 3d Kh 9s] [Ac]
fullion: bets 120
Mahu2021: raises 300 to 420 and is all-in
fullion: folds 
Uncalled bet (300) returned to Mahu2021
Mahu2021 collected 360 from pot
Mahu2021: doesn't show hand 
*** SUMMARY ***
Total pot 360 | Rake 0 
Board [5h 3d Kh 9s Ac]
Seat 1: fullion (small blind) folded on the River
Seat 2: Mahu2021 (big blind) collected (360)
Seat 3: DiiinhoP (button) folded before Flop (didn't bet)



PokerStars Hand #245924711402: Tournament #3644091707, $0.92+$0.08 USD Hold'em No Limit - Level I (10/20) - 2023/09/12 21:57:04 CET [2023/09/12 15:57:04 ET]
Table '3644091707 1' 3-max Seat #1 is the button
Seat 1: fullion (250 in chips) 
Seat 2: Mahu2021 (660 in chips) 
Seat 3: DiiinhoP (590 in chips) 
Mahu2021: posts small blind 10
DiiinhoP: posts big blind 20
*** HOLE CARDS ***
Dealt to Mahu2021 [6s 5s]
fullion: folds 
Mahu2021: calls 10
DiiinhoP: checks 
*** FLOP *** [6d As Ah]
Mahu2021: bets 20
DiiinhoP: folds 
Uncalled bet (20) returned to Mahu2021
Mahu2021 collected 40 from pot
Mahu2021: doesn't show hand 
*** SUMMARY ***
Total pot 40 | Rake 0 
Board [6d As Ah]
Seat 1: fullion (button) folded before Flop (didn't bet)
Seat 2: Mahu2021 (small blind) collected (40)
Seat 3: DiiinhoP (big blind) folded on the Flop



PokerStars Hand #245924716790: Tournament #3644091707, $0.92+$0.08 USD Hold'em No Limit - Level I (10/20) - 2023/09/12 21:57:24 CET [2023/09/12 15:57:24 ET]
Table '3644091707 1' 3-max Seat #2 is the button
Seat 1: fullion (250 in chips) 
Seat 2: Mahu2021 (680 in chips) 
Seat 3: DiiinhoP (570 in chips) 
DiiinhoP: posts small blind 10
fullion: posts big blind 20
*** HOLE CARDS ***
Dealt to Mahu2021 [4d 3d]
Mahu2021: raises 20 to 40
DiiinhoP: raises 100 to 140
fullion: folds 
Mahu2021: folds 
Uncalled bet (100) returned to DiiinhoP
DiiinhoP collected 100 from pot
DiiinhoP: doesn't show hand 
*** SUMMARY ***
Total pot 100 | Rake 0 
Seat 1: fullion (big blind) folded before Flop
Seat 2: Mahu2021 (button) folded before Flop
Seat 3: DiiinhoP (small blind) collected (100)



PokerStars Hand #245924720275: Tournament #3644091707, $0.92+$0.08 USD Hold'em No Limit - Level I (10/20) - 2023/09/12 21:57:37 CET [2023/09/12 15:57:37 ET]
Table '3644091707 1' 3-max Seat #3 is the button
Seat 1: fullion (230 in chips) 
Seat 2: Mahu2021 (640 in chips) 
Seat 3: DiiinhoP (630 in chips) 
fullion: posts small blind 10
Mahu2021: posts big blind 20
*** HOLE CARDS ***
Dealt to Mahu2021 [Ks 7s]
DiiinhoP: folds 
fullion: raises 210 to 230 and is all-in
Mahu2021: folds 
Uncalled bet (210) returned to fullion
fullion collected 40 from pot
fullion: doesn't show hand 
*** SUMMARY ***
Total pot 40 | Rake 0 
Seat 1: fullion (small blind) collected (40)
Seat 2: Mahu2021 (big blind) folded before Flop
Seat 3: DiiinhoP (button) folded before Flop (didn't bet)



PokerStars Hand #245924722964: Tournament #3644091707, $0.92+$0.08 USD Hold'em No Limit - Level I (10/20) - 2023/09/12 21:57:48 CET [2023/09/12 15:57:48 ET]
Table '3644091707 1' 3-max Seat #1 is the button
Seat 1: fullion (250 in chips) 
Seat 2: Mahu2021 (620 in chips) 
Seat 3: DiiinhoP (630 in chips) 
Mahu2021: posts small blind 10
DiiinhoP: posts big blind 20
*** HOLE CARDS ***
Dealt to Mahu2021 [6d Qs]
fullion: folds 
Mahu2021: folds 
Uncalled bet (10) returned to DiiinhoP
DiiinhoP collected 20 from pot
DiiinhoP: doesn't show hand 
*** SUMMARY ***
Total pot 20 | Rake 0 
Seat 1: fullion (button) folded before Flop (didn't bet)
Seat 2: Mahu2021 (small blind) folded before Flop
Seat 3: DiiinhoP (big blind) collected (20)



PokerStars Hand #245924724202: Tournament #3644091707, $0.92+$0.08 USD Hold'em No Limit - Level I (10/20) - 2023/09/12 21:57:53 CET [2023/09/12 15:57:53 ET]
Table '3644091707 1' 3-max Seat #2 is the button
Seat 1: fullion (250 in chips) 
Seat 2: Mahu2021 (610 in chips) 
Seat 3: DiiinhoP (640 in chips) 
DiiinhoP: posts small blind 10
fullion: posts big blind 20
*** HOLE CARDS ***
Dealt to Mahu2021 [2s 4c]
Mahu2021: folds 
DiiinhoP: raises 20 to 40
fullion: calls 20
*** FLOP *** [2c Js 4s]
DiiinhoP: checks 
fullion: bets 20
DiiinhoP: calls 20
*** TURN *** [2c Js 4s] [2d]
DiiinhoP: checks 
fullion: bets 20
DiiinhoP: calls 20
*** RIVER *** [2c Js 4s 2d] [Td]
DiiinhoP: checks 
fullion: bets 80
DiiinhoP: folds 
Uncalled bet (80) returned to fullion
fullion collected 160 from pot
fullion: doesn't show hand 
*** SUMMARY ***
Total pot 160 | Rake 0 
Board [2c Js 4s 2d Td]
Seat 1: fullion (big blind) collected (160)
Seat 2: Mahu2021 (button) folded before Flop (didn't bet)
Seat 3: DiiinhoP (small blind) folded on the River



PokerStars Hand #245924731405: Tournament #3644091707, $0.92+$0.08 USD Hold'em No Limit - Level I (10/20) - 2023/09/12 21:58:20 CET [2023/09/12 15:58:20 ET]
Table '3644091707 1' 3-max Seat #3 is the button
Seat 1: fullion (330 in chips) 
Seat 2: Mahu2021 (610 in chips) 
Seat 3: DiiinhoP (560 in chips) 
fullion: posts small blind 10
Mahu2021: posts big blind 20
*** HOLE CARDS ***
Dealt to Mahu2021 [9c 5c]
DiiinhoP: folds 
fullion: folds 
Uncalled bet (10) returned to Mahu2021
Mahu2021 collected 20 from pot
Mahu2021: doesn't show hand 
*** SUMMARY ***
Total pot 20 | Rake 0 
Seat 1: fullion (small blind) folded before Flop
Seat 2: Mahu2021 (big blind) collected (20)
Seat 3: DiiinhoP (button) folded before Flop (didn't bet)



PokerStars Hand #245924733291: Tournament #3644091707, $0.92+$0.08 USD Hold'em No Limit - Level I (10/20) - 2023/09/12 21:58:28 CET [2023/09/12 15:58:28 ET]
Table '3644091707 1' 3-max Seat #1 is the button
Seat 1: fullion (320 in chips) 
Seat 2: Mahu2021 (620 in chips) 
Seat 3: DiiinhoP (560 in chips) 
Mahu2021: posts small blind 10
DiiinhoP: posts big blind 20
*** HOLE CARDS ***
Dealt to Mahu2021 [6c Ks]
fullion: calls 20
Mahu2021: calls 10
DiiinhoP: checks 
*** FLOP *** [Td 5c 5h]
Mahu2021: checks 
DiiinhoP: checks 
fullion: checks 
*** TURN *** [Td 5c 5h] [4c]
Mahu2021: checks 
DiiinhoP: checks 
fullion: checks 
*** RIVER *** [Td 5c 5h 4c] [5s]
Mahu2021: checks 
DiiinhoP: checks 
fullion: checks 
*** SHOW DOWN ***
Mahu2021: shows [6c Ks] (three of a kind, Fives)
DiiinhoP: mucks hand 
fullion: mucks hand 
Mahu2021 collected 60 from pot
*** SUMMARY ***
Total pot 60 | Rake 0 
Board [Td 5c 5h 4c 5s]
Seat 1: fullion (button) mucked [8c Jd]
Seat 2: Mahu2021 (small blind) showed [6c Ks] and won (60) with three of a kind, Fives
Seat 3: DiiinhoP (big blind) mucked [3h Jh]



PokerStars Hand #245924739773: Tournament #3644091707, $0.92+$0.08 USD Hold'em No Limit - Level I (10/20) - 2023/09/12 21:58:52 CET [2023/09/12 15:58:52 ET]
Table '3644091707 1' 3-max Seat #2 is the button
Seat 1: fullion (300 in chips) 
Seat 2: Mahu2021 (660 in chips) 
Seat 3: DiiinhoP (540 in chips) 
DiiinhoP: posts small blind 10
fullion: posts big blind 20
*** HOLE CARDS ***
Dealt to Mahu2021 [Kd 8h]
Mahu2021: raises 20 to 40
DiiinhoP: raises 500 to 540 and is all-in
fullion: calls 280 and is all-in
Mahu2021: folds 
Uncalled bet (240) returned to DiiinhoP
*** FLOP *** [3h Ad Qs]
*** TURN *** [3h Ad Qs] [6h]
*** RIVER *** [3h Ad Qs 6h] [6d]
*** SHOW DOWN ***
DiiinhoP: shows [5d 5h] (two pair, Sixes and Fives)
fullion: shows [9c 9d] (two pair, Nines and Sixes)
fullion collected 640 from pot
*** SUMMARY ***
Total pot 640 | Rake 0 
Board [3h Ad Qs 6h 6d]
Seat 1: fullion (big blind) showed [9c 9d] and won (640) with two pair, Nines and Sixes
Seat 2: Mahu2021 (button) folded before Flop
Seat 3: DiiinhoP (small blind) showed [5d 5h] and lost with two pair, Sixes and Fives



PokerStars Hand #245924743770: Tournament #3644091707, $0.92+$0.08 USD Hold'em No Limit - Level I (10/20) - 2023/09/12 21:59:08 CET [2023/09/12 15:59:08 ET]
Table '3644091707 1' 3-max Seat #3 is the button
Seat 1: fullion (640 in chips) 
Seat 2: Mahu2021 (620 in chips) 
Seat 3: DiiinhoP (240 in chips) 
fullion: posts small blind 10
Mahu2021: posts big blind 20
*** HOLE CARDS ***
Dealt to Mahu2021 [9c 7s]
DiiinhoP: raises 220 to 240 and is all-in
fullion: folds 
Mahu2021: folds 
Uncalled bet (220) returned to DiiinhoP
DiiinhoP collected 50 from pot
DiiinhoP: doesn't show hand 
*** SUMMARY ***
Total pot 50 | Rake 0 
Seat 1: fullion (small blind) folded before Flop
Seat 2: Mahu2021 (big blind) folded before Flop
Seat 3: DiiinhoP (button) collected (50)



PokerStars Hand #245924746041: Tournament #3644091707, $0.92+$0.08 USD Hold'em No Limit - Level I (10/20) - 2023/09/12 21:59:16 CET [2023/09/12 15:59:16 ET]
Table '3644091707 1' 3-max Seat #1 is the button
Seat 1: fullion (630 in chips) 
Seat 2: Mahu2021 (600 in chips) 
Seat 3: DiiinhoP (270 in chips) 
Mahu2021: posts small blind 10
DiiinhoP: posts big blind 20
*** HOLE CARDS ***
Dealt to Mahu2021 [6s 9s]
fullion: folds 
Mahu2021: calls 10
DiiinhoP: raises 40 to 60
Mahu2021: calls 40
*** FLOP *** [2h 4d 5d]
Mahu2021: checks 
DiiinhoP: bets 60
Mahu2021: folds 
Uncalled bet (60) returned to DiiinhoP
DiiinhoP collected 120 from pot
DiiinhoP: doesn't show hand 
*** SUMMARY ***
Total pot 120 | Rake 0 
Board [2h 4d 5d]
Seat 1: fullion (button) folded before Flop (didn't bet)
Seat 2: Mahu2021 (small blind) folded on the Flop
Seat 3: DiiinhoP (big blind) collected (120)



PokerStars Hand #245924751455: Tournament #3644091707, $0.92+$0.08 USD Hold'em No Limit - Level II (15/30) - 2023/09/12 21:59:37 CET [2023/09/12 15:59:37 ET]
Table '3644091707 1' 3-max Seat #2 is the button
Seat 1: fullion (630 in chips) 
Seat 2: Mahu2021 (540 in chips) 
Seat 3: DiiinhoP (330 in chips) 
DiiinhoP: posts small blind 15
fullion: posts big blind 30
*** HOLE CARDS ***
Dealt to Mahu2021 [9d 8c]
Mahu2021: folds 
DiiinhoP: raises 30 to 60
fullion: raises 570 to 630 and is all-in
DiiinhoP: calls 270 and is all-in
Uncalled bet (300) returned to fullion
*** FLOP *** [4h 5h 3c]
*** TURN *** [4h 5h 3c] [Ah]
*** RIVER *** [4h 5h 3c Ah] [Td]
*** SHOW DOWN ***
DiiinhoP: shows [Qc Jc] (high card Ace)
fullion: shows [6d 6c] (a pair of Sixes)
fullion collected 660 from pot
DiiinhoP finished the tournament in 3rd place
*** SUMMARY ***
Total pot 660 | Rake 0 
Board [4h 5h 3c Ah Td]
Seat 1: fullion (big blind) showed [6d 6c] and won (660) with a pair of Sixes
Seat 2: Mahu2021 (button) folded before Flop (didn't bet)
Seat 3: DiiinhoP (small blind) showed [Qc Jc] and lost with high card Ace



PokerStars Hand #245924756426: Tournament #3644091707, $0.92+$0.08 USD Hold'em No Limit - Level II (15/30) - 2023/09/12 21:59:56 CET [2023/09/12 15:59:56 ET]
Table '3644091707 1' 3-max Seat #1 is the button
Seat 1: fullion (960 in chips) 
Seat 2: Mahu2021 (540 in chips) 
fullion: posts small blind 15
Mahu2021: posts big blind 30
*** HOLE CARDS ***
Dealt to Mahu2021 [9s Ts]
fullion: calls 15
Mahu2021: checks 
*** FLOP *** [8s 4s Tc]
Mahu2021: bets 30
fullion: raises 120 to 150
Mahu2021: raises 360 to 510 and is all-in
fullion: calls 360
*** TURN *** [8s 4s Tc] [Jd]
*** RIVER *** [8s 4s Tc Jd] [5s]
*** SHOW DOWN ***
Mahu2021: shows [9s Ts] (a flush, Ten high)
fullion: shows [Th 8c] (two pair, Tens and Eights)
Mahu2021 collected 1080 from pot
*** SUMMARY ***
Total pot 1080 | Rake 0 
Board [8s 4s Tc Jd 5s]
Seat 1: fullion (button) (small blind) showed [Th 8c] and lost with two pair, Tens and Eights
Seat 2: Mahu2021 (big blind) showed [9s Ts] and won (1080) with a flush, Ten high



PokerStars Hand #245924761468: Tournament #3644091707, $0.92+$0.08 USD Hold'em No Limit - Level II (15/30) - 2023/09/12 22:00:13 CET [2023/09/12 16:00:13 ET]
Table '3644091707 1' 3-max Seat #2 is the button
Seat 1: fullion (420 in chips) 
Seat 2: Mahu2021 (1080 in chips) 
Mahu2021: posts small blind 15
fullion: posts big blind 30
*** HOLE CARDS ***
Dealt to Mahu2021 [Jd 3d]
Mahu2021: calls 15
fullion: raises 390 to 420 and is all-in
Mahu2021: folds 
Uncalled bet (390) returned to fullion
fullion collected 60 from pot
fullion: doesn't show hand 
*** SUMMARY ***
Total pot 60 | Rake 0 
Seat 1: fullion (big blind) collected (60)
Seat 2: Mahu2021 (button) (small blind) folded before Flop



PokerStars Hand #245924763650: Tournament #3644091707, $0.92+$0.08 USD Hold'em No Limit - Level II (15/30) - 2023/09/12 22:00:21 CET [2023/09/12 16:00:21 ET]
Table '3644091707 1' 3-max Seat #1 is the button
Seat 1: fullion (450 in chips) 
Seat 2: Mahu2021 (1050 in chips) 
fullion: posts small blind 15
Mahu2021: posts big blind 30
*** HOLE CARDS ***
Dealt to Mahu2021 [7h Kd]
fullion: raises 420 to 450 and is all-in
Mahu2021: folds 
Uncalled bet (420) returned to fullion
fullion collected 60 from pot
fullion: doesn't show hand 
*** SUMMARY ***
Total pot 60 | Rake 0 
Seat 1: fullion (button) (small blind) collected (60)
Seat 2: Mahu2021 (big blind) folded before Flop



PokerStars Hand #245924765302: Tournament #3644091707, $0.92+$0.08 USD Hold'em No Limit - Level II (15/30) - 2023/09/12 22:00:27 CET [2023/09/12 16:00:27 ET]
Table '3644091707 1' 3-max Seat #2 is the button
Seat 1: fullion (480 in chips) 
Seat 2: Mahu2021 (1020 in chips) 
Mahu2021: posts small blind 15
fullion: posts big blind 30
*** HOLE CARDS ***
Dealt to Mahu2021 [8h 3s]
Mahu2021: folds 
Uncalled bet (15) returned to fullion
fullion collected 30 from pot
fullion: doesn't show hand 
*** SUMMARY ***
Total pot 30 | Rake 0 
Seat 1: fullion (big blind) collected (30)
Seat 2: Mahu2021 (button) (small blind) folded before Flop



PokerStars Hand #245924766432: Tournament #3644091707, $0.92+$0.08 USD Hold'em No Limit - Level II (15/30) - 2023/09/12 22:00:31 CET [2023/09/12 16:00:31 ET]
Table '3644091707 1' 3-max Seat #1 is the button
Seat 1: fullion (495 in chips) 
Seat 2: Mahu2021 (1005 in chips) 
fullion: posts small blind 15
Mahu2021: posts big blind 30
*** HOLE CARDS ***
Dealt to Mahu2021 [Qh Qd]
fullion: folds 
Uncalled bet (15) returned to Mahu2021
Mahu2021 collected 30 from pot
Mahu2021: doesn't show hand 
*** SUMMARY ***
Total pot 30 | Rake 0 
Seat 1: fullion (button) (small blind) folded before Flop
Seat 2: Mahu2021 (big blind) collected (30)



PokerStars Hand #245924767620: Tournament #3644091707, $0.92+$0.08 USD Hold'em No Limit - Level II (15/30) - 2023/09/12 22:00:35 CET [2023/09/12 16:00:35 ET]
Table '3644091707 1' 3-max Seat #2 is the button
Seat 1: fullion (480 in chips) 
Seat 2: Mahu2021 (1020 in chips) 
Mahu2021: posts small blind 15
fullion: posts big blind 30
*** HOLE CARDS ***
Dealt to Mahu2021 [6s 7h]
Mahu2021: calls 15
fullion: checks 
*** FLOP *** [3h 8s 8h]
fullion: checks 
Mahu2021: checks 
*** TURN *** [3h 8s 8h] [7s]
fullion: checks 
Mahu2021: bets 30
fullion: calls 30
*** RIVER *** [3h 8s 8h 7s] [4d]
fullion: checks 
Mahu2021: checks 
*** SHOW DOWN ***
fullion: shows [9d Jc] (a pair of Eights)
Mahu2021: shows [6s 7h] (two pair, Eights and Sevens)
Mahu2021 collected 120 from pot
*** SUMMARY ***
Total pot 120 | Rake 0 
Board [3h 8s 8h 7s 4d]
Seat 1: fullion (big blind) showed [9d Jc] and lost with a pair of Eights
Seat 2: Mahu2021 (button) (small blind) showed [6s 7h] and won (120) with two pair, Eights and Sevens



PokerStars Hand #245924772098: Tournament #3644091707, $0.92+$0.08 USD Hold'em No Limit - Level II (15/30) - 2023/09/12 22:00:50 CET [2023/09/12 16:00:50 ET]
Table '3644091707 1' 3-max Seat #1 is the button
Seat 1: fullion (420 in chips) 
Seat 2: Mahu2021 (1080 in chips) 
fullion: posts small blind 15
Mahu2021: posts big blind 30
*** HOLE CARDS ***
Dealt to Mahu2021 [7c 6c]
fullion: folds 
Uncalled bet (15) returned to Mahu2021
Mahu2021 collected 30 from pot
Mahu2021: doesn't show hand 
*** SUMMARY ***
Total pot 30 | Rake 0 
Seat 1: fullion (button) (small blind) folded before Flop
Seat 2: Mahu2021 (big blind) collected (30)



PokerStars Hand #245924773468: Tournament #3644091707, $0.92+$0.08 USD Hold'em No Limit - Level II (15/30) - 2023/09/12 22:00:55 CET [2023/09/12 16:00:55 ET]
Table '3644091707 1' 3-max Seat #2 is the button
Seat 1: fullion (405 in chips) 
Seat 2: Mahu2021 (1095 in chips) 
Mahu2021: posts small blind 15
fullion: posts big blind 30
*** HOLE CARDS ***
Dealt to Mahu2021 [2d 8d]
Mahu2021: folds 
Uncalled bet (15) returned to fullion
fullion collected 30 from pot
fullion: doesn't show hand 
*** SUMMARY ***
Total pot 30 | Rake 0 
Seat 1: fullion (big blind) collected (30)
Seat 2: Mahu2021 (button) (small blind) folded before Flop



PokerStars Hand #245924774869: Tournament #3644091707, $0.92+$0.08 USD Hold'em No Limit - Level II (15/30) - 2023/09/12 22:00:59 CET [2023/09/12 16:00:59 ET]
Table '3644091707 1' 3-max Seat #1 is the button
Seat 1: fullion (420 in chips) 
Seat 2: Mahu2021 (1080 in chips) 
fullion: posts small blind 15
Mahu2021: posts big blind 30
*** HOLE CARDS ***
Dealt to Mahu2021 [7s Kc]
fullion: calls 15
Mahu2021: checks 
*** FLOP *** [2h Ad Td]
Mahu2021: checks 
fullion: bets 30
Mahu2021: folds 
Uncalled bet (30) returned to fullion
fullion collected 60 from pot
fullion: doesn't show hand 
*** SUMMARY ***
Total pot 60 | Rake 0 
Board [2h Ad Td]
Seat 1: fullion (button) (small blind) collected (60)
Seat 2: Mahu2021 (big blind) folded on the Flop



PokerStars Hand #245924778159: Tournament #3644091707, $0.92+$0.08 USD Hold'em No Limit - Level II (15/30) - 2023/09/12 22:01:10 CET [2023/09/12 16:01:10 ET]
Table '3644091707 1' 3-max Seat #2 is the button
Seat 1: fullion (450 in chips) 
Seat 2: Mahu2021 (1050 in chips) 
Mahu2021: posts small blind 15
fullion: posts big blind 30
*** HOLE CARDS ***
Dealt to Mahu2021 [8h As]
Mahu2021: raises 30 to 60
fullion: folds 
Uncalled bet (30) returned to Mahu2021
Mahu2021 collected 60 from pot
Mahu2021: doesn't show hand 
*** SUMMARY ***
Total pot 60 | Rake 0 
Seat 1: fullion (big blind) folded before Flop
Seat 2: Mahu2021 (button) (small blind) collected (60)



PokerStars Hand #245924779999: Tournament #3644091707, $0.92+$0.08 USD Hold'em No Limit - Level II (15/30) - 2023/09/12 22:01:16 CET [2023/09/12 16:01:16 ET]
Table '3644091707 1' 3-max Seat #1 is the button
Seat 1: fullion (420 in chips) 
Seat 2: Mahu2021 (1080 in chips) 
fullion: posts small blind 15
Mahu2021: posts big blind 30
*** HOLE CARDS ***
Dealt to Mahu2021 [2s Ah]
fullion: calls 15
Mahu2021: checks 
*** FLOP *** [9d 7d 2c]
Mahu2021: checks 
fullion: checks 
*** TURN *** [9d 7d 2c] [7c]
Mahu2021: checks 
fullion: checks 
*** RIVER *** [9d 7d 2c 7c] [Kc]
Mahu2021: checks 
fullion: checks 
*** SHOW DOWN ***
Mahu2021: shows [2s Ah] (two pair, Sevens and Deuces)
fullion: mucks hand 
Mahu2021 collected 60 from pot
*** SUMMARY ***
Total pot 60 | Rake 0 
Board [9d 7d 2c 7c Kc]
Seat 1: fullion (button) (small blind) mucked [As 4d]
Seat 2: Mahu2021 (big blind) showed [2s Ah] and won (60) with two pair, Sevens and Deuces



PokerStars Hand #245924783359: Tournament #3644091707, $0.92+$0.08 USD Hold'em No Limit - Level II (15/30) - 2023/09/12 22:01:27 CET [2023/09/12 16:01:27 ET]
Table '3644091707 1' 3-max Seat #2 is the button
Seat 1: fullion (390 in chips) 
Seat 2: Mahu2021 (1110 in chips) 
Mahu2021: posts small blind 15
fullion: posts big blind 30
*** HOLE CARDS ***
Dealt to Mahu2021 [3c 6d]
Mahu2021: calls 15
fullion: checks 
*** FLOP *** [8s 3h 4d]
fullion: checks 
Mahu2021: bets 30
fullion: folds 
Uncalled bet (30) returned to Mahu2021
Mahu2021 collected 60 from pot
Mahu2021: doesn't show hand 
*** SUMMARY ***
Total pot 60 | Rake 0 
Board [8s 3h 4d]
Seat 1: fullion (big blind) folded on the Flop
Seat 2: Mahu2021 (button) (small blind) collected (60)



PokerStars Hand #245924787369: Tournament #3644091707, $0.92+$0.08 USD Hold'em No Limit - Level II (15/30) - 2023/09/12 22:01:38 CET [2023/09/12 16:01:38 ET]
Table '3644091707 1' 3-max Seat #1 is the button
Seat 1: fullion (360 in chips) 
Seat 2: Mahu2021 (1140 in chips) 
fullion: posts small blind 15
Mahu2021: posts big blind 30
*** HOLE CARDS ***
Dealt to Mahu2021 [8c 5d]
fullion: raises 60 to 90
Mahu2021: folds 
Uncalled bet (60) returned to fullion
fullion collected 60 from pot
fullion: doesn't show hand 
*** SUMMARY ***
Total pot 60 | Rake 0 
Seat 1: fullion (button) (small blind) collected (60)
Seat 2: Mahu2021 (big blind) folded before Flop



PokerStars Hand #245924789081: Tournament #3644091707, $0.92+$0.08 USD Hold'em No Limit - Level II (15/30) - 2023/09/12 22:01:43 CET [2023/09/12 16:01:43 ET]
Table '3644091707 1' 3-max Seat #2 is the button
Seat 1: fullion (390 in chips) 
Seat 2: Mahu2021 (1110 in chips) 
Mahu2021: posts small blind 15
fullion: posts big blind 30
*** HOLE CARDS ***
Dealt to Mahu2021 [3h 2h]
Mahu2021: calls 15
fullion: checks 
*** FLOP *** [5s 4s 5c]
fullion: checks 
Mahu2021: bets 30
fullion: calls 30
*** TURN *** [5s 4s 5c] [Ad]
fullion: checks 
Mahu2021: bets 30
fullion: calls 30
*** RIVER *** [5s 4s 5c Ad] [Ac]
fullion: checks 
Mahu2021: bets 90
fullion: folds 
Uncalled bet (90) returned to Mahu2021
Mahu2021 collected 180 from pot
Mahu2021: doesn't show hand 
*** SUMMARY ***
Total pot 180 | Rake 0 
Board [5s 4s 5c Ad Ac]
Seat 1: fullion (big blind) folded on the River
Seat 2: Mahu2021 (button) (small blind) collected (180)



PokerStars Hand #245924795244: Tournament #3644091707, $0.92+$0.08 USD Hold'em No Limit - Level II (15/30) - 2023/09/12 22:02:02 CET [2023/09/12 16:02:02 ET]
Table '3644091707 1' 3-max Seat #1 is the button
Seat 1: fullion (300 in chips) 
Seat 2: Mahu2021 (1200 in chips) 
fullion: posts small blind 15
Mahu2021: posts big blind 30
*** HOLE CARDS ***
Dealt to Mahu2021 [Kh Kd]
fullion: calls 15
Mahu2021: raises 1170 to 1200 and is all-in
fullion: folds 
Uncalled bet (1170) returned to Mahu2021
Mahu2021 collected 60 from pot
Mahu2021: doesn't show hand 
*** SUMMARY ***
Total pot 60 | Rake 0 
Seat 1: fullion (button) (small blind) folded before Flop
Seat 2: Mahu2021 (big blind) collected (60)



PokerStars Hand #245924797935: Tournament #3644091707, $0.92+$0.08 USD Hold'em No Limit - Level II (15/30) - 2023/09/12 22:02:09 CET [2023/09/12 16:02:09 ET]
Table '3644091707 1' 3-max Seat #2 is the button
Seat 1: fullion (270 in chips) 
Seat 2: Mahu2021 (1230 in chips) 
Mahu2021: posts small blind 15
fullion: posts big blind 30
*** HOLE CARDS ***
Dealt to Mahu2021 [Qh 3s]
Mahu2021: calls 15
fullion: raises 240 to 270 and is all-in
Mahu2021: folds 
Uncalled bet (240) returned to fullion
fullion collected 60 from pot
fullion: doesn't show hand 
*** SUMMARY ***
Total pot 60 | Rake 0 
Seat 1: fullion (big blind) collected (60)
Seat 2: Mahu2021 (button) (small blind) folded before Flop



PokerStars Hand #245924800749: Tournament #3644091707, $0.92+$0.08 USD Hold'em No Limit - Level II (15/30) - 2023/09/12 22:02:17 CET [2023/09/12 16:02:17 ET]
Table '3644091707 1' 3-max Seat #1 is the button
Seat 1: fullion (300 in chips) 
Seat 2: Mahu2021 (1200 in chips) 
fullion: posts small blind 15
Mahu2021: posts big blind 30
*** HOLE CARDS ***
Dealt to Mahu2021 [6d Qc]
fullion: raises 270 to 300 and is all-in
Mahu2021: folds 
Uncalled bet (270) returned to fullion
fullion collected 60 from pot
fullion: doesn't show hand 
*** SUMMARY ***
Total pot 60 | Rake 0 
Seat 1: fullion (button) (small blind) collected (60)
Seat 2: Mahu2021 (big blind) folded before Flop



PokerStars Hand #245924804769: Tournament #3644091707, $0.92+$0.08 USD Hold'em No Limit - Level III (20/40) - 2023/09/12 22:02:28 CET [2023/09/12 16:02:28 ET]
Table '3644091707 1' 3-max Seat #2 is the button
Seat 1: fullion (330 in chips) 
Seat 2: Mahu2021 (1170 in chips) 
Mahu2021: posts small blind 20
fullion: posts big blind 40
*** HOLE CARDS ***
Dealt to Mahu2021 [2d Th]
Mahu2021: folds 
Uncalled bet (20) returned to fullion
fullion collected 40 from pot
fullion: doesn't show hand 
*** SUMMARY ***
Total pot 40 | Rake 0 
Seat 1: fullion (big blind) collected (40)
Seat 2: Mahu2021 (button) (small blind) folded before Flop



PokerStars Hand #245924806387: Tournament #3644091707, $0.92+$0.08 USD Hold'em No Limit - Level III (20/40) - 2023/09/12 22:02:32 CET [2023/09/12 16:02:32 ET]
Table '3644091707 1' 3-max Seat #1 is the button
Seat 1: fullion (350 in chips) 
Seat 2: Mahu2021 (1150 in chips) 
fullion: posts small blind 20
Mahu2021: posts big blind 40
*** HOLE CARDS ***
Dealt to Mahu2021 [7h 3d]
fullion: calls 20
Mahu2021: checks 
*** FLOP *** [6c 3h 5h]
Mahu2021: checks 
fullion: bets 310 and is all-in
Mahu2021: folds 
Uncalled bet (310) returned to fullion
fullion collected 80 from pot
fullion: doesn't show hand 
*** SUMMARY ***
Total pot 80 | Rake 0 
Board [6c 3h 5h]
Seat 1: fullion (button) (small blind) collected (80)
Seat 2: Mahu2021 (big blind) folded on the Flop



PokerStars Hand #245924812307: Tournament #3644091707, $0.92+$0.08 USD Hold'em No Limit - Level III (20/40) - 2023/09/12 22:02:48 CET [2023/09/12 16:02:48 ET]
Table '3644091707 1' 3-max Seat #2 is the button
Seat 1: fullion (390 in chips) 
Seat 2: Mahu2021 (1110 in chips) 
Mahu2021: posts small blind 20
fullion: posts big blind 40
*** HOLE CARDS ***
Dealt to Mahu2021 [Ac Qs]
Mahu2021: calls 20
fullion: checks 
*** FLOP *** [9d 3c Ks]
fullion: bets 40
Mahu2021: calls 40
*** TURN *** [9d 3c Ks] [8c]
fullion: bets 310 and is all-in
Mahu2021: folds 
Uncalled bet (310) returned to fullion
fullion collected 160 from pot
fullion: doesn't show hand 
*** SUMMARY ***
Total pot 160 | Rake 0 
Board [9d 3c Ks 8c]
Seat 1: fullion (big blind) collected (160)
Seat 2: Mahu2021 (button) (small blind) folded on the Turn



PokerStars Hand #245924817840: Tournament #3644091707, $0.92+$0.08 USD Hold'em No Limit - Level III (20/40) - 2023/09/12 22:03:03 CET [2023/09/12 16:03:03 ET]
Table '3644091707 1' 3-max Seat #1 is the button
Seat 1: fullion (470 in chips) 
Seat 2: Mahu2021 (1030 in chips) 
fullion: posts small blind 20
Mahu2021: posts big blind 40
*** HOLE CARDS ***
Dealt to Mahu2021 [9s Ah]
fullion: folds 
Uncalled bet (20) returned to Mahu2021
Mahu2021 collected 40 from pot
Mahu2021: doesn't show hand 
*** SUMMARY ***
Total pot 40 | Rake 0 
Seat 1: fullion (button) (small blind) folded before Flop
Seat 2: Mahu2021 (big blind) collected (40)



PokerStars Hand #245924819398: Tournament #3644091707, $0.92+$0.08 USD Hold'em No Limit - Level III (20/40) - 2023/09/12 22:03:07 CET [2023/09/12 16:03:07 ET]
Table '3644091707 1' 3-max Seat #2 is the button
Seat 1: fullion (450 in chips) 
Seat 2: Mahu2021 (1050 in chips) 
Mahu2021: posts small blind 20
fullion: posts big blind 40
*** HOLE CARDS ***
Dealt to Mahu2021 [9c Qh]
Mahu2021: calls 20
fullion: checks 
*** FLOP *** [Td 9d 8h]
fullion: checks 
Mahu2021: bets 40
fullion: calls 40
*** TURN *** [Td 9d 8h] [Tc]
fullion: checks 
Mahu2021: checks 
*** RIVER *** [Td 9d 8h Tc] [2d]
fullion: bets 370 and is all-in
Mahu2021: calls 370
*** SHOW DOWN ***
fullion: shows [Qs 6s] (a pair of Tens)
Mahu2021: shows [9c Qh] (two pair, Tens and Nines)
Mahu2021 collected 900 from pot
fullion finished the tournament in 2nd place
Mahu2021 wins the tournament and receives $5.00 - congratulations!
*** SUMMARY ***
Total pot 900 | Rake 0 
Board [Td 9d 8h Tc 2d]
Seat 1: fullion (big blind) showed [Qs 6s] and lost with a pair of Tens
Seat 2: Mahu2021 (button) (small blind) showed [9c Qh] and won (900) with two pair, Tens and Nines



