PokerStars Hand #246550136808: Tournament #3659380349, $0.92+$0.08 USD Hold'em No Limit - Level I (10/20) - 2023/10/15 19:02:07 CET [2023/10/15 13:02:07 ET]
Table '3659380349 1' 3-max Seat #1 is the button
Seat 1: R4dus (500 in chips) 
Seat 2: AcesRimmer (500 in chips) 
Seat 3: Mahu2021 (500 in chips) 
AcesRimmer: posts small blind 10
Mahu2021: posts big blind 20
*** HOLE CARDS ***
Dealt to Mahu2021 [Th Jc]
R4dus: folds 
AcesRimmer: calls 10
Mahu2021: checks 
*** FLOP *** [9d Ah 2h]
AcesRimmer: checks 
Mahu2021: checks 
*** TURN *** [9d Ah 2h] [Ad]
AcesRimmer: checks 
Mahu2021: bets 20
AcesRimmer: calls 20
*** RIVER *** [9d Ah 2h Ad] [As]
AcesRimmer: checks 
Mahu2021: checks 
*** SHOW DOWN ***
AcesRimmer: shows [7d Kd] (three of a kind, Aces)
Mahu2021: mucks hand 
AcesRimmer collected 80 from pot
*** SUMMARY ***
Total pot 80 | Rake 0 
Board [9d Ah 2h Ad As]
Seat 1: R4dus (button) folded before Flop (didn't bet)
Seat 2: AcesRimmer (small blind) showed [7d Kd] and won (80) with three of a kind, Aces
Seat 3: Mahu2021 (big blind) mucked [Th Jc]



PokerStars Hand #246550147273: Tournament #3659380349, $0.92+$0.08 USD Hold'em No Limit - Level I (10/20) - 2023/10/15 19:02:37 CET [2023/10/15 13:02:37 ET]
Table '3659380349 1' 3-max Seat #2 is the button
Seat 1: R4dus (500 in chips) 
Seat 2: AcesRimmer (540 in chips) 
Seat 3: Mahu2021 (460 in chips) 
Mahu2021: posts small blind 10
R4dus: posts big blind 20
*** HOLE CARDS ***
Dealt to Mahu2021 [2h Th]
AcesRimmer: folds 
Mahu2021: folds 
Uncalled bet (10) returned to R4dus
R4dus collected 20 from pot
R4dus: doesn't show hand 
*** SUMMARY ***
Total pot 20 | Rake 0 
Seat 1: R4dus (big blind) collected (20)
Seat 2: AcesRimmer (button) folded before Flop (didn't bet)
Seat 3: Mahu2021 (small blind) folded before Flop



PokerStars Hand #246550149239: Tournament #3659380349, $0.92+$0.08 USD Hold'em No Limit - Level I (10/20) - 2023/10/15 19:02:43 CET [2023/10/15 13:02:43 ET]
Table '3659380349 1' 3-max Seat #3 is the button
Seat 1: R4dus (510 in chips) 
Seat 2: AcesRimmer (540 in chips) 
Seat 3: Mahu2021 (450 in chips) 
R4dus: posts small blind 10
AcesRimmer: posts big blind 20
*** HOLE CARDS ***
Dealt to Mahu2021 [8c As]
Mahu2021: raises 20 to 40
R4dus: calls 30
AcesRimmer: folds 
*** FLOP *** [6c 6d Ah]
R4dus: checks 
Mahu2021: bets 40
R4dus: calls 40
*** TURN *** [6c 6d Ah] [3s]
R4dus: checks 
Mahu2021: bets 100
R4dus: folds 
Uncalled bet (100) returned to Mahu2021
Mahu2021 collected 180 from pot
Mahu2021: doesn't show hand 
*** SUMMARY ***
Total pot 180 | Rake 0 
Board [6c 6d Ah 3s]
Seat 1: R4dus (small blind) folded on the Turn
Seat 2: AcesRimmer (big blind) folded before Flop
Seat 3: Mahu2021 (button) collected (180)



PokerStars Hand #246550160632: Tournament #3659380349, $0.92+$0.08 USD Hold'em No Limit - Level I (10/20) - 2023/10/15 19:03:12 CET [2023/10/15 13:03:12 ET]
Table '3659380349 1' 3-max Seat #1 is the button
Seat 1: R4dus (430 in chips) 
Seat 2: AcesRimmer (520 in chips) 
Seat 3: Mahu2021 (550 in chips) 
AcesRimmer: posts small blind 10
Mahu2021: posts big blind 20
*** HOLE CARDS ***
Dealt to Mahu2021 [7h 3c]
R4dus: folds 
AcesRimmer: folds 
Uncalled bet (10) returned to Mahu2021
Mahu2021 collected 20 from pot
Mahu2021: doesn't show hand 
*** SUMMARY ***
Total pot 20 | Rake 0 
Seat 1: R4dus (button) folded before Flop (didn't bet)
Seat 2: AcesRimmer (small blind) folded before Flop
Seat 3: Mahu2021 (big blind) collected (20)



PokerStars Hand #246550162800: Tournament #3659380349, $0.92+$0.08 USD Hold'em No Limit - Level I (10/20) - 2023/10/15 19:03:18 CET [2023/10/15 13:03:18 ET]
Table '3659380349 1' 3-max Seat #2 is the button
Seat 1: R4dus (430 in chips) 
Seat 2: AcesRimmer (510 in chips) 
Seat 3: Mahu2021 (560 in chips) 
Mahu2021: posts small blind 10
R4dus: posts big blind 20
*** HOLE CARDS ***
Dealt to Mahu2021 [2d Tc]
AcesRimmer: raises 20 to 40
Mahu2021: folds 
R4dus: calls 20
*** FLOP *** [6h 8c Qd]
R4dus: checks 
AcesRimmer: bets 90
R4dus: folds 
Uncalled bet (90) returned to AcesRimmer
AcesRimmer collected 90 from pot
*** SUMMARY ***
Total pot 90 | Rake 0 
Board [6h 8c Qd]
Seat 1: R4dus (big blind) folded on the Flop
Seat 2: AcesRimmer (button) collected (90)
Seat 3: Mahu2021 (small blind) folded before Flop



PokerStars Hand #246550167745: Tournament #3659380349, $0.92+$0.08 USD Hold'em No Limit - Level I (10/20) - 2023/10/15 19:03:32 CET [2023/10/15 13:03:32 ET]
Table '3659380349 1' 3-max Seat #3 is the button
Seat 1: R4dus (390 in chips) 
Seat 2: AcesRimmer (560 in chips) 
Seat 3: Mahu2021 (550 in chips) 
R4dus: posts small blind 10
AcesRimmer: posts big blind 20
*** HOLE CARDS ***
Dealt to Mahu2021 [3d 4d]
Mahu2021: raises 20 to 40
R4dus: folds 
AcesRimmer: folds 
Uncalled bet (20) returned to Mahu2021
Mahu2021 collected 50 from pot
Mahu2021: doesn't show hand 
*** SUMMARY ***
Total pot 50 | Rake 0 
Seat 1: R4dus (small blind) folded before Flop
Seat 2: AcesRimmer (big blind) folded before Flop
Seat 3: Mahu2021 (button) collected (50)



PokerStars Hand #246550170503: Tournament #3659380349, $0.92+$0.08 USD Hold'em No Limit - Level I (10/20) - 2023/10/15 19:03:40 CET [2023/10/15 13:03:40 ET]
Table '3659380349 1' 3-max Seat #1 is the button
Seat 1: R4dus (380 in chips) 
Seat 2: AcesRimmer (540 in chips) 
Seat 3: Mahu2021 (580 in chips) 
AcesRimmer: posts small blind 10
Mahu2021: posts big blind 20
*** HOLE CARDS ***
Dealt to Mahu2021 [9h 2s]
R4dus: folds 
AcesRimmer: calls 10
Mahu2021: checks 
*** FLOP *** [9s 4h Js]
AcesRimmer: checks 
Mahu2021: bets 20
AcesRimmer: calls 20
*** TURN *** [9s 4h Js] [Qc]
AcesRimmer: checks 
Mahu2021: checks 
*** RIVER *** [9s 4h Js Qc] [7d]
AcesRimmer: bets 80
Mahu2021: calls 80
*** SHOW DOWN ***
AcesRimmer: shows [7c 7h] (three of a kind, Sevens)
Mahu2021: mucks hand 
AcesRimmer collected 240 from pot
*** SUMMARY ***
Total pot 240 | Rake 0 
Board [9s 4h Js Qc 7d]
Seat 1: R4dus (button) folded before Flop (didn't bet)
Seat 2: AcesRimmer (small blind) showed [7c 7h] and won (240) with three of a kind, Sevens
Seat 3: Mahu2021 (big blind) mucked [9h 2s]



PokerStars Hand #246550177344: Tournament #3659380349, $0.92+$0.08 USD Hold'em No Limit - Level I (10/20) - 2023/10/15 19:03:59 CET [2023/10/15 13:03:59 ET]
Table '3659380349 1' 3-max Seat #2 is the button
Seat 1: R4dus (380 in chips) 
Seat 2: AcesRimmer (660 in chips) 
Seat 3: Mahu2021 (460 in chips) 
Mahu2021: posts small blind 10
R4dus: posts big blind 20
*** HOLE CARDS ***
Dealt to Mahu2021 [3d 7h]
AcesRimmer: folds 
Mahu2021: folds 
Uncalled bet (10) returned to R4dus
R4dus collected 20 from pot
R4dus: doesn't show hand 
*** SUMMARY ***
Total pot 20 | Rake 0 
Seat 1: R4dus (big blind) collected (20)
Seat 2: AcesRimmer (button) folded before Flop (didn't bet)
Seat 3: Mahu2021 (small blind) folded before Flop



PokerStars Hand #246550179396: Tournament #3659380349, $0.92+$0.08 USD Hold'em No Limit - Level I (10/20) - 2023/10/15 19:04:05 CET [2023/10/15 13:04:05 ET]
Table '3659380349 1' 3-max Seat #3 is the button
Seat 1: R4dus (390 in chips) 
Seat 2: AcesRimmer (660 in chips) 
Seat 3: Mahu2021 (450 in chips) 
R4dus: posts small blind 10
AcesRimmer: posts big blind 20
*** HOLE CARDS ***
Dealt to Mahu2021 [3c Ad]
Mahu2021: raises 20 to 40
R4dus: calls 30
AcesRimmer: calls 20
*** FLOP *** [4d Qs 9s]
R4dus: checks 
AcesRimmer: checks 
Mahu2021: checks 
*** TURN *** [4d Qs 9s] [3h]
R4dus: checks 
AcesRimmer: checks 
Mahu2021: bets 40
R4dus: folds 
AcesRimmer: calls 40
*** RIVER *** [4d Qs 9s 3h] [Js]
AcesRimmer: checks 
Mahu2021: checks 
*** SHOW DOWN ***
AcesRimmer: shows [Jc Ah] (a pair of Jacks)
Mahu2021: mucks hand 
AcesRimmer collected 200 from pot
*** SUMMARY ***
Total pot 200 | Rake 0 
Board [4d Qs 9s 3h Js]
Seat 1: R4dus (small blind) folded on the Turn
Seat 2: AcesRimmer (big blind) showed [Jc Ah] and won (200) with a pair of Jacks
Seat 3: Mahu2021 (button) mucked [3c Ad]



PokerStars Hand #246550190116: Tournament #3659380349, $0.92+$0.08 USD Hold'em No Limit - Level I (10/20) - 2023/10/15 19:04:34 CET [2023/10/15 13:04:34 ET]
Table '3659380349 1' 3-max Seat #1 is the button
Seat 1: R4dus (350 in chips) 
Seat 2: AcesRimmer (780 in chips) 
Seat 3: Mahu2021 (370 in chips) 
AcesRimmer: posts small blind 10
Mahu2021: posts big blind 20
*** HOLE CARDS ***
Dealt to Mahu2021 [5s 6h]
R4dus: folds 
AcesRimmer: folds 
Uncalled bet (10) returned to Mahu2021
Mahu2021 collected 20 from pot
Mahu2021: doesn't show hand 
*** SUMMARY ***
Total pot 20 | Rake 0 
Seat 1: R4dus (button) folded before Flop (didn't bet)
Seat 2: AcesRimmer (small blind) folded before Flop
Seat 3: Mahu2021 (big blind) collected (20)



PokerStars Hand #246550192542: Tournament #3659380349, $0.92+$0.08 USD Hold'em No Limit - Level I (10/20) - 2023/10/15 19:04:41 CET [2023/10/15 13:04:41 ET]
Table '3659380349 1' 3-max Seat #2 is the button
Seat 1: R4dus (350 in chips) 
Seat 2: AcesRimmer (770 in chips) 
Seat 3: Mahu2021 (380 in chips) 
Mahu2021: posts small blind 10
R4dus: posts big blind 20
*** HOLE CARDS ***
Dealt to Mahu2021 [3h 2h]
AcesRimmer: folds 
Mahu2021: calls 10
R4dus: checks 
*** FLOP *** [Jd Td 9c]
Mahu2021: checks 
R4dus: bets 40
Mahu2021: folds 
Uncalled bet (40) returned to R4dus
R4dus collected 40 from pot
*** SUMMARY ***
Total pot 40 | Rake 0 
Board [Jd Td 9c]
Seat 1: R4dus (big blind) collected (40)
Seat 2: AcesRimmer (button) folded before Flop (didn't bet)
Seat 3: Mahu2021 (small blind) folded on the Flop



PokerStars Hand #246550201660: Tournament #3659380349, $0.92+$0.08 USD Hold'em No Limit - Level I (10/20) - 2023/10/15 19:05:05 CET [2023/10/15 13:05:05 ET]
Table '3659380349 1' 3-max Seat #3 is the button
Seat 1: R4dus (370 in chips) 
Seat 2: AcesRimmer (770 in chips) 
Seat 3: Mahu2021 (360 in chips) 
R4dus: posts small blind 10
AcesRimmer: posts big blind 20
*** HOLE CARDS ***
Dealt to Mahu2021 [3h 9h]
Mahu2021: folds 
R4dus: folds 
Uncalled bet (10) returned to AcesRimmer
AcesRimmer collected 20 from pot
*** SUMMARY ***
Total pot 20 | Rake 0 
Seat 1: R4dus (small blind) folded before Flop
Seat 2: AcesRimmer (big blind) collected (20)
Seat 3: Mahu2021 (button) folded before Flop (didn't bet)



PokerStars Hand #246550207697: Tournament #3659380349, $0.92+$0.08 USD Hold'em No Limit - Level II (15/30) - 2023/10/15 19:05:20 CET [2023/10/15 13:05:20 ET]
Table '3659380349 1' 3-max Seat #1 is the button
Seat 1: R4dus (360 in chips) 
Seat 2: AcesRimmer (780 in chips) 
Seat 3: Mahu2021 (360 in chips) 
AcesRimmer: posts small blind 15
Mahu2021: posts big blind 30
*** HOLE CARDS ***
Dealt to Mahu2021 [3h Kc]
R4dus: folds 
AcesRimmer: raises 60 to 90
Mahu2021: raises 270 to 360 and is all-in
AcesRimmer: folds 
Uncalled bet (270) returned to Mahu2021
Mahu2021 collected 180 from pot
Mahu2021: doesn't show hand 
*** SUMMARY ***
Total pot 180 | Rake 0 
Seat 1: R4dus (button) folded before Flop (didn't bet)
Seat 2: AcesRimmer (small blind) folded before Flop
Seat 3: Mahu2021 (big blind) collected (180)



PokerStars Hand #246550214695: Tournament #3659380349, $0.92+$0.08 USD Hold'em No Limit - Level II (15/30) - 2023/10/15 19:05:40 CET [2023/10/15 13:05:40 ET]
Table '3659380349 1' 3-max Seat #2 is the button
Seat 1: R4dus (360 in chips) 
Seat 2: AcesRimmer (690 in chips) 
Seat 3: Mahu2021 (450 in chips) 
Mahu2021: posts small blind 15
R4dus: posts big blind 30
*** HOLE CARDS ***
Dealt to Mahu2021 [Qh 8h]
AcesRimmer: raises 60 to 90
Mahu2021: calls 75
R4dus: raises 270 to 360 and is all-in
AcesRimmer: folds 
Mahu2021: folds 
Uncalled bet (270) returned to R4dus
R4dus collected 270 from pot
R4dus: doesn't show hand 
*** SUMMARY ***
Total pot 270 | Rake 0 
Seat 1: R4dus (big blind) collected (270)
Seat 2: AcesRimmer (button) folded before Flop
Seat 3: Mahu2021 (small blind) folded before Flop



PokerStars Hand #246550219963: Tournament #3659380349, $0.92+$0.08 USD Hold'em No Limit - Level II (15/30) - 2023/10/15 19:05:53 CET [2023/10/15 13:05:53 ET]
Table '3659380349 1' 3-max Seat #3 is the button
Seat 1: R4dus (540 in chips) 
Seat 2: AcesRimmer (600 in chips) 
Seat 3: Mahu2021 (360 in chips) 
R4dus: posts small blind 15
AcesRimmer: posts big blind 30
*** HOLE CARDS ***
Dealt to Mahu2021 [Jd 2c]
Mahu2021: folds 
R4dus: folds 
Uncalled bet (15) returned to AcesRimmer
AcesRimmer collected 30 from pot
*** SUMMARY ***
Total pot 30 | Rake 0 
Seat 1: R4dus (small blind) folded before Flop
Seat 2: AcesRimmer (big blind) collected (30)
Seat 3: Mahu2021 (button) folded before Flop (didn't bet)



PokerStars Hand #246550221761: Tournament #3659380349, $0.92+$0.08 USD Hold'em No Limit - Level II (15/30) - 2023/10/15 19:05:58 CET [2023/10/15 13:05:58 ET]
Table '3659380349 1' 3-max Seat #1 is the button
Seat 1: R4dus (525 in chips) 
Seat 2: AcesRimmer (615 in chips) 
Seat 3: Mahu2021 (360 in chips) 
AcesRimmer: posts small blind 15
Mahu2021: posts big blind 30
*** HOLE CARDS ***
Dealt to Mahu2021 [Ts 3d]
R4dus: raises 30 to 60
AcesRimmer: folds 
Mahu2021: folds 
Uncalled bet (30) returned to R4dus
R4dus collected 75 from pot
R4dus: doesn't show hand 
*** SUMMARY ***
Total pot 75 | Rake 0 
Seat 1: R4dus (button) collected (75)
Seat 2: AcesRimmer (small blind) folded before Flop
Seat 3: Mahu2021 (big blind) folded before Flop



PokerStars Hand #246550224382: Tournament #3659380349, $0.92+$0.08 USD Hold'em No Limit - Level II (15/30) - 2023/10/15 19:06:05 CET [2023/10/15 13:06:05 ET]
Table '3659380349 1' 3-max Seat #2 is the button
Seat 1: R4dus (570 in chips) 
Seat 2: AcesRimmer (600 in chips) 
Seat 3: Mahu2021 (330 in chips) 
Mahu2021: posts small blind 15
R4dus: posts big blind 30
*** HOLE CARDS ***
Dealt to Mahu2021 [4c 7h]
AcesRimmer: folds 
Mahu2021: folds 
Uncalled bet (15) returned to R4dus
R4dus collected 30 from pot
R4dus: doesn't show hand 
*** SUMMARY ***
Total pot 30 | Rake 0 
Seat 1: R4dus (big blind) collected (30)
Seat 2: AcesRimmer (button) folded before Flop (didn't bet)
Seat 3: Mahu2021 (small blind) folded before Flop



PokerStars Hand #246550226132: Tournament #3659380349, $0.92+$0.08 USD Hold'em No Limit - Level II (15/30) - 2023/10/15 19:06:09 CET [2023/10/15 13:06:09 ET]
Table '3659380349 1' 3-max Seat #3 is the button
Seat 1: R4dus (585 in chips) 
Seat 2: AcesRimmer (600 in chips) 
Seat 3: Mahu2021 (315 in chips) 
R4dus: posts small blind 15
AcesRimmer: posts big blind 30
*** HOLE CARDS ***
Dealt to Mahu2021 [Kh 6c]
Mahu2021: calls 30
R4dus: raises 60 to 90
AcesRimmer: folds 
Mahu2021: calls 60
*** FLOP *** [2c 8h 4h]
R4dus: bets 495 and is all-in
Mahu2021: folds 
Uncalled bet (495) returned to R4dus
R4dus collected 210 from pot
R4dus: doesn't show hand 
*** SUMMARY ***
Total pot 210 | Rake 0 
Board [2c 8h 4h]
Seat 1: R4dus (small blind) collected (210)
Seat 2: AcesRimmer (big blind) folded before Flop
Seat 3: Mahu2021 (button) folded on the Flop



PokerStars Hand #246550231778: Tournament #3659380349, $0.92+$0.08 USD Hold'em No Limit - Level II (15/30) - 2023/10/15 19:06:24 CET [2023/10/15 13:06:24 ET]
Table '3659380349 1' 3-max Seat #1 is the button
Seat 1: R4dus (705 in chips) 
Seat 2: AcesRimmer (570 in chips) 
Seat 3: Mahu2021 (225 in chips) 
AcesRimmer: posts small blind 15
Mahu2021: posts big blind 30
*** HOLE CARDS ***
Dealt to Mahu2021 [Ac 3d]
R4dus: folds 
AcesRimmer: folds 
Uncalled bet (15) returned to Mahu2021
Mahu2021 collected 30 from pot
Mahu2021: doesn't show hand 
*** SUMMARY ***
Total pot 30 | Rake 0 
Seat 1: R4dus (button) folded before Flop (didn't bet)
Seat 2: AcesRimmer (small blind) folded before Flop
Seat 3: Mahu2021 (big blind) collected (30)



PokerStars Hand #246550234586: Tournament #3659380349, $0.92+$0.08 USD Hold'em No Limit - Level II (15/30) - 2023/10/15 19:06:31 CET [2023/10/15 13:06:31 ET]
Table '3659380349 1' 3-max Seat #2 is the button
Seat 1: R4dus (705 in chips) 
Seat 2: AcesRimmer (555 in chips) 
Seat 3: Mahu2021 (240 in chips) 
Mahu2021: posts small blind 15
R4dus: posts big blind 30
*** HOLE CARDS ***
Dealt to Mahu2021 [6s 5s]
AcesRimmer: raises 30 to 60
Mahu2021: calls 45
R4dus: calls 30
*** FLOP *** [2c Qs 7c]
Mahu2021: checks 
R4dus: checks 
AcesRimmer: bets 120
Mahu2021: folds 
R4dus: folds 
Uncalled bet (120) returned to AcesRimmer
AcesRimmer collected 180 from pot
*** SUMMARY ***
Total pot 180 | Rake 0 
Board [2c Qs 7c]
Seat 1: R4dus (big blind) folded on the Flop
Seat 2: AcesRimmer (button) collected (180)
Seat 3: Mahu2021 (small blind) folded on the Flop



PokerStars Hand #246550240957: Tournament #3659380349, $0.92+$0.08 USD Hold'em No Limit - Level II (15/30) - 2023/10/15 19:06:48 CET [2023/10/15 13:06:48 ET]
Table '3659380349 1' 3-max Seat #3 is the button
Seat 1: R4dus (645 in chips) 
Seat 2: AcesRimmer (675 in chips) 
Seat 3: Mahu2021 (180 in chips) 
R4dus: posts small blind 15
AcesRimmer: posts big blind 30
*** HOLE CARDS ***
Dealt to Mahu2021 [7c Ah]
Mahu2021: raises 150 to 180 and is all-in
R4dus: folds 
AcesRimmer: folds 
Uncalled bet (150) returned to Mahu2021
Mahu2021 collected 75 from pot
Mahu2021: doesn't show hand 
*** SUMMARY ***
Total pot 75 | Rake 0 
Seat 1: R4dus (small blind) folded before Flop
Seat 2: AcesRimmer (big blind) folded before Flop
Seat 3: Mahu2021 (button) collected (75)



PokerStars Hand #246550243896: Tournament #3659380349, $0.92+$0.08 USD Hold'em No Limit - Level II (15/30) - 2023/10/15 19:06:56 CET [2023/10/15 13:06:56 ET]
Table '3659380349 1' 3-max Seat #1 is the button
Seat 1: R4dus (630 in chips) 
Seat 2: AcesRimmer (645 in chips) 
Seat 3: Mahu2021 (225 in chips) 
AcesRimmer: posts small blind 15
Mahu2021: posts big blind 30
*** HOLE CARDS ***
Dealt to Mahu2021 [Ks Jc]
R4dus: raises 60 to 90
AcesRimmer: folds 
Mahu2021: raises 135 to 225 and is all-in
R4dus: calls 135
*** FLOP *** [7d Qc Kh]
*** TURN *** [7d Qc Kh] [2h]
*** RIVER *** [7d Qc Kh 2h] [9c]
*** SHOW DOWN ***
Mahu2021: shows [Ks Jc] (a pair of Kings)
R4dus: shows [3d 3s] (a pair of Threes)
Mahu2021 collected 465 from pot
*** SUMMARY ***
Total pot 465 | Rake 0 
Board [7d Qc Kh 2h 9c]
Seat 1: R4dus (button) showed [3d 3s] and lost with a pair of Threes
Seat 2: AcesRimmer (small blind) folded before Flop
Seat 3: Mahu2021 (big blind) showed [Ks Jc] and won (465) with a pair of Kings



PokerStars Hand #246550250919: Tournament #3659380349, $0.92+$0.08 USD Hold'em No Limit - Level II (15/30) - 2023/10/15 19:07:14 CET [2023/10/15 13:07:14 ET]
Table '3659380349 1' 3-max Seat #2 is the button
Seat 1: R4dus (405 in chips) 
Seat 2: AcesRimmer (630 in chips) 
Seat 3: Mahu2021 (465 in chips) 
Mahu2021: posts small blind 15
R4dus: posts big blind 30
*** HOLE CARDS ***
Dealt to Mahu2021 [8c Ad]
AcesRimmer: folds 
Mahu2021: calls 15
R4dus: checks 
*** FLOP *** [Ts 5s Kd]
Mahu2021: checks 
R4dus: checks 
*** TURN *** [Ts 5s Kd] [6h]
Mahu2021: bets 30
R4dus: calls 30
*** RIVER *** [Ts 5s Kd 6h] [Ah]
Mahu2021: bets 120
R4dus: folds 
Uncalled bet (120) returned to Mahu2021
Mahu2021 collected 120 from pot
Mahu2021: doesn't show hand 
*** SUMMARY ***
Total pot 120 | Rake 0 
Board [Ts 5s Kd 6h Ah]
Seat 1: R4dus (big blind) folded on the River
Seat 2: AcesRimmer (button) folded before Flop (didn't bet)
Seat 3: Mahu2021 (small blind) collected (120)



PokerStars Hand #246550258639: Tournament #3659380349, $0.92+$0.08 USD Hold'em No Limit - Level II (15/30) - 2023/10/15 19:07:34 CET [2023/10/15 13:07:34 ET]
Table '3659380349 1' 3-max Seat #3 is the button
Seat 1: R4dus (345 in chips) 
Seat 2: AcesRimmer (630 in chips) 
Seat 3: Mahu2021 (525 in chips) 
R4dus: posts small blind 15
AcesRimmer: posts big blind 30
*** HOLE CARDS ***
Dealt to Mahu2021 [5h Qd]
Mahu2021: folds 
R4dus: folds 
Uncalled bet (15) returned to AcesRimmer
AcesRimmer collected 30 from pot
*** SUMMARY ***
Total pot 30 | Rake 0 
Seat 1: R4dus (small blind) folded before Flop
Seat 2: AcesRimmer (big blind) collected (30)
Seat 3: Mahu2021 (button) folded before Flop (didn't bet)



PokerStars Hand #246550260517: Tournament #3659380349, $0.92+$0.08 USD Hold'em No Limit - Level II (15/30) - 2023/10/15 19:07:39 CET [2023/10/15 13:07:39 ET]
Table '3659380349 1' 3-max Seat #1 is the button
Seat 1: R4dus (330 in chips) 
Seat 2: AcesRimmer (645 in chips) 
Seat 3: Mahu2021 (525 in chips) 
AcesRimmer: posts small blind 15
Mahu2021: posts big blind 30
*** HOLE CARDS ***
Dealt to Mahu2021 [Tc 2d]
R4dus: folds 
AcesRimmer: raises 60 to 90
Mahu2021: folds 
Uncalled bet (60) returned to AcesRimmer
AcesRimmer collected 60 from pot
*** SUMMARY ***
Total pot 60 | Rake 0 
Seat 1: R4dus (button) folded before Flop (didn't bet)
Seat 2: AcesRimmer (small blind) collected (60)
Seat 3: Mahu2021 (big blind) folded before Flop



PokerStars Hand #246550263567: Tournament #3659380349, $0.92+$0.08 USD Hold'em No Limit - Level II (15/30) - 2023/10/15 19:07:47 CET [2023/10/15 13:07:47 ET]
Table '3659380349 1' 3-max Seat #2 is the button
Seat 1: R4dus (330 in chips) 
Seat 2: AcesRimmer (675 in chips) 
Seat 3: Mahu2021 (495 in chips) 
Mahu2021: posts small blind 15
R4dus: posts big blind 30
*** HOLE CARDS ***
Dealt to Mahu2021 [9c Jd]
AcesRimmer: folds 
Mahu2021: calls 15
R4dus: raises 60 to 90
Mahu2021: folds 
Uncalled bet (60) returned to R4dus
R4dus collected 60 from pot
R4dus: doesn't show hand 
*** SUMMARY ***
Total pot 60 | Rake 0 
Seat 1: R4dus (big blind) collected (60)
Seat 2: AcesRimmer (button) folded before Flop (didn't bet)
Seat 3: Mahu2021 (small blind) folded before Flop



PokerStars Hand #246550269024: Tournament #3659380349, $0.92+$0.08 USD Hold'em No Limit - Level II (15/30) - 2023/10/15 19:08:01 CET [2023/10/15 13:08:01 ET]
Table '3659380349 1' 3-max Seat #3 is the button
Seat 1: R4dus (360 in chips) 
Seat 2: AcesRimmer (675 in chips) 
Seat 3: Mahu2021 (465 in chips) 
R4dus: posts small blind 15
AcesRimmer: posts big blind 30
*** HOLE CARDS ***
Dealt to Mahu2021 [8h 5d]
Mahu2021: folds 
R4dus: folds 
Uncalled bet (15) returned to AcesRimmer
AcesRimmer collected 30 from pot
*** SUMMARY ***
Total pot 30 | Rake 0 
Seat 1: R4dus (small blind) folded before Flop
Seat 2: AcesRimmer (big blind) collected (30)
Seat 3: Mahu2021 (button) folded before Flop (didn't bet)



PokerStars Hand #246550271087: Tournament #3659380349, $0.92+$0.08 USD Hold'em No Limit - Level II (15/30) - 2023/10/15 19:08:07 CET [2023/10/15 13:08:07 ET]
Table '3659380349 1' 3-max Seat #1 is the button
Seat 1: R4dus (345 in chips) 
Seat 2: AcesRimmer (690 in chips) 
Seat 3: Mahu2021 (465 in chips) 
AcesRimmer: posts small blind 15
Mahu2021: posts big blind 30
*** HOLE CARDS ***
Dealt to Mahu2021 [Qc 4c]
R4dus: raises 315 to 345 and is all-in
AcesRimmer: folds 
Mahu2021: folds 
Uncalled bet (315) returned to R4dus
R4dus collected 75 from pot
R4dus: doesn't show hand 
*** SUMMARY ***
Total pot 75 | Rake 0 
Seat 1: R4dus (button) collected (75)
Seat 2: AcesRimmer (small blind) folded before Flop
Seat 3: Mahu2021 (big blind) folded before Flop



PokerStars Hand #246550275234: Tournament #3659380349, $0.92+$0.08 USD Hold'em No Limit - Level III (20/40) - 2023/10/15 19:08:17 CET [2023/10/15 13:08:17 ET]
Table '3659380349 1' 3-max Seat #2 is the button
Seat 1: R4dus (390 in chips) 
Seat 2: AcesRimmer (675 in chips) 
Seat 3: Mahu2021 (435 in chips) 
Mahu2021: posts small blind 20
R4dus: posts big blind 40
*** HOLE CARDS ***
Dealt to Mahu2021 [Jc Jh]
AcesRimmer: folds 
Mahu2021: raises 395 to 435 and is all-in
R4dus: calls 350 and is all-in
Uncalled bet (45) returned to Mahu2021
*** FLOP *** [4s 6d 7s]
*** TURN *** [4s 6d 7s] [3d]
*** RIVER *** [4s 6d 7s 3d] [As]
*** SHOW DOWN ***
Mahu2021: shows [Jc Jh] (a pair of Jacks)
R4dus: shows [8c Ac] (a pair of Aces)
R4dus collected 780 from pot
*** SUMMARY ***
Total pot 780 | Rake 0 
Board [4s 6d 7s 3d As]
Seat 1: R4dus (big blind) showed [8c Ac] and won (780) with a pair of Aces
Seat 2: AcesRimmer (button) folded before Flop (didn't bet)
Seat 3: Mahu2021 (small blind) showed [Jc Jh] and lost with a pair of Jacks



PokerStars Hand #246550280725: Tournament #3659380349, $0.92+$0.08 USD Hold'em No Limit - Level III (20/40) - 2023/10/15 19:08:32 CET [2023/10/15 13:08:32 ET]
Table '3659380349 1' 3-max Seat #3 is the button
Seat 1: R4dus (780 in chips) 
Seat 2: AcesRimmer (675 in chips) 
Seat 3: Mahu2021 (45 in chips) 
R4dus: posts small blind 20
AcesRimmer: posts big blind 40
*** HOLE CARDS ***
Dealt to Mahu2021 [7s Kc]
Mahu2021: raises 5 to 45 and is all-in
R4dus: folds 
AcesRimmer: calls 5
*** FLOP *** [Kd Qs 9s]
*** TURN *** [Kd Qs 9s] [5h]
*** RIVER *** [Kd Qs 9s 5h] [6h]
*** SHOW DOWN ***
AcesRimmer: shows [3h Tc] (high card King)
Mahu2021: shows [7s Kc] (a pair of Kings)
Mahu2021 collected 110 from pot
*** SUMMARY ***
Total pot 110 | Rake 0 
Board [Kd Qs 9s 5h 6h]
Seat 1: R4dus (small blind) folded before Flop
Seat 2: AcesRimmer (big blind) showed [3h Tc] and lost with high card King
Seat 3: Mahu2021 (button) showed [7s Kc] and won (110) with a pair of Kings



PokerStars Hand #246550285615: Tournament #3659380349, $0.92+$0.08 USD Hold'em No Limit - Level III (20/40) - 2023/10/15 19:08:45 CET [2023/10/15 13:08:45 ET]
Table '3659380349 1' 3-max Seat #1 is the button
Seat 1: R4dus (760 in chips) 
Seat 2: AcesRimmer (630 in chips) 
Seat 3: Mahu2021 (110 in chips) 
AcesRimmer: posts small blind 20
Mahu2021: posts big blind 40
*** HOLE CARDS ***
Dealt to Mahu2021 [Ah 4c]
R4dus: raises 80 to 120
AcesRimmer: folds 
Mahu2021: calls 70 and is all-in
Uncalled bet (10) returned to R4dus
*** FLOP *** [4s 5s 3s]
*** TURN *** [4s 5s 3s] [6c]
*** RIVER *** [4s 5s 3s 6c] [Js]
*** SHOW DOWN ***
Mahu2021: shows [Ah 4c] (a pair of Fours)
R4dus: shows [Kc 8h] (high card King)
Mahu2021 collected 240 from pot
*** SUMMARY ***
Total pot 240 | Rake 0 
Board [4s 5s 3s 6c Js]
Seat 1: R4dus (button) showed [Kc 8h] and lost with high card King
Seat 2: AcesRimmer (small blind) folded before Flop
Seat 3: Mahu2021 (big blind) showed [Ah 4c] and won (240) with a pair of Fours



PokerStars Hand #246550292443: Tournament #3659380349, $0.92+$0.08 USD Hold'em No Limit - Level III (20/40) - 2023/10/15 19:09:02 CET [2023/10/15 13:09:02 ET]
Table '3659380349 1' 3-max Seat #2 is the button
Seat 1: R4dus (650 in chips) 
Seat 2: AcesRimmer (610 in chips) 
Seat 3: Mahu2021 (240 in chips) 
Mahu2021: posts small blind 20
R4dus: posts big blind 40
*** HOLE CARDS ***
Dealt to Mahu2021 [Ac 7d]
AcesRimmer: folds 
Mahu2021: raises 200 to 240 and is all-in
R4dus: folds 
Uncalled bet (200) returned to Mahu2021
Mahu2021 collected 80 from pot
Mahu2021: doesn't show hand 
*** SUMMARY ***
Total pot 80 | Rake 0 
Seat 1: R4dus (big blind) folded before Flop
Seat 2: AcesRimmer (button) folded before Flop (didn't bet)
Seat 3: Mahu2021 (small blind) collected (80)



PokerStars Hand #246550295801: Tournament #3659380349, $0.92+$0.08 USD Hold'em No Limit - Level III (20/40) - 2023/10/15 19:09:11 CET [2023/10/15 13:09:11 ET]
Table '3659380349 1' 3-max Seat #3 is the button
Seat 1: R4dus (610 in chips) 
Seat 2: AcesRimmer (610 in chips) 
Seat 3: Mahu2021 (280 in chips) 
R4dus: posts small blind 20
AcesRimmer: posts big blind 40
*** HOLE CARDS ***
Dealt to Mahu2021 [7d 7s]
Mahu2021: raises 240 to 280 and is all-in
R4dus: folds 
AcesRimmer: folds 
Uncalled bet (240) returned to Mahu2021
Mahu2021 collected 100 from pot
Mahu2021: doesn't show hand 
*** SUMMARY ***
Total pot 100 | Rake 0 
Seat 1: R4dus (small blind) folded before Flop
Seat 2: AcesRimmer (big blind) folded before Flop
Seat 3: Mahu2021 (button) collected (100)



PokerStars Hand #246550299550: Tournament #3659380349, $0.92+$0.08 USD Hold'em No Limit - Level III (20/40) - 2023/10/15 19:09:21 CET [2023/10/15 13:09:21 ET]
Table '3659380349 1' 3-max Seat #1 is the button
Seat 1: R4dus (590 in chips) 
Seat 2: AcesRimmer (570 in chips) 
Seat 3: Mahu2021 (340 in chips) 
AcesRimmer: posts small blind 20
Mahu2021: posts big blind 40
*** HOLE CARDS ***
Dealt to Mahu2021 [6h 5c]
R4dus: folds 
AcesRimmer: folds 
Uncalled bet (20) returned to Mahu2021
Mahu2021 collected 40 from pot
Mahu2021: doesn't show hand 
*** SUMMARY ***
Total pot 40 | Rake 0 
Seat 1: R4dus (button) folded before Flop (didn't bet)
Seat 2: AcesRimmer (small blind) folded before Flop
Seat 3: Mahu2021 (big blind) collected (40)



PokerStars Hand #246550301883: Tournament #3659380349, $0.92+$0.08 USD Hold'em No Limit - Level III (20/40) - 2023/10/15 19:09:27 CET [2023/10/15 13:09:27 ET]
Table '3659380349 1' 3-max Seat #2 is the button
Seat 1: R4dus (590 in chips) 
Seat 2: AcesRimmer (550 in chips) 
Seat 3: Mahu2021 (360 in chips) 
Mahu2021: posts small blind 20
R4dus: posts big blind 40
*** HOLE CARDS ***
Dealt to Mahu2021 [3s 6h]
AcesRimmer: folds 
Mahu2021: folds 
Uncalled bet (20) returned to R4dus
R4dus collected 40 from pot
R4dus: doesn't show hand 
*** SUMMARY ***
Total pot 40 | Rake 0 
Seat 1: R4dus (big blind) collected (40)
Seat 2: AcesRimmer (button) folded before Flop (didn't bet)
Seat 3: Mahu2021 (small blind) folded before Flop



PokerStars Hand #246550303835: Tournament #3659380349, $0.92+$0.08 USD Hold'em No Limit - Level III (20/40) - 2023/10/15 19:09:32 CET [2023/10/15 13:09:32 ET]
Table '3659380349 1' 3-max Seat #3 is the button
Seat 1: R4dus (610 in chips) 
Seat 2: AcesRimmer (550 in chips) 
Seat 3: Mahu2021 (340 in chips) 
R4dus: posts small blind 20
AcesRimmer: posts big blind 40
*** HOLE CARDS ***
Dealt to Mahu2021 [Js 7d]
Mahu2021: folds 
R4dus: raises 80 to 120
AcesRimmer: calls 80
*** FLOP *** [3c Kh Jd]
R4dus: bets 490 and is all-in
AcesRimmer: folds [Td As]
Uncalled bet (490) returned to R4dus
R4dus collected 240 from pot
R4dus: doesn't show hand 
*** SUMMARY ***
Total pot 240 | Rake 0 
Board [3c Kh Jd]
Seat 1: R4dus (small blind) collected (240)
Seat 2: AcesRimmer (big blind) folded on the Flop
Seat 3: Mahu2021 (button) folded before Flop (didn't bet)



PokerStars Hand #246550313730: Tournament #3659380349, $0.92+$0.08 USD Hold'em No Limit - Level III (20/40) - 2023/10/15 19:09:58 CET [2023/10/15 13:09:58 ET]
Table '3659380349 1' 3-max Seat #1 is the button
Seat 1: R4dus (730 in chips) 
Seat 2: AcesRimmer (430 in chips) 
Seat 3: Mahu2021 (340 in chips) 
AcesRimmer: posts small blind 20
Mahu2021: posts big blind 40
*** HOLE CARDS ***
Dealt to Mahu2021 [4c 4s]
R4dus: folds 
AcesRimmer: folds 
Uncalled bet (20) returned to Mahu2021
Mahu2021 collected 40 from pot
Mahu2021: doesn't show hand 
*** SUMMARY ***
Total pot 40 | Rake 0 
Seat 1: R4dus (button) folded before Flop (didn't bet)
Seat 2: AcesRimmer (small blind) folded before Flop
Seat 3: Mahu2021 (big blind) collected (40)



PokerStars Hand #246550316463: Tournament #3659380349, $0.92+$0.08 USD Hold'em No Limit - Level III (20/40) - 2023/10/15 19:10:05 CET [2023/10/15 13:10:05 ET]
Table '3659380349 1' 3-max Seat #2 is the button
Seat 1: R4dus (730 in chips) 
Seat 2: AcesRimmer (410 in chips) 
Seat 3: Mahu2021 (360 in chips) 
Mahu2021: posts small blind 20
R4dus: posts big blind 40
*** HOLE CARDS ***
Dealt to Mahu2021 [8c 9d]
AcesRimmer: raises 40 to 80
Mahu2021: calls 60
R4dus: calls 40
*** FLOP *** [Ks 6h 3h]
Mahu2021: checks 
R4dus: checks 
AcesRimmer: bets 120
Mahu2021: folds 
R4dus: calls 120
*** TURN *** [Ks 6h 3h] [9c]
R4dus: checks 
AcesRimmer: bets 210 and is all-in
R4dus: folds 
Uncalled bet (210) returned to AcesRimmer
AcesRimmer collected 480 from pot
*** SUMMARY ***
Total pot 480 | Rake 0 
Board [Ks 6h 3h 9c]
Seat 1: R4dus (big blind) folded on the Turn
Seat 2: AcesRimmer (button) collected (480)
Seat 3: Mahu2021 (small blind) folded on the Flop



PokerStars Hand #246550326877: Tournament #3659380349, $0.92+$0.08 USD Hold'em No Limit - Level III (20/40) - 2023/10/15 19:10:33 CET [2023/10/15 13:10:33 ET]
Table '3659380349 1' 3-max Seat #3 is the button
Seat 1: R4dus (530 in chips) 
Seat 2: AcesRimmer (690 in chips) 
Seat 3: Mahu2021 (280 in chips) 
R4dus: posts small blind 20
AcesRimmer: posts big blind 40
*** HOLE CARDS ***
Dealt to Mahu2021 [Kd 9c]
Mahu2021: raises 40 to 80
R4dus: folds 
AcesRimmer: calls 40
*** FLOP *** [Ah 5c 9h]
AcesRimmer: checks 
Mahu2021: bets 200 and is all-in
AcesRimmer: calls 200
*** TURN *** [Ah 5c 9h] [2h]
*** RIVER *** [Ah 5c 9h 2h] [8c]
*** SHOW DOWN ***
AcesRimmer: shows [6c Ad] (a pair of Aces)
Mahu2021: shows [Kd 9c] (a pair of Nines)
AcesRimmer collected 580 from pot
Mahu2021 finished the tournament in 3rd place
*** SUMMARY ***
Total pot 580 | Rake 0 
Board [Ah 5c 9h 2h 8c]
Seat 1: R4dus (small blind) folded before Flop
Seat 2: AcesRimmer (big blind) showed [6c Ad] and won (580) with a pair of Aces
Seat 3: Mahu2021 (button) showed [Kd 9c] and lost with a pair of Nines



