PokerStars Hand #249162831621: Tournament #3722806992, $1.84+$0.16 USD Hold'em No Limit - Level I (10/20) - 2024/02/29 22:04:14 CET [2024/02/29 16:04:14 ET]
Table '3722806992 1' 3-max Seat #1 is the button
Seat 1: Mahu2021 (500 in chips) 
Seat 2: DPA1978 (500 in chips) 
Seat 3: jaider858 (500 in chips) is sitting out
DPA1978: posts small blind 10
jaider858: posts big blind 20
*** HOLE CARDS ***
Dealt to Mahu2021 [7h 2s]
Mahu2021: folds 
DPA1978: calls 10
jaider858: folds 
DPA1978 collected 40 from pot
*** SUMMARY ***
Total pot 40 | Rake 0 
Seat 1: Mahu2021 (button) folded before Flop (didn't bet)
Seat 2: DPA1978 (small blind) collected (40)
Seat 3: jaider858 (big blind) folded before Flop



PokerStars Hand #249162833726: Tournament #3722806992, $1.84+$0.16 USD Hold'em No Limit - Level I (10/20) - 2024/02/29 22:04:20 CET [2024/02/29 16:04:20 ET]
Table '3722806992 1' 3-max Seat #2 is the button
Seat 1: Mahu2021 (500 in chips) 
Seat 2: DPA1978 (520 in chips) 
Seat 3: jaider858 (480 in chips) is sitting out
jaider858: posts small blind 10
Mahu2021: posts big blind 20
*** HOLE CARDS ***
Dealt to Mahu2021 [Qh 9d]
jaider858 is disconnected 
DPA1978: folds 
jaider858: folds 
Uncalled bet (10) returned to Mahu2021
Mahu2021 collected 20 from pot
Mahu2021: doesn't show hand 
jaider858 has returned
*** SUMMARY ***
Total pot 20 | Rake 0 
Seat 1: Mahu2021 (big blind) collected (20)
Seat 2: DPA1978 (button) folded before Flop (didn't bet)
Seat 3: jaider858 (small blind) folded before Flop



PokerStars Hand #249162835665: Tournament #3722806992, $1.84+$0.16 USD Hold'em No Limit - Level I (10/20) - 2024/02/29 22:04:25 CET [2024/02/29 16:04:25 ET]
Table '3722806992 1' 3-max Seat #3 is the button
Seat 1: Mahu2021 (510 in chips) 
Seat 2: DPA1978 (520 in chips) 
Seat 3: jaider858 (470 in chips) 
Mahu2021: posts small blind 10
DPA1978: posts big blind 20
*** HOLE CARDS ***
Dealt to Mahu2021 [8c 7h]
jaider858: calls 20
Mahu2021: calls 10
DPA1978: checks 
*** FLOP *** [Js Qs 6h]
Mahu2021: checks 
DPA1978: checks 
jaider858: bets 60
Mahu2021: folds 
DPA1978: folds 
Uncalled bet (60) returned to jaider858
jaider858 collected 60 from pot
*** SUMMARY ***
Total pot 60 | Rake 0 
Board [Js Qs 6h]
Seat 1: Mahu2021 (small blind) folded on the Flop
Seat 2: DPA1978 (big blind) folded on the Flop
Seat 3: jaider858 (button) collected (60)



PokerStars Hand #249162846638: Tournament #3722806992, $1.84+$0.16 USD Hold'em No Limit - Level I (10/20) - 2024/02/29 22:04:55 CET [2024/02/29 16:04:55 ET]
Table '3722806992 1' 3-max Seat #1 is the button
Seat 1: Mahu2021 (490 in chips) 
Seat 2: DPA1978 (500 in chips) 
Seat 3: jaider858 (510 in chips) 
DPA1978: posts small blind 10
jaider858: posts big blind 20
*** HOLE CARDS ***
Dealt to Mahu2021 [2d 5d]
Mahu2021: folds 
DPA1978: calls 10
jaider858: checks 
*** FLOP *** [As 8d 7d]
DPA1978: checks 
jaider858: bets 20
DPA1978: calls 20
*** TURN *** [As 8d 7d] [4h]
DPA1978: checks 
jaider858: checks 
*** RIVER *** [As 8d 7d 4h] [4d]
DPA1978: bets 40
jaider858: calls 40
*** SHOW DOWN ***
DPA1978: shows [Ks Ah] (two pair, Aces and Fours)
jaider858: mucks hand 
DPA1978 collected 160 from pot
*** SUMMARY ***
Total pot 160 | Rake 0 
Board [As 8d 7d 4h 4d]
Seat 1: Mahu2021 (button) folded before Flop (didn't bet)
Seat 2: DPA1978 (small blind) showed [Ks Ah] and won (160) with two pair, Aces and Fours
Seat 3: jaider858 (big blind) mucked [6s Jh]



PokerStars Hand #249162857005: Tournament #3722806992, $1.84+$0.16 USD Hold'em No Limit - Level I (10/20) - 2024/02/29 22:05:23 CET [2024/02/29 16:05:23 ET]
Table '3722806992 1' 3-max Seat #2 is the button
Seat 1: Mahu2021 (490 in chips) 
Seat 2: DPA1978 (580 in chips) 
Seat 3: jaider858 (430 in chips) 
jaider858: posts small blind 10
Mahu2021: posts big blind 20
*** HOLE CARDS ***
Dealt to Mahu2021 [2h 5s]
DPA1978: folds 
jaider858: raises 40 to 60
Mahu2021: folds 
Uncalled bet (40) returned to jaider858
jaider858 collected 40 from pot
*** SUMMARY ***
Total pot 40 | Rake 0 
Seat 1: Mahu2021 (big blind) folded before Flop
Seat 2: DPA1978 (button) folded before Flop (didn't bet)
Seat 3: jaider858 (small blind) collected (40)



PokerStars Hand #249162860423: Tournament #3722806992, $1.84+$0.16 USD Hold'em No Limit - Level I (10/20) - 2024/02/29 22:05:33 CET [2024/02/29 16:05:33 ET]
Table '3722806992 1' 3-max Seat #3 is the button
Seat 1: Mahu2021 (470 in chips) 
Seat 2: DPA1978 (580 in chips) 
Seat 3: jaider858 (450 in chips) 
Mahu2021: posts small blind 10
DPA1978: posts big blind 20
*** HOLE CARDS ***
Dealt to Mahu2021 [2h 7s]
jaider858: folds 
Mahu2021: folds 
Uncalled bet (10) returned to DPA1978
DPA1978 collected 20 from pot
*** SUMMARY ***
Total pot 20 | Rake 0 
Seat 1: Mahu2021 (small blind) folded before Flop
Seat 2: DPA1978 (big blind) collected (20)
Seat 3: jaider858 (button) folded before Flop (didn't bet)



PokerStars Hand #249162862650: Tournament #3722806992, $1.84+$0.16 USD Hold'em No Limit - Level I (10/20) - 2024/02/29 22:05:39 CET [2024/02/29 16:05:39 ET]
Table '3722806992 1' 3-max Seat #1 is the button
Seat 1: Mahu2021 (460 in chips) 
Seat 2: DPA1978 (590 in chips) 
Seat 3: jaider858 (450 in chips) 
DPA1978: posts small blind 10
jaider858: posts big blind 20
*** HOLE CARDS ***
Dealt to Mahu2021 [9s 5d]
Mahu2021: folds 
DPA1978: calls 10
jaider858: checks 
*** FLOP *** [5c 2d 7d]
DPA1978: checks 
jaider858: bets 20
DPA1978: calls 20
*** TURN *** [5c 2d 7d] [6h]
DPA1978: checks 
jaider858: checks 
*** RIVER *** [5c 2d 7d 6h] [Ks]
DPA1978: bets 80
jaider858: folds 
Uncalled bet (80) returned to DPA1978
DPA1978 collected 80 from pot
*** SUMMARY ***
Total pot 80 | Rake 0 
Board [5c 2d 7d 6h Ks]
Seat 1: Mahu2021 (button) folded before Flop (didn't bet)
Seat 2: DPA1978 (small blind) collected (80)
Seat 3: jaider858 (big blind) folded on the River



PokerStars Hand #249162873722: Tournament #3722806992, $1.84+$0.16 USD Hold'em No Limit - Level I (10/20) - 2024/02/29 22:06:09 CET [2024/02/29 16:06:09 ET]
Table '3722806992 1' 3-max Seat #2 is the button
Seat 1: Mahu2021 (460 in chips) 
Seat 2: DPA1978 (630 in chips) 
Seat 3: jaider858 (410 in chips) 
jaider858: posts small blind 10
Mahu2021: posts big blind 20
*** HOLE CARDS ***
Dealt to Mahu2021 [Ac 9h]
DPA1978: calls 20
jaider858: raises 60 to 80
Mahu2021: calls 60
DPA1978: folds 
*** FLOP *** [7h 6h 9d]
jaider858: checks 
Mahu2021: bets 380 and is all-in
jaider858: folds 
Uncalled bet (380) returned to Mahu2021
Mahu2021 collected 180 from pot
Mahu2021: doesn't show hand 
*** SUMMARY ***
Total pot 180 | Rake 0 
Board [7h 6h 9d]
Seat 1: Mahu2021 (big blind) collected (180)
Seat 2: DPA1978 (button) folded before Flop
Seat 3: jaider858 (small blind) folded on the Flop



PokerStars Hand #249162880435: Tournament #3722806992, $1.84+$0.16 USD Hold'em No Limit - Level I (10/20) - 2024/02/29 22:06:28 CET [2024/02/29 16:06:28 ET]
Table '3722806992 1' 3-max Seat #3 is the button
Seat 1: Mahu2021 (560 in chips) 
Seat 2: DPA1978 (610 in chips) 
Seat 3: jaider858 (330 in chips) 
Mahu2021: posts small blind 10
DPA1978: posts big blind 20
*** HOLE CARDS ***
Dealt to Mahu2021 [6s 6d]
jaider858: calls 20
Mahu2021: calls 10
DPA1978: checks 
*** FLOP *** [Th 9c 4c]
Mahu2021: checks 
DPA1978: checks 
jaider858: bets 60
Mahu2021: folds 
DPA1978: folds 
Uncalled bet (60) returned to jaider858
jaider858 collected 60 from pot
*** SUMMARY ***
Total pot 60 | Rake 0 
Board [Th 9c 4c]
Seat 1: Mahu2021 (small blind) folded on the Flop
Seat 2: DPA1978 (big blind) folded on the Flop
Seat 3: jaider858 (button) collected (60)



PokerStars Hand #249162887489: Tournament #3722806992, $1.84+$0.16 USD Hold'em No Limit - Level I (10/20) - 2024/02/29 22:06:47 CET [2024/02/29 16:06:47 ET]
Table '3722806992 1' 3-max Seat #1 is the button
Seat 1: Mahu2021 (540 in chips) 
Seat 2: DPA1978 (590 in chips) 
Seat 3: jaider858 (370 in chips) 
DPA1978: posts small blind 10
jaider858: posts big blind 20
*** HOLE CARDS ***
Dealt to Mahu2021 [Ad 3d]
Mahu2021: raises 20 to 40
DPA1978: calls 30
jaider858: calls 20
*** FLOP *** [Kh 4c 9s]
DPA1978: checks 
jaider858: checks 
Mahu2021: checks 
*** TURN *** [Kh 4c 9s] [Th]
DPA1978: checks 
jaider858: checks 
Mahu2021: checks 
*** RIVER *** [Kh 4c 9s Th] [5d]
DPA1978: checks 
jaider858: checks 
Mahu2021: checks 
*** SHOW DOWN ***
DPA1978: shows [6h Jh] (high card King)
jaider858: mucks hand 
Mahu2021: shows [Ad 3d] (high card Ace)
Mahu2021 collected 120 from pot
*** SUMMARY ***
Total pot 120 | Rake 0 
Board [Kh 4c 9s Th 5d]
Seat 1: Mahu2021 (button) showed [Ad 3d] and won (120) with high card Ace
Seat 2: DPA1978 (small blind) showed [6h Jh] and lost with high card King
Seat 3: jaider858 (big blind) mucked [8c 7s]



PokerStars Hand #249162898737: Tournament #3722806992, $1.84+$0.16 USD Hold'em No Limit - Level II (15/30) - 2024/02/29 22:07:18 CET [2024/02/29 16:07:18 ET]
Table '3722806992 1' 3-max Seat #2 is the button
Seat 1: Mahu2021 (620 in chips) 
Seat 2: DPA1978 (550 in chips) 
Seat 3: jaider858 (330 in chips) 
jaider858: posts small blind 15
Mahu2021: posts big blind 30
*** HOLE CARDS ***
Dealt to Mahu2021 [6h 7s]
DPA1978: raises 30 to 60
jaider858: folds 
Mahu2021: calls 30
*** FLOP *** [2c 2h Jc]
Mahu2021: checks 
DPA1978: bets 30
Mahu2021: folds 
Uncalled bet (30) returned to DPA1978
DPA1978 collected 135 from pot
*** SUMMARY ***
Total pot 135 | Rake 0 
Board [2c 2h Jc]
Seat 1: Mahu2021 (big blind) folded on the Flop
Seat 2: DPA1978 (button) collected (135)
Seat 3: jaider858 (small blind) folded before Flop



PokerStars Hand #249162904631: Tournament #3722806992, $1.84+$0.16 USD Hold'em No Limit - Level II (15/30) - 2024/02/29 22:07:34 CET [2024/02/29 16:07:34 ET]
Table '3722806992 1' 3-max Seat #3 is the button
Seat 1: Mahu2021 (560 in chips) 
Seat 2: DPA1978 (625 in chips) 
Seat 3: jaider858 (315 in chips) 
Mahu2021: posts small blind 15
DPA1978: posts big blind 30
*** HOLE CARDS ***
Dealt to Mahu2021 [8c 4c]
jaider858: raises 30 to 60
Mahu2021: folds 
DPA1978: calls 30
*** FLOP *** [9c 9d 7h]
DPA1978: checks 
jaider858: bets 30
DPA1978: calls 30
*** TURN *** [9c 9d 7h] [5h]
DPA1978: checks 
jaider858: bets 60
DPA1978: calls 60
*** RIVER *** [9c 9d 7h 5h] [Tc]
DPA1978: checks 
jaider858: bets 158
DPA1978: folds 
Uncalled bet (158) returned to jaider858
jaider858 collected 315 from pot
*** SUMMARY ***
Total pot 315 | Rake 0 
Board [9c 9d 7h 5h Tc]
Seat 1: Mahu2021 (small blind) folded before Flop
Seat 2: DPA1978 (big blind) folded on the River
Seat 3: jaider858 (button) collected (315)



PokerStars Hand #249162918813: Tournament #3722806992, $1.84+$0.16 USD Hold'em No Limit - Level II (15/30) - 2024/02/29 22:08:13 CET [2024/02/29 16:08:13 ET]
Table '3722806992 1' 3-max Seat #1 is the button
Seat 1: Mahu2021 (545 in chips) 
Seat 2: DPA1978 (475 in chips) 
Seat 3: jaider858 (480 in chips) 
DPA1978: posts small blind 15
jaider858: posts big blind 30
*** HOLE CARDS ***
Dealt to Mahu2021 [Qs Jd]
Mahu2021: raises 30 to 60
DPA1978: folds 
jaider858: calls 30
*** FLOP *** [4s 7c Qd]
jaider858: bets 135
Mahu2021: raises 350 to 485 and is all-in
jaider858: calls 285 and is all-in
Uncalled bet (65) returned to Mahu2021
*** TURN *** [4s 7c Qd] [8s]
*** RIVER *** [4s 7c Qd 8s] [6h]
*** SHOW DOWN ***
jaider858: shows [Qc 9d] (a pair of Queens)
Mahu2021: shows [Qs Jd] (a pair of Queens - Jack kicker)
Mahu2021 collected 975 from pot
jaider858 finished the tournament in 3rd place
*** SUMMARY ***
Total pot 975 | Rake 0 
Board [4s 7c Qd 8s 6h]
Seat 1: Mahu2021 (button) showed [Qs Jd] and won (975) with a pair of Queens
Seat 2: DPA1978 (small blind) folded before Flop
Seat 3: jaider858 (big blind) showed [Qc 9d] and lost with a pair of Queens



PokerStars Hand #249162926418: Tournament #3722806992, $1.84+$0.16 USD Hold'em No Limit - Level II (15/30) - 2024/02/29 22:08:34 CET [2024/02/29 16:08:34 ET]
Table '3722806992 1' 3-max Seat #2 is the button
Seat 1: Mahu2021 (1040 in chips) 
Seat 2: DPA1978 (460 in chips) 
DPA1978: posts small blind 15
Mahu2021: posts big blind 30
*** HOLE CARDS ***
Dealt to Mahu2021 [4d 5h]
DPA1978: calls 15
Mahu2021: checks 
*** FLOP *** [Ac Qh 5s]
Mahu2021: checks 
DPA1978: checks 
*** TURN *** [Ac Qh 5s] [Qc]
Mahu2021: checks 
DPA1978: bets 30
Mahu2021: calls 30
*** RIVER *** [Ac Qh 5s Qc] [2d]
Mahu2021: checks 
DPA1978: bets 30
Mahu2021: calls 30
*** SHOW DOWN ***
DPA1978: shows [6s Kh] (a pair of Queens)
Mahu2021: shows [4d 5h] (two pair, Queens and Fives)
Mahu2021 collected 180 from pot
*** SUMMARY ***
Total pot 180 | Rake 0 
Board [Ac Qh 5s Qc 2d]
Seat 1: Mahu2021 (big blind) showed [4d 5h] and won (180) with two pair, Queens and Fives
Seat 2: DPA1978 (button) (small blind) showed [6s Kh] and lost with a pair of Queens



PokerStars Hand #249162933473: Tournament #3722806992, $1.84+$0.16 USD Hold'em No Limit - Level II (15/30) - 2024/02/29 22:08:53 CET [2024/02/29 16:08:53 ET]
Table '3722806992 1' 3-max Seat #1 is the button
Seat 1: Mahu2021 (1130 in chips) 
Seat 2: DPA1978 (370 in chips) 
Mahu2021: posts small blind 15
DPA1978: posts big blind 30
*** HOLE CARDS ***
Dealt to Mahu2021 [9h 7c]
Mahu2021: calls 15
DPA1978: raises 30 to 60
Mahu2021: calls 30
*** FLOP *** [4h 2c 5d]
DPA1978: bets 30
Mahu2021: calls 30
*** TURN *** [4h 2c 5d] [6d]
DPA1978: bets 90
Mahu2021: calls 90
*** RIVER *** [4h 2c 5d 6d] [7d]
DPA1978: bets 190 and is all-in
Mahu2021: calls 190
*** SHOW DOWN ***
DPA1978: shows [6c 6h] (three of a kind, Sixes)
Mahu2021: shows [9h 7c] (a pair of Sevens)
DPA1978 collected 740 from pot
*** SUMMARY ***
Total pot 740 | Rake 0 
Board [4h 2c 5d 6d 7d]
Seat 1: Mahu2021 (button) (small blind) showed [9h 7c] and lost with a pair of Sevens
Seat 2: DPA1978 (big blind) showed [6c 6h] and won (740) with three of a kind, Sixes



PokerStars Hand #249162947124: Tournament #3722806992, $1.84+$0.16 USD Hold'em No Limit - Level II (15/30) - 2024/02/29 22:09:31 CET [2024/02/29 16:09:31 ET]
Table '3722806992 1' 3-max Seat #2 is the button
Seat 1: Mahu2021 (760 in chips) 
Seat 2: DPA1978 (740 in chips) 
DPA1978: posts small blind 15
Mahu2021: posts big blind 30
*** HOLE CARDS ***
Dealt to Mahu2021 [7s Kh]
DPA1978: calls 15
Mahu2021: checks 
*** FLOP *** [2c Jd 7h]
Mahu2021: checks 
DPA1978: checks 
*** TURN *** [2c Jd 7h] [4h]
Mahu2021: bets 30
DPA1978: calls 30
*** RIVER *** [2c Jd 7h 4h] [8c]
Mahu2021: bets 30
DPA1978: raises 650 to 680 and is all-in
Mahu2021: folds 
Uncalled bet (650) returned to DPA1978
DPA1978 collected 180 from pot
*** SUMMARY ***
Total pot 180 | Rake 0 
Board [2c Jd 7h 4h 8c]
Seat 1: Mahu2021 (big blind) folded on the River
Seat 2: DPA1978 (button) (small blind) collected (180)



