PokerStars Zoom Hand #253986757070:  Hold'em No Limit ($0.05/$0.10) - 2024/12/23 14:13:47 CET [2024/12/23 8:13:47 ET]
Table 'Aludra' 6-max Seat #1 is the button
Seat 1: eltanochiesa ($34.34 in chips) 
Seat 2: aamsantos ($8.85 in chips) 
Seat 3: Mahu2021 ($10 in chips) 
Seat 4: Cudenduden87 ($9.78 in chips) 
Seat 5: shortstackpro ($6.75 in chips) 
Seat 6: poKagi ($10 in chips) 
aamsantos: posts small blind $0.05
Mahu2021: posts big blind $0.10
*** HOLE CARDS ***
Dealt to Mahu2021 [5d Ah]
Cudenduden87: folds 
shortstackpro: folds 
poKagi: folds 
eltanochiesa: folds 
aamsantos: raises $0.15 to $0.25
Mahu2021: calls $0.15
*** FLOP *** [5c 2d 6d]
aamsantos: bets $0.21
Mahu2021: calls $0.21
*** TURN *** [5c 2d 6d] [Kd]
aamsantos: bets $0.48
Mahu2021: calls $0.48
*** RIVER *** [5c 2d 6d Kd] [9h]
aamsantos: checks 
Mahu2021: checks 
*** SHOW DOWN ***
aamsantos: shows [Jd Js] (a pair of Jacks)
Mahu2021: mucks hand 
aamsantos collected $1.80 from pot
*** SUMMARY ***
Total pot $1.88 | Rake $0.08 
Board [5c 2d 6d Kd 9h]
Seat 1: eltanochiesa (button) folded before Flop (didn't bet)
Seat 2: aamsantos (small blind) showed [Jd Js] and won ($1.80) with a pair of Jacks
Seat 3: Mahu2021 (big blind) mucked [5d Ah]
Seat 4: Cudenduden87 folded before Flop (didn't bet)
Seat 5: shortstackpro folded before Flop (didn't bet)
Seat 6: poKagi folded before Flop (didn't bet)



PokerStars Zoom Hand #253986763138:  Hold'em No Limit ($0.05/$0.10) - 2024/12/23 14:14:26 CET [2024/12/23 8:14:26 ET]
Table 'Aludra' 6-max Seat #1 is the button
Seat 1: griffin19947 ($11.29 in chips) 
Seat 2: Mahu2021 ($9.06 in chips) 
Seat 3: Durino7 ($13.16 in chips) 
Seat 4: B1ackwaterPark ($10.23 in chips) 
Seat 5: MDCpoker857 ($6.76 in chips) 
Seat 6: 65446418 ($9.90 in chips) 
Mahu2021: posts small blind $0.05
Durino7: posts big blind $0.10
*** HOLE CARDS ***
Dealt to Mahu2021 [6d 6s]
B1ackwaterPark: folds 
MDCpoker857: folds 
65446418: folds 
griffin19947: calls $0.10
Mahu2021: calls $0.05
Durino7: checks 
*** FLOP *** [Qs 5c 2d]
Mahu2021: bets $0.10
Durino7: calls $0.10
griffin19947: calls $0.10
*** TURN *** [Qs 5c 2d] [7h]
Mahu2021: checks 
Durino7: bets $0.67
griffin19947: folds 
Mahu2021: folds 
Uncalled bet ($0.67) returned to Durino7
Durino7 collected $0.57 from pot
Durino7: doesn't show hand 
*** SUMMARY ***
Total pot $0.60 | Rake $0.03 
Board [Qs 5c 2d 7h]
Seat 1: griffin19947 (button) folded on the Turn
Seat 2: Mahu2021 (small blind) folded on the Turn
Seat 3: Durino7 (big blind) collected ($0.57)
Seat 4: B1ackwaterPark folded before Flop (didn't bet)
Seat 5: MDCpoker857 folded before Flop (didn't bet)
Seat 6: 65446418 folded before Flop (didn't bet)



PokerStars Zoom Hand #253986766361:  Hold'em No Limit ($0.05/$0.10) - 2024/12/23 14:14:46 CET [2024/12/23 8:14:46 ET]
Table 'Aludra' 6-max Seat #1 is the button
Seat 1: Mahu2021 ($8.86 in chips) 
Seat 2: Alex33388 ($21.79 in chips) 
Seat 3: QED42 ($14.33 in chips) 
Seat 4: SLChamp74 ($7.44 in chips) 
Seat 5: Dbentleyy ($25.60 in chips) 
Seat 6: NandoSousa1979 ($12.87 in chips) 
Alex33388: posts small blind $0.05
QED42: posts big blind $0.10
*** HOLE CARDS ***
Dealt to Mahu2021 [5s Ah]
SLChamp74: folds 
Dbentleyy: folds 
NandoSousa1979: folds 
Mahu2021: raises $0.20 to $0.30
Alex33388: folds 
QED42: folds 
Uncalled bet ($0.20) returned to Mahu2021
Mahu2021 collected $0.25 from pot
Mahu2021: doesn't show hand 
*** SUMMARY ***
Total pot $0.25 | Rake $0 
Seat 1: Mahu2021 (button) collected ($0.25)
Seat 2: Alex33388 (small blind) folded before Flop
Seat 3: QED42 (big blind) folded before Flop
Seat 4: SLChamp74 folded before Flop (didn't bet)
Seat 5: Dbentleyy folded before Flop (didn't bet)
Seat 6: NandoSousa1979 folded before Flop (didn't bet)



PokerStars Zoom Hand #253986762384:  Hold'em No Limit ($0.05/$0.10) - 2024/12/23 14:14:21 CET [2024/12/23 8:14:21 ET]
Table 'Aludra' 6-max Seat #1 is the button
Seat 1: lukas8899 ($8.99 in chips) 
Seat 2: robecaku ($16.83 in chips) 
Seat 3: JAntdog ($24.50 in chips) 
Seat 4: louwehitt ($7.64 in chips) 
Seat 5: Mahu2021 ($9.06 in chips) 
Seat 6: Alex33388 ($21.79 in chips) 
robecaku: posts small blind $0.05
JAntdog: posts big blind $0.10
*** HOLE CARDS ***
Dealt to Mahu2021 [Ts 6s]
louwehitt: folds 
Mahu2021: folds 
Alex33388: folds 
lukas8899: raises $0.10 to $0.20
robecaku: raises $0.60 to $0.80
JAntdog: raises $1.30 to $2.10
lukas8899: folds 
robecaku: folds 
Uncalled bet ($1.30) returned to JAntdog
JAntdog collected $1.80 from pot
JAntdog: doesn't show hand 
*** SUMMARY ***
Total pot $1.80 | Rake $0 
Seat 1: lukas8899 (button) folded before Flop
Seat 2: robecaku (small blind) folded before Flop
Seat 3: JAntdog (big blind) collected ($1.80)
Seat 4: louwehitt folded before Flop (didn't bet)
Seat 5: Mahu2021 folded before Flop (didn't bet)
Seat 6: Alex33388 folded before Flop (didn't bet)



PokerStars Zoom Hand #253986768178:  Hold'em No Limit ($0.05/$0.10) - 2024/12/23 14:14:57 CET [2024/12/23 8:14:57 ET]
Table 'Aludra' 6-max Seat #1 is the button
Seat 1: osakei1024 ($4.38 in chips) 
Seat 2: NandoSousa1979 ($12.87 in chips) 
Seat 3: lukas8899 ($8.79 in chips) 
Seat 4: 50´s Ghost ($10 in chips) 
Seat 5: bruno.souza8 ($11.11 in chips) 
Seat 6: Mahu2021 ($9.01 in chips) 
NandoSousa1979: posts small blind $0.05
lukas8899: posts big blind $0.10
*** HOLE CARDS ***
Dealt to Mahu2021 [Jc 9h]
50´s Ghost: folds 
bruno.souza8: folds 
Mahu2021: folds 
osakei1024: folds 
NandoSousa1979: calls $0.05
lukas8899: raises $0.20 to $0.30
NandoSousa1979: folds 
Uncalled bet ($0.20) returned to lukas8899
lukas8899 collected $0.20 from pot
lukas8899: doesn't show hand 
*** SUMMARY ***
Total pot $0.20 | Rake $0 
Seat 1: osakei1024 (button) folded before Flop (didn't bet)
Seat 2: NandoSousa1979 (small blind) folded before Flop
Seat 3: lukas8899 (big blind) collected ($0.20)
Seat 4: 50´s Ghost folded before Flop (didn't bet)
Seat 5: bruno.souza8 folded before Flop (didn't bet)
Seat 6: Mahu2021 folded before Flop (didn't bet)



PokerStars Zoom Hand #253986769439:  Hold'em No Limit ($0.05/$0.10) - 2024/12/23 14:15:05 CET [2024/12/23 8:15:05 ET]
Table 'Aludra' 6-max Seat #1 is the button
Seat 1: Riquette_Zermi ($12.34 in chips) 
Seat 2: mr.Huubb ($10.97 in chips) 
Seat 3: osakei1024 ($4.35 in chips) 
Seat 4: Mahu2021 ($9.01 in chips) 
Seat 5: JAntdog ($25.50 in chips) 
Seat 6: guizzo77 ($10.10 in chips) 
mr.Huubb: posts small blind $0.05
osakei1024: posts big blind $0.10
*** HOLE CARDS ***
Dealt to Mahu2021 [3s 3c]
Mahu2021: raises $0.10 to $0.20
JAntdog: folds 
guizzo77: folds 
Riquette_Zermi: folds 
mr.Huubb: folds 
osakei1024: folds 
Uncalled bet ($0.10) returned to Mahu2021
Mahu2021 collected $0.25 from pot
Mahu2021: doesn't show hand 
*** SUMMARY ***
Total pot $0.25 | Rake $0 
Seat 1: Riquette_Zermi (button) folded before Flop (didn't bet)
Seat 2: mr.Huubb (small blind) folded before Flop
Seat 3: osakei1024 (big blind) folded before Flop
Seat 4: Mahu2021 collected ($0.25)
Seat 5: JAntdog folded before Flop (didn't bet)
Seat 6: guizzo77 folded before Flop (didn't bet)



PokerStars Zoom Hand #253986771039:  Hold'em No Limit ($0.05/$0.10) - 2024/12/23 14:15:15 CET [2024/12/23 8:15:15 ET]
Table 'Aludra' 6-max Seat #1 is the button
Seat 1: Duhau ($10.40 in chips) 
Seat 2: GSKG987 ($13.37 in chips) 
Seat 3: bissogro ($10 in chips) 
Seat 4: 50´s Ghost ($14.61 in chips) 
Seat 5: Mahu2021 ($9.16 in chips) 
Seat 6: 66kimmo66 ($12.19 in chips) 
GSKG987: posts small blind $0.05
bissogro: posts big blind $0.10
*** HOLE CARDS ***
Dealt to Mahu2021 [5s Qs]
50´s Ghost: folds 
Mahu2021: raises $0.20 to $0.30
66kimmo66: folds 
Duhau: folds 
GSKG987: folds 
bissogro: folds 
Uncalled bet ($0.20) returned to Mahu2021
Mahu2021 collected $0.25 from pot
Mahu2021: doesn't show hand 
*** SUMMARY ***
Total pot $0.25 | Rake $0 
Seat 1: Duhau (button) folded before Flop (didn't bet)
Seat 2: GSKG987 (small blind) folded before Flop
Seat 3: bissogro (big blind) folded before Flop
Seat 4: 50´s Ghost folded before Flop (didn't bet)
Seat 5: Mahu2021 collected ($0.25)
Seat 6: 66kimmo66 folded before Flop (didn't bet)



PokerStars Zoom Hand #253986773753:  Hold'em No Limit ($0.05/$0.10) - 2024/12/23 14:15:32 CET [2024/12/23 8:15:32 ET]
Table 'Aludra' 6-max Seat #1 is the button
Seat 1: poKagi ($10 in chips) 
Seat 2: MagicMike05 ($3.95 in chips) 
Seat 3: RYOX 325 ($9.21 in chips) 
Seat 4: Karina2707 ($17.19 in chips) 
Seat 5: beas7m0de ($10.66 in chips) 
Seat 6: Mahu2021 ($9.26 in chips) 
MagicMike05: posts small blind $0.05
RYOX 325: posts big blind $0.10
*** HOLE CARDS ***
Dealt to Mahu2021 [Qd Ts]
Karina2707: folds 
beas7m0de: folds 
Mahu2021: raises $0.20 to $0.30
poKagi: folds 
MagicMike05: folds 
RYOX 325: folds 
Uncalled bet ($0.20) returned to Mahu2021
Mahu2021 collected $0.25 from pot
Mahu2021: doesn't show hand 
*** SUMMARY ***
Total pot $0.25 | Rake $0 
Seat 1: poKagi (button) folded before Flop (didn't bet)
Seat 2: MagicMike05 (small blind) folded before Flop
Seat 3: RYOX 325 (big blind) folded before Flop
Seat 4: Karina2707 folded before Flop (didn't bet)
Seat 5: beas7m0de folded before Flop (didn't bet)
Seat 6: Mahu2021 collected ($0.25)



PokerStars Zoom Hand #253986773149:  Hold'em No Limit ($0.05/$0.10) - 2024/12/23 14:15:28 CET [2024/12/23 8:15:28 ET]
Table 'Aludra' 6-max Seat #1 is the button
Seat 1: rbecks17 ($59.98 in chips) 
Seat 2: Mahu2021 ($9.31 in chips) 
Seat 3: aamsantos ($9.36 in chips) 
Seat 4: JAntdog ($15.04 in chips) 
Seat 5: MagicMike05 ($3.95 in chips) 
Seat 6: hummbold ($11.81 in chips) 
Mahu2021: posts small blind $0.05
aamsantos: posts big blind $0.10
*** HOLE CARDS ***
Dealt to Mahu2021 [3d 9d]
JAntdog: folds 
MagicMike05: folds 
hummbold: folds 
rbecks17: raises $0.22 to $0.32
Mahu2021: folds 
aamsantos: calls $0.22
*** FLOP *** [8s Ad Th]
aamsantos: checks 
rbecks17: bets $0.17
aamsantos: folds 
Uncalled bet ($0.17) returned to rbecks17
rbecks17 collected $0.66 from pot
rbecks17: doesn't show hand 
*** SUMMARY ***
Total pot $0.69 | Rake $0.03 
Board [8s Ad Th]
Seat 1: rbecks17 (button) collected ($0.66)
Seat 2: Mahu2021 (small blind) folded before Flop
Seat 3: aamsantos (big blind) folded on the Flop
Seat 4: JAntdog folded before Flop (didn't bet)
Seat 5: MagicMike05 folded before Flop (didn't bet)
Seat 6: hummbold folded before Flop (didn't bet)



PokerStars Zoom Hand #253986777616:  Hold'em No Limit ($0.05/$0.10) - 2024/12/23 14:15:56 CET [2024/12/23 8:15:56 ET]
Table 'Aludra' 6-max Seat #1 is the button
Seat 1: hummbold ($11.71 in chips) 
Seat 2: Maulwurf304 ($7.13 in chips) 
Seat 3: Mahu2021 ($9.41 in chips) 
Seat 4: sonyks2007 ($8.99 in chips) 
Seat 5: poKagi ($13.34 in chips) 
Seat 6: Duhau ($10.50 in chips) 
Maulwurf304: posts small blind $0.05
Mahu2021: posts big blind $0.10
*** HOLE CARDS ***
Dealt to Mahu2021 [Ts 3d]
sonyks2007: folds 
poKagi has timed out
poKagi: folds 
Duhau: folds 
hummbold: folds 
Maulwurf304: calls $0.05
Mahu2021: checks 
*** FLOP *** [8h 4h Qc]
Maulwurf304: bets $0.10
Mahu2021: folds 
Uncalled bet ($0.10) returned to Maulwurf304
Maulwurf304 collected $0.19 from pot
Maulwurf304: doesn't show hand 
*** SUMMARY ***
Total pot $0.20 | Rake $0.01 
Board [8h 4h Qc]
Seat 1: hummbold (button) folded before Flop (didn't bet)
Seat 2: Maulwurf304 (small blind) collected ($0.19)
Seat 3: Mahu2021 (big blind) folded on the Flop
Seat 4: sonyks2007 folded before Flop (didn't bet)
Seat 5: poKagi folded before Flop (didn't bet)
Seat 6: Duhau folded before Flop (didn't bet)



PokerStars Zoom Hand #253986782570:  Hold'em No Limit ($0.05/$0.10) - 2024/12/23 14:16:27 CET [2024/12/23 8:16:27 ET]
Table 'Aludra' 6-max Seat #1 is the button
Seat 1: Mahu2021 ($9.31 in chips) 
Seat 2: Alex33388 ($21.44 in chips) 
Seat 3: guizzo77 ($9.75 in chips) 
Seat 4: tomo0605 ($16.03 in chips) 
Seat 5: zALEXKAYz ($10 in chips) 
Seat 6: Karina2707 ($16.89 in chips) 
Alex33388: posts small blind $0.05
guizzo77: posts big blind $0.10
*** HOLE CARDS ***
Dealt to Mahu2021 [5d Td]
tomo0605: folds 
zALEXKAYz: raises $0.12 to $0.22
Karina2707: calls $0.22
Mahu2021: folds 
Alex33388: folds 
guizzo77: raises $1.13 to $1.35
zALEXKAYz: folds 
Karina2707: calls $1.13
*** FLOP *** [Jh 7h 9h]
guizzo77: checks 
Karina2707: checks 
*** TURN *** [Jh 7h 9h] [2h]
guizzo77: bets $0.99
Karina2707: folds 
Uncalled bet ($0.99) returned to guizzo77
guizzo77 collected $2.84 from pot
guizzo77: doesn't show hand 
*** SUMMARY ***
Total pot $2.97 | Rake $0.13 
Board [Jh 7h 9h 2h]
Seat 1: Mahu2021 (button) folded before Flop (didn't bet)
Seat 2: Alex33388 (small blind) folded before Flop
Seat 3: guizzo77 (big blind) collected ($2.84)
Seat 4: tomo0605 folded before Flop (didn't bet)
Seat 5: zALEXKAYz folded before Flop
Seat 6: Karina2707 folded on the Turn



PokerStars Zoom Hand #253986784657:  Hold'em No Limit ($0.05/$0.10) - 2024/12/23 14:16:40 CET [2024/12/23 8:16:40 ET]
Table 'Aludra' 6-max Seat #1 is the button
Seat 1: AVERY2020 ($12.44 in chips) 
Seat 2: bissogro ($10.22 in chips) 
Seat 3: Mahu2021 ($9.31 in chips) 
Seat 4: sonyks2007 ($9.89 in chips) 
Seat 5: pro888888 ($24.37 in chips) 
Seat 6: tigerfarm ($10.15 in chips) 
bissogro: posts small blind $0.05
Mahu2021: posts big blind $0.10
*** HOLE CARDS ***
Dealt to Mahu2021 [Ts 6s]
sonyks2007: folds 
pro888888: folds 
tigerfarm: folds 
AVERY2020: calls $0.10
bissogro: folds 
Mahu2021: checks 
*** FLOP *** [As 2h Ks]
Mahu2021: checks 
AVERY2020: bets $0.24
Mahu2021: calls $0.24
*** TURN *** [As 2h Ks] [3c]
Mahu2021: checks 
AVERY2020: checks 
*** RIVER *** [As 2h Ks 3c] [Qc]
Mahu2021: bets $0.30
AVERY2020: calls $0.30
*** SHOW DOWN ***
Mahu2021: shows [Ts 6s] (high card Ace)
AVERY2020: shows [5d Kd] (a pair of Kings)
AVERY2020 collected $1.27 from pot
*** SUMMARY ***
Total pot $1.33 | Rake $0.06 
Board [As 2h Ks 3c Qc]
Seat 1: AVERY2020 (button) showed [5d Kd] and won ($1.27) with a pair of Kings
Seat 2: bissogro (small blind) folded before Flop
Seat 3: Mahu2021 (big blind) showed [Ts 6s] and lost with high card Ace
Seat 4: sonyks2007 folded before Flop (didn't bet)
Seat 5: pro888888 folded before Flop (didn't bet)
Seat 6: tigerfarm folded before Flop (didn't bet)



PokerStars Zoom Hand #253986788202:  Hold'em No Limit ($0.05/$0.10) - 2024/12/23 14:17:02 CET [2024/12/23 8:17:02 ET]
Table 'Aludra' 6-max Seat #1 is the button
Seat 1: Mahu2021 ($8.67 in chips) 
Seat 2: MikeFatsi ($14.36 in chips) 
Seat 3: Teflonmemory ($10.37 in chips) 
Seat 4: 65446418 ($17.89 in chips) 
Seat 5: guizzo77 ($11.24 in chips) 
Seat 6: bissogro ($11.38 in chips) 
MikeFatsi: posts small blind $0.05
Teflonmemory: posts big blind $0.10
*** HOLE CARDS ***
Dealt to Mahu2021 [4s Qc]
65446418: folds 
guizzo77: folds 
bissogro: raises $0.10 to $0.20
Mahu2021: folds 
MikeFatsi: folds 
Teflonmemory: folds 
Uncalled bet ($0.10) returned to bissogro
bissogro collected $0.25 from pot
bissogro: doesn't show hand 
*** SUMMARY ***
Total pot $0.25 | Rake $0 
Seat 1: Mahu2021 (button) folded before Flop (didn't bet)
Seat 2: MikeFatsi (small blind) folded before Flop
Seat 3: Teflonmemory (big blind) folded before Flop
Seat 4: 65446418 folded before Flop (didn't bet)
Seat 5: guizzo77 folded before Flop (didn't bet)
Seat 6: bissogro collected ($0.25)



PokerStars Zoom Hand #253986783996:  Hold'em No Limit ($0.05/$0.10) - 2024/12/23 14:16:36 CET [2024/12/23 8:16:36 ET]
Table 'Aludra' 6-max Seat #1 is the button
Seat 1: Isohani ($11.38 in chips) 
Seat 2: fn1305 ($10.05 in chips) 
Seat 3: osakei1024 ($4.90 in chips) 
Seat 4: Mahu2021 ($9.31 in chips) 
Seat 5: RYOX 325 ($4.36 in chips) 
Seat 6: QED42 ($12.68 in chips) 
fn1305: posts small blind $0.05
osakei1024: posts big blind $0.10
*** HOLE CARDS ***
Dealt to Mahu2021 [Qs 4h]
Mahu2021: folds 
RYOX 325: folds 
QED42: raises $0.15 to $0.25
Isohani: raises $0.65 to $0.90
fn1305: folds 
osakei1024: folds 
QED42: raises $1.80 to $2.70
Isohani: calls $1.80
*** FLOP *** [7h As 5c]
QED42: checks 
Isohani: bets $2.15
QED42: folds 
Uncalled bet ($2.15) returned to Isohani
Isohani collected $5.30 from pot
Isohani: doesn't show hand 
*** SUMMARY ***
Total pot $5.55 | Rake $0.25 
Board [7h As 5c]
Seat 1: Isohani (button) collected ($5.30)
Seat 2: fn1305 (small blind) folded before Flop
Seat 3: osakei1024 (big blind) folded before Flop
Seat 4: Mahu2021 folded before Flop (didn't bet)
Seat 5: RYOX 325 folded before Flop (didn't bet)
Seat 6: QED42 folded on the Flop



PokerStars Zoom Hand #253986789177:  Hold'em No Limit ($0.05/$0.10) - 2024/12/23 14:17:08 CET [2024/12/23 8:17:08 ET]
Table 'Aludra' 6-max Seat #1 is the button
Seat 1: pro888888 ($19.45 in chips) 
Seat 2: Mahu2021 ($8.67 in chips) 
Seat 3: guizzo77 ($9.95 in chips) 
Seat 4: hummbold ($10.03 in chips) 
Seat 5: tigerfarm ($10.20 in chips) 
Seat 6: QED42 ($14.10 in chips) 
Mahu2021: posts small blind $0.05
guizzo77: posts big blind $0.10
*** HOLE CARDS ***
Dealt to Mahu2021 [Kd 6d]
hummbold: folds 
tigerfarm: folds 
QED42: raises $0.15 to $0.25
pro888888: folds 
Mahu2021: calls $0.20
guizzo77: folds 
*** FLOP *** [Ah 6h 7s]
Mahu2021: checks 
QED42: bets $0.19
Mahu2021: calls $0.19
*** TURN *** [Ah 6h 7s] [3c]
Mahu2021: checks 
QED42: checks 
*** RIVER *** [Ah 6h 7s 3c] [As]
Mahu2021: bets $0.20
QED42: calls $0.20
*** SHOW DOWN ***
Mahu2021: shows [Kd 6d] (two pair, Aces and Sixes)
QED42: mucks hand 
Mahu2021 collected $1.32 from pot
*** SUMMARY ***
Total pot $1.38 | Rake $0.06 
Board [Ah 6h 7s 3c As]
Seat 1: pro888888 (button) folded before Flop (didn't bet)
Seat 2: Mahu2021 (small blind) showed [Kd 6d] and won ($1.32) with two pair, Aces and Sixes
Seat 3: guizzo77 (big blind) folded before Flop
Seat 4: hummbold folded before Flop (didn't bet)
Seat 5: tigerfarm folded before Flop (didn't bet)
Seat 6: QED42 mucked [5c 5d]



PokerStars Zoom Hand #253986793966:  Hold'em No Limit ($0.05/$0.10) - 2024/12/23 14:17:38 CET [2024/12/23 8:17:38 ET]
Table 'Aludra' 6-max Seat #1 is the button
Seat 1: beas7m0de ($10 in chips) 
Seat 2: ninugaf ($25.93 in chips) 
Seat 3: hummbold ($10.96 in chips) 
Seat 4: Dbentleyy ($25.48 in chips) 
Seat 5: Fakasaki ($18.32 in chips) 
Seat 6: Mahu2021 ($9.35 in chips) 
ninugaf: posts small blind $0.05
hummbold: posts big blind $0.10
*** HOLE CARDS ***
Dealt to Mahu2021 [Jh 4d]
Dbentleyy: folds 
Fakasaki: folds 
Mahu2021: folds 
beas7m0de: folds 
ninugaf: calls $0.05
hummbold: checks 
*** FLOP *** [6s Jd Jc]
ninugaf: bets $0.10
hummbold: folds 
Uncalled bet ($0.10) returned to ninugaf
ninugaf collected $0.19 from pot
ninugaf: doesn't show hand 
*** SUMMARY ***
Total pot $0.20 | Rake $0.01 
Board [6s Jd Jc]
Seat 1: beas7m0de (button) folded before Flop (didn't bet)
Seat 2: ninugaf (small blind) collected ($0.19)
Seat 3: hummbold (big blind) folded on the Flop
Seat 4: Dbentleyy folded before Flop (didn't bet)
Seat 5: Fakasaki folded before Flop (didn't bet)
Seat 6: Mahu2021 folded before Flop (didn't bet)



PokerStars Zoom Hand #253986794685:  Hold'em No Limit ($0.05/$0.10) - 2024/12/23 14:17:42 CET [2024/12/23 8:17:42 ET]
Table 'Aludra' 6-max Seat #1 is the button
Seat 1: zALEXKAYz ($10.08 in chips) 
Seat 2: bissogro ($11.53 in chips) 
Seat 3: beas7m0de ($10 in chips) 
Seat 4: QED42 ($13.46 in chips) 
Seat 5: Mahu2021 ($9.35 in chips) 
Seat 6: pro888888 ($24.42 in chips) 
bissogro: posts small blind $0.05
beas7m0de: posts big blind $0.10
*** HOLE CARDS ***
Dealt to Mahu2021 [4s 7s]
QED42: folds 
Mahu2021: folds 
pro888888: folds 
zALEXKAYz: folds 
bissogro: folds 
Uncalled bet ($0.05) returned to beas7m0de
beas7m0de collected $0.10 from pot
beas7m0de: doesn't show hand 
*** SUMMARY ***
Total pot $0.10 | Rake $0 
Seat 1: zALEXKAYz (button) folded before Flop (didn't bet)
Seat 2: bissogro (small blind) folded before Flop
Seat 3: beas7m0de (big blind) collected ($0.10)
Seat 4: QED42 folded before Flop (didn't bet)
Seat 5: Mahu2021 folded before Flop (didn't bet)
Seat 6: pro888888 folded before Flop (didn't bet)



PokerStars Zoom Hand #253986795239:  Hold'em No Limit ($0.05/$0.10) - 2024/12/23 14:17:45 CET [2024/12/23 8:17:45 ET]
Table 'Aludra' 6-max Seat #1 is the button
Seat 1: serotonine91 ($10.75 in chips) 
Seat 2: Psychol11111 ($10.27 in chips) 
Seat 3: QED42 ($13.46 in chips) 
Seat 4: Mahu2021 ($9.35 in chips) 
Seat 5: Duhau ($10.60 in chips) 
Seat 6: Fakasaki ($18.32 in chips) 
Psychol11111: posts small blind $0.05
QED42: posts big blind $0.10
*** HOLE CARDS ***
Dealt to Mahu2021 [Th Ad]
Mahu2021: raises $0.20 to $0.30
Duhau: folds 
Fakasaki: folds 
serotonine91: calls $0.30
Psychol11111: folds 
QED42: folds 
*** FLOP *** [8h Tc Td]
Mahu2021: checks 
serotonine91: checks 
*** TURN *** [8h Tc Td] [2h]
Mahu2021: checks 
serotonine91: checks 
*** RIVER *** [8h Tc Td 2h] [4s]
Mahu2021: bets $0.72
serotonine91: raises $9.73 to $10.45 and is all-in
Mahu2021: calls $8.33 and is all-in
Uncalled bet ($1.40) returned to serotonine91
*** SHOW DOWN ***
serotonine91: shows [8s 8d] (a full house, Eights full of Tens)
Mahu2021: shows [Th Ad] (three of a kind, Tens)
serotonine91 collected $18 from pot
*** SUMMARY ***
Total pot $18.85 | Rake $0.85 
Board [8h Tc Td 2h 4s]
Seat 1: serotonine91 (button) showed [8s 8d] and won ($18) with a full house, Eights full of Tens
Seat 2: Psychol11111 (small blind) folded before Flop
Seat 3: QED42 (big blind) folded before Flop
Seat 4: Mahu2021 showed [Th Ad] and lost with three of a kind, Tens
Seat 5: Duhau folded before Flop (didn't bet)
Seat 6: Fakasaki folded before Flop (didn't bet)



PokerStars Zoom Hand #253986808022:  Hold'em No Limit ($0.05/$0.10) - 2024/12/23 14:19:06 CET [2024/12/23 8:19:06 ET]
Table 'Aludra' 6-max Seat #1 is the button
Seat 1: sonyks2007 ($9.61 in chips) 
Seat 2: Epaonni ($10 in chips) 
Seat 3: roo198 ($10 in chips) 
Seat 4: rako77 ($10.08 in chips) 
Seat 5: Mahu2021 ($10 in chips) 
Seat 6: Fakasaki ($18.37 in chips) 
Epaonni: posts small blind $0.05
roo198: posts big blind $0.10
*** HOLE CARDS ***
Dealt to Mahu2021 [Ts 2s]
rako77: folds 
Mahu2021: folds 
Fakasaki: raises $0.10 to $0.20
sonyks2007: folds 
Epaonni: folds 
roo198: calls $0.10
*** FLOP *** [3d Jd 5c]
roo198: checks 
Fakasaki: bets $0.24
roo198: folds 
Uncalled bet ($0.24) returned to Fakasaki
Fakasaki collected $0.43 from pot
Fakasaki: doesn't show hand 
*** SUMMARY ***
Total pot $0.45 | Rake $0.02 
Board [3d Jd 5c]
Seat 1: sonyks2007 (button) folded before Flop (didn't bet)
Seat 2: Epaonni (small blind) folded before Flop
Seat 3: roo198 (big blind) folded on the Flop
Seat 4: rako77 folded before Flop (didn't bet)
Seat 5: Mahu2021 folded before Flop (didn't bet)
Seat 6: Fakasaki collected ($0.43)



PokerStars Zoom Hand #253986808957:  Hold'em No Limit ($0.05/$0.10) - 2024/12/23 14:19:12 CET [2024/12/23 8:19:12 ET]
Table 'Aludra' 6-max Seat #1 is the button
Seat 1: Mahu2021 ($10 in chips) 
Seat 2: zALEXKAYz ($10.45 in chips) 
Seat 3: damz77 ($10.40 in chips) 
Seat 4: Maulwurf304 ($8.14 in chips) 
Seat 5: Geedz ($10.86 in chips) 
Seat 6: Karina2707 ($10 in chips) 
zALEXKAYz: posts small blind $0.05
damz77: posts big blind $0.10
*** HOLE CARDS ***
Dealt to Mahu2021 [Kd 4d]
Maulwurf304: folds 
Geedz: raises $0.20 to $0.30
Karina2707: folds 
Mahu2021: calls $0.30
zALEXKAYz: folds 
damz77: calls $0.20
*** FLOP *** [Qs Qc 2d]
damz77: checks 
Geedz: checks 
Mahu2021: checks 
*** TURN *** [Qs Qc 2d] [8s]
damz77: bets $0.40
Geedz: calls $0.40
Mahu2021: folds 
*** RIVER *** [Qs Qc 2d 8s] [6d]
damz77: checks 
Geedz: checks 
*** SHOW DOWN ***
damz77: shows [8h Tc] (two pair, Queens and Eights)
Geedz: mucks hand 
damz77 collected $1.67 from pot
*** SUMMARY ***
Total pot $1.75 | Rake $0.08 
Board [Qs Qc 2d 8s 6d]
Seat 1: Mahu2021 (button) folded on the Turn
Seat 2: zALEXKAYz (small blind) folded before Flop
Seat 3: damz77 (big blind) showed [8h Tc] and won ($1.67) with two pair, Queens and Eights
Seat 4: Maulwurf304 folded before Flop (didn't bet)
Seat 5: Geedz mucked [5s As]
Seat 6: Karina2707 folded before Flop (didn't bet)



PokerStars Zoom Hand #253986814275:  Hold'em No Limit ($0.05/$0.10) - 2024/12/23 14:19:45 CET [2024/12/23 8:19:45 ET]
Table 'Aludra' 6-max Seat #1 is the button
Seat 1: JAntdog ($16.10 in chips) 
Seat 2: Mahu2021 ($9.70 in chips) 
Seat 3: zALEXKAYz ($10.35 in chips) 
Seat 4: Garateguy ($10 in chips) 
Seat 5: guizzo77 ($11.01 in chips) 
Seat 6: fn1305 ($12.11 in chips) 
Mahu2021: posts small blind $0.05
zALEXKAYz: posts big blind $0.10
*** HOLE CARDS ***
Dealt to Mahu2021 [9s 7c]
Garateguy: raises $0.15 to $0.25
guizzo77: folds 
fn1305: folds 
JAntdog: folds 
Mahu2021: folds 
zALEXKAYz: calls $0.15
*** FLOP *** [Jd 9c 4d]
zALEXKAYz: checks 
Garateguy: bets $0.17
zALEXKAYz: folds 
Uncalled bet ($0.17) returned to Garateguy
Garateguy collected $0.53 from pot
Garateguy: doesn't show hand 
*** SUMMARY ***
Total pot $0.55 | Rake $0.02 
Board [Jd 9c 4d]
Seat 1: JAntdog (button) folded before Flop (didn't bet)
Seat 2: Mahu2021 (small blind) folded before Flop
Seat 3: zALEXKAYz (big blind) folded on the Flop
Seat 4: Garateguy collected ($0.53)
Seat 5: guizzo77 folded before Flop (didn't bet)
Seat 6: fn1305 folded before Flop (didn't bet)



PokerStars Zoom Hand #253986815278:  Hold'em No Limit ($0.05/$0.10) - 2024/12/23 14:19:51 CET [2024/12/23 8:19:51 ET]
Table 'Aludra' 6-max Seat #1 is the button
Seat 1: QED42 ($13.67 in chips) 
Seat 2: hummbold ($11.36 in chips) 
Seat 3: Mahu2021 ($9.65 in chips) 
Seat 4: beas7m0de ($10 in chips) 
Seat 5: MikeFatsi ($39.07 in chips) 
Seat 6: guizzo77 ($9.47 in chips) 
hummbold: posts small blind $0.05
Mahu2021: posts big blind $0.10
*** HOLE CARDS ***
Dealt to Mahu2021 [9s Qs]
beas7m0de: folds 
MikeFatsi: folds 
guizzo77: folds 
QED42: raises $0.20 to $0.30
hummbold: folds 
Mahu2021: calls $0.20
*** FLOP *** [2d 3s 9c]
Mahu2021: bets $0.30
QED42: folds 
Uncalled bet ($0.30) returned to Mahu2021
Mahu2021 collected $0.62 from pot
Mahu2021: doesn't show hand 
*** SUMMARY ***
Total pot $0.65 | Rake $0.03 
Board [2d 3s 9c]
Seat 1: QED42 (button) folded on the Flop
Seat 2: hummbold (small blind) folded before Flop
Seat 3: Mahu2021 (big blind) collected ($0.62)
Seat 4: beas7m0de folded before Flop (didn't bet)
Seat 5: MikeFatsi folded before Flop (didn't bet)
Seat 6: guizzo77 folded before Flop (didn't bet)



PokerStars Zoom Hand #253986817931:  Hold'em No Limit ($0.05/$0.10) - 2024/12/23 14:20:07 CET [2024/12/23 8:20:07 ET]
Table 'Aludra' 6-max Seat #1 is the button
Seat 1: tomo0605 ($16.24 in chips) 
Seat 2: roo198 ($10 in chips) 
Seat 3: neli910 ($9.70 in chips) 
Seat 4: beas7m0de ($13.09 in chips) 
Seat 5: Fakasaki ($26.43 in chips) 
Seat 6: Mahu2021 ($9.97 in chips) 
roo198: posts small blind $0.05
neli910: posts big blind $0.10
*** HOLE CARDS ***
Dealt to Mahu2021 [As Td]
beas7m0de: folds 
Fakasaki: folds 
Mahu2021: raises $0.20 to $0.30
tomo0605: folds 
roo198: folds 
neli910: folds 
Uncalled bet ($0.20) returned to Mahu2021
Mahu2021 collected $0.25 from pot
Mahu2021: doesn't show hand 
*** SUMMARY ***
Total pot $0.25 | Rake $0 
Seat 1: tomo0605 (button) folded before Flop (didn't bet)
Seat 2: roo198 (small blind) folded before Flop
Seat 3: neli910 (big blind) folded before Flop
Seat 4: beas7m0de folded before Flop (didn't bet)
Seat 5: Fakasaki folded before Flop (didn't bet)
Seat 6: Mahu2021 collected ($0.25)



PokerStars Zoom Hand #253986819374:  Hold'em No Limit ($0.05/$0.10) - 2024/12/23 14:20:16 CET [2024/12/23 8:20:16 ET]
Table 'Aludra' 6-max Seat #1 is the button
Seat 1: Fakasaki ($26.43 in chips) 
Seat 2: Garateguy ($11.76 in chips) 
Seat 3: melissaco ($39.99 in chips) 
Seat 4: Mahu2021 ($10.12 in chips) 
Seat 5: Duhau ($10.20 in chips) 
Seat 6: ellessargrgr ($10 in chips) 
Garateguy: posts small blind $0.05
melissaco: posts big blind $0.10
*** HOLE CARDS ***
Dealt to Mahu2021 [6d Td]
Mahu2021: folds 
Duhau: folds 
ellessargrgr: folds 
Fakasaki: folds 
Garateguy: folds 
Uncalled bet ($0.05) returned to melissaco
melissaco collected $0.10 from pot
melissaco: doesn't show hand 
*** SUMMARY ***
Total pot $0.10 | Rake $0 
Seat 1: Fakasaki (button) folded before Flop (didn't bet)
Seat 2: Garateguy (small blind) folded before Flop
Seat 3: melissaco (big blind) collected ($0.10)
Seat 4: Mahu2021 folded before Flop (didn't bet)
Seat 5: Duhau folded before Flop (didn't bet)
Seat 6: ellessargrgr folded before Flop (didn't bet)



PokerStars Zoom Hand #253986827782:  Hold'em No Limit ($0.05/$0.10) - 2024/12/23 14:21:08 CET [2024/12/23 8:21:08 ET]
Table 'Aludra' 6-max Seat #1 is the button
Seat 1: DDAFT ($10 in chips) 
Seat 2: ellessargrgr ($10 in chips) 
Seat 3: QED42 ($13.37 in chips) 
Seat 4: Mahu2021 ($10.12 in chips) 
Seat 5: schiller_88 ($36.58 in chips) 
Seat 6: Teflonmemory ($9.84 in chips) 
ellessargrgr: posts small blind $0.05
QED42: posts big blind $0.10
*** HOLE CARDS ***
Dealt to Mahu2021 [Ks 4h]
Mahu2021: folds 
schiller_88: folds 
Teflonmemory: folds 
DDAFT: raises $0.16 to $0.26
ellessargrgr: folds 
QED42: calls $0.16
*** FLOP *** [8d 4c 2s]
QED42: checks 
DDAFT: bets $0.31
QED42: folds 
Uncalled bet ($0.31) returned to DDAFT
DDAFT collected $0.54 from pot
DDAFT: doesn't show hand 
*** SUMMARY ***
Total pot $0.57 | Rake $0.03 
Board [8d 4c 2s]
Seat 1: DDAFT (button) collected ($0.54)
Seat 2: ellessargrgr (small blind) folded before Flop
Seat 3: QED42 (big blind) folded on the Flop
Seat 4: Mahu2021 folded before Flop (didn't bet)
Seat 5: schiller_88 folded before Flop (didn't bet)
Seat 6: Teflonmemory folded before Flop (didn't bet)



PokerStars Zoom Hand #253986828599:  Hold'em No Limit ($0.05/$0.10) - 2024/12/23 14:21:13 CET [2024/12/23 8:21:13 ET]
Table 'Aludra' 6-max Seat #1 is the button
Seat 1: ellessargrgr ($10 in chips) 
Seat 2: Mahu2021 ($10.12 in chips) 
Seat 3: beas7m0de ($13.37 in chips) 
Seat 4: zALEXKAYz ($11 in chips) 
Seat 5: bissogro ($10.02 in chips) 
Seat 6: SuperAlex23 ($9.78 in chips) 
Mahu2021: posts small blind $0.05
beas7m0de: posts big blind $0.10
*** HOLE CARDS ***
Dealt to Mahu2021 [4s Kd]
zALEXKAYz: folds 
bissogro: folds 
SuperAlex23: folds 
ellessargrgr: raises $0.20 to $0.30
Mahu2021: folds 
beas7m0de: calls $0.20
*** FLOP *** [Qc Js Kc]
beas7m0de: checks 
ellessargrgr: bets $0.41
beas7m0de: folds 
Uncalled bet ($0.41) returned to ellessargrgr
ellessargrgr collected $0.62 from pot
ellessargrgr: doesn't show hand 
*** SUMMARY ***
Total pot $0.65 | Rake $0.03 
Board [Qc Js Kc]
Seat 1: ellessargrgr (button) collected ($0.62)
Seat 2: Mahu2021 (small blind) folded before Flop
Seat 3: beas7m0de (big blind) folded on the Flop
Seat 4: zALEXKAYz folded before Flop (didn't bet)
Seat 5: bissogro folded before Flop (didn't bet)
Seat 6: SuperAlex23 folded before Flop (didn't bet)



PokerStars Zoom Hand #253986821127:  Hold'em No Limit ($0.05/$0.10) - 2024/12/23 14:20:27 CET [2024/12/23 8:20:27 ET]
Table 'Aludra' 6-max Seat #1 is the button
Seat 1: Mahu2021 ($10.12 in chips) 
Seat 2: sonyks2007 ($9.54 in chips) 
Seat 3: arumlill ($11.21 in chips) 
Seat 4: Psychol11111 ($13.75 in chips) 
Seat 5: Duhau ($10.90 in chips) 
Seat 6: Epaonni ($10.90 in chips) 
sonyks2007: posts small blind $0.05
arumlill: posts big blind $0.10
*** HOLE CARDS ***
Dealt to Mahu2021 [Th 3c]
Psychol11111: folds 
Duhau: raises $0.10 to $0.20
Epaonni: folds 
Mahu2021: folds 
sonyks2007: folds 
arumlill: raises $0.30 to $0.50
Duhau: calls $0.30
*** FLOP *** [Tc 7h Qc]
arumlill: bets $1
Duhau: folds 
Uncalled bet ($1) returned to arumlill
arumlill collected $1 from pot
arumlill: doesn't show hand 
*** SUMMARY ***
Total pot $1.05 | Rake $0.05 
Board [Tc 7h Qc]
Seat 1: Mahu2021 (button) folded before Flop (didn't bet)
Seat 2: sonyks2007 (small blind) folded before Flop
Seat 3: arumlill (big blind) collected ($1)
Seat 4: Psychol11111 folded before Flop (didn't bet)
Seat 5: Duhau folded on the Flop
Seat 6: Epaonni folded before Flop (didn't bet)



PokerStars Zoom Hand #253986829260:  Hold'em No Limit ($0.05/$0.10) - 2024/12/23 14:21:17 CET [2024/12/23 8:21:17 ET]
Table 'Aludra' 6-max Seat #1 is the button
Seat 1: aamsantos ($11.40 in chips) 
Seat 2: Psychol11111 ($13.65 in chips) 
Seat 3: Mahu2021 ($10.07 in chips) 
Seat 4: guizzo77 ($9.38 in chips) 
Seat 5: QED42 ($10 in chips) 
Seat 6: sonyks2007 ($9.39 in chips) 
Psychol11111: posts small blind $0.05
Mahu2021: posts big blind $0.10
*** HOLE CARDS ***
Dealt to Mahu2021 [As 6c]
guizzo77: folds 
QED42: folds 
sonyks2007: folds 
aamsantos: folds 
Psychol11111: raises $0.15 to $0.25
Mahu2021: calls $0.15
*** FLOP *** [2d Jc 5d]
Psychol11111: bets $0.24
Mahu2021: calls $0.24
*** TURN *** [2d Jc 5d] [2s]
Psychol11111: checks 
Mahu2021: checks 
*** RIVER *** [2d Jc 5d 2s] [5s]
Psychol11111: checks 
Mahu2021: bets $0.94
Psychol11111: folds 
Uncalled bet ($0.94) returned to Mahu2021
Mahu2021 collected $0.94 from pot
Mahu2021: doesn't show hand 
*** SUMMARY ***
Total pot $0.98 | Rake $0.04 
Board [2d Jc 5d 2s 5s]
Seat 1: aamsantos (button) folded before Flop (didn't bet)
Seat 2: Psychol11111 (small blind) folded on the River
Seat 3: Mahu2021 (big blind) collected ($0.94)
Seat 4: guizzo77 folded before Flop (didn't bet)
Seat 5: QED42 folded before Flop (didn't bet)
Seat 6: sonyks2007 folded before Flop (didn't bet)



PokerStars Zoom Hand #253986835552:  Hold'em No Limit ($0.05/$0.10) - 2024/12/23 14:21:56 CET [2024/12/23 8:21:56 ET]
Table 'Aludra' 6-max Seat #1 is the button
Seat 1: schiller_88 ($36.22 in chips) 
Seat 2: Mahu2021 ($10.52 in chips) 
Seat 3: Garateguy ($10 in chips) 
Seat 4: hummbold ($12.08 in chips) 
Seat 5: ChoboPower ($18.60 in chips) 
Seat 6: hiding.by ($12.77 in chips) 
Mahu2021: posts small blind $0.05
Garateguy: posts big blind $0.10
*** HOLE CARDS ***
Dealt to Mahu2021 [Ah 3s]
hummbold: raises $0.15 to $0.25
ChoboPower: folds 
hiding.by: folds 
schiller_88: folds 
Mahu2021: folds 
Garateguy: folds 
Uncalled bet ($0.15) returned to hummbold
hummbold collected $0.25 from pot
hummbold: doesn't show hand 
*** SUMMARY ***
Total pot $0.25 | Rake $0 
Seat 1: schiller_88 (button) folded before Flop (didn't bet)
Seat 2: Mahu2021 (small blind) folded before Flop
Seat 3: Garateguy (big blind) folded before Flop
Seat 4: hummbold collected ($0.25)
Seat 5: ChoboPower folded before Flop (didn't bet)
Seat 6: hiding.by folded before Flop (didn't bet)



PokerStars Zoom Hand #253986836714:  Hold'em No Limit ($0.05/$0.10) - 2024/12/23 14:22:03 CET [2024/12/23 8:22:03 ET]
Table 'Aludra' 6-max Seat #1 is the button
Seat 1: Mahu2021 ($10.47 in chips) 
Seat 2: Rubbernicks ($14.75 in chips) 
Seat 3: Cheeeeerrss1 ($13.29 in chips) 
Seat 4: Duhau ($10.20 in chips) 
Seat 5: ApeIQ ($29.76 in chips) 
Seat 6: osakei1024 ($5.40 in chips) 
Rubbernicks: posts small blind $0.05
Cheeeeerrss1: posts big blind $0.10
*** HOLE CARDS ***
Dealt to Mahu2021 [2c 6h]
Duhau: folds 
ApeIQ: folds 
osakei1024: folds 
Mahu2021: folds 
Rubbernicks: raises $0.20 to $0.30
Cheeeeerrss1: raises $0.70 to $1
Rubbernicks: calls $0.70
*** FLOP *** [Th Qh 3d]
Rubbernicks: checks 
Cheeeeerrss1: checks 
*** TURN *** [Th Qh 3d] [9h]
Rubbernicks: checks 
Cheeeeerrss1: checks 
*** RIVER *** [Th Qh 3d 9h] [5c]
Rubbernicks: checks 
Cheeeeerrss1: bets $1.43
Rubbernicks: folds 
Uncalled bet ($1.43) returned to Cheeeeerrss1
Cheeeeerrss1 collected $1.91 from pot
Cheeeeerrss1: doesn't show hand 
*** SUMMARY ***
Total pot $2 | Rake $0.09 
Board [Th Qh 3d 9h 5c]
Seat 1: Mahu2021 (button) folded before Flop (didn't bet)
Seat 2: Rubbernicks (small blind) folded on the River
Seat 3: Cheeeeerrss1 (big blind) collected ($1.91)
Seat 4: Duhau folded before Flop (didn't bet)
Seat 5: ApeIQ folded before Flop (didn't bet)
Seat 6: osakei1024 folded before Flop (didn't bet)



PokerStars Zoom Hand #253986837343:  Hold'em No Limit ($0.05/$0.10) - 2024/12/23 14:22:07 CET [2024/12/23 8:22:07 ET]
Table 'Aludra' 6-max Seat #1 is the button
Seat 1: sonyks2007 ($9.39 in chips) 
Seat 2: 65446418 ($19.54 in chips) 
Seat 3: Duhau ($10.20 in chips) 
Seat 4: YNGD ($10 in chips) 
Seat 5: Psychol11111 ($10.15 in chips) 
Seat 6: Mahu2021 ($10.47 in chips) 
65446418: posts small blind $0.05
Duhau: posts big blind $0.10
*** HOLE CARDS ***
Dealt to Mahu2021 [9c Td]
YNGD: raises $0.15 to $0.25
Psychol11111: calls $0.25
Mahu2021: folds 
sonyks2007: folds 
65446418: folds 
Duhau: folds 
*** FLOP *** [7d As 7h]
YNGD: bets $0.20
Psychol11111: folds 
Uncalled bet ($0.20) returned to YNGD
YNGD collected $0.62 from pot
YNGD: doesn't show hand 
*** SUMMARY ***
Total pot $0.65 | Rake $0.03 
Board [7d As 7h]
Seat 1: sonyks2007 (button) folded before Flop (didn't bet)
Seat 2: 65446418 (small blind) folded before Flop
Seat 3: Duhau (big blind) folded before Flop
Seat 4: YNGD collected ($0.62)
Seat 5: Psychol11111 folded on the Flop
Seat 6: Mahu2021 folded before Flop (didn't bet)



PokerStars Zoom Hand #253986834539:  Hold'em No Limit ($0.05/$0.10) - 2024/12/23 14:21:50 CET [2024/12/23 8:21:50 ET]
Table 'Aludra' 6-max Seat #1 is the button
Seat 1: robecaku ($16.03 in chips) 
Seat 2: cghap ($10 in chips) 
Seat 3: rako77 ($19.61 in chips) 
Seat 4: Horstl4 ($5.23 in chips) 
Seat 5: Mahu2021 ($10.52 in chips) 
Seat 6: beas7m0de ($10.70 in chips) 
cghap: posts small blind $0.05
rako77: posts big blind $0.10
*** HOLE CARDS ***
Dealt to Mahu2021 [Ah 9d]
Horstl4: raises $0.10 to $0.20
Mahu2021: folds 
beas7m0de: folds 
robecaku: raises $0.50 to $0.70
cghap: folds 
rako77: folds 
Horstl4: raises $0.50 to $1.20
robecaku: calls $0.50
*** FLOP *** [Tc 8c 8h]
Horstl4: bets $1.22
robecaku: calls $1.22
*** TURN *** [Tc 8c 8h] [5c]
Horstl4: checks 
robecaku: bets $3.20
Horstl4: calls $2.81 and is all-in
Uncalled bet ($0.39) returned to robecaku
*** RIVER *** [Tc 8c 8h 5c] [2h]
*** SHOW DOWN ***
Horstl4: shows [Qh Qs] (two pair, Queens and Eights)
robecaku: shows [Jd Kd] (a pair of Eights)
Horstl4 collected $10.01 from pot
robecaku cashed out the hand for $0.68 | Cash Out Fee $0.01
*** SUMMARY ***
Total pot $10.61 | Rake $0.60 
Board [Tc 8c 8h 5c 2h]
Seat 1: robecaku (button) showed [Jd Kd] and lost with a pair of Eights (cashed out).
Seat 2: cghap (small blind) folded before Flop
Seat 3: rako77 (big blind) folded before Flop
Seat 4: Horstl4 showed [Qh Qs] and won ($10.01) with two pair, Queens and Eights
Seat 5: Mahu2021 folded before Flop (didn't bet)
Seat 6: beas7m0de folded before Flop (didn't bet)



PokerStars Zoom Hand #253986837980:  Hold'em No Limit ($0.05/$0.10) - 2024/12/23 14:22:11 CET [2024/12/23 8:22:11 ET]
Table 'Aludra' 6-max Seat #1 is the button
Seat 1: 65446418 ($19.49 in chips) 
Seat 2: rako77 ($19.51 in chips) 
Seat 3: Mahu2021 ($10.47 in chips) 
Seat 4: damz77 ($11.61 in chips) 
Seat 5: SLChamp74 ($8.38 in chips) 
Seat 6: Garateguy ($10 in chips) 
rako77: posts small blind $0.05
Mahu2021: posts big blind $0.10
*** HOLE CARDS ***
Dealt to Mahu2021 [As Tc]
damz77: folds 
SLChamp74: calls $0.10
Garateguy: folds 
65446418: raises $0.40 to $0.50
rako77: folds 
Mahu2021: calls $0.40
SLChamp74: calls $0.40
*** FLOP *** [Qh Ad Ac]
Mahu2021: checks 
SLChamp74: checks 
65446418: checks 
*** TURN *** [Qh Ad Ac] [4d]
Mahu2021: checks 
SLChamp74: checks 
65446418: checks 
*** RIVER *** [Qh Ad Ac 4d] [8c]
Mahu2021: bets $1.48
SLChamp74: folds 
65446418: folds 
Uncalled bet ($1.48) returned to Mahu2021
Mahu2021 collected $1.48 from pot
Mahu2021: doesn't show hand 
*** SUMMARY ***
Total pot $1.55 | Rake $0.07 
Board [Qh Ad Ac 4d 8c]
Seat 1: 65446418 (button) folded on the River
Seat 2: rako77 (small blind) folded before Flop
Seat 3: Mahu2021 (big blind) collected ($1.48)
Seat 4: damz77 folded before Flop (didn't bet)
Seat 5: SLChamp74 folded on the River
Seat 6: Garateguy folded before Flop (didn't bet)



PokerStars Zoom Hand #253986833873:  Hold'em No Limit ($0.05/$0.10) - 2024/12/23 14:21:46 CET [2024/12/23 8:21:46 ET]
Table 'Aludra' 6-max Seat #1 is the button
Seat 1: zALEXKAYz ($10.90 in chips) 
Seat 2: Horstl4 ($5.28 in chips) 
Seat 3: Geedz ($10 in chips) 
Seat 4: rako77 ($19.61 in chips) 
Seat 5: bissogro ($10 in chips) 
Seat 6: Mahu2021 ($10.52 in chips) 
Horstl4: posts small blind $0.05
Geedz: posts big blind $0.10
*** HOLE CARDS ***
Dealt to Mahu2021 [8h Ks]
rako77: folds 
bissogro: raises $0.10 to $0.20
Mahu2021: folds 
zALEXKAYz: folds 
Horstl4: folds 
Geedz: calls $0.10
*** FLOP *** [4h 9d 5s]
Geedz: checks 
bissogro: bets $0.22
Geedz: raises $0.44 to $0.66
bissogro: calls $0.44
*** TURN *** [4h 9d 5s] [Th]
Geedz: checks 
bissogro: bets $0.85
Geedz: folds 
Uncalled bet ($0.85) returned to bissogro
bissogro collected $1.69 from pot
bissogro: doesn't show hand 
*** SUMMARY ***
Total pot $1.77 | Rake $0.08 
Board [4h 9d 5s Th]
Seat 1: zALEXKAYz (button) folded before Flop (didn't bet)
Seat 2: Horstl4 (small blind) folded before Flop
Seat 3: Geedz (big blind) folded on the Turn
Seat 4: rako77 folded before Flop (didn't bet)
Seat 5: bissogro collected ($1.69)
Seat 6: Mahu2021 folded before Flop (didn't bet)



PokerStars Zoom Hand #253986846574:  Hold'em No Limit ($0.05/$0.10) - 2024/12/23 14:23:04 CET [2024/12/23 8:23:04 ET]
Table 'Aludra' 6-max Seat #1 is the button
Seat 1: Epaonni ($19.09 in chips) 
Seat 2: byroncd ($9.90 in chips) 
Seat 3: Teflonmemory ($10.12 in chips) 
Seat 4: Mahu2021 ($11.45 in chips) 
Seat 5: arumlill ($11.66 in chips) 
Seat 6: Psychol11111 ($10 in chips) 
byroncd: posts small blind $0.05
Teflonmemory: posts big blind $0.10
*** HOLE CARDS ***
Dealt to Mahu2021 [7s 4c]
Mahu2021: folds 
arumlill: raises $0.25 to $0.35
Psychol11111: folds 
Epaonni: folds 
byroncd: folds 
Teflonmemory: folds 
Uncalled bet ($0.25) returned to arumlill
arumlill collected $0.25 from pot
arumlill: doesn't show hand 
*** SUMMARY ***
Total pot $0.25 | Rake $0 
Seat 1: Epaonni (button) folded before Flop (didn't bet)
Seat 2: byroncd (small blind) folded before Flop
Seat 3: Teflonmemory (big blind) folded before Flop
Seat 4: Mahu2021 folded before Flop (didn't bet)
Seat 5: arumlill collected ($0.25)
Seat 6: Psychol11111 folded before Flop (didn't bet)



PokerStars Zoom Hand #253986847067:  Hold'em No Limit ($0.05/$0.10) - 2024/12/23 14:23:07 CET [2024/12/23 8:23:07 ET]
Table 'Aludra' 6-max Seat #1 is the button
Seat 1: zALEXKAYz ($10.49 in chips) 
Seat 2: schiller_88 ($44.65 in chips) 
Seat 3: Mahu2021 ($11.45 in chips) 
Seat 4: sonyks2007 ($8.45 in chips) 
Seat 5: Psychol11111 ($10 in chips) 
Seat 6: Brunel11 ($9.11 in chips) 
schiller_88: posts small blind $0.05
Mahu2021: posts big blind $0.10
*** HOLE CARDS ***
Dealt to Mahu2021 [9c 3c]
sonyks2007: calls $0.10
Psychol11111: folds 
Brunel11: folds 
zALEXKAYz: folds 
schiller_88: folds 
Mahu2021: checks 
*** FLOP *** [Jc Qh 8c]
Mahu2021: bets $0.10
sonyks2007: folds 
Uncalled bet ($0.10) returned to Mahu2021
Mahu2021 collected $0.24 from pot
Mahu2021: doesn't show hand 
*** SUMMARY ***
Total pot $0.25 | Rake $0.01 
Board [Jc Qh 8c]
Seat 1: zALEXKAYz (button) folded before Flop (didn't bet)
Seat 2: schiller_88 (small blind) folded before Flop
Seat 3: Mahu2021 (big blind) collected ($0.24)
Seat 4: sonyks2007 folded on the Flop
Seat 5: Psychol11111 folded before Flop (didn't bet)
Seat 6: Brunel11 folded before Flop (didn't bet)



