PokerStars Hand #253490668450: Tournament #3825537298, $1.84+$0.16 USD Hold'em No Limit - Level I (10/20) - 2024/11/20 15:53:13 CET [2024/11/20 9:53:13 ET]
Table '3825537298 1' 3-max Seat #1 is the button
Seat 1: Ty_Muppet (500 in chips) 
Seat 2: DigaoMaluco (500 in chips) 
Seat 3: Mahu2021 (500 in chips) 
DigaoMaluco: posts small blind 10
Mahu2021: posts big blind 20
*** HOLE CARDS ***
Dealt to Mahu2021 [7h 4c]
Ty_Muppet: raises 30 to 50
DigaoMaluco: folds 
Mahu2021: folds 
Uncalled bet (30) returned to Ty_Muppet
Ty_Muppet collected 50 from pot
Ty_Muppet: doesn't show hand 
*** SUMMARY ***
Total pot 50 | Rake 0 
Seat 1: Ty_Muppet (button) collected (50)
Seat 2: DigaoMaluco (small blind) folded before Flop
Seat 3: Mahu2021 (big blind) folded before Flop



PokerStars Hand #253490669896: Tournament #3825537298, $1.84+$0.16 USD Hold'em No Limit - Level I (10/20) - 2024/11/20 15:53:21 CET [2024/11/20 9:53:21 ET]
Table '3825537298 1' 3-max Seat #2 is the button
Seat 1: Ty_Muppet (530 in chips) 
Seat 2: DigaoMaluco (490 in chips) 
Seat 3: Mahu2021 (480 in chips) 
Mahu2021: posts small blind 10
Ty_Muppet: posts big blind 20
*** HOLE CARDS ***
Dealt to Mahu2021 [4c Qs]
DigaoMaluco: raises 20 to 40
Mahu2021: folds 
Ty_Muppet: folds 
Uncalled bet (20) returned to DigaoMaluco
DigaoMaluco collected 50 from pot
DigaoMaluco: doesn't show hand 
*** SUMMARY ***
Total pot 50 | Rake 0 
Seat 1: Ty_Muppet (big blind) folded before Flop
Seat 2: DigaoMaluco (button) collected (50)
Seat 3: Mahu2021 (small blind) folded before Flop



PokerStars Hand #253490672191: Tournament #3825537298, $1.84+$0.16 USD Hold'em No Limit - Level I (10/20) - 2024/11/20 15:53:34 CET [2024/11/20 9:53:34 ET]
Table '3825537298 1' 3-max Seat #3 is the button
Seat 1: Ty_Muppet (510 in chips) 
Seat 2: DigaoMaluco (520 in chips) 
Seat 3: Mahu2021 (470 in chips) 
Ty_Muppet: posts small blind 10
DigaoMaluco: posts big blind 20
*** HOLE CARDS ***
Dealt to Mahu2021 [4s 2d]
Mahu2021: folds 
Ty_Muppet: raises 40 to 60
DigaoMaluco: folds 
Uncalled bet (40) returned to Ty_Muppet
Ty_Muppet collected 40 from pot
Ty_Muppet: doesn't show hand 
*** SUMMARY ***
Total pot 40 | Rake 0 
Seat 1: Ty_Muppet (small blind) collected (40)
Seat 2: DigaoMaluco (big blind) folded before Flop
Seat 3: Mahu2021 (button) folded before Flop (didn't bet)



PokerStars Hand #253490673698: Tournament #3825537298, $1.84+$0.16 USD Hold'em No Limit - Level I (10/20) - 2024/11/20 15:53:42 CET [2024/11/20 9:53:42 ET]
Table '3825537298 1' 3-max Seat #1 is the button
Seat 1: Ty_Muppet (530 in chips) 
Seat 2: DigaoMaluco (500 in chips) 
Seat 3: Mahu2021 (470 in chips) 
DigaoMaluco: posts small blind 10
Mahu2021: posts big blind 20
*** HOLE CARDS ***
Dealt to Mahu2021 [4c 9s]
Ty_Muppet: raises 30 to 50
DigaoMaluco: folds 
Mahu2021: folds 
Uncalled bet (30) returned to Ty_Muppet
Ty_Muppet collected 50 from pot
Ty_Muppet: doesn't show hand 
*** SUMMARY ***
Total pot 50 | Rake 0 
Seat 1: Ty_Muppet (button) collected (50)
Seat 2: DigaoMaluco (small blind) folded before Flop
Seat 3: Mahu2021 (big blind) folded before Flop



PokerStars Hand #253490675772: Tournament #3825537298, $1.84+$0.16 USD Hold'em No Limit - Level I (10/20) - 2024/11/20 15:53:54 CET [2024/11/20 9:53:54 ET]
Table '3825537298 1' 3-max Seat #2 is the button
Seat 1: Ty_Muppet (560 in chips) 
Seat 2: DigaoMaluco (490 in chips) 
Seat 3: Mahu2021 (450 in chips) 
Mahu2021: posts small blind 10
Ty_Muppet: posts big blind 20
*** HOLE CARDS ***
Dealt to Mahu2021 [Ac Jd]
DigaoMaluco: folds 
Mahu2021: raises 40 to 60
Ty_Muppet: folds 
Uncalled bet (40) returned to Mahu2021
Mahu2021 collected 40 from pot
Mahu2021: doesn't show hand 
*** SUMMARY ***
Total pot 40 | Rake 0 
Seat 1: Ty_Muppet (big blind) folded before Flop
Seat 2: DigaoMaluco (button) folded before Flop (didn't bet)
Seat 3: Mahu2021 (small blind) collected (40)



PokerStars Hand #253490677005: Tournament #3825537298, $1.84+$0.16 USD Hold'em No Limit - Level I (10/20) - 2024/11/20 15:54:01 CET [2024/11/20 9:54:01 ET]
Table '3825537298 1' 3-max Seat #3 is the button
Seat 1: Ty_Muppet (540 in chips) 
Seat 2: DigaoMaluco (490 in chips) 
Seat 3: Mahu2021 (470 in chips) 
Ty_Muppet: posts small blind 10
DigaoMaluco: posts big blind 20
*** HOLE CARDS ***
Dealt to Mahu2021 [Ts Jc]
Mahu2021: raises 20 to 40
Ty_Muppet: calls 30
DigaoMaluco: folds 
*** FLOP *** [Tc Js Ks]
Ty_Muppet: checks 
Mahu2021: bets 40
Ty_Muppet: folds 
Uncalled bet (40) returned to Mahu2021
Mahu2021 collected 100 from pot
Mahu2021: doesn't show hand 
*** SUMMARY ***
Total pot 100 | Rake 0 
Board [Tc Js Ks]
Seat 1: Ty_Muppet (small blind) folded on the Flop
Seat 2: DigaoMaluco (big blind) folded before Flop
Seat 3: Mahu2021 (button) collected (100)



PokerStars Hand #253490679102: Tournament #3825537298, $1.84+$0.16 USD Hold'em No Limit - Level I (10/20) - 2024/11/20 15:54:13 CET [2024/11/20 9:54:13 ET]
Table '3825537298 1' 3-max Seat #1 is the button
Seat 1: Ty_Muppet (500 in chips) 
Seat 2: DigaoMaluco (470 in chips) 
Seat 3: Mahu2021 (530 in chips) 
DigaoMaluco: posts small blind 10
Mahu2021: posts big blind 20
*** HOLE CARDS ***
Dealt to Mahu2021 [3d Ad]
Ty_Muppet: raises 30 to 50
DigaoMaluco: calls 40
Mahu2021: calls 30
*** FLOP *** [2d Kd 9h]
DigaoMaluco: checks 
Mahu2021: checks 
Ty_Muppet: checks 
*** TURN *** [2d Kd 9h] [9s]
DigaoMaluco: checks 
Mahu2021: checks 
Ty_Muppet: checks 
*** RIVER *** [2d Kd 9h 9s] [5h]
DigaoMaluco: checks 
Mahu2021: checks 
Ty_Muppet: checks 
*** SHOW DOWN ***
DigaoMaluco: shows [Jh Qc] (a pair of Nines)
Mahu2021: shows [3d Ad] (a pair of Nines - Ace kicker)
Ty_Muppet: shows [Jd Ac] (a pair of Nines - Ace+King+Jack kicker)
Ty_Muppet collected 150 from pot
*** SUMMARY ***
Total pot 150 | Rake 0 
Board [2d Kd 9h 9s 5h]
Seat 1: Ty_Muppet (button) showed [Jd Ac] and won (150) with a pair of Nines
Seat 2: DigaoMaluco (small blind) showed [Jh Qc] and lost with a pair of Nines
Seat 3: Mahu2021 (big blind) showed [3d Ad] and lost with a pair of Nines



PokerStars Hand #253490684242: Tournament #3825537298, $1.84+$0.16 USD Hold'em No Limit - Level I (10/20) - 2024/11/20 15:54:43 CET [2024/11/20 9:54:43 ET]
Table '3825537298 1' 3-max Seat #2 is the button
Seat 1: Ty_Muppet (600 in chips) 
Seat 2: DigaoMaluco (420 in chips) 
Seat 3: Mahu2021 (480 in chips) 
Mahu2021: posts small blind 10
Ty_Muppet: posts big blind 20
*** HOLE CARDS ***
Dealt to Mahu2021 [8c 8d]
DigaoMaluco: raises 20 to 40
Mahu2021: calls 30
Ty_Muppet: calls 20
*** FLOP *** [9d Qs Ks]
Mahu2021: checks 
Ty_Muppet: checks 
DigaoMaluco: bets 30
Mahu2021: calls 30
Ty_Muppet: calls 30
*** TURN *** [9d Qs Ks] [8h]
Mahu2021: checks 
Ty_Muppet: checks 
DigaoMaluco: checks 
*** RIVER *** [9d Qs Ks 8h] [2h]
Mahu2021: bets 100
Ty_Muppet: folds 
DigaoMaluco: folds 
Uncalled bet (100) returned to Mahu2021
Mahu2021 collected 210 from pot
Mahu2021: doesn't show hand 
*** SUMMARY ***
Total pot 210 | Rake 0 
Board [9d Qs Ks 8h 2h]
Seat 1: Ty_Muppet (big blind) folded on the River
Seat 2: DigaoMaluco (button) folded on the River
Seat 3: Mahu2021 (small blind) collected (210)



PokerStars Hand #253490691060: Tournament #3825537298, $1.84+$0.16 USD Hold'em No Limit - Level I (10/20) - 2024/11/20 15:55:24 CET [2024/11/20 9:55:24 ET]
Table '3825537298 1' 3-max Seat #3 is the button
Seat 1: Ty_Muppet (530 in chips) 
Seat 2: DigaoMaluco (350 in chips) 
Seat 3: Mahu2021 (620 in chips) 
Ty_Muppet: posts small blind 10
DigaoMaluco: posts big blind 20
*** HOLE CARDS ***
Dealt to Mahu2021 [Jc Td]
Mahu2021: calls 20
Ty_Muppet: calls 10
DigaoMaluco: raises 330 to 350 and is all-in
Mahu2021: folds 
Ty_Muppet: folds 
Uncalled bet (330) returned to DigaoMaluco
DigaoMaluco collected 60 from pot
DigaoMaluco: doesn't show hand 
*** SUMMARY ***
Total pot 60 | Rake 0 
Seat 1: Ty_Muppet (small blind) folded before Flop
Seat 2: DigaoMaluco (big blind) collected (60)
Seat 3: Mahu2021 (button) folded before Flop



PokerStars Hand #253490692429: Tournament #3825537298, $1.84+$0.16 USD Hold'em No Limit - Level I (10/20) - 2024/11/20 15:55:33 CET [2024/11/20 9:55:33 ET]
Table '3825537298 1' 3-max Seat #1 is the button
Seat 1: Ty_Muppet (510 in chips) 
Seat 2: DigaoMaluco (390 in chips) 
Seat 3: Mahu2021 (600 in chips) 
DigaoMaluco: posts small blind 10
Mahu2021: posts big blind 20
*** HOLE CARDS ***
Dealt to Mahu2021 [Ad 3c]
Ty_Muppet: folds 
DigaoMaluco: raises 20 to 40
Mahu2021: calls 20
*** FLOP *** [Th 3d 8d]
DigaoMaluco: bets 20
Mahu2021: calls 20
*** TURN *** [Th 3d 8d] [Jc]
DigaoMaluco: checks 
Mahu2021: checks 
*** RIVER *** [Th 3d 8d Jc] [8s]
DigaoMaluco: checks 
Mahu2021: checks 
*** SHOW DOWN ***
DigaoMaluco: shows [6d Kc] (a pair of Eights)
Mahu2021: shows [Ad 3c] (two pair, Eights and Threes)
Mahu2021 collected 120 from pot
*** SUMMARY ***
Total pot 120 | Rake 0 
Board [Th 3d 8d Jc 8s]
Seat 1: Ty_Muppet (button) folded before Flop (didn't bet)
Seat 2: DigaoMaluco (small blind) showed [6d Kc] and lost with a pair of Eights
Seat 3: Mahu2021 (big blind) showed [Ad 3c] and won (120) with two pair, Eights and Threes



PokerStars Hand #253490697958: Tournament #3825537298, $1.84+$0.16 USD Hold'em No Limit - Level I (10/20) - 2024/11/20 15:56:13 CET [2024/11/20 9:56:13 ET]
Table '3825537298 1' 3-max Seat #2 is the button
Seat 1: Ty_Muppet (510 in chips) 
Seat 2: DigaoMaluco (330 in chips) 
Seat 3: Mahu2021 (660 in chips) 
Mahu2021: posts small blind 10
Ty_Muppet: posts big blind 20
*** HOLE CARDS ***
Dealt to Mahu2021 [4h 7c]
DigaoMaluco: raises 20 to 40
Mahu2021: folds 
Ty_Muppet: calls 20
*** FLOP *** [Qd Kd 4s]
Ty_Muppet: checks 
DigaoMaluco: bets 23
Ty_Muppet: folds 
Uncalled bet (23) returned to DigaoMaluco
DigaoMaluco collected 90 from pot
DigaoMaluco: doesn't show hand 
*** SUMMARY ***
Total pot 90 | Rake 0 
Board [Qd Kd 4s]
Seat 1: Ty_Muppet (big blind) folded on the Flop
Seat 2: DigaoMaluco (button) collected (90)
Seat 3: Mahu2021 (small blind) folded before Flop



PokerStars Hand #253490701458: Tournament #3825537298, $1.84+$0.16 USD Hold'em No Limit - Level II (15/30) - 2024/11/20 15:56:39 CET [2024/11/20 9:56:39 ET]
Table '3825537298 1' 3-max Seat #3 is the button
Seat 1: Ty_Muppet (470 in chips) 
Seat 2: DigaoMaluco (380 in chips) 
Seat 3: Mahu2021 (650 in chips) 
Ty_Muppet: posts small blind 15
DigaoMaluco: posts big blind 30
*** HOLE CARDS ***
Dealt to Mahu2021 [3d 9h]
Mahu2021: folds 
Ty_Muppet: folds 
Uncalled bet (15) returned to DigaoMaluco
DigaoMaluco collected 30 from pot
DigaoMaluco: doesn't show hand 
*** SUMMARY ***
Total pot 30 | Rake 0 
Seat 1: Ty_Muppet (small blind) folded before Flop
Seat 2: DigaoMaluco (big blind) collected (30)
Seat 3: Mahu2021 (button) folded before Flop (didn't bet)



PokerStars Hand #253490702282: Tournament #3825537298, $1.84+$0.16 USD Hold'em No Limit - Level II (15/30) - 2024/11/20 15:56:44 CET [2024/11/20 9:56:44 ET]
Table '3825537298 1' 3-max Seat #1 is the button
Seat 1: Ty_Muppet (455 in chips) 
Seat 2: DigaoMaluco (395 in chips) 
Seat 3: Mahu2021 (650 in chips) 
DigaoMaluco: posts small blind 15
Mahu2021: posts big blind 30
*** HOLE CARDS ***
Dealt to Mahu2021 [9s 5s]
Ty_Muppet: folds 
DigaoMaluco: raises 365 to 395 and is all-in
Mahu2021: folds 
Uncalled bet (365) returned to DigaoMaluco
DigaoMaluco collected 60 from pot
DigaoMaluco: doesn't show hand 
*** SUMMARY ***
Total pot 60 | Rake 0 
Seat 1: Ty_Muppet (button) folded before Flop (didn't bet)
Seat 2: DigaoMaluco (small blind) collected (60)
Seat 3: Mahu2021 (big blind) folded before Flop



PokerStars Hand #253490703542: Tournament #3825537298, $1.84+$0.16 USD Hold'em No Limit - Level II (15/30) - 2024/11/20 15:56:53 CET [2024/11/20 9:56:53 ET]
Table '3825537298 1' 3-max Seat #2 is the button
Seat 1: Ty_Muppet (455 in chips) 
Seat 2: DigaoMaluco (425 in chips) 
Seat 3: Mahu2021 (620 in chips) 
Mahu2021: posts small blind 15
Ty_Muppet: posts big blind 30
*** HOLE CARDS ***
Dealt to Mahu2021 [6d Qc]
DigaoMaluco: folds 
Mahu2021: folds 
Uncalled bet (15) returned to Ty_Muppet
Ty_Muppet collected 30 from pot
Ty_Muppet: doesn't show hand 
*** SUMMARY ***
Total pot 30 | Rake 0 
Seat 1: Ty_Muppet (big blind) collected (30)
Seat 2: DigaoMaluco (button) folded before Flop (didn't bet)
Seat 3: Mahu2021 (small blind) folded before Flop



PokerStars Hand #253490704509: Tournament #3825537298, $1.84+$0.16 USD Hold'em No Limit - Level II (15/30) - 2024/11/20 15:57:00 CET [2024/11/20 9:57:00 ET]
Table '3825537298 1' 3-max Seat #3 is the button
Seat 1: Ty_Muppet (470 in chips) 
Seat 2: DigaoMaluco (425 in chips) 
Seat 3: Mahu2021 (605 in chips) 
Ty_Muppet: posts small blind 15
DigaoMaluco: posts big blind 30
*** HOLE CARDS ***
Dealt to Mahu2021 [Th Ac]
Mahu2021: raises 60 to 90
Ty_Muppet: folds 
DigaoMaluco: folds 
Uncalled bet (60) returned to Mahu2021
Mahu2021 collected 75 from pot
Mahu2021: doesn't show hand 
*** SUMMARY ***
Total pot 75 | Rake 0 
Seat 1: Ty_Muppet (small blind) folded before Flop
Seat 2: DigaoMaluco (big blind) folded before Flop
Seat 3: Mahu2021 (button) collected (75)



PokerStars Hand #253490705748: Tournament #3825537298, $1.84+$0.16 USD Hold'em No Limit - Level II (15/30) - 2024/11/20 15:57:09 CET [2024/11/20 9:57:09 ET]
Table '3825537298 1' 3-max Seat #1 is the button
Seat 1: Ty_Muppet (455 in chips) 
Seat 2: DigaoMaluco (395 in chips) 
Seat 3: Mahu2021 (650 in chips) 
DigaoMaluco: posts small blind 15
Mahu2021: posts big blind 30
*** HOLE CARDS ***
Dealt to Mahu2021 [Tc 8d]
Ty_Muppet: folds 
DigaoMaluco: raises 30 to 60
Mahu2021: calls 30
*** FLOP *** [3d 8h 8s]
DigaoMaluco: bets 30
Mahu2021: calls 30
*** TURN *** [3d 8h 8s] [Ts]
DigaoMaluco: bets 45
Mahu2021: calls 45
*** RIVER *** [3d 8h 8s Ts] [3h]
DigaoMaluco: bets 45
Mahu2021: raises 470 to 515 and is all-in
DigaoMaluco: folds 
Uncalled bet (470) returned to Mahu2021
Mahu2021 collected 360 from pot
Mahu2021: doesn't show hand 
*** SUMMARY ***
Total pot 360 | Rake 0 
Board [3d 8h 8s Ts 3h]
Seat 1: Ty_Muppet (button) folded before Flop (didn't bet)
Seat 2: DigaoMaluco (small blind) folded on the River
Seat 3: Mahu2021 (big blind) collected (360)



PokerStars Hand #253490711771: Tournament #3825537298, $1.84+$0.16 USD Hold'em No Limit - Level II (15/30) - 2024/11/20 15:57:52 CET [2024/11/20 9:57:52 ET]
Table '3825537298 1' 3-max Seat #2 is the button
Seat 1: Ty_Muppet (455 in chips) 
Seat 2: DigaoMaluco (215 in chips) 
Seat 3: Mahu2021 (830 in chips) 
Mahu2021: posts small blind 15
Ty_Muppet: posts big blind 30
*** HOLE CARDS ***
Dealt to Mahu2021 [2c 9s]
DigaoMaluco: folds 
Mahu2021: folds 
Uncalled bet (15) returned to Ty_Muppet
Ty_Muppet collected 30 from pot
Ty_Muppet: doesn't show hand 
*** SUMMARY ***
Total pot 30 | Rake 0 
Seat 1: Ty_Muppet (big blind) collected (30)
Seat 2: DigaoMaluco (button) folded before Flop (didn't bet)
Seat 3: Mahu2021 (small blind) folded before Flop



PokerStars Hand #253490712626: Tournament #3825537298, $1.84+$0.16 USD Hold'em No Limit - Level II (15/30) - 2024/11/20 15:57:58 CET [2024/11/20 9:57:58 ET]
Table '3825537298 1' 3-max Seat #3 is the button
Seat 1: Ty_Muppet (470 in chips) 
Seat 2: DigaoMaluco (215 in chips) 
Seat 3: Mahu2021 (815 in chips) 
Ty_Muppet: posts small blind 15
DigaoMaluco: posts big blind 30
*** HOLE CARDS ***
Dealt to Mahu2021 [8c 7s]
Mahu2021: folds 
Ty_Muppet: folds 
Uncalled bet (15) returned to DigaoMaluco
DigaoMaluco collected 30 from pot
DigaoMaluco: doesn't show hand 
*** SUMMARY ***
Total pot 30 | Rake 0 
Seat 1: Ty_Muppet (small blind) folded before Flop
Seat 2: DigaoMaluco (big blind) collected (30)
Seat 3: Mahu2021 (button) folded before Flop (didn't bet)



PokerStars Hand #253490713252: Tournament #3825537298, $1.84+$0.16 USD Hold'em No Limit - Level II (15/30) - 2024/11/20 15:58:03 CET [2024/11/20 9:58:03 ET]
Table '3825537298 1' 3-max Seat #1 is the button
Seat 1: Ty_Muppet (455 in chips) 
Seat 2: DigaoMaluco (230 in chips) 
Seat 3: Mahu2021 (815 in chips) 
DigaoMaluco: posts small blind 15
Mahu2021: posts big blind 30
*** HOLE CARDS ***
Dealt to Mahu2021 [4d 5d]
Ty_Muppet: folds 
DigaoMaluco: folds 
Uncalled bet (15) returned to Mahu2021
Mahu2021 collected 30 from pot
Mahu2021: doesn't show hand 
*** SUMMARY ***
Total pot 30 | Rake 0 
Seat 1: Ty_Muppet (button) folded before Flop (didn't bet)
Seat 2: DigaoMaluco (small blind) folded before Flop
Seat 3: Mahu2021 (big blind) collected (30)



PokerStars Hand #253490713882: Tournament #3825537298, $1.84+$0.16 USD Hold'em No Limit - Level II (15/30) - 2024/11/20 15:58:07 CET [2024/11/20 9:58:07 ET]
Table '3825537298 1' 3-max Seat #2 is the button
Seat 1: Ty_Muppet (455 in chips) 
Seat 2: DigaoMaluco (215 in chips) 
Seat 3: Mahu2021 (830 in chips) 
Mahu2021: posts small blind 15
Ty_Muppet: posts big blind 30
*** HOLE CARDS ***
Dealt to Mahu2021 [8h Td]
DigaoMaluco: raises 30 to 60
Mahu2021: folds 
Ty_Muppet: folds 
Uncalled bet (30) returned to DigaoMaluco
DigaoMaluco collected 75 from pot
DigaoMaluco: doesn't show hand 
*** SUMMARY ***
Total pot 75 | Rake 0 
Seat 1: Ty_Muppet (big blind) folded before Flop
Seat 2: DigaoMaluco (button) collected (75)
Seat 3: Mahu2021 (small blind) folded before Flop



PokerStars Hand #253490714907: Tournament #3825537298, $1.84+$0.16 USD Hold'em No Limit - Level II (15/30) - 2024/11/20 15:58:14 CET [2024/11/20 9:58:14 ET]
Table '3825537298 1' 3-max Seat #3 is the button
Seat 1: Ty_Muppet (425 in chips) 
Seat 2: DigaoMaluco (260 in chips) 
Seat 3: Mahu2021 (815 in chips) 
Ty_Muppet: posts small blind 15
DigaoMaluco: posts big blind 30
*** HOLE CARDS ***
Dealt to Mahu2021 [8h 4h]
Mahu2021: calls 30
Ty_Muppet: calls 15
DigaoMaluco: checks 
*** FLOP *** [7d Ts Jh]
Ty_Muppet: checks 
DigaoMaluco: checks 
Mahu2021: checks 
*** TURN *** [7d Ts Jh] [Kc]
Ty_Muppet: checks 
DigaoMaluco: checks 
Mahu2021: checks 
*** RIVER *** [7d Ts Jh Kc] [9h]
Ty_Muppet: checks 
DigaoMaluco: bets 45
Mahu2021: calls 45
Ty_Muppet: folds 
*** SHOW DOWN ***
DigaoMaluco: shows [6d Qh] (a straight, Nine to King)
Mahu2021: mucks hand 
DigaoMaluco collected 180 from pot
*** SUMMARY ***
Total pot 180 | Rake 0 
Board [7d Ts Jh Kc 9h]
Seat 1: Ty_Muppet (small blind) folded on the River
Seat 2: DigaoMaluco (big blind) showed [6d Qh] and won (180) with a straight, Nine to King
Seat 3: Mahu2021 (button) mucked [8h 4h]



PokerStars Hand #253490720588: Tournament #3825537298, $1.84+$0.16 USD Hold'em No Limit - Level II (15/30) - 2024/11/20 15:58:56 CET [2024/11/20 9:58:56 ET]
Table '3825537298 1' 3-max Seat #1 is the button
Seat 1: Ty_Muppet (395 in chips) 
Seat 2: DigaoMaluco (365 in chips) 
Seat 3: Mahu2021 (740 in chips) 
DigaoMaluco: posts small blind 15
Mahu2021: posts big blind 30
*** HOLE CARDS ***
Dealt to Mahu2021 [5s Td]
Ty_Muppet: raises 45 to 75
DigaoMaluco: folds 
Mahu2021: folds 
Uncalled bet (45) returned to Ty_Muppet
Ty_Muppet collected 75 from pot
Ty_Muppet: doesn't show hand 
*** SUMMARY ***
Total pot 75 | Rake 0 
Seat 1: Ty_Muppet (button) collected (75)
Seat 2: DigaoMaluco (small blind) folded before Flop
Seat 3: Mahu2021 (big blind) folded before Flop



PokerStars Hand #253490722394: Tournament #3825537298, $1.84+$0.16 USD Hold'em No Limit - Level II (15/30) - 2024/11/20 15:59:09 CET [2024/11/20 9:59:09 ET]
Table '3825537298 1' 3-max Seat #2 is the button
Seat 1: Ty_Muppet (440 in chips) 
Seat 2: DigaoMaluco (350 in chips) 
Seat 3: Mahu2021 (710 in chips) 
Mahu2021: posts small blind 15
Ty_Muppet: posts big blind 30
*** HOLE CARDS ***
Dealt to Mahu2021 [8d 9c]
DigaoMaluco: folds 
Mahu2021: raises 60 to 90
Ty_Muppet: folds 
Uncalled bet (60) returned to Mahu2021
Mahu2021 collected 60 from pot
Mahu2021: doesn't show hand 
*** SUMMARY ***
Total pot 60 | Rake 0 
Seat 1: Ty_Muppet (big blind) folded before Flop
Seat 2: DigaoMaluco (button) folded before Flop (didn't bet)
Seat 3: Mahu2021 (small blind) collected (60)



PokerStars Hand #253490724653: Tournament #3825537298, $1.84+$0.16 USD Hold'em No Limit - Level III (20/40) - 2024/11/20 15:59:25 CET [2024/11/20 9:59:25 ET]
Table '3825537298 1' 3-max Seat #3 is the button
Seat 1: Ty_Muppet (410 in chips) 
Seat 2: DigaoMaluco (350 in chips) 
Seat 3: Mahu2021 (740 in chips) 
Ty_Muppet: posts small blind 20
DigaoMaluco: posts big blind 40
*** HOLE CARDS ***
Dealt to Mahu2021 [8h Th]
Mahu2021: calls 40
Ty_Muppet: folds 
DigaoMaluco: checks 
*** FLOP *** [5s 7d Js]
DigaoMaluco: checks 
Mahu2021: bets 80
DigaoMaluco: folds 
Uncalled bet (80) returned to Mahu2021
Mahu2021 collected 100 from pot
Mahu2021: doesn't show hand 
*** SUMMARY ***
Total pot 100 | Rake 0 
Board [5s 7d Js]
Seat 1: Ty_Muppet (small blind) folded before Flop
Seat 2: DigaoMaluco (big blind) folded on the Flop
Seat 3: Mahu2021 (button) collected (100)



PokerStars Hand #253490728024: Tournament #3825537298, $1.84+$0.16 USD Hold'em No Limit - Level III (20/40) - 2024/11/20 15:59:50 CET [2024/11/20 9:59:50 ET]
Table '3825537298 1' 3-max Seat #1 is the button
Seat 1: Ty_Muppet (390 in chips) 
Seat 2: DigaoMaluco (310 in chips) 
Seat 3: Mahu2021 (800 in chips) 
DigaoMaluco: posts small blind 20
Mahu2021: posts big blind 40
*** HOLE CARDS ***
Dealt to Mahu2021 [9d 9c]
Ty_Muppet: folds 
DigaoMaluco: raises 270 to 310 and is all-in
Mahu2021: calls 270
*** FLOP *** [Ts Ac 4d]
*** TURN *** [Ts Ac 4d] [Qd]
*** RIVER *** [Ts Ac 4d Qd] [7s]
*** SHOW DOWN ***
DigaoMaluco: shows [Kc 9h] (high card Ace)
Mahu2021: shows [9d 9c] (a pair of Nines)
Mahu2021 collected 620 from pot
DigaoMaluco finished the tournament in 3rd place
*** SUMMARY ***
Total pot 620 | Rake 0 
Board [Ts Ac 4d Qd 7s]
Seat 1: Ty_Muppet (button) folded before Flop (didn't bet)
Seat 2: DigaoMaluco (small blind) showed [Kc 9h] and lost with high card Ace
Seat 3: Mahu2021 (big blind) showed [9d 9c] and won (620) with a pair of Nines



PokerStars Hand #253490730365: Tournament #3825537298, $1.84+$0.16 USD Hold'em No Limit - Level III (20/40) - 2024/11/20 16:00:07 CET [2024/11/20 10:00:07 ET]
Table '3825537298 1' 3-max Seat #3 is the button
Seat 1: Ty_Muppet (390 in chips) 
Seat 3: Mahu2021 (1110 in chips) 
Mahu2021: posts small blind 20
Ty_Muppet: posts big blind 40
*** HOLE CARDS ***
Dealt to Mahu2021 [4h 2c]
Mahu2021: folds 
Uncalled bet (20) returned to Ty_Muppet
Ty_Muppet collected 40 from pot
Ty_Muppet: doesn't show hand 
*** SUMMARY ***
Total pot 40 | Rake 0 
Seat 1: Ty_Muppet (big blind) collected (40)
Seat 3: Mahu2021 (button) (small blind) folded before Flop



PokerStars Hand #253490730955: Tournament #3825537298, $1.84+$0.16 USD Hold'em No Limit - Level III (20/40) - 2024/11/20 16:00:11 CET [2024/11/20 10:00:11 ET]
Table '3825537298 1' 3-max Seat #1 is the button
Seat 1: Ty_Muppet (410 in chips) 
Seat 3: Mahu2021 (1090 in chips) 
Ty_Muppet: posts small blind 20
Mahu2021: posts big blind 40
*** HOLE CARDS ***
Dealt to Mahu2021 [6c Jh]
Ty_Muppet: raises 40 to 80
Mahu2021: calls 40
*** FLOP *** [Qc 3d 9c]
Mahu2021: checks 
Ty_Muppet: bets 120
Mahu2021: folds 
Uncalled bet (120) returned to Ty_Muppet
Ty_Muppet collected 160 from pot
Ty_Muppet: doesn't show hand 
*** SUMMARY ***
Total pot 160 | Rake 0 
Board [Qc 3d 9c]
Seat 1: Ty_Muppet (button) (small blind) collected (160)
Seat 3: Mahu2021 (big blind) folded on the Flop



PokerStars Hand #253490732412: Tournament #3825537298, $1.84+$0.16 USD Hold'em No Limit - Level III (20/40) - 2024/11/20 16:00:22 CET [2024/11/20 10:00:22 ET]
Table '3825537298 1' 3-max Seat #3 is the button
Seat 1: Ty_Muppet (490 in chips) 
Seat 3: Mahu2021 (1010 in chips) 
Mahu2021: posts small blind 20
Ty_Muppet: posts big blind 40
*** HOLE CARDS ***
Dealt to Mahu2021 [9d 9c]
Mahu2021: raises 80 to 120
Ty_Muppet: folds 
Uncalled bet (80) returned to Mahu2021
Mahu2021 collected 80 from pot
Mahu2021: doesn't show hand 
*** SUMMARY ***
Total pot 80 | Rake 0 
Seat 1: Ty_Muppet (big blind) folded before Flop
Seat 3: Mahu2021 (button) (small blind) collected (80)



PokerStars Hand #253490733661: Tournament #3825537298, $1.84+$0.16 USD Hold'em No Limit - Level III (20/40) - 2024/11/20 16:00:31 CET [2024/11/20 10:00:31 ET]
Table '3825537298 1' 3-max Seat #1 is the button
Seat 1: Ty_Muppet (450 in chips) 
Seat 3: Mahu2021 (1050 in chips) 
Ty_Muppet: posts small blind 20
Mahu2021: posts big blind 40
*** HOLE CARDS ***
Dealt to Mahu2021 [Ks 8c]
Ty_Muppet: raises 60 to 100
Mahu2021: calls 60
*** FLOP *** [2s 9c 8d]
Mahu2021: bets 950 and is all-in
Ty_Muppet: folds 
Uncalled bet (950) returned to Mahu2021
Mahu2021 collected 200 from pot
Mahu2021: doesn't show hand 
*** SUMMARY ***
Total pot 200 | Rake 0 
Board [2s 9c 8d]
Seat 1: Ty_Muppet (button) (small blind) folded on the Flop
Seat 3: Mahu2021 (big blind) collected (200)



PokerStars Hand #253490735848: Tournament #3825537298, $1.84+$0.16 USD Hold'em No Limit - Level III (20/40) - 2024/11/20 16:00:45 CET [2024/11/20 10:00:45 ET]
Table '3825537298 1' 3-max Seat #3 is the button
Seat 1: Ty_Muppet (350 in chips) 
Seat 3: Mahu2021 (1150 in chips) 
Mahu2021: posts small blind 20
Ty_Muppet: posts big blind 40
*** HOLE CARDS ***
Dealt to Mahu2021 [4c 4d]
Mahu2021: raises 80 to 120
Ty_Muppet: raises 230 to 350 and is all-in
Mahu2021: calls 230
*** FLOP *** [7c 2d 3d]
*** TURN *** [7c 2d 3d] [Qs]
*** RIVER *** [7c 2d 3d Qs] [7h]
*** SHOW DOWN ***
Ty_Muppet: shows [8s Ac] (a pair of Sevens)
Mahu2021: shows [4c 4d] (two pair, Sevens and Fours)
Mahu2021 collected 700 from pot
Ty_Muppet finished the tournament in 2nd place
Mahu2021 wins the tournament and receives $6.00 - congratulations!
*** SUMMARY ***
Total pot 700 | Rake 0 
Board [7c 2d 3d Qs 7h]
Seat 1: Ty_Muppet (big blind) showed [8s Ac] and lost with a pair of Sevens
Seat 3: Mahu2021 (button) (small blind) showed [4c 4d] and won (700) with two pair, Sevens and Fours



