PokerStars Hand #243045061744: Tournament #3576440772, $0.92+$0.08 USD Hold'em No Limit - Level I (10/20) - 2023/04/12 16:52:16 CET [2023/04/12 10:52:16 ET]
Table '3576440772 1' 3-max Seat #1 is the button
Seat 1: Mahu2021 (500 in chips) 
Seat 2: Thirossini (500 in chips) 
Seat 3: 99bridges (500 in chips) 
Thirossini: posts small blind 10
99bridges: posts big blind 20
*** HOLE CARDS ***
Dealt to Mahu2021 [8h 5h]
Mahu2021: folds 
Thirossini: calls 10
99bridges: checks 
*** FLOP *** [7h Ks 7s]
Thirossini: checks 
99bridges: bets 20
Thirossini: folds 
Uncalled bet (20) returned to 99bridges
99bridges collected 40 from pot
99bridges: doesn't show hand 
*** SUMMARY ***
Total pot 40 | Rake 0 
Board [7h Ks 7s]
Seat 1: Mahu2021 (button) folded before Flop (didn't bet)
Seat 2: Thirossini (small blind) folded on the Flop
Seat 3: 99bridges (big blind) collected (40)



PokerStars Hand #243045066658: Tournament #3576440772, $0.92+$0.08 USD Hold'em No Limit - Level I (10/20) - 2023/04/12 16:52:35 CET [2023/04/12 10:52:35 ET]
Table '3576440772 1' 3-max Seat #2 is the button
Seat 1: Mahu2021 (500 in chips) 
Seat 2: Thirossini (480 in chips) 
Seat 3: 99bridges (520 in chips) 
99bridges: posts small blind 10
Mahu2021: posts big blind 20
*** HOLE CARDS ***
Dealt to Mahu2021 [Tc 3c]
Thirossini: folds 
99bridges: calls 10
Mahu2021: checks 
*** FLOP *** [6c Kh 7s]
99bridges: bets 20
Mahu2021: folds 
Uncalled bet (20) returned to 99bridges
99bridges collected 40 from pot
99bridges: doesn't show hand 
*** SUMMARY ***
Total pot 40 | Rake 0 
Board [6c Kh 7s]
Seat 1: Mahu2021 (big blind) folded on the Flop
Seat 2: Thirossini (button) folded before Flop (didn't bet)
Seat 3: 99bridges (small blind) collected (40)



PokerStars Hand #243045069364: Tournament #3576440772, $0.92+$0.08 USD Hold'em No Limit - Level I (10/20) - 2023/04/12 16:52:45 CET [2023/04/12 10:52:45 ET]
Table '3576440772 1' 3-max Seat #3 is the button
Seat 1: Mahu2021 (480 in chips) 
Seat 2: Thirossini (480 in chips) 
Seat 3: 99bridges (540 in chips) 
Mahu2021: posts small blind 10
Thirossini: posts big blind 20
*** HOLE CARDS ***
Dealt to Mahu2021 [Td 6h]
99bridges: calls 20
Mahu2021: calls 10
Thirossini: checks 
*** FLOP *** [5s 7d 9d]
Mahu2021: bets 20
Thirossini: calls 20
99bridges: folds 
*** TURN *** [5s 7d 9d] [9h]
Mahu2021: checks 
Thirossini: checks 
*** RIVER *** [5s 7d 9d 9h] [Js]
Mahu2021: bets 80
Thirossini: calls 80
*** SHOW DOWN ***
Mahu2021: shows [Td 6h] (a pair of Nines)
Thirossini: shows [Jc 4h] (two pair, Jacks and Nines)
Thirossini collected 260 from pot
*** SUMMARY ***
Total pot 260 | Rake 0 
Board [5s 7d 9d 9h Js]
Seat 1: Mahu2021 (small blind) showed [Td 6h] and lost with a pair of Nines
Seat 2: Thirossini (big blind) showed [Jc 4h] and won (260) with two pair, Jacks and Nines
Seat 3: 99bridges (button) folded on the Flop



PokerStars Hand #243045075181: Tournament #3576440772, $0.92+$0.08 USD Hold'em No Limit - Level I (10/20) - 2023/04/12 16:53:07 CET [2023/04/12 10:53:07 ET]
Table '3576440772 1' 3-max Seat #1 is the button
Seat 1: Mahu2021 (360 in chips) 
Seat 2: Thirossini (620 in chips) 
Seat 3: 99bridges (520 in chips) 
Thirossini: posts small blind 10
99bridges: posts big blind 20
*** HOLE CARDS ***
Dealt to Mahu2021 [9s 7h]
Mahu2021: folds 
Thirossini: calls 10
99bridges: checks 
*** FLOP *** [6h 6c 3d]
Thirossini: checks 
99bridges: checks 
*** TURN *** [6h 6c 3d] [2c]
Thirossini: checks 
99bridges: checks 
*** RIVER *** [6h 6c 3d 2c] [Kd]
Thirossini: bets 80
99bridges: folds 
Uncalled bet (80) returned to Thirossini
Thirossini collected 40 from pot
*** SUMMARY ***
Total pot 40 | Rake 0 
Board [6h 6c 3d 2c Kd]
Seat 1: Mahu2021 (button) folded before Flop (didn't bet)
Seat 2: Thirossini (small blind) collected (40)
Seat 3: 99bridges (big blind) folded on the River



PokerStars Hand #243045085944: Tournament #3576440772, $0.92+$0.08 USD Hold'em No Limit - Level I (10/20) - 2023/04/12 16:53:48 CET [2023/04/12 10:53:48 ET]
Table '3576440772 1' 3-max Seat #2 is the button
Seat 1: Mahu2021 (360 in chips) 
Seat 2: Thirossini (640 in chips) 
Seat 3: 99bridges (500 in chips) 
99bridges: posts small blind 10
Mahu2021: posts big blind 20
*** HOLE CARDS ***
Dealt to Mahu2021 [9s 3h]
Thirossini: folds 
99bridges: folds 
Uncalled bet (10) returned to Mahu2021
Mahu2021 collected 20 from pot
Mahu2021: doesn't show hand 
*** SUMMARY ***
Total pot 20 | Rake 0 
Seat 1: Mahu2021 (big blind) collected (20)
Seat 2: Thirossini (button) folded before Flop (didn't bet)
Seat 3: 99bridges (small blind) folded before Flop



PokerStars Hand #243045088372: Tournament #3576440772, $0.92+$0.08 USD Hold'em No Limit - Level I (10/20) - 2023/04/12 16:53:58 CET [2023/04/12 10:53:58 ET]
Table '3576440772 1' 3-max Seat #3 is the button
Seat 1: Mahu2021 (370 in chips) 
Seat 2: Thirossini (640 in chips) 
Seat 3: 99bridges (490 in chips) 
Mahu2021: posts small blind 10
Thirossini: posts big blind 20
*** HOLE CARDS ***
Dealt to Mahu2021 [5d As]
99bridges: folds 
Mahu2021: raises 20 to 40
Thirossini: folds 
Uncalled bet (20) returned to Mahu2021
Mahu2021 collected 40 from pot
Mahu2021: doesn't show hand 
*** SUMMARY ***
Total pot 40 | Rake 0 
Seat 1: Mahu2021 (small blind) collected (40)
Seat 2: Thirossini (big blind) folded before Flop
Seat 3: 99bridges (button) folded before Flop (didn't bet)



PokerStars Hand #243045091279: Tournament #3576440772, $0.92+$0.08 USD Hold'em No Limit - Level I (10/20) - 2023/04/12 16:54:08 CET [2023/04/12 10:54:08 ET]
Table '3576440772 1' 3-max Seat #1 is the button
Seat 1: Mahu2021 (390 in chips) 
Seat 2: Thirossini (620 in chips) 
Seat 3: 99bridges (490 in chips) 
Thirossini: posts small blind 10
99bridges: posts big blind 20
*** HOLE CARDS ***
Dealt to Mahu2021 [8d 3d]
Mahu2021: folds 
Thirossini: folds 
Uncalled bet (10) returned to 99bridges
99bridges collected 20 from pot
99bridges: doesn't show hand 
*** SUMMARY ***
Total pot 20 | Rake 0 
Seat 1: Mahu2021 (button) folded before Flop (didn't bet)
Seat 2: Thirossini (small blind) folded before Flop
Seat 3: 99bridges (big blind) collected (20)



PokerStars Hand #243045097793: Tournament #3576440772, $0.92+$0.08 USD Hold'em No Limit - Level II (15/30) - 2023/04/12 16:54:33 CET [2023/04/12 10:54:33 ET]
Table '3576440772 1' 3-max Seat #2 is the button
Seat 1: Mahu2021 (390 in chips) 
Seat 2: Thirossini (610 in chips) 
Seat 3: 99bridges (500 in chips) 
99bridges: posts small blind 15
Mahu2021: posts big blind 30
*** HOLE CARDS ***
Dealt to Mahu2021 [Tc As]
Thirossini has timed out
Thirossini: folds 
Thirossini is sitting out
99bridges: calls 15
Mahu2021: raises 60 to 90
Thirossini has returned
99bridges: calls 60
*** FLOP *** [Jd 5h 5d]
99bridges: checks 
Mahu2021: bets 90
99bridges: raises 90 to 180
Mahu2021: raises 120 to 300 and is all-in
99bridges: calls 120
*** TURN *** [Jd 5h 5d] [5s]
*** RIVER *** [Jd 5h 5d 5s] [Kh]
*** SHOW DOWN ***
99bridges: shows [Jh 3h] (a full house, Fives full of Jacks)
Mahu2021: shows [Tc As] (three of a kind, Fives)
99bridges collected 780 from pot
Mahu2021 finished the tournament in 3rd place
*** SUMMARY ***
Total pot 780 | Rake 0 
Board [Jd 5h 5d 5s Kh]
Seat 1: Mahu2021 (big blind) showed [Tc As] and lost with three of a kind, Fives
Seat 2: Thirossini (button) folded before Flop (didn't bet)
Seat 3: 99bridges (small blind) showed [Jh 3h] and won (780) with a full house, Fives full of Jacks



