PokerStars Hand #247068664582: Tournament #3672278150, $1.84+$0.16 USD Hold'em No Limit - Level I (10/20) - 2023/11/12 17:14:23 CET [2023/11/12 11:14:23 ET]
Table '3672278150 1' 3-max Seat #1 is the button
Seat 1: Mahu2021 (500 in chips) 
Seat 2: Rolloh (500 in chips) 
Seat 3: Tommi lee83 (500 in chips) 
Rolloh: posts small blind 10
Tommi lee83: posts big blind 20
*** HOLE CARDS ***
Dealt to Mahu2021 [Ks Js]
Mahu2021: raises 20 to 40
Rolloh: folds 
Tommi lee83: calls 20
*** FLOP *** [5d 2c Ac]
Tommi lee83: checks 
Mahu2021: bets 40
Tommi lee83: calls 40
*** TURN *** [5d 2c Ac] [8d]
Tommi lee83: checks 
Mahu2021: checks 
*** RIVER *** [5d 2c Ac 8d] [Kh]
Tommi lee83: bets 40
Mahu2021: calls 40
*** SHOW DOWN ***
Tommi lee83: shows [4s Kd] (a pair of Kings)
Mahu2021: shows [Ks Js] (a pair of Kings - Ace+Jack kicker)
Mahu2021 collected 250 from pot
*** SUMMARY ***
Total pot 250 | Rake 0 
Board [5d 2c Ac 8d Kh]
Seat 1: Mahu2021 (button) showed [Ks Js] and won (250) with a pair of Kings
Seat 2: Rolloh (small blind) folded before Flop
Seat 3: Tommi lee83 (big blind) showed [4s Kd] and lost with a pair of Kings



PokerStars Hand #247068672030: Tournament #3672278150, $1.84+$0.16 USD Hold'em No Limit - Level I (10/20) - 2023/11/12 17:14:48 CET [2023/11/12 11:14:48 ET]
Table '3672278150 1' 3-max Seat #2 is the button
Seat 1: Mahu2021 (630 in chips) 
Seat 2: Rolloh (490 in chips) 
Seat 3: Tommi lee83 (380 in chips) 
Tommi lee83: posts small blind 10
Mahu2021: posts big blind 20
*** HOLE CARDS ***
Dealt to Mahu2021 [5c Js]
Rolloh: calls 20
Tommi lee83: calls 10
Mahu2021: checks 
*** FLOP *** [Kh 5d 3c]
Tommi lee83: bets 20
Mahu2021: calls 20
Rolloh: calls 20
*** TURN *** [Kh 5d 3c] [Kd]
Tommi lee83: bets 20
Mahu2021: calls 20
Rolloh: raises 20 to 40
Tommi lee83: calls 20
Mahu2021: calls 20
*** RIVER *** [Kh 5d 3c Kd] [2s]
Tommi lee83: checks 
Mahu2021: checks 
Rolloh: bets 240
Tommi lee83: folds 
Mahu2021: calls 240
*** SHOW DOWN ***
Rolloh: shows [3d Kc] (a full house, Kings full of Threes)
Mahu2021: mucks hand 
Rolloh collected 720 from pot
*** SUMMARY ***
Total pot 720 | Rake 0 
Board [Kh 5d 3c Kd 2s]
Seat 1: Mahu2021 (big blind) mucked [5c Js]
Seat 2: Rolloh (button) showed [3d Kc] and won (720) with a full house, Kings full of Threes
Seat 3: Tommi lee83 (small blind) folded on the River



PokerStars Hand #247068691458: Tournament #3672278150, $1.84+$0.16 USD Hold'em No Limit - Level I (10/20) - 2023/11/12 17:15:51 CET [2023/11/12 11:15:51 ET]
Table '3672278150 1' 3-max Seat #3 is the button
Seat 1: Mahu2021 (310 in chips) 
Seat 2: Rolloh (890 in chips) 
Seat 3: Tommi lee83 (300 in chips) 
Mahu2021: posts small blind 10
Rolloh: posts big blind 20
*** HOLE CARDS ***
Dealt to Mahu2021 [Kc 5h]
Tommi lee83 has timed out
Tommi lee83: folds 
Tommi lee83 is sitting out
Tommi lee83 has returned
Mahu2021: folds 
Uncalled bet (10) returned to Rolloh
Rolloh collected 20 from pot
Rolloh: doesn't show hand 
*** SUMMARY ***
Total pot 20 | Rake 0 
Seat 1: Mahu2021 (small blind) folded before Flop
Seat 2: Rolloh (big blind) collected (20)
Seat 3: Tommi lee83 (button) folded before Flop (didn't bet)



PokerStars Hand #247068696356: Tournament #3672278150, $1.84+$0.16 USD Hold'em No Limit - Level I (10/20) - 2023/11/12 17:16:07 CET [2023/11/12 11:16:07 ET]
Table '3672278150 1' 3-max Seat #1 is the button
Seat 1: Mahu2021 (300 in chips) 
Seat 2: Rolloh (900 in chips) 
Seat 3: Tommi lee83 (300 in chips) 
Rolloh: posts small blind 10
Tommi lee83: posts big blind 20
*** HOLE CARDS ***
Dealt to Mahu2021 [Jh 5d]
Mahu2021: folds 
Rolloh: calls 10
Tommi lee83: checks 
*** FLOP *** [6c 9d 4d]
Rolloh: bets 20
Tommi lee83: folds 
Uncalled bet (20) returned to Rolloh
Rolloh collected 40 from pot
Rolloh: doesn't show hand 
*** SUMMARY ***
Total pot 40 | Rake 0 
Board [6c 9d 4d]
Seat 1: Mahu2021 (button) folded before Flop (didn't bet)
Seat 2: Rolloh (small blind) collected (40)
Seat 3: Tommi lee83 (big blind) folded on the Flop



PokerStars Hand #247068700600: Tournament #3672278150, $1.84+$0.16 USD Hold'em No Limit - Level I (10/20) - 2023/11/12 17:16:21 CET [2023/11/12 11:16:21 ET]
Table '3672278150 1' 3-max Seat #2 is the button
Seat 1: Mahu2021 (300 in chips) 
Seat 2: Rolloh (920 in chips) 
Seat 3: Tommi lee83 (280 in chips) 
Tommi lee83: posts small blind 10
Mahu2021: posts big blind 20
*** HOLE CARDS ***
Dealt to Mahu2021 [8s Qs]
Rolloh: raises 20 to 40
Tommi lee83: calls 30
Mahu2021: calls 20
*** FLOP *** [8c 5s 7c]
Tommi lee83: checks 
Mahu2021: bets 260 and is all-in
Rolloh: folds 
Tommi lee83: folds 
Uncalled bet (260) returned to Mahu2021
Mahu2021 collected 120 from pot
Mahu2021: doesn't show hand 
*** SUMMARY ***
Total pot 120 | Rake 0 
Board [8c 5s 7c]
Seat 1: Mahu2021 (big blind) collected (120)
Seat 2: Rolloh (button) folded on the Flop
Seat 3: Tommi lee83 (small blind) folded on the Flop



PokerStars Hand #247068709431: Tournament #3672278150, $1.84+$0.16 USD Hold'em No Limit - Level II (15/30) - 2023/11/12 17:16:50 CET [2023/11/12 11:16:50 ET]
Table '3672278150 1' 3-max Seat #3 is the button
Seat 1: Mahu2021 (380 in chips) 
Seat 2: Rolloh (880 in chips) 
Seat 3: Tommi lee83 (240 in chips) 
Mahu2021: posts small blind 15
Rolloh: posts big blind 30
*** HOLE CARDS ***
Dealt to Mahu2021 [Th Ad]
Tommi lee83: calls 30
Mahu2021: calls 15
Rolloh: checks 
*** FLOP *** [8d Tc Ts]
Mahu2021: checks 
Rolloh: checks 
Tommi lee83: bets 30
Mahu2021: calls 30
Rolloh: calls 30
*** TURN *** [8d Tc Ts] [Ah]
Mahu2021: checks 
Rolloh: checks 
Tommi lee83: checks 
*** RIVER *** [8d Tc Ts Ah] [Js]
Mahu2021: bets 180
Rolloh: folds 
Tommi lee83: folds 
Uncalled bet (180) returned to Mahu2021
Mahu2021 collected 180 from pot
Mahu2021: doesn't show hand 
*** SUMMARY ***
Total pot 180 | Rake 0 
Board [8d Tc Ts Ah Js]
Seat 1: Mahu2021 (small blind) collected (180)
Seat 2: Rolloh (big blind) folded on the River
Seat 3: Tommi lee83 (button) folded on the River



PokerStars Hand #247068719199: Tournament #3672278150, $1.84+$0.16 USD Hold'em No Limit - Level II (15/30) - 2023/11/12 17:17:22 CET [2023/11/12 11:17:22 ET]
Table '3672278150 1' 3-max Seat #1 is the button
Seat 1: Mahu2021 (500 in chips) 
Seat 2: Rolloh (820 in chips) 
Seat 3: Tommi lee83 (180 in chips) 
Rolloh: posts small blind 15
Tommi lee83: posts big blind 30
*** HOLE CARDS ***
Dealt to Mahu2021 [9h Js]
Mahu2021: folds 
Rolloh: calls 15
Tommi lee83: checks 
*** FLOP *** [3c Kh 3s]
Rolloh: bets 30
Tommi lee83: folds 
Uncalled bet (30) returned to Rolloh
Rolloh collected 60 from pot
Rolloh: doesn't show hand 
*** SUMMARY ***
Total pot 60 | Rake 0 
Board [3c Kh 3s]
Seat 1: Mahu2021 (button) folded before Flop (didn't bet)
Seat 2: Rolloh (small blind) collected (60)
Seat 3: Tommi lee83 (big blind) folded on the Flop



PokerStars Hand #247068725148: Tournament #3672278150, $1.84+$0.16 USD Hold'em No Limit - Level II (15/30) - 2023/11/12 17:17:41 CET [2023/11/12 11:17:41 ET]
Table '3672278150 1' 3-max Seat #2 is the button
Seat 1: Mahu2021 (500 in chips) 
Seat 2: Rolloh (850 in chips) 
Seat 3: Tommi lee83 (150 in chips) 
Tommi lee83: posts small blind 15
Mahu2021: posts big blind 30
*** HOLE CARDS ***
Dealt to Mahu2021 [Qd Th]
Rolloh: calls 30
Tommi lee83: folds 
Mahu2021: checks 
*** FLOP *** [Jc Ts 4c]
Mahu2021: checks 
Rolloh: bets 30
Mahu2021: calls 30
*** TURN *** [Jc Ts 4c] [8h]
Mahu2021: checks 
Rolloh: bets 30
Mahu2021: calls 30
*** RIVER *** [Jc Ts 4c 8h] [Ks]
Mahu2021: checks 
Rolloh: bets 195
Mahu2021: folds 
Uncalled bet (195) returned to Rolloh
Rolloh collected 195 from pot
Rolloh: doesn't show hand 
*** SUMMARY ***
Total pot 195 | Rake 0 
Board [Jc Ts 4c 8h Ks]
Seat 1: Mahu2021 (big blind) folded on the River
Seat 2: Rolloh (button) collected (195)
Seat 3: Tommi lee83 (small blind) folded before Flop



PokerStars Hand #247068731308: Tournament #3672278150, $1.84+$0.16 USD Hold'em No Limit - Level II (15/30) - 2023/11/12 17:18:01 CET [2023/11/12 11:18:01 ET]
Table '3672278150 1' 3-max Seat #3 is the button
Seat 1: Mahu2021 (410 in chips) 
Seat 2: Rolloh (955 in chips) 
Seat 3: Tommi lee83 (135 in chips) 
Mahu2021: posts small blind 15
Rolloh: posts big blind 30
*** HOLE CARDS ***
Dealt to Mahu2021 [Ts As]
Tommi lee83: calls 30
Mahu2021: raises 90 to 120
Rolloh: folds 
Tommi lee83: raises 15 to 135 and is all-in
Mahu2021: calls 15
*** FLOP *** [Th 6c 5h]
*** TURN *** [Th 6c 5h] [2h]
*** RIVER *** [Th 6c 5h 2h] [3h]
*** SHOW DOWN ***
Mahu2021: shows [Ts As] (a pair of Tens)
Tommi lee83: shows [9c 8c] (high card Ten)
Mahu2021 collected 300 from pot
Tommi lee83 finished the tournament in 3rd place
*** SUMMARY ***
Total pot 300 | Rake 0 
Board [Th 6c 5h 2h 3h]
Seat 1: Mahu2021 (small blind) showed [Ts As] and won (300) with a pair of Tens
Seat 2: Rolloh (big blind) folded before Flop
Seat 3: Tommi lee83 (button) showed [9c 8c] and lost with high card Ten



PokerStars Hand #247068739443: Tournament #3672278150, $1.84+$0.16 USD Hold'em No Limit - Level III (20/40) - 2023/11/12 17:18:28 CET [2023/11/12 11:18:28 ET]
Table '3672278150 1' 3-max Seat #2 is the button
Seat 1: Mahu2021 (575 in chips) 
Seat 2: Rolloh (925 in chips) 
Rolloh: posts small blind 20
Mahu2021: posts big blind 40
*** HOLE CARDS ***
Dealt to Mahu2021 [2s 9h]
Rolloh: calls 20
Mahu2021: checks 
*** FLOP *** [4d Qs 2c]
Mahu2021: bets 40
Rolloh: folds 
Uncalled bet (40) returned to Mahu2021
Mahu2021 collected 80 from pot
Mahu2021: doesn't show hand 
*** SUMMARY ***
Total pot 80 | Rake 0 
Board [4d Qs 2c]
Seat 1: Mahu2021 (big blind) collected (80)
Seat 2: Rolloh (button) (small blind) folded on the Flop



PokerStars Hand #247068742737: Tournament #3672278150, $1.84+$0.16 USD Hold'em No Limit - Level III (20/40) - 2023/11/12 17:18:38 CET [2023/11/12 11:18:38 ET]
Table '3672278150 1' 3-max Seat #1 is the button
Seat 1: Mahu2021 (615 in chips) 
Seat 2: Rolloh (885 in chips) 
Mahu2021: posts small blind 20
Rolloh: posts big blind 40
*** HOLE CARDS ***
Dealt to Mahu2021 [8h Ks]
Mahu2021: calls 20
Rolloh: checks 
*** FLOP *** [3h 3s 9c]
Rolloh: bets 40
Mahu2021: folds 
Uncalled bet (40) returned to Rolloh
Rolloh collected 80 from pot
Rolloh: doesn't show hand 
*** SUMMARY ***
Total pot 80 | Rake 0 
Board [3h 3s 9c]
Seat 1: Mahu2021 (button) (small blind) folded on the Flop
Seat 2: Rolloh (big blind) collected (80)



PokerStars Hand #247068745760: Tournament #3672278150, $1.84+$0.16 USD Hold'em No Limit - Level III (20/40) - 2023/11/12 17:18:48 CET [2023/11/12 11:18:48 ET]
Table '3672278150 1' 3-max Seat #2 is the button
Seat 1: Mahu2021 (575 in chips) 
Seat 2: Rolloh (925 in chips) 
Rolloh: posts small blind 20
Mahu2021: posts big blind 40
*** HOLE CARDS ***
Dealt to Mahu2021 [Ts Th]
Rolloh: calls 20
Mahu2021: raises 535 to 575 and is all-in
Rolloh: calls 535
*** FLOP *** [8h 5c 9c]
*** TURN *** [8h 5c 9c] [9s]
*** RIVER *** [8h 5c 9c 9s] [6d]
*** SHOW DOWN ***
Mahu2021: shows [Ts Th] (two pair, Tens and Nines)
Rolloh: shows [2s Ad] (a pair of Nines)
Mahu2021 collected 1150 from pot
*** SUMMARY ***
Total pot 1150 | Rake 0 
Board [8h 5c 9c 9s 6d]
Seat 1: Mahu2021 (big blind) showed [Ts Th] and won (1150) with two pair, Tens and Nines
Seat 2: Rolloh (button) (small blind) showed [2s Ad] and lost with a pair of Nines



PokerStars Hand #247068749936: Tournament #3672278150, $1.84+$0.16 USD Hold'em No Limit - Level III (20/40) - 2023/11/12 17:19:02 CET [2023/11/12 11:19:02 ET]
Table '3672278150 1' 3-max Seat #1 is the button
Seat 1: Mahu2021 (1150 in chips) 
Seat 2: Rolloh (350 in chips) 
Mahu2021: posts small blind 20
Rolloh: posts big blind 40
*** HOLE CARDS ***
Dealt to Mahu2021 [7s 2h]
Mahu2021: folds 
Uncalled bet (20) returned to Rolloh
Rolloh collected 40 from pot
Rolloh: doesn't show hand 
*** SUMMARY ***
Total pot 40 | Rake 0 
Seat 1: Mahu2021 (button) (small blind) folded before Flop
Seat 2: Rolloh (big blind) collected (40)



PokerStars Hand #247068751301: Tournament #3672278150, $1.84+$0.16 USD Hold'em No Limit - Level III (20/40) - 2023/11/12 17:19:06 CET [2023/11/12 11:19:06 ET]
Table '3672278150 1' 3-max Seat #2 is the button
Seat 1: Mahu2021 (1130 in chips) 
Seat 2: Rolloh (370 in chips) 
Rolloh: posts small blind 20
Mahu2021: posts big blind 40
*** HOLE CARDS ***
Dealt to Mahu2021 [5d Jc]
Rolloh: raises 40 to 80
Mahu2021: calls 40
*** FLOP *** [3s 5h 7h]
Mahu2021: bets 1050 and is all-in
Rolloh: calls 290 and is all-in
Uncalled bet (760) returned to Mahu2021
*** TURN *** [3s 5h 7h] [4s]
*** RIVER *** [3s 5h 7h 4s] [2h]
*** SHOW DOWN ***
Mahu2021: shows [5d Jc] (a pair of Fives)
Rolloh: shows [Js As] (a straight, Ace to Five)
Rolloh collected 740 from pot
*** SUMMARY ***
Total pot 740 | Rake 0 
Board [3s 5h 7h 4s 2h]
Seat 1: Mahu2021 (big blind) showed [5d Jc] and lost with a pair of Fives
Seat 2: Rolloh (button) (small blind) showed [Js As] and won (740) with a straight, Ace to Five



PokerStars Hand #247068756058: Tournament #3672278150, $1.84+$0.16 USD Hold'em No Limit - Level III (20/40) - 2023/11/12 17:19:22 CET [2023/11/12 11:19:22 ET]
Table '3672278150 1' 3-max Seat #1 is the button
Seat 1: Mahu2021 (760 in chips) 
Seat 2: Rolloh (740 in chips) 
Mahu2021: posts small blind 20
Rolloh: posts big blind 40
*** HOLE CARDS ***
Dealt to Mahu2021 [As 4s]
Mahu2021: raises 40 to 80
Rolloh: folds 
Uncalled bet (40) returned to Mahu2021
Mahu2021 collected 80 from pot
Mahu2021: doesn't show hand 
*** SUMMARY ***
Total pot 80 | Rake 0 
Seat 1: Mahu2021 (button) (small blind) collected (80)
Seat 2: Rolloh (big blind) folded before Flop



PokerStars Hand #247068757998: Tournament #3672278150, $1.84+$0.16 USD Hold'em No Limit - Level III (20/40) - 2023/11/12 17:19:28 CET [2023/11/12 11:19:28 ET]
Table '3672278150 1' 3-max Seat #2 is the button
Seat 1: Mahu2021 (800 in chips) 
Seat 2: Rolloh (700 in chips) 
Rolloh: posts small blind 20
Mahu2021: posts big blind 40
*** HOLE CARDS ***
Dealt to Mahu2021 [5s Qc]
Rolloh: calls 20
Mahu2021: checks 
*** FLOP *** [Kh Js 6c]
Mahu2021: checks 
Rolloh: bets 40
Mahu2021: folds 
Uncalled bet (40) returned to Rolloh
Rolloh collected 80 from pot
Rolloh: doesn't show hand 
*** SUMMARY ***
Total pot 80 | Rake 0 
Board [Kh Js 6c]
Seat 1: Mahu2021 (big blind) folded on the Flop
Seat 2: Rolloh (button) (small blind) collected (80)



PokerStars Hand #247068761124: Tournament #3672278150, $1.84+$0.16 USD Hold'em No Limit - Level III (20/40) - 2023/11/12 17:19:39 CET [2023/11/12 11:19:39 ET]
Table '3672278150 1' 3-max Seat #1 is the button
Seat 1: Mahu2021 (760 in chips) 
Seat 2: Rolloh (740 in chips) 
Mahu2021: posts small blind 20
Rolloh: posts big blind 40
*** HOLE CARDS ***
Dealt to Mahu2021 [4h 2d]
Mahu2021: folds 
Uncalled bet (20) returned to Rolloh
Rolloh collected 40 from pot
Rolloh: doesn't show hand 
*** SUMMARY ***
Total pot 40 | Rake 0 
Seat 1: Mahu2021 (button) (small blind) folded before Flop
Seat 2: Rolloh (big blind) collected (40)



PokerStars Hand #247068762498: Tournament #3672278150, $1.84+$0.16 USD Hold'em No Limit - Level III (20/40) - 2023/11/12 17:19:43 CET [2023/11/12 11:19:43 ET]
Table '3672278150 1' 3-max Seat #2 is the button
Seat 1: Mahu2021 (740 in chips) 
Seat 2: Rolloh (760 in chips) 
Rolloh: posts small blind 20
Mahu2021: posts big blind 40
*** HOLE CARDS ***
Dealt to Mahu2021 [3d 7d]
Rolloh: folds 
Uncalled bet (20) returned to Mahu2021
Mahu2021 collected 40 from pot
Mahu2021: doesn't show hand 
*** SUMMARY ***
Total pot 40 | Rake 0 
Seat 1: Mahu2021 (big blind) collected (40)
Seat 2: Rolloh (button) (small blind) folded before Flop



PokerStars Hand #247068763911: Tournament #3672278150, $1.84+$0.16 USD Hold'em No Limit - Level III (20/40) - 2023/11/12 17:19:48 CET [2023/11/12 11:19:48 ET]
Table '3672278150 1' 3-max Seat #1 is the button
Seat 1: Mahu2021 (760 in chips) 
Seat 2: Rolloh (740 in chips) 
Mahu2021: posts small blind 20
Rolloh: posts big blind 40
*** HOLE CARDS ***
Dealt to Mahu2021 [6c 5c]
Mahu2021: raises 40 to 80
Rolloh: calls 40
*** FLOP *** [6h Ah Th]
Rolloh: checks 
Mahu2021: bets 40
Rolloh: calls 40
*** TURN *** [6h Ah Th] [Ad]
Rolloh: checks 
Mahu2021: checks 
*** RIVER *** [6h Ah Th Ad] [Ac]
Rolloh: bets 40
Mahu2021: calls 40
*** SHOW DOWN ***
Rolloh: shows [Kh 8c] (three of a kind, Aces)
Mahu2021: shows [6c 5c] (a full house, Aces full of Sixes)
Mahu2021 collected 320 from pot
*** SUMMARY ***
Total pot 320 | Rake 0 
Board [6h Ah Th Ad Ac]
Seat 1: Mahu2021 (button) (small blind) showed [6c 5c] and won (320) with a full house, Aces full of Sixes
Seat 2: Rolloh (big blind) showed [Kh 8c] and lost with three of a kind, Aces



PokerStars Hand #247068768578: Tournament #3672278150, $1.84+$0.16 USD Hold'em No Limit - Level III (20/40) - 2023/11/12 17:20:03 CET [2023/11/12 11:20:03 ET]
Table '3672278150 1' 3-max Seat #2 is the button
Seat 1: Mahu2021 (920 in chips) 
Seat 2: Rolloh (580 in chips) 
Rolloh: posts small blind 20
Mahu2021: posts big blind 40
*** HOLE CARDS ***
Dealt to Mahu2021 [As 2h]
Rolloh: raises 40 to 80
Mahu2021: calls 40
*** FLOP *** [2s 9d 6c]
Mahu2021: checks 
Rolloh: bets 40
Mahu2021: calls 40
*** TURN *** [2s 9d 6c] [7d]
Mahu2021: checks 
Rolloh: bets 80
Mahu2021: calls 80
*** RIVER *** [2s 9d 6c 7d] [Ac]
Mahu2021: checks 
Rolloh: bets 380 and is all-in
Mahu2021: calls 380
*** SHOW DOWN ***
Rolloh: shows [Ad 9s] (two pair, Aces and Nines)
Mahu2021: shows [As 2h] (two pair, Aces and Deuces)
Rolloh collected 1160 from pot
*** SUMMARY ***
Total pot 1160 | Rake 0 
Board [2s 9d 6c 7d Ac]
Seat 1: Mahu2021 (big blind) showed [As 2h] and lost with two pair, Aces and Deuces
Seat 2: Rolloh (button) (small blind) showed [Ad 9s] and won (1160) with two pair, Aces and Nines



PokerStars Hand #247068776696: Tournament #3672278150, $1.84+$0.16 USD Hold'em No Limit - Level IV (30/60) - 2023/11/12 17:20:30 CET [2023/11/12 11:20:30 ET]
Table '3672278150 1' 3-max Seat #1 is the button
Seat 1: Mahu2021 (340 in chips) 
Seat 2: Rolloh (1160 in chips) 
Mahu2021: posts small blind 30
Rolloh: posts big blind 60
*** HOLE CARDS ***
Dealt to Mahu2021 [8h Js]
Mahu2021: calls 30
Rolloh: checks 
*** FLOP *** [Kh 5h 7h]
Rolloh: bets 60
Mahu2021: calls 60
*** TURN *** [Kh 5h 7h] [Kd]
Rolloh: bets 60
Mahu2021: raises 160 to 220 and is all-in
Rolloh: calls 160
*** RIVER *** [Kh 5h 7h Kd] [5s]
*** SHOW DOWN ***
Rolloh: shows [2c Ah] (two pair, Kings and Fives)
Mahu2021: shows [8h Js] (two pair, Kings and Fives - lower kicker)
Rolloh collected 680 from pot
Mahu2021 finished the tournament in 2nd place
Rolloh wins the tournament and receives $4.00 - congratulations!
*** SUMMARY ***
Total pot 680 | Rake 0 
Board [Kh 5h 7h Kd 5s]
Seat 1: Mahu2021 (button) (small blind) showed [8h Js] and lost with two pair, Kings and Fives
Seat 2: Rolloh (big blind) showed [2c Ah] and won (680) with two pair, Kings and Fives



