PokerStars Hand #244659903183: Tournament #3613418471, $0.92+$0.08 USD Hold'em No Limit - Level I (10/20) - 2023/07/06 18:32:49 CET [2023/07/06 12:32:49 ET]
Table '3613418471 1' 3-max Seat #1 is the button
Seat 1: jhordan178 (500 in chips) 
Seat 2: boringpp (500 in chips) 
Seat 3: Mahu2021 (500 in chips) 
boringpp: posts small blind 10
Mahu2021: posts big blind 20
*** HOLE CARDS ***
Dealt to Mahu2021 [9d Qc]
jhordan178: raises 20 to 40
boringpp: calls 30
Mahu2021: calls 20
*** FLOP *** [Kh 8d Ad]
boringpp: checks 
Mahu2021: checks 
jhordan178: bets 60
boringpp: folds 
Mahu2021: folds 
Uncalled bet (60) returned to jhordan178
jhordan178 collected 120 from pot
*** SUMMARY ***
Total pot 120 | Rake 0 
Board [Kh 8d Ad]
Seat 1: jhordan178 (button) collected (120)
Seat 2: boringpp (small blind) folded on the Flop
Seat 3: Mahu2021 (big blind) folded on the Flop



PokerStars Hand #244659907999: Tournament #3613418471, $0.92+$0.08 USD Hold'em No Limit - Level I (10/20) - 2023/07/06 18:33:07 CET [2023/07/06 12:33:07 ET]
Table '3613418471 1' 3-max Seat #2 is the button
Seat 1: jhordan178 (580 in chips) 
Seat 2: boringpp (460 in chips) 
Seat 3: Mahu2021 (460 in chips) 
Mahu2021: posts small blind 10
jhordan178: posts big blind 20
*** HOLE CARDS ***
Dealt to Mahu2021 [5c 9h]
boringpp: calls 20
Mahu2021: folds 
jhordan178: raises 40 to 60
boringpp: raises 40 to 100
jhordan178: calls 40
*** FLOP *** [2s 5h 4s]
jhordan178: checks 
boringpp: bets 65
jhordan178: calls 65
*** TURN *** [2s 5h 4s] [Th]
jhordan178: checks 
boringpp: checks 
*** RIVER *** [2s 5h 4s Th] [7s]
jhordan178: bets 120
boringpp: raises 175 to 295 and is all-in
jhordan178: folds 
Uncalled bet (175) returned to boringpp
boringpp collected 580 from pot
boringpp: doesn't show hand 
*** SUMMARY ***
Total pot 580 | Rake 0 
Board [2s 5h 4s Th 7s]
Seat 1: jhordan178 (big blind) folded on the River
Seat 2: boringpp (button) collected (580)
Seat 3: Mahu2021 (small blind) folded before Flop



PokerStars Hand #244659922710: Tournament #3613418471, $0.92+$0.08 USD Hold'em No Limit - Level I (10/20) - 2023/07/06 18:33:59 CET [2023/07/06 12:33:59 ET]
Table '3613418471 1' 3-max Seat #3 is the button
Seat 1: jhordan178 (295 in chips) 
Seat 2: boringpp (755 in chips) 
Seat 3: Mahu2021 (450 in chips) 
jhordan178: posts small blind 10
boringpp: posts big blind 20
*** HOLE CARDS ***
Dealt to Mahu2021 [7c Jh]
Mahu2021: folds 
jhordan178: raises 40 to 60
boringpp: calls 40
*** FLOP *** [6s Ks Kh]
jhordan178: bets 60
boringpp: folds 
Uncalled bet (60) returned to jhordan178
jhordan178 collected 120 from pot
*** SUMMARY ***
Total pot 120 | Rake 0 
Board [6s Ks Kh]
Seat 1: jhordan178 (small blind) collected (120)
Seat 2: boringpp (big blind) folded on the Flop
Seat 3: Mahu2021 (button) folded before Flop (didn't bet)



PokerStars Hand #244659928738: Tournament #3613418471, $0.92+$0.08 USD Hold'em No Limit - Level I (10/20) - 2023/07/06 18:34:21 CET [2023/07/06 12:34:21 ET]
Table '3613418471 1' 3-max Seat #1 is the button
Seat 1: jhordan178 (355 in chips) 
Seat 2: boringpp (695 in chips) 
Seat 3: Mahu2021 (450 in chips) 
boringpp: posts small blind 10
Mahu2021: posts big blind 20
*** HOLE CARDS ***
Dealt to Mahu2021 [Qd Jh]
jhordan178: calls 20
boringpp: calls 10
Mahu2021: checks 
*** FLOP *** [As 6h 9c]
boringpp: checks 
Mahu2021: checks 
jhordan178: checks 
*** TURN *** [As 6h 9c] [8c]
boringpp: bets 40
Mahu2021: folds 
jhordan178: folds 
Uncalled bet (40) returned to boringpp
boringpp collected 60 from pot
boringpp: doesn't show hand 
*** SUMMARY ***
Total pot 60 | Rake 0 
Board [As 6h 9c 8c]
Seat 1: jhordan178 (button) folded on the Turn
Seat 2: boringpp (small blind) collected (60)
Seat 3: Mahu2021 (big blind) folded on the Turn



PokerStars Hand #244659935889: Tournament #3613418471, $0.92+$0.08 USD Hold'em No Limit - Level I (10/20) - 2023/07/06 18:34:46 CET [2023/07/06 12:34:46 ET]
Table '3613418471 1' 3-max Seat #2 is the button
Seat 1: jhordan178 (335 in chips) 
Seat 2: boringpp (735 in chips) 
Seat 3: Mahu2021 (430 in chips) 
Mahu2021: posts small blind 10
jhordan178: posts big blind 20
*** HOLE CARDS ***
Dealt to Mahu2021 [Jd Qh]
boringpp: folds 
Mahu2021: raises 40 to 60
jhordan178: folds 
Uncalled bet (40) returned to Mahu2021
Mahu2021 collected 40 from pot
Mahu2021: doesn't show hand 
*** SUMMARY ***
Total pot 40 | Rake 0 
Seat 1: jhordan178 (big blind) folded before Flop
Seat 2: boringpp (button) folded before Flop (didn't bet)
Seat 3: Mahu2021 (small blind) collected (40)



PokerStars Hand #244659937722: Tournament #3613418471, $0.92+$0.08 USD Hold'em No Limit - Level I (10/20) - 2023/07/06 18:34:52 CET [2023/07/06 12:34:52 ET]
Table '3613418471 1' 3-max Seat #3 is the button
Seat 1: jhordan178 (315 in chips) 
Seat 2: boringpp (735 in chips) 
Seat 3: Mahu2021 (450 in chips) 
jhordan178: posts small blind 10
boringpp: posts big blind 20
*** HOLE CARDS ***
Dealt to Mahu2021 [Qh Ad]
Mahu2021: raises 40 to 60
jhordan178: folds 
boringpp: folds 
Uncalled bet (40) returned to Mahu2021
Mahu2021 collected 50 from pot
Mahu2021: doesn't show hand 
*** SUMMARY ***
Total pot 50 | Rake 0 
Seat 1: jhordan178 (small blind) folded before Flop
Seat 2: boringpp (big blind) folded before Flop
Seat 3: Mahu2021 (button) collected (50)



PokerStars Hand #244659940869: Tournament #3613418471, $0.92+$0.08 USD Hold'em No Limit - Level I (10/20) - 2023/07/06 18:35:03 CET [2023/07/06 12:35:03 ET]
Table '3613418471 1' 3-max Seat #1 is the button
Seat 1: jhordan178 (305 in chips) 
Seat 2: boringpp (715 in chips) 
Seat 3: Mahu2021 (480 in chips) 
boringpp: posts small blind 10
Mahu2021: posts big blind 20
*** HOLE CARDS ***
Dealt to Mahu2021 [Jd 9h]
jhordan178: calls 20
boringpp: calls 10
Mahu2021: checks 
*** FLOP *** [5s 8s 4s]
boringpp: checks 
Mahu2021: checks 
jhordan178: bets 40
boringpp: folds 
Mahu2021: folds 
Uncalled bet (40) returned to jhordan178
jhordan178 collected 60 from pot
*** SUMMARY ***
Total pot 60 | Rake 0 
Board [5s 8s 4s]
Seat 1: jhordan178 (button) collected (60)
Seat 2: boringpp (small blind) folded on the Flop
Seat 3: Mahu2021 (big blind) folded on the Flop



PokerStars Hand #244659947930: Tournament #3613418471, $0.92+$0.08 USD Hold'em No Limit - Level I (10/20) - 2023/07/06 18:35:28 CET [2023/07/06 12:35:28 ET]
Table '3613418471 1' 3-max Seat #2 is the button
Seat 1: jhordan178 (345 in chips) 
Seat 2: boringpp (695 in chips) 
Seat 3: Mahu2021 (460 in chips) 
Mahu2021: posts small blind 10
jhordan178: posts big blind 20
*** HOLE CARDS ***
Dealt to Mahu2021 [4c 9s]
boringpp: calls 20
Mahu2021: folds 
jhordan178: checks 
*** FLOP *** [2h Th 2d]
jhordan178: checks 
boringpp: bets 25
jhordan178: folds 
Uncalled bet (25) returned to boringpp
boringpp collected 50 from pot
boringpp: doesn't show hand 
*** SUMMARY ***
Total pot 50 | Rake 0 
Board [2h Th 2d]
Seat 1: jhordan178 (big blind) folded on the Flop
Seat 2: boringpp (button) collected (50)
Seat 3: Mahu2021 (small blind) folded before Flop



PokerStars Hand #244659956750: Tournament #3613418471, $0.92+$0.08 USD Hold'em No Limit - Level II (15/30) - 2023/07/06 18:35:59 CET [2023/07/06 12:35:59 ET]
Table '3613418471 1' 3-max Seat #3 is the button
Seat 1: jhordan178 (325 in chips) 
Seat 2: boringpp (725 in chips) 
Seat 3: Mahu2021 (450 in chips) 
jhordan178: posts small blind 15
boringpp: posts big blind 30
*** HOLE CARDS ***
Dealt to Mahu2021 [Qd Th]
Mahu2021: raises 30 to 60
jhordan178: folds 
boringpp: folds 
Uncalled bet (30) returned to Mahu2021
Mahu2021 collected 75 from pot
Mahu2021: doesn't show hand 
*** SUMMARY ***
Total pot 75 | Rake 0 
Seat 1: jhordan178 (small blind) folded before Flop
Seat 2: boringpp (big blind) folded before Flop
Seat 3: Mahu2021 (button) collected (75)



PokerStars Hand #244659960489: Tournament #3613418471, $0.92+$0.08 USD Hold'em No Limit - Level II (15/30) - 2023/07/06 18:36:13 CET [2023/07/06 12:36:13 ET]
Table '3613418471 1' 3-max Seat #1 is the button
Seat 1: jhordan178 (310 in chips) 
Seat 2: boringpp (695 in chips) 
Seat 3: Mahu2021 (495 in chips) 
boringpp: posts small blind 15
Mahu2021: posts big blind 30
*** HOLE CARDS ***
Dealt to Mahu2021 [Js 9s]
jhordan178: raises 30 to 60
boringpp: folds 
Mahu2021: calls 30
*** FLOP *** [Ac 2s 9c]
Mahu2021: checks 
jhordan178: bets 60
Mahu2021: calls 60
*** TURN *** [Ac 2s 9c] [6h]
Mahu2021: checks 
jhordan178: bets 190 and is all-in
Mahu2021: folds 
Uncalled bet (190) returned to jhordan178
jhordan178 collected 255 from pot
*** SUMMARY ***
Total pot 255 | Rake 0 
Board [Ac 2s 9c 6h]
Seat 1: jhordan178 (button) collected (255)
Seat 2: boringpp (small blind) folded before Flop
Seat 3: Mahu2021 (big blind) folded on the Turn



PokerStars Hand #244659969229: Tournament #3613418471, $0.92+$0.08 USD Hold'em No Limit - Level II (15/30) - 2023/07/06 18:36:44 CET [2023/07/06 12:36:44 ET]
Table '3613418471 1' 3-max Seat #2 is the button
Seat 1: jhordan178 (445 in chips) 
Seat 2: boringpp (680 in chips) 
Seat 3: Mahu2021 (375 in chips) 
Mahu2021: posts small blind 15
jhordan178: posts big blind 30
*** HOLE CARDS ***
Dealt to Mahu2021 [Qd 4s]
boringpp: folds 
Mahu2021: folds 
Uncalled bet (15) returned to jhordan178
jhordan178 collected 30 from pot
*** SUMMARY ***
Total pot 30 | Rake 0 
Seat 1: jhordan178 (big blind) collected (30)
Seat 2: boringpp (button) folded before Flop (didn't bet)
Seat 3: Mahu2021 (small blind) folded before Flop



PokerStars Hand #244659971215: Tournament #3613418471, $0.92+$0.08 USD Hold'em No Limit - Level II (15/30) - 2023/07/06 18:36:51 CET [2023/07/06 12:36:51 ET]
Table '3613418471 1' 3-max Seat #3 is the button
Seat 1: jhordan178 (460 in chips) 
Seat 2: boringpp (680 in chips) 
Seat 3: Mahu2021 (360 in chips) 
jhordan178: posts small blind 15
boringpp: posts big blind 30
*** HOLE CARDS ***
Dealt to Mahu2021 [9s 7s]
Mahu2021: raises 30 to 60
jhordan178: folds 
boringpp: folds 
Uncalled bet (30) returned to Mahu2021
Mahu2021 collected 75 from pot
Mahu2021: doesn't show hand 
*** SUMMARY ***
Total pot 75 | Rake 0 
Seat 1: jhordan178 (small blind) folded before Flop
Seat 2: boringpp (big blind) folded before Flop
Seat 3: Mahu2021 (button) collected (75)



PokerStars Hand #244659975191: Tournament #3613418471, $0.92+$0.08 USD Hold'em No Limit - Level II (15/30) - 2023/07/06 18:37:06 CET [2023/07/06 12:37:06 ET]
Table '3613418471 1' 3-max Seat #1 is the button
Seat 1: jhordan178 (445 in chips) 
Seat 2: boringpp (650 in chips) 
Seat 3: Mahu2021 (405 in chips) 
boringpp: posts small blind 15
Mahu2021: posts big blind 30
*** HOLE CARDS ***
Dealt to Mahu2021 [6h 3c]
jhordan178: folds 
boringpp: raises 30 to 60
Mahu2021: folds 
Uncalled bet (30) returned to boringpp
boringpp collected 60 from pot
boringpp: doesn't show hand 
*** SUMMARY ***
Total pot 60 | Rake 0 
Seat 1: jhordan178 (button) folded before Flop (didn't bet)
Seat 2: boringpp (small blind) collected (60)
Seat 3: Mahu2021 (big blind) folded before Flop



PokerStars Hand #244659978175: Tournament #3613418471, $0.92+$0.08 USD Hold'em No Limit - Level II (15/30) - 2023/07/06 18:37:16 CET [2023/07/06 12:37:16 ET]
Table '3613418471 1' 3-max Seat #2 is the button
Seat 1: jhordan178 (445 in chips) 
Seat 2: boringpp (680 in chips) 
Seat 3: Mahu2021 (375 in chips) 
Mahu2021: posts small blind 15
jhordan178: posts big blind 30
*** HOLE CARDS ***
Dealt to Mahu2021 [Kd Kc]
boringpp: calls 30
Mahu2021: raises 345 to 375 and is all-in
jhordan178: folds 
boringpp: folds 
Uncalled bet (345) returned to Mahu2021
Mahu2021 collected 90 from pot
Mahu2021: doesn't show hand 
*** SUMMARY ***
Total pot 90 | Rake 0 
Seat 1: jhordan178 (big blind) folded before Flop
Seat 2: boringpp (button) folded before Flop
Seat 3: Mahu2021 (small blind) collected (90)



PokerStars Hand #244659981496: Tournament #3613418471, $0.92+$0.08 USD Hold'em No Limit - Level II (15/30) - 2023/07/06 18:37:28 CET [2023/07/06 12:37:28 ET]
Table '3613418471 1' 3-max Seat #3 is the button
Seat 1: jhordan178 (415 in chips) 
Seat 2: boringpp (650 in chips) 
Seat 3: Mahu2021 (435 in chips) 
jhordan178: posts small blind 15
boringpp: posts big blind 30
*** HOLE CARDS ***
Dealt to Mahu2021 [Ac 4s]
Mahu2021: raises 30 to 60
jhordan178: calls 45
boringpp: calls 30
*** FLOP *** [Th 2d 8h]
jhordan178: checks 
boringpp: checks 
Mahu2021: checks 
*** TURN *** [Th 2d 8h] [4c]
jhordan178: checks 
boringpp: checks 
Mahu2021: bets 60
jhordan178: calls 60
boringpp: folds 
*** RIVER *** [Th 2d 8h 4c] [Jd]
jhordan178: bets 90
Mahu2021: calls 90
*** SHOW DOWN ***
jhordan178: shows [6c Ah] (high card Ace)
Mahu2021: shows [Ac 4s] (a pair of Fours)
Mahu2021 collected 480 from pot
*** SUMMARY ***
Total pot 480 | Rake 0 
Board [Th 2d 8h 4c Jd]
Seat 1: jhordan178 (small blind) showed [6c Ah] and lost with high card Ace
Seat 2: boringpp (big blind) folded on the Turn
Seat 3: Mahu2021 (button) showed [Ac 4s] and won (480) with a pair of Fours



PokerStars Hand #244659990235: Tournament #3613418471, $0.92+$0.08 USD Hold'em No Limit - Level II (15/30) - 2023/07/06 18:37:58 CET [2023/07/06 12:37:58 ET]
Table '3613418471 1' 3-max Seat #1 is the button
Seat 1: jhordan178 (205 in chips) 
Seat 2: boringpp (590 in chips) 
Seat 3: Mahu2021 (705 in chips) 
boringpp: posts small blind 15
Mahu2021: posts big blind 30
*** HOLE CARDS ***
Dealt to Mahu2021 [7h Js]
jhordan178: folds 
boringpp: folds 
Uncalled bet (15) returned to Mahu2021
Mahu2021 collected 30 from pot
Mahu2021: doesn't show hand 
*** SUMMARY ***
Total pot 30 | Rake 0 
Seat 1: jhordan178 (button) folded before Flop (didn't bet)
Seat 2: boringpp (small blind) folded before Flop
Seat 3: Mahu2021 (big blind) collected (30)



PokerStars Hand #244659992775: Tournament #3613418471, $0.92+$0.08 USD Hold'em No Limit - Level II (15/30) - 2023/07/06 18:38:07 CET [2023/07/06 12:38:07 ET]
Table '3613418471 1' 3-max Seat #2 is the button
Seat 1: jhordan178 (205 in chips) 
Seat 2: boringpp (575 in chips) 
Seat 3: Mahu2021 (720 in chips) 
Mahu2021: posts small blind 15
jhordan178: posts big blind 30
*** HOLE CARDS ***
Dealt to Mahu2021 [Qc 9s]
boringpp: raises 30 to 60
Mahu2021: folds 
jhordan178: calls 30
*** FLOP *** [Qd 8d 4c]
jhordan178: checks 
boringpp: bets 135
jhordan178: raises 10 to 145 and is all-in
boringpp: calls 10
*** TURN *** [Qd 8d 4c] [Kc]
*** RIVER *** [Qd 8d 4c Kc] [4d]
*** SHOW DOWN ***
jhordan178: shows [Ac 5c] (a pair of Fours)
boringpp: shows [Ks Kd] (a full house, Kings full of Fours)
boringpp collected 425 from pot
jhordan178 finished the tournament in 3rd place
*** SUMMARY ***
Total pot 425 | Rake 0 
Board [Qd 8d 4c Kc 4d]
Seat 1: jhordan178 (big blind) showed [Ac 5c] and lost with a pair of Fours
Seat 2: boringpp (button) showed [Ks Kd] and won (425) with a full house, Kings full of Fours
Seat 3: Mahu2021 (small blind) folded before Flop



PokerStars Hand #244660001086: Tournament #3613418471, $0.92+$0.08 USD Hold'em No Limit - Level II (15/30) - 2023/07/06 18:38:36 CET [2023/07/06 12:38:36 ET]
Table '3613418471 1' 3-max Seat #3 is the button
Seat 2: boringpp (795 in chips) 
Seat 3: Mahu2021 (705 in chips) 
Mahu2021: posts small blind 15
boringpp: posts big blind 30
*** HOLE CARDS ***
Dealt to Mahu2021 [Ac 7d]
Mahu2021: raises 30 to 60
boringpp: folds 
Uncalled bet (30) returned to Mahu2021
Mahu2021 collected 60 from pot
Mahu2021: doesn't show hand 
*** SUMMARY ***
Total pot 60 | Rake 0 
Seat 2: boringpp (big blind) folded before Flop
Seat 3: Mahu2021 (button) (small blind) collected (60)



PokerStars Hand #244660003194: Tournament #3613418471, $0.92+$0.08 USD Hold'em No Limit - Level II (15/30) - 2023/07/06 18:38:44 CET [2023/07/06 12:38:44 ET]
Table '3613418471 1' 3-max Seat #2 is the button
Seat 2: boringpp (765 in chips) 
Seat 3: Mahu2021 (735 in chips) 
boringpp: posts small blind 15
Mahu2021: posts big blind 30
*** HOLE CARDS ***
Dealt to Mahu2021 [Ts Jh]
boringpp: folds 
Uncalled bet (15) returned to Mahu2021
Mahu2021 collected 30 from pot
Mahu2021: doesn't show hand 
*** SUMMARY ***
Total pot 30 | Rake 0 
Seat 2: boringpp (button) (small blind) folded before Flop
Seat 3: Mahu2021 (big blind) collected (30)



PokerStars Hand #244660006405: Tournament #3613418471, $0.92+$0.08 USD Hold'em No Limit - Level III (20/40) - 2023/07/06 18:38:55 CET [2023/07/06 12:38:55 ET]
Table '3613418471 1' 3-max Seat #3 is the button
Seat 2: boringpp (750 in chips) 
Seat 3: Mahu2021 (750 in chips) 
Mahu2021: posts small blind 20
boringpp: posts big blind 40
*** HOLE CARDS ***
Dealt to Mahu2021 [2h Ac]
Mahu2021: raises 40 to 80
boringpp: calls 40
*** FLOP *** [Ks 5d 9d]
boringpp: checks 
Mahu2021: checks 
*** TURN *** [Ks 5d 9d] [7s]
boringpp: bets 40
Mahu2021: raises 80 to 120
boringpp: calls 80
*** RIVER *** [Ks 5d 9d 7s] [2s]
boringpp: checks 
Mahu2021: bets 200
boringpp: raises 350 to 550 and is all-in
Mahu2021: folds 
Uncalled bet (350) returned to boringpp
boringpp collected 800 from pot
boringpp: doesn't show hand 
*** SUMMARY ***
Total pot 800 | Rake 0 
Board [Ks 5d 9d 7s 2s]
Seat 2: boringpp (big blind) collected (800)
Seat 3: Mahu2021 (button) (small blind) folded on the River



PokerStars Hand #244660015202: Tournament #3613418471, $0.92+$0.08 USD Hold'em No Limit - Level III (20/40) - 2023/07/06 18:39:25 CET [2023/07/06 12:39:25 ET]
Table '3613418471 1' 3-max Seat #2 is the button
Seat 2: boringpp (1150 in chips) 
Seat 3: Mahu2021 (350 in chips) 
boringpp: posts small blind 20
Mahu2021: posts big blind 40
*** HOLE CARDS ***
Dealt to Mahu2021 [Kh Kc]
boringpp: folds 
Uncalled bet (20) returned to Mahu2021
Mahu2021 collected 40 from pot
Mahu2021: doesn't show hand 
*** SUMMARY ***
Total pot 40 | Rake 0 
Seat 2: boringpp (button) (small blind) folded before Flop
Seat 3: Mahu2021 (big blind) collected (40)



PokerStars Hand #244660016556: Tournament #3613418471, $0.92+$0.08 USD Hold'em No Limit - Level III (20/40) - 2023/07/06 18:39:30 CET [2023/07/06 12:39:30 ET]
Table '3613418471 1' 3-max Seat #3 is the button
Seat 2: boringpp (1130 in chips) 
Seat 3: Mahu2021 (370 in chips) 
Mahu2021: posts small blind 20
boringpp: posts big blind 40
*** HOLE CARDS ***
Dealt to Mahu2021 [Td Ah]
Mahu2021: raises 40 to 80
boringpp: folds 
Uncalled bet (40) returned to Mahu2021
Mahu2021 collected 80 from pot
Mahu2021: doesn't show hand 
*** SUMMARY ***
Total pot 80 | Rake 0 
Seat 2: boringpp (big blind) folded before Flop
Seat 3: Mahu2021 (button) (small blind) collected (80)



PokerStars Hand #244660018091: Tournament #3613418471, $0.92+$0.08 USD Hold'em No Limit - Level III (20/40) - 2023/07/06 18:39:35 CET [2023/07/06 12:39:35 ET]
Table '3613418471 1' 3-max Seat #2 is the button
Seat 2: boringpp (1090 in chips) 
Seat 3: Mahu2021 (410 in chips) 
boringpp: posts small blind 20
Mahu2021: posts big blind 40
*** HOLE CARDS ***
Dealt to Mahu2021 [2h 6s]
boringpp: raises 40 to 80
Mahu2021: folds 
Uncalled bet (40) returned to boringpp
boringpp collected 80 from pot
boringpp: doesn't show hand 
*** SUMMARY ***
Total pot 80 | Rake 0 
Seat 2: boringpp (button) (small blind) collected (80)
Seat 3: Mahu2021 (big blind) folded before Flop



PokerStars Hand #244660019781: Tournament #3613418471, $0.92+$0.08 USD Hold'em No Limit - Level III (20/40) - 2023/07/06 18:39:41 CET [2023/07/06 12:39:41 ET]
Table '3613418471 1' 3-max Seat #3 is the button
Seat 2: boringpp (1130 in chips) 
Seat 3: Mahu2021 (370 in chips) 
Mahu2021: posts small blind 20
boringpp: posts big blind 40
*** HOLE CARDS ***
Dealt to Mahu2021 [5s Kd]
Mahu2021: raises 330 to 370 and is all-in
boringpp: folds 
Uncalled bet (330) returned to Mahu2021
Mahu2021 collected 80 from pot
Mahu2021: doesn't show hand 
*** SUMMARY ***
Total pot 80 | Rake 0 
Seat 2: boringpp (big blind) folded before Flop
Seat 3: Mahu2021 (button) (small blind) collected (80)



PokerStars Hand #244660021439: Tournament #3613418471, $0.92+$0.08 USD Hold'em No Limit - Level III (20/40) - 2023/07/06 18:39:47 CET [2023/07/06 12:39:47 ET]
Table '3613418471 1' 3-max Seat #2 is the button
Seat 2: boringpp (1090 in chips) 
Seat 3: Mahu2021 (410 in chips) 
boringpp: posts small blind 20
Mahu2021: posts big blind 40
*** HOLE CARDS ***
Dealt to Mahu2021 [As 9h]
boringpp: raises 80 to 120
Mahu2021: raises 290 to 410 and is all-in
boringpp: folds 
Uncalled bet (290) returned to Mahu2021
Mahu2021 collected 240 from pot
Mahu2021: doesn't show hand 
*** SUMMARY ***
Total pot 240 | Rake 0 
Seat 2: boringpp (button) (small blind) folded before Flop
Seat 3: Mahu2021 (big blind) collected (240)



PokerStars Hand #244660025322: Tournament #3613418471, $0.92+$0.08 USD Hold'em No Limit - Level III (20/40) - 2023/07/06 18:40:00 CET [2023/07/06 12:40:00 ET]
Table '3613418471 1' 3-max Seat #3 is the button
Seat 2: boringpp (970 in chips) 
Seat 3: Mahu2021 (530 in chips) 
Mahu2021: posts small blind 20
boringpp: posts big blind 40
*** HOLE CARDS ***
Dealt to Mahu2021 [2c 5c]
Mahu2021: calls 20
boringpp: checks 
*** FLOP *** [7c 8c Ah]
boringpp: checks 
Mahu2021: bets 40
boringpp: folds 
Uncalled bet (40) returned to Mahu2021
Mahu2021 collected 80 from pot
Mahu2021: doesn't show hand 
*** SUMMARY ***
Total pot 80 | Rake 0 
Board [7c 8c Ah]
Seat 2: boringpp (big blind) folded on the Flop
Seat 3: Mahu2021 (button) (small blind) collected (80)



PokerStars Hand #244660028484: Tournament #3613418471, $0.92+$0.08 USD Hold'em No Limit - Level III (20/40) - 2023/07/06 18:40:12 CET [2023/07/06 12:40:12 ET]
Table '3613418471 1' 3-max Seat #2 is the button
Seat 2: boringpp (930 in chips) 
Seat 3: Mahu2021 (570 in chips) 
boringpp: posts small blind 20
Mahu2021: posts big blind 40
*** HOLE CARDS ***
Dealt to Mahu2021 [5s Jh]
boringpp: raises 40 to 80
Mahu2021: folds 
Uncalled bet (40) returned to boringpp
boringpp collected 80 from pot
boringpp: doesn't show hand 
*** SUMMARY ***
Total pot 80 | Rake 0 
Seat 2: boringpp (button) (small blind) collected (80)
Seat 3: Mahu2021 (big blind) folded before Flop



PokerStars Hand #244660030532: Tournament #3613418471, $0.92+$0.08 USD Hold'em No Limit - Level III (20/40) - 2023/07/06 18:40:19 CET [2023/07/06 12:40:19 ET]
Table '3613418471 1' 3-max Seat #3 is the button
Seat 2: boringpp (970 in chips) 
Seat 3: Mahu2021 (530 in chips) 
Mahu2021: posts small blind 20
boringpp: posts big blind 40
*** HOLE CARDS ***
Dealt to Mahu2021 [Jc 6s]
Mahu2021: calls 20
boringpp: raises 80 to 120
Mahu2021: folds 
Uncalled bet (80) returned to boringpp
boringpp collected 80 from pot
boringpp: doesn't show hand 
*** SUMMARY ***
Total pot 80 | Rake 0 
Seat 2: boringpp (big blind) collected (80)
Seat 3: Mahu2021 (button) (small blind) folded before Flop



PokerStars Hand #244660032781: Tournament #3613418471, $0.92+$0.08 USD Hold'em No Limit - Level III (20/40) - 2023/07/06 18:40:27 CET [2023/07/06 12:40:27 ET]
Table '3613418471 1' 3-max Seat #2 is the button
Seat 2: boringpp (1010 in chips) 
Seat 3: Mahu2021 (490 in chips) 
boringpp: posts small blind 20
Mahu2021: posts big blind 40
*** HOLE CARDS ***
Dealt to Mahu2021 [8s 5d]
boringpp: calls 20
Mahu2021: checks 
*** FLOP *** [6c Qd Ac]
Mahu2021: checks 
boringpp: checks 
*** TURN *** [6c Qd Ac] [2s]
Mahu2021: checks 
boringpp: bets 80
Mahu2021: folds 
Uncalled bet (80) returned to boringpp
boringpp collected 80 from pot
boringpp: doesn't show hand 
*** SUMMARY ***
Total pot 80 | Rake 0 
Board [6c Qd Ac 2s]
Seat 2: boringpp (button) (small blind) collected (80)
Seat 3: Mahu2021 (big blind) folded on the Turn



PokerStars Hand #244660038736: Tournament #3613418471, $0.92+$0.08 USD Hold'em No Limit - Level III (20/40) - 2023/07/06 18:40:48 CET [2023/07/06 12:40:48 ET]
Table '3613418471 1' 3-max Seat #3 is the button
Seat 2: boringpp (1050 in chips) 
Seat 3: Mahu2021 (450 in chips) 
Mahu2021: posts small blind 20
boringpp: posts big blind 40
*** HOLE CARDS ***
Dealt to Mahu2021 [5h Ts]
Mahu2021: folds 
Uncalled bet (20) returned to boringpp
boringpp collected 40 from pot
boringpp: doesn't show hand 
*** SUMMARY ***
Total pot 40 | Rake 0 
Seat 2: boringpp (big blind) collected (40)
Seat 3: Mahu2021 (button) (small blind) folded before Flop



PokerStars Hand #244660039910: Tournament #3613418471, $0.92+$0.08 USD Hold'em No Limit - Level III (20/40) - 2023/07/06 18:40:52 CET [2023/07/06 12:40:52 ET]
Table '3613418471 1' 3-max Seat #2 is the button
Seat 2: boringpp (1070 in chips) 
Seat 3: Mahu2021 (430 in chips) 
boringpp: posts small blind 20
Mahu2021: posts big blind 40
*** HOLE CARDS ***
Dealt to Mahu2021 [Jh 8h]
boringpp: raises 40 to 80
Mahu2021: calls 40
*** FLOP *** [4c 6c Jd]
Mahu2021: bets 350 and is all-in
boringpp: folds 
Uncalled bet (350) returned to Mahu2021
Mahu2021 collected 160 from pot
Mahu2021: doesn't show hand 
*** SUMMARY ***
Total pot 160 | Rake 0 
Board [4c 6c Jd]
Seat 2: boringpp (button) (small blind) folded on the Flop
Seat 3: Mahu2021 (big blind) collected (160)



PokerStars Hand #244660043016: Tournament #3613418471, $0.92+$0.08 USD Hold'em No Limit - Level III (20/40) - 2023/07/06 18:41:03 CET [2023/07/06 12:41:03 ET]
Table '3613418471 1' 3-max Seat #3 is the button
Seat 2: boringpp (990 in chips) 
Seat 3: Mahu2021 (510 in chips) 
Mahu2021: posts small blind 20
boringpp: posts big blind 40
*** HOLE CARDS ***
Dealt to Mahu2021 [4d 4h]
Mahu2021: raises 40 to 80
boringpp: raises 80 to 160
Mahu2021: raises 350 to 510 and is all-in
boringpp: calls 350
*** FLOP *** [8h 6d Jd]
*** TURN *** [8h 6d Jd] [Ad]
*** RIVER *** [8h 6d Jd Ad] [4s]
*** SHOW DOWN ***
boringpp: shows [As 7h] (a pair of Aces)
Mahu2021: shows [4d 4h] (three of a kind, Fours)
Mahu2021 collected 1020 from pot
*** SUMMARY ***
Total pot 1020 | Rake 0 
Board [8h 6d Jd Ad 4s]
Seat 2: boringpp (big blind) showed [As 7h] and lost with a pair of Aces
Seat 3: Mahu2021 (button) (small blind) showed [4d 4h] and won (1020) with three of a kind, Fours



PokerStars Hand #244660047542: Tournament #3613418471, $0.92+$0.08 USD Hold'em No Limit - Level III (20/40) - 2023/07/06 18:41:19 CET [2023/07/06 12:41:19 ET]
Table '3613418471 1' 3-max Seat #2 is the button
Seat 2: boringpp (480 in chips) 
Seat 3: Mahu2021 (1020 in chips) 
boringpp: posts small blind 20
Mahu2021: posts big blind 40
*** HOLE CARDS ***
Dealt to Mahu2021 [Jh Kh]
boringpp: folds 
Uncalled bet (20) returned to Mahu2021
Mahu2021 collected 40 from pot
Mahu2021: doesn't show hand 
*** SUMMARY ***
Total pot 40 | Rake 0 
Seat 2: boringpp (button) (small blind) folded before Flop
Seat 3: Mahu2021 (big blind) collected (40)



PokerStars Hand #244660048790: Tournament #3613418471, $0.92+$0.08 USD Hold'em No Limit - Level III (20/40) - 2023/07/06 18:41:23 CET [2023/07/06 12:41:23 ET]
Table '3613418471 1' 3-max Seat #3 is the button
Seat 2: boringpp (460 in chips) 
Seat 3: Mahu2021 (1040 in chips) 
Mahu2021: posts small blind 20
boringpp: posts big blind 40
*** HOLE CARDS ***
Dealt to Mahu2021 [4h 6c]
Mahu2021: calls 20
boringpp: raises 420 to 460 and is all-in
Mahu2021: folds 
Uncalled bet (420) returned to boringpp
boringpp collected 80 from pot
boringpp: doesn't show hand 
*** SUMMARY ***
Total pot 80 | Rake 0 
Seat 2: boringpp (big blind) collected (80)
Seat 3: Mahu2021 (button) (small blind) folded before Flop



PokerStars Hand #244660050876: Tournament #3613418471, $0.92+$0.08 USD Hold'em No Limit - Level III (20/40) - 2023/07/06 18:41:31 CET [2023/07/06 12:41:31 ET]
Table '3613418471 1' 3-max Seat #2 is the button
Seat 2: boringpp (500 in chips) 
Seat 3: Mahu2021 (1000 in chips) 
boringpp: posts small blind 20
Mahu2021: posts big blind 40
*** HOLE CARDS ***
Dealt to Mahu2021 [2d 5h]
boringpp: calls 20
Mahu2021: checks 
*** FLOP *** [4h Js 7c]
Mahu2021: checks 
boringpp: bets 460 and is all-in
Mahu2021: folds 
Uncalled bet (460) returned to boringpp
boringpp collected 80 from pot
boringpp: doesn't show hand 
*** SUMMARY ***
Total pot 80 | Rake 0 
Board [4h Js 7c]
Seat 2: boringpp (button) (small blind) collected (80)
Seat 3: Mahu2021 (big blind) folded on the Flop



PokerStars Hand #244660054450: Tournament #3613418471, $0.92+$0.08 USD Hold'em No Limit - Level III (20/40) - 2023/07/06 18:41:43 CET [2023/07/06 12:41:43 ET]
Table '3613418471 1' 3-max Seat #3 is the button
Seat 2: boringpp (540 in chips) 
Seat 3: Mahu2021 (960 in chips) 
Mahu2021: posts small blind 20
boringpp: posts big blind 40
*** HOLE CARDS ***
Dealt to Mahu2021 [Qc Qs]
Mahu2021: calls 20
boringpp: checks 
*** FLOP *** [9d 8s Ad]
boringpp: checks 
Mahu2021: bets 40
boringpp: folds 
Uncalled bet (40) returned to Mahu2021
Mahu2021 collected 80 from pot
Mahu2021: doesn't show hand 
*** SUMMARY ***
Total pot 80 | Rake 0 
Board [9d 8s Ad]
Seat 2: boringpp (big blind) folded on the Flop
Seat 3: Mahu2021 (button) (small blind) collected (80)



PokerStars Hand #244660058140: Tournament #3613418471, $0.92+$0.08 USD Hold'em No Limit - Level IV (30/60) - 2023/07/06 18:41:57 CET [2023/07/06 12:41:57 ET]
Table '3613418471 1' 3-max Seat #2 is the button
Seat 2: boringpp (500 in chips) 
Seat 3: Mahu2021 (1000 in chips) 
boringpp: posts small blind 30
Mahu2021: posts big blind 60
*** HOLE CARDS ***
Dealt to Mahu2021 [Kc 3h]
boringpp: raises 120 to 180
Mahu2021: calls 120
*** FLOP *** [Td Kh Kd]
Mahu2021: checks 
boringpp: checks 
*** TURN *** [Td Kh Kd] [Ts]
Mahu2021: checks 
boringpp: checks 
*** RIVER *** [Td Kh Kd Ts] [5c]
Mahu2021: bets 60
boringpp: raises 240 to 300
Mahu2021: raises 240 to 540
boringpp: calls 20 and is all-in
Uncalled bet (220) returned to Mahu2021
*** SHOW DOWN ***
Mahu2021: shows [Kc 3h] (a full house, Kings full of Tens)
boringpp: shows [Qc Qh] (two pair, Kings and Queens)
Mahu2021 collected 1000 from pot
boringpp finished the tournament in 2nd place
Mahu2021 wins the tournament and receives $3.00 - congratulations!
*** SUMMARY ***
Total pot 1000 | Rake 0 
Board [Td Kh Kd Ts 5c]
Seat 2: boringpp (button) (small blind) showed [Qc Qh] and lost with two pair, Kings and Queens
Seat 3: Mahu2021 (big blind) showed [Kc 3h] and won (1000) with a full house, Kings full of Tens



