PokerStars Hand #243265444221: Tournament #3581502457, $0.92+$0.08 USD Hold'em No Limit - Level I (10/20) - 2023/04/23 13:04:37 CET [2023/04/23 7:04:37 ET]
Table '3581502457 1' 3-max Seat #1 is the button
Seat 1: Shambambo (500 in chips) 
Seat 2: maaagic666 (500 in chips) 
Seat 3: Mahu2021 (500 in chips) 
maaagic666: posts small blind 10
Mahu2021: posts big blind 20
*** HOLE CARDS ***
Dealt to Mahu2021 [2h 2c]
Shambambo: raises 40 to 60
maaagic666: calls 50
Mahu2021: calls 40
*** FLOP *** [Js Qs 3s]
maaagic666: checks 
Mahu2021: checks 
Shambambo: checks 
*** TURN *** [Js Qs 3s] [6s]
maaagic666: checks 
Mahu2021: checks 
Shambambo: bets 120
maaagic666: folds 
Mahu2021: folds 
Uncalled bet (120) returned to Shambambo
Shambambo collected 180 from pot
Shambambo: doesn't show hand 
*** SUMMARY ***
Total pot 180 | Rake 0 
Board [Js Qs 3s 6s]
Seat 1: Shambambo (button) collected (180)
Seat 2: maaagic666 (small blind) folded on the Turn
Seat 3: Mahu2021 (big blind) folded on the Turn



PokerStars Hand #243265449268: Tournament #3581502457, $0.92+$0.08 USD Hold'em No Limit - Level I (10/20) - 2023/04/23 13:05:06 CET [2023/04/23 7:05:06 ET]
Table '3581502457 1' 3-max Seat #2 is the button
Seat 1: Shambambo (620 in chips) 
Seat 2: maaagic666 (440 in chips) 
Seat 3: Mahu2021 (440 in chips) 
Mahu2021: posts small blind 10
Shambambo: posts big blind 20
*** HOLE CARDS ***
Dealt to Mahu2021 [5d 4d]
maaagic666: folds 
Mahu2021: calls 10
Shambambo: raises 40 to 60
Mahu2021: calls 40
*** FLOP *** [Jc 8c 6s]
Mahu2021: checks 
Shambambo: bets 80
Mahu2021: folds 
Uncalled bet (80) returned to Shambambo
Shambambo collected 120 from pot
Shambambo: doesn't show hand 
*** SUMMARY ***
Total pot 120 | Rake 0 
Board [Jc 8c 6s]
Seat 1: Shambambo (big blind) collected (120)
Seat 2: maaagic666 (button) folded before Flop (didn't bet)
Seat 3: Mahu2021 (small blind) folded on the Flop



PokerStars Hand #243265452094: Tournament #3581502457, $0.92+$0.08 USD Hold'em No Limit - Level I (10/20) - 2023/04/23 13:05:23 CET [2023/04/23 7:05:23 ET]
Table '3581502457 1' 3-max Seat #3 is the button
Seat 1: Shambambo (680 in chips) 
Seat 2: maaagic666 (440 in chips) 
Seat 3: Mahu2021 (380 in chips) 
Shambambo: posts small blind 10
maaagic666: posts big blind 20
*** HOLE CARDS ***
Dealt to Mahu2021 [6c 3s]
Mahu2021: folds 
Shambambo: raises 40 to 60
maaagic666: calls 40
*** FLOP *** [9s 2s 4c]
Shambambo: checks 
maaagic666: bets 20
Shambambo: folds 
Uncalled bet (20) returned to maaagic666
maaagic666 collected 120 from pot
maaagic666: doesn't show hand 
*** SUMMARY ***
Total pot 120 | Rake 0 
Board [9s 2s 4c]
Seat 1: Shambambo (small blind) folded on the Flop
Seat 2: maaagic666 (big blind) collected (120)
Seat 3: Mahu2021 (button) folded before Flop (didn't bet)



PokerStars Hand #243265455324: Tournament #3581502457, $0.92+$0.08 USD Hold'em No Limit - Level I (10/20) - 2023/04/23 13:05:42 CET [2023/04/23 7:05:42 ET]
Table '3581502457 1' 3-max Seat #1 is the button
Seat 1: Shambambo (620 in chips) 
Seat 2: maaagic666 (500 in chips) 
Seat 3: Mahu2021 (380 in chips) 
maaagic666: posts small blind 10
Mahu2021: posts big blind 20
*** HOLE CARDS ***
Dealt to Mahu2021 [7d 9d]
Shambambo: raises 40 to 60
maaagic666: folds 
Mahu2021: folds 
Uncalled bet (40) returned to Shambambo
Shambambo collected 50 from pot
Shambambo: doesn't show hand 
*** SUMMARY ***
Total pot 50 | Rake 0 
Seat 1: Shambambo (button) collected (50)
Seat 2: maaagic666 (small blind) folded before Flop
Seat 3: Mahu2021 (big blind) folded before Flop



PokerStars Hand #243265456804: Tournament #3581502457, $0.92+$0.08 USD Hold'em No Limit - Level I (10/20) - 2023/04/23 13:05:50 CET [2023/04/23 7:05:50 ET]
Table '3581502457 1' 3-max Seat #2 is the button
Seat 1: Shambambo (650 in chips) 
Seat 2: maaagic666 (490 in chips) 
Seat 3: Mahu2021 (360 in chips) 
Mahu2021: posts small blind 10
Shambambo: posts big blind 20
*** HOLE CARDS ***
Dealt to Mahu2021 [4h 5s]
maaagic666: calls 20
Mahu2021: folds 
Shambambo: checks 
*** FLOP *** [Ks 8c Qd]
Shambambo: checks 
maaagic666: checks 
*** TURN *** [Ks 8c Qd] [4s]
Shambambo: bets 40
maaagic666: raises 130 to 170
Shambambo: raises 170 to 340
maaagic666: raises 130 to 470 and is all-in
Shambambo: calls 130
*** RIVER *** [Ks 8c Qd 4s] [5h]
*** SHOW DOWN ***
Shambambo: shows [4d Qh] (two pair, Queens and Fours)
maaagic666: shows [Ah Kh] (a pair of Kings)
Shambambo collected 990 from pot
maaagic666 finished the tournament in 3rd place
*** SUMMARY ***
Total pot 990 | Rake 0 
Board [Ks 8c Qd 4s 5h]
Seat 1: Shambambo (big blind) showed [4d Qh] and won (990) with two pair, Queens and Fours
Seat 2: maaagic666 (button) showed [Ah Kh] and lost with a pair of Kings
Seat 3: Mahu2021 (small blind) folded before Flop



PokerStars Hand #243265461224: Tournament #3581502457, $0.92+$0.08 USD Hold'em No Limit - Level I (10/20) - 2023/04/23 13:06:16 CET [2023/04/23 7:06:16 ET]
Table '3581502457 1' 3-max Seat #1 is the button
Seat 1: Shambambo (1150 in chips) 
Seat 3: Mahu2021 (350 in chips) 
Shambambo: posts small blind 10
Mahu2021: posts big blind 20
*** HOLE CARDS ***
Dealt to Mahu2021 [Js Th]
Shambambo: folds 
Uncalled bet (10) returned to Mahu2021
Mahu2021 collected 20 from pot
Mahu2021: doesn't show hand 
*** SUMMARY ***
Total pot 20 | Rake 0 
Seat 1: Shambambo (button) (small blind) folded before Flop
Seat 3: Mahu2021 (big blind) collected (20)



PokerStars Hand #243265462037: Tournament #3581502457, $0.92+$0.08 USD Hold'em No Limit - Level I (10/20) - 2023/04/23 13:06:21 CET [2023/04/23 7:06:21 ET]
Table '3581502457 1' 3-max Seat #3 is the button
Seat 1: Shambambo (1140 in chips) 
Seat 3: Mahu2021 (360 in chips) 
Mahu2021: posts small blind 10
Shambambo: posts big blind 20
*** HOLE CARDS ***
Dealt to Mahu2021 [Kc 3h]
Mahu2021: folds 
Uncalled bet (10) returned to Shambambo
Shambambo collected 20 from pot
Shambambo: doesn't show hand 
*** SUMMARY ***
Total pot 20 | Rake 0 
Seat 1: Shambambo (big blind) collected (20)
Seat 3: Mahu2021 (button) (small blind) folded before Flop



PokerStars Hand #243265462833: Tournament #3581502457, $0.92+$0.08 USD Hold'em No Limit - Level I (10/20) - 2023/04/23 13:06:25 CET [2023/04/23 7:06:25 ET]
Table '3581502457 1' 3-max Seat #1 is the button
Seat 1: Shambambo (1150 in chips) 
Seat 3: Mahu2021 (350 in chips) 
Shambambo: posts small blind 10
Mahu2021: posts big blind 20
*** HOLE CARDS ***
Dealt to Mahu2021 [Ah 3s]
Shambambo: folds 
Uncalled bet (10) returned to Mahu2021
Mahu2021 collected 20 from pot
Mahu2021: doesn't show hand 
*** SUMMARY ***
Total pot 20 | Rake 0 
Seat 1: Shambambo (button) (small blind) folded before Flop
Seat 3: Mahu2021 (big blind) collected (20)



PokerStars Hand #243265463597: Tournament #3581502457, $0.92+$0.08 USD Hold'em No Limit - Level I (10/20) - 2023/04/23 13:06:30 CET [2023/04/23 7:06:30 ET]
Table '3581502457 1' 3-max Seat #3 is the button
Seat 1: Shambambo (1140 in chips) 
Seat 3: Mahu2021 (360 in chips) 
Mahu2021: posts small blind 10
Shambambo: posts big blind 20
*** HOLE CARDS ***
Dealt to Mahu2021 [Th 5h]
Mahu2021: folds 
Uncalled bet (10) returned to Shambambo
Shambambo collected 20 from pot
Shambambo: doesn't show hand 
*** SUMMARY ***
Total pot 20 | Rake 0 
Seat 1: Shambambo (big blind) collected (20)
Seat 3: Mahu2021 (button) (small blind) folded before Flop



PokerStars Hand #243265464359: Tournament #3581502457, $0.92+$0.08 USD Hold'em No Limit - Level I (10/20) - 2023/04/23 13:06:34 CET [2023/04/23 7:06:34 ET]
Table '3581502457 1' 3-max Seat #1 is the button
Seat 1: Shambambo (1150 in chips) 
Seat 3: Mahu2021 (350 in chips) 
Shambambo: posts small blind 10
Mahu2021: posts big blind 20
*** HOLE CARDS ***
Dealt to Mahu2021 [4c 9d]
Shambambo: folds 
Uncalled bet (10) returned to Mahu2021
Mahu2021 collected 20 from pot
Mahu2021: doesn't show hand 
*** SUMMARY ***
Total pot 20 | Rake 0 
Seat 1: Shambambo (button) (small blind) folded before Flop
Seat 3: Mahu2021 (big blind) collected (20)



PokerStars Hand #243265465408: Tournament #3581502457, $0.92+$0.08 USD Hold'em No Limit - Level I (10/20) - 2023/04/23 13:06:40 CET [2023/04/23 7:06:40 ET]
Table '3581502457 1' 3-max Seat #3 is the button
Seat 1: Shambambo (1140 in chips) 
Seat 3: Mahu2021 (360 in chips) 
Mahu2021: posts small blind 10
Shambambo: posts big blind 20
*** HOLE CARDS ***
Dealt to Mahu2021 [Js 5s]
Mahu2021: folds 
Uncalled bet (10) returned to Shambambo
Shambambo collected 20 from pot
Shambambo: doesn't show hand 
*** SUMMARY ***
Total pot 20 | Rake 0 
Seat 1: Shambambo (big blind) collected (20)
Seat 3: Mahu2021 (button) (small blind) folded before Flop



PokerStars Hand #243265466425: Tournament #3581502457, $0.92+$0.08 USD Hold'em No Limit - Level I (10/20) - 2023/04/23 13:06:46 CET [2023/04/23 7:06:46 ET]
Table '3581502457 1' 3-max Seat #1 is the button
Seat 1: Shambambo (1150 in chips) 
Seat 3: Mahu2021 (350 in chips) 
Shambambo: posts small blind 10
Mahu2021: posts big blind 20
*** HOLE CARDS ***
Dealt to Mahu2021 [Qc 8d]
Shambambo: raises 20 to 40
Mahu2021: calls 20
*** FLOP *** [Ts Jd Kd]
Mahu2021: checks 
Shambambo: bets 40
Mahu2021: raises 270 to 310 and is all-in
Shambambo: calls 270
*** TURN *** [Ts Jd Kd] [7h]
*** RIVER *** [Ts Jd Kd 7h] [3h]
*** SHOW DOWN ***
Mahu2021: shows [Qc 8d] (high card King)
Shambambo: shows [6c Ad] (high card Ace)
Shambambo collected 700 from pot
Mahu2021 finished the tournament in 2nd place
Shambambo wins the tournament and receives $3.00 - congratulations!
*** SUMMARY ***
Total pot 700 | Rake 0 
Board [Ts Jd Kd 7h 3h]
Seat 1: Shambambo (button) (small blind) showed [6c Ad] and won (700) with high card Ace
Seat 3: Mahu2021 (big blind) showed [Qc 8d] and lost with high card King



