PokerStars Hand #253568209379: Tournament #3827286586, $1.84+$0.16 USD Hold'em No Limit - Level I (10/20) - 2024/11/25 18:21:50 CET [2024/11/25 12:21:50 ET]
Table '3827286586 1' 3-max Seat #1 is the button
Seat 1: makisgr63 (500 in chips) 
Seat 2: welldonedave81 (500 in chips) 
Seat 3: Mahu2021 (500 in chips) 
welldonedave81: posts small blind 10
Mahu2021: posts big blind 20
*** HOLE CARDS ***
Dealt to Mahu2021 [2s Kc]
makisgr63: calls 20
welldonedave81: folds 
Mahu2021: checks 
*** FLOP *** [Kd Qc 9h]
Mahu2021: bets 80
makisgr63: folds 
Uncalled bet (80) returned to Mahu2021
Mahu2021 collected 50 from pot
Mahu2021: doesn't show hand 
*** SUMMARY ***
Total pot 50 | Rake 0 
Board [Kd Qc 9h]
Seat 1: makisgr63 (button) folded on the Flop
Seat 2: welldonedave81 (small blind) folded before Flop
Seat 3: Mahu2021 (big blind) collected (50)



PokerStars Hand #253568212387: Tournament #3827286586, $1.84+$0.16 USD Hold'em No Limit - Level I (10/20) - 2024/11/25 18:22:03 CET [2024/11/25 12:22:03 ET]
Table '3827286586 1' 3-max Seat #2 is the button
Seat 1: makisgr63 (480 in chips) 
Seat 2: welldonedave81 (490 in chips) 
Seat 3: Mahu2021 (530 in chips) 
Mahu2021: posts small blind 10
makisgr63: posts big blind 20
*** HOLE CARDS ***
Dealt to Mahu2021 [Td 3s]
welldonedave81: folds 
Mahu2021: folds 
Uncalled bet (10) returned to makisgr63
makisgr63 collected 20 from pot
*** SUMMARY ***
Total pot 20 | Rake 0 
Seat 1: makisgr63 (big blind) collected (20)
Seat 2: welldonedave81 (button) folded before Flop (didn't bet)
Seat 3: Mahu2021 (small blind) folded before Flop



PokerStars Hand #253568213454: Tournament #3827286586, $1.84+$0.16 USD Hold'em No Limit - Level I (10/20) - 2024/11/25 18:22:08 CET [2024/11/25 12:22:08 ET]
Table '3827286586 1' 3-max Seat #3 is the button
Seat 1: makisgr63 (490 in chips) 
Seat 2: welldonedave81 (490 in chips) 
Seat 3: Mahu2021 (520 in chips) 
makisgr63: posts small blind 10
welldonedave81: posts big blind 20
*** HOLE CARDS ***
Dealt to Mahu2021 [8h Qh]
Mahu2021: raises 20 to 40
makisgr63: folds 
welldonedave81: calls 20
*** FLOP *** [Qc 5h Tc]
welldonedave81: checks 
Mahu2021: bets 90
welldonedave81: calls 90
*** TURN *** [Qc 5h Tc] [6c]
welldonedave81: checks 
Mahu2021: checks 
*** RIVER *** [Qc 5h Tc 6c] [Td]
welldonedave81: bets 80
Mahu2021: calls 80
*** SHOW DOWN ***
welldonedave81: shows [Th Kc] (three of a kind, Tens)
Mahu2021: mucks hand 
welldonedave81 collected 430 from pot
*** SUMMARY ***
Total pot 430 | Rake 0 
Board [Qc 5h Tc 6c Td]
Seat 1: makisgr63 (small blind) folded before Flop
Seat 2: welldonedave81 (big blind) showed [Th Kc] and won (430) with three of a kind, Tens
Seat 3: Mahu2021 (button) mucked [8h Qh]



PokerStars Hand #253568218026: Tournament #3827286586, $1.84+$0.16 USD Hold'em No Limit - Level I (10/20) - 2024/11/25 18:22:28 CET [2024/11/25 12:22:28 ET]
Table '3827286586 1' 3-max Seat #1 is the button
Seat 1: makisgr63 (480 in chips) 
Seat 2: welldonedave81 (710 in chips) 
Seat 3: Mahu2021 (310 in chips) 
welldonedave81: posts small blind 10
Mahu2021: posts big blind 20
*** HOLE CARDS ***
Dealt to Mahu2021 [5c 6s]
makisgr63: folds 
welldonedave81: calls 10
Mahu2021: checks 
*** FLOP *** [5h Jd 2h]
welldonedave81: bets 20
Mahu2021: calls 20
*** TURN *** [5h Jd 2h] [6h]
welldonedave81: bets 20
Mahu2021: raises 250 to 270 and is all-in
welldonedave81: folds 
Uncalled bet (250) returned to Mahu2021
Mahu2021 collected 120 from pot
Mahu2021: doesn't show hand 
*** SUMMARY ***
Total pot 120 | Rake 0 
Board [5h Jd 2h 6h]
Seat 1: makisgr63 (button) folded before Flop (didn't bet)
Seat 2: welldonedave81 (small blind) folded on the Turn
Seat 3: Mahu2021 (big blind) collected (120)



PokerStars Hand #253568222097: Tournament #3827286586, $1.84+$0.16 USD Hold'em No Limit - Level I (10/20) - 2024/11/25 18:22:46 CET [2024/11/25 12:22:46 ET]
Table '3827286586 1' 3-max Seat #2 is the button
Seat 1: makisgr63 (480 in chips) 
Seat 2: welldonedave81 (650 in chips) 
Seat 3: Mahu2021 (370 in chips) 
Mahu2021: posts small blind 10
makisgr63: posts big blind 20
*** HOLE CARDS ***
Dealt to Mahu2021 [6h 2c]
welldonedave81: raises 20 to 40
Mahu2021: folds 
makisgr63: raises 440 to 480 and is all-in
welldonedave81: folds 
Uncalled bet (440) returned to makisgr63
makisgr63 collected 90 from pot
*** SUMMARY ***
Total pot 90 | Rake 0 
Seat 1: makisgr63 (big blind) collected (90)
Seat 2: welldonedave81 (button) folded before Flop
Seat 3: Mahu2021 (small blind) folded before Flop



PokerStars Hand #253568224142: Tournament #3827286586, $1.84+$0.16 USD Hold'em No Limit - Level I (10/20) - 2024/11/25 18:22:54 CET [2024/11/25 12:22:54 ET]
Table '3827286586 1' 3-max Seat #3 is the button
Seat 1: makisgr63 (530 in chips) 
Seat 2: welldonedave81 (610 in chips) 
Seat 3: Mahu2021 (360 in chips) 
makisgr63: posts small blind 10
welldonedave81: posts big blind 20
*** HOLE CARDS ***
Dealt to Mahu2021 [Ks 3d]
Mahu2021: folds 
makisgr63: folds 
Uncalled bet (10) returned to welldonedave81
welldonedave81 collected 20 from pot
*** SUMMARY ***
Total pot 20 | Rake 0 
Seat 1: makisgr63 (small blind) folded before Flop
Seat 2: welldonedave81 (big blind) collected (20)
Seat 3: Mahu2021 (button) folded before Flop (didn't bet)



PokerStars Hand #253568225471: Tournament #3827286586, $1.84+$0.16 USD Hold'em No Limit - Level I (10/20) - 2024/11/25 18:23:00 CET [2024/11/25 12:23:00 ET]
Table '3827286586 1' 3-max Seat #1 is the button
Seat 1: makisgr63 (520 in chips) 
Seat 2: welldonedave81 (620 in chips) 
Seat 3: Mahu2021 (360 in chips) 
welldonedave81: posts small blind 10
Mahu2021: posts big blind 20
*** HOLE CARDS ***
Dealt to Mahu2021 [4d Qs]
makisgr63: folds 
welldonedave81: calls 10
Mahu2021: checks 
*** FLOP *** [Th 3c Ah]
welldonedave81: checks 
Mahu2021: checks 
*** TURN *** [Th 3c Ah] [5s]
welldonedave81: bets 20
Mahu2021: calls 20
*** RIVER *** [Th 3c Ah 5s] [Ac]
welldonedave81: bets 40
Mahu2021: folds 
Uncalled bet (40) returned to welldonedave81
welldonedave81 collected 80 from pot
*** SUMMARY ***
Total pot 80 | Rake 0 
Board [Th 3c Ah 5s Ac]
Seat 1: makisgr63 (button) folded before Flop (didn't bet)
Seat 2: welldonedave81 (small blind) collected (80)
Seat 3: Mahu2021 (big blind) folded on the River



PokerStars Hand #253568229446: Tournament #3827286586, $1.84+$0.16 USD Hold'em No Limit - Level I (10/20) - 2024/11/25 18:23:17 CET [2024/11/25 12:23:17 ET]
Table '3827286586 1' 3-max Seat #2 is the button
Seat 1: makisgr63 (520 in chips) 
Seat 2: welldonedave81 (660 in chips) 
Seat 3: Mahu2021 (320 in chips) 
Mahu2021: posts small blind 10
makisgr63: posts big blind 20
*** HOLE CARDS ***
Dealt to Mahu2021 [5c 6c]
welldonedave81: folds 
Mahu2021: raises 20 to 40
makisgr63: folds 
Uncalled bet (20) returned to Mahu2021
Mahu2021 collected 40 from pot
Mahu2021: doesn't show hand 
*** SUMMARY ***
Total pot 40 | Rake 0 
Seat 1: makisgr63 (big blind) folded before Flop
Seat 2: welldonedave81 (button) folded before Flop (didn't bet)
Seat 3: Mahu2021 (small blind) collected (40)



PokerStars Hand #253568231364: Tournament #3827286586, $1.84+$0.16 USD Hold'em No Limit - Level I (10/20) - 2024/11/25 18:23:26 CET [2024/11/25 12:23:26 ET]
Table '3827286586 1' 3-max Seat #3 is the button
Seat 1: makisgr63 (500 in chips) 
Seat 2: welldonedave81 (660 in chips) 
Seat 3: Mahu2021 (340 in chips) 
makisgr63: posts small blind 10
welldonedave81: posts big blind 20
*** HOLE CARDS ***
Dealt to Mahu2021 [3s 5d]
Mahu2021: folds 
makisgr63: folds 
Uncalled bet (10) returned to welldonedave81
welldonedave81 collected 20 from pot
*** SUMMARY ***
Total pot 20 | Rake 0 
Seat 1: makisgr63 (small blind) folded before Flop
Seat 2: welldonedave81 (big blind) collected (20)
Seat 3: Mahu2021 (button) folded before Flop (didn't bet)



PokerStars Hand #253568232658: Tournament #3827286586, $1.84+$0.16 USD Hold'em No Limit - Level I (10/20) - 2024/11/25 18:23:31 CET [2024/11/25 12:23:31 ET]
Table '3827286586 1' 3-max Seat #1 is the button
Seat 1: makisgr63 (490 in chips) 
Seat 2: welldonedave81 (670 in chips) 
Seat 3: Mahu2021 (340 in chips) 
welldonedave81: posts small blind 10
Mahu2021: posts big blind 20
*** HOLE CARDS ***
Dealt to Mahu2021 [7h 2c]
makisgr63: folds 
welldonedave81: raises 20 to 40
Mahu2021: folds 
Uncalled bet (20) returned to welldonedave81
welldonedave81 collected 40 from pot
*** SUMMARY ***
Total pot 40 | Rake 0 
Seat 1: makisgr63 (button) folded before Flop (didn't bet)
Seat 2: welldonedave81 (small blind) collected (40)
Seat 3: Mahu2021 (big blind) folded before Flop



PokerStars Hand #253568234431: Tournament #3827286586, $1.84+$0.16 USD Hold'em No Limit - Level I (10/20) - 2024/11/25 18:23:39 CET [2024/11/25 12:23:39 ET]
Table '3827286586 1' 3-max Seat #2 is the button
Seat 1: makisgr63 (490 in chips) 
Seat 2: welldonedave81 (690 in chips) 
Seat 3: Mahu2021 (320 in chips) 
Mahu2021: posts small blind 10
makisgr63: posts big blind 20
*** HOLE CARDS ***
Dealt to Mahu2021 [5h 9c]
welldonedave81: raises 20 to 40
Mahu2021: folds 
makisgr63: folds 
Uncalled bet (20) returned to welldonedave81
welldonedave81 collected 50 from pot
*** SUMMARY ***
Total pot 50 | Rake 0 
Seat 1: makisgr63 (big blind) folded before Flop
Seat 2: welldonedave81 (button) collected (50)
Seat 3: Mahu2021 (small blind) folded before Flop



PokerStars Hand #253568236039: Tournament #3827286586, $1.84+$0.16 USD Hold'em No Limit - Level I (10/20) - 2024/11/25 18:23:46 CET [2024/11/25 12:23:46 ET]
Table '3827286586 1' 3-max Seat #3 is the button
Seat 1: makisgr63 (470 in chips) 
Seat 2: welldonedave81 (720 in chips) 
Seat 3: Mahu2021 (310 in chips) 
makisgr63: posts small blind 10
welldonedave81: posts big blind 20
*** HOLE CARDS ***
Dealt to Mahu2021 [6c 2c]
Mahu2021: folds 
makisgr63: folds 
Uncalled bet (10) returned to welldonedave81
welldonedave81 collected 20 from pot
*** SUMMARY ***
Total pot 20 | Rake 0 
Seat 1: makisgr63 (small blind) folded before Flop
Seat 2: welldonedave81 (big blind) collected (20)
Seat 3: Mahu2021 (button) folded before Flop (didn't bet)



PokerStars Hand #253568237199: Tournament #3827286586, $1.84+$0.16 USD Hold'em No Limit - Level I (10/20) - 2024/11/25 18:23:51 CET [2024/11/25 12:23:51 ET]
Table '3827286586 1' 3-max Seat #1 is the button
Seat 1: makisgr63 (460 in chips) 
Seat 2: welldonedave81 (730 in chips) 
Seat 3: Mahu2021 (310 in chips) 
welldonedave81: posts small blind 10
Mahu2021: posts big blind 20
*** HOLE CARDS ***
Dealt to Mahu2021 [4d Td]
makisgr63: folds 
welldonedave81: calls 10
Mahu2021: checks 
*** FLOP *** [2s Th 6d]
welldonedave81: checks 
Mahu2021: bets 40
welldonedave81: folds 
Uncalled bet (40) returned to Mahu2021
Mahu2021 collected 40 from pot
Mahu2021: doesn't show hand 
*** SUMMARY ***
Total pot 40 | Rake 0 
Board [2s Th 6d]
Seat 1: makisgr63 (button) folded before Flop (didn't bet)
Seat 2: welldonedave81 (small blind) folded on the Flop
Seat 3: Mahu2021 (big blind) collected (40)



PokerStars Hand #253568240835: Tournament #3827286586, $1.84+$0.16 USD Hold'em No Limit - Level II (15/30) - 2024/11/25 18:24:07 CET [2024/11/25 12:24:07 ET]
Table '3827286586 1' 3-max Seat #2 is the button
Seat 1: makisgr63 (460 in chips) 
Seat 2: welldonedave81 (710 in chips) 
Seat 3: Mahu2021 (330 in chips) 
Mahu2021: posts small blind 15
makisgr63: posts big blind 30
*** HOLE CARDS ***
Dealt to Mahu2021 [Kd 6c]
welldonedave81: folds 
Mahu2021: raises 300 to 330 and is all-in
makisgr63: folds 
Uncalled bet (300) returned to Mahu2021
Mahu2021 collected 60 from pot
Mahu2021: doesn't show hand 
*** SUMMARY ***
Total pot 60 | Rake 0 
Seat 1: makisgr63 (big blind) folded before Flop
Seat 2: welldonedave81 (button) folded before Flop (didn't bet)
Seat 3: Mahu2021 (small blind) collected (60)



PokerStars Hand #253568242479: Tournament #3827286586, $1.84+$0.16 USD Hold'em No Limit - Level II (15/30) - 2024/11/25 18:24:14 CET [2024/11/25 12:24:14 ET]
Table '3827286586 1' 3-max Seat #3 is the button
Seat 1: makisgr63 (430 in chips) 
Seat 2: welldonedave81 (710 in chips) 
Seat 3: Mahu2021 (360 in chips) 
makisgr63: posts small blind 15
welldonedave81: posts big blind 30
*** HOLE CARDS ***
Dealt to Mahu2021 [As 9c]
Mahu2021: raises 330 to 360 and is all-in
makisgr63: folds 
welldonedave81: folds 
Uncalled bet (330) returned to Mahu2021
Mahu2021 collected 75 from pot
Mahu2021: doesn't show hand 
*** SUMMARY ***
Total pot 75 | Rake 0 
Seat 1: makisgr63 (small blind) folded before Flop
Seat 2: welldonedave81 (big blind) folded before Flop
Seat 3: Mahu2021 (button) collected (75)



PokerStars Hand #253568244215: Tournament #3827286586, $1.84+$0.16 USD Hold'em No Limit - Level II (15/30) - 2024/11/25 18:24:21 CET [2024/11/25 12:24:21 ET]
Table '3827286586 1' 3-max Seat #1 is the button
Seat 1: makisgr63 (415 in chips) 
Seat 2: welldonedave81 (680 in chips) 
Seat 3: Mahu2021 (405 in chips) 
welldonedave81: posts small blind 15
Mahu2021: posts big blind 30
*** HOLE CARDS ***
Dealt to Mahu2021 [Ks 3d]
makisgr63: folds 
welldonedave81: folds 
Uncalled bet (15) returned to Mahu2021
Mahu2021 collected 30 from pot
Mahu2021: doesn't show hand 
*** SUMMARY ***
Total pot 30 | Rake 0 
Seat 1: makisgr63 (button) folded before Flop (didn't bet)
Seat 2: welldonedave81 (small blind) folded before Flop
Seat 3: Mahu2021 (big blind) collected (30)



PokerStars Hand #253568245306: Tournament #3827286586, $1.84+$0.16 USD Hold'em No Limit - Level II (15/30) - 2024/11/25 18:24:26 CET [2024/11/25 12:24:26 ET]
Table '3827286586 1' 3-max Seat #2 is the button
Seat 1: makisgr63 (415 in chips) 
Seat 2: welldonedave81 (665 in chips) 
Seat 3: Mahu2021 (420 in chips) 
Mahu2021: posts small blind 15
makisgr63: posts big blind 30
*** HOLE CARDS ***
Dealt to Mahu2021 [Td 2c]
welldonedave81: folds 
Mahu2021: folds 
Uncalled bet (15) returned to makisgr63
makisgr63 collected 30 from pot
*** SUMMARY ***
Total pot 30 | Rake 0 
Seat 1: makisgr63 (big blind) collected (30)
Seat 2: welldonedave81 (button) folded before Flop (didn't bet)
Seat 3: Mahu2021 (small blind) folded before Flop



PokerStars Hand #253568246404: Tournament #3827286586, $1.84+$0.16 USD Hold'em No Limit - Level II (15/30) - 2024/11/25 18:24:31 CET [2024/11/25 12:24:31 ET]
Table '3827286586 1' 3-max Seat #3 is the button
Seat 1: makisgr63 (430 in chips) 
Seat 2: welldonedave81 (665 in chips) 
Seat 3: Mahu2021 (405 in chips) 
makisgr63: posts small blind 15
welldonedave81: posts big blind 30
*** HOLE CARDS ***
Dealt to Mahu2021 [4s Th]
Mahu2021: folds 
makisgr63: folds 
Uncalled bet (15) returned to welldonedave81
welldonedave81 collected 30 from pot
*** SUMMARY ***
Total pot 30 | Rake 0 
Seat 1: makisgr63 (small blind) folded before Flop
Seat 2: welldonedave81 (big blind) collected (30)
Seat 3: Mahu2021 (button) folded before Flop (didn't bet)



PokerStars Hand #253568247588: Tournament #3827286586, $1.84+$0.16 USD Hold'em No Limit - Level II (15/30) - 2024/11/25 18:24:36 CET [2024/11/25 12:24:36 ET]
Table '3827286586 1' 3-max Seat #1 is the button
Seat 1: makisgr63 (415 in chips) 
Seat 2: welldonedave81 (680 in chips) 
Seat 3: Mahu2021 (405 in chips) 
welldonedave81: posts small blind 15
Mahu2021: posts big blind 30
*** HOLE CARDS ***
Dealt to Mahu2021 [Qs 8s]
makisgr63: folds 
welldonedave81: folds 
Uncalled bet (15) returned to Mahu2021
Mahu2021 collected 30 from pot
Mahu2021: doesn't show hand 
*** SUMMARY ***
Total pot 30 | Rake 0 
Seat 1: makisgr63 (button) folded before Flop (didn't bet)
Seat 2: welldonedave81 (small blind) folded before Flop
Seat 3: Mahu2021 (big blind) collected (30)



PokerStars Hand #253568248808: Tournament #3827286586, $1.84+$0.16 USD Hold'em No Limit - Level II (15/30) - 2024/11/25 18:24:41 CET [2024/11/25 12:24:41 ET]
Table '3827286586 1' 3-max Seat #2 is the button
Seat 1: makisgr63 (415 in chips) 
Seat 2: welldonedave81 (665 in chips) 
Seat 3: Mahu2021 (420 in chips) 
Mahu2021: posts small blind 15
makisgr63: posts big blind 30
*** HOLE CARDS ***
Dealt to Mahu2021 [6s Qc]
welldonedave81: folds 
Mahu2021: calls 15
makisgr63: raises 385 to 415 and is all-in
Mahu2021: folds 
Uncalled bet (385) returned to makisgr63
makisgr63 collected 60 from pot
*** SUMMARY ***
Total pot 60 | Rake 0 
Seat 1: makisgr63 (big blind) collected (60)
Seat 2: welldonedave81 (button) folded before Flop (didn't bet)
Seat 3: Mahu2021 (small blind) folded before Flop



PokerStars Hand #253568250718: Tournament #3827286586, $1.84+$0.16 USD Hold'em No Limit - Level II (15/30) - 2024/11/25 18:24:50 CET [2024/11/25 12:24:50 ET]
Table '3827286586 1' 3-max Seat #3 is the button
Seat 1: makisgr63 (445 in chips) 
Seat 2: welldonedave81 (665 in chips) 
Seat 3: Mahu2021 (390 in chips) 
makisgr63: posts small blind 15
welldonedave81: posts big blind 30
*** HOLE CARDS ***
Dealt to Mahu2021 [4h 8c]
Mahu2021: folds 
makisgr63: raises 415 to 445 and is all-in
welldonedave81: calls 415
*** FLOP *** [Tc 3c 6s]
*** TURN *** [Tc 3c 6s] [Ad]
*** RIVER *** [Tc 3c 6s Ad] [Qd]
*** SHOW DOWN ***
makisgr63: shows [Ac Kh] (a pair of Aces)
welldonedave81: shows [Qc Qs] (three of a kind, Queens)
welldonedave81 collected 890 from pot
makisgr63 finished the tournament in 3rd place
*** SUMMARY ***
Total pot 890 | Rake 0 
Board [Tc 3c 6s Ad Qd]
Seat 1: makisgr63 (small blind) showed [Ac Kh] and lost with a pair of Aces
Seat 2: welldonedave81 (big blind) showed [Qc Qs] and won (890) with three of a kind, Queens
Seat 3: Mahu2021 (button) folded before Flop (didn't bet)



PokerStars Hand #253568254694: Tournament #3827286586, $1.84+$0.16 USD Hold'em No Limit - Level II (15/30) - 2024/11/25 18:25:06 CET [2024/11/25 12:25:06 ET]
Table '3827286586 1' 3-max Seat #2 is the button
Seat 2: welldonedave81 (1110 in chips) 
Seat 3: Mahu2021 (390 in chips) 
welldonedave81: posts small blind 15
Mahu2021: posts big blind 30
*** HOLE CARDS ***
Dealt to Mahu2021 [5d Ts]
welldonedave81: raises 30 to 60
Mahu2021: folds 
Uncalled bet (30) returned to welldonedave81
welldonedave81 collected 60 from pot
*** SUMMARY ***
Total pot 60 | Rake 0 
Seat 2: welldonedave81 (button) (small blind) collected (60)
Seat 3: Mahu2021 (big blind) folded before Flop



PokerStars Hand #253568255754: Tournament #3827286586, $1.84+$0.16 USD Hold'em No Limit - Level II (15/30) - 2024/11/25 18:25:11 CET [2024/11/25 12:25:11 ET]
Table '3827286586 1' 3-max Seat #3 is the button
Seat 2: welldonedave81 (1140 in chips) 
Seat 3: Mahu2021 (360 in chips) 
Mahu2021: posts small blind 15
welldonedave81: posts big blind 30
*** HOLE CARDS ***
Dealt to Mahu2021 [3s Jd]
Mahu2021: raises 30 to 60
welldonedave81: calls 30
*** FLOP *** [Jh 7c 2s]
welldonedave81: checks 
Mahu2021: bets 60
welldonedave81: calls 60
*** TURN *** [Jh 7c 2s] [6c]
welldonedave81: checks 
Mahu2021: bets 60
welldonedave81: calls 60
*** RIVER *** [Jh 7c 2s 6c] [Ts]
welldonedave81: checks 
Mahu2021: checks 
*** SHOW DOWN ***
welldonedave81: shows [6h 9h] (a pair of Sixes)
Mahu2021: shows [3s Jd] (a pair of Jacks)
Mahu2021 collected 360 from pot
*** SUMMARY ***
Total pot 360 | Rake 0 
Board [Jh 7c 2s 6c Ts]
Seat 2: welldonedave81 (big blind) showed [6h 9h] and lost with a pair of Sixes
Seat 3: Mahu2021 (button) (small blind) showed [3s Jd] and won (360) with a pair of Jacks



PokerStars Hand #253568259762: Tournament #3827286586, $1.84+$0.16 USD Hold'em No Limit - Level II (15/30) - 2024/11/25 18:25:29 CET [2024/11/25 12:25:29 ET]
Table '3827286586 1' 3-max Seat #2 is the button
Seat 2: welldonedave81 (960 in chips) 
Seat 3: Mahu2021 (540 in chips) 
welldonedave81: posts small blind 15
Mahu2021: posts big blind 30
*** HOLE CARDS ***
Dealt to Mahu2021 [As 4h]
welldonedave81: raises 30 to 60
Mahu2021: raises 480 to 540 and is all-in
welldonedave81: calls 480
*** FLOP *** [3h 5c 9d]
*** TURN *** [3h 5c 9d] [7h]
*** RIVER *** [3h 5c 9d 7h] [8s]
*** SHOW DOWN ***
Mahu2021: shows [As 4h] (high card Ace)
welldonedave81: shows [Kc 5d] (a pair of Fives)
welldonedave81 collected 1080 from pot
Mahu2021 finished the tournament in 2nd place
welldonedave81 wins the tournament and receives $4.00 - congratulations!
*** SUMMARY ***
Total pot 1080 | Rake 0 
Board [3h 5c 9d 7h 8s]
Seat 2: welldonedave81 (button) (small blind) showed [Kc 5d] and won (1080) with a pair of Fives
Seat 3: Mahu2021 (big blind) showed [As 4h] and lost with high card Ace



