PokerStars Hand #243276514600: Tournament #3581705589, $0.92+$0.08 USD Hold'em No Limit - Level I (10/20) - 2023/04/23 22:06:52 CET [2023/04/23 16:06:52 ET]
Table '3581705589 1' 3-max Seat #1 is the button
Seat 1: puntar18 (500 in chips) 
Seat 2: Mahu2021 (500 in chips) 
Seat 3: deanmillingt (500 in chips) 
Mahu2021: posts small blind 10
deanmillingt: posts big blind 20
*** HOLE CARDS ***
Dealt to Mahu2021 [Ks 6d]
puntar18: calls 20
Mahu2021: calls 10
deanmillingt: checks 
*** FLOP *** [Qh Ac Kh]
Mahu2021: checks 
deanmillingt: checks 
puntar18: checks 
*** TURN *** [Qh Ac Kh] [2h]
Mahu2021: bets 40
deanmillingt: folds 
puntar18: calls 40
*** RIVER *** [Qh Ac Kh 2h] [8h]
Mahu2021: checks 
puntar18: checks 
*** SHOW DOWN ***
Mahu2021: shows [Ks 6d] (a pair of Kings)
puntar18: mucks hand 
Mahu2021 collected 140 from pot
*** SUMMARY ***
Total pot 140 | Rake 0 
Board [Qh Ac Kh 2h 8h]
Seat 1: puntar18 (button) mucked [Qs 7d]
Seat 2: Mahu2021 (small blind) showed [Ks 6d] and won (140) with a pair of Kings
Seat 3: deanmillingt (big blind) folded on the Turn



PokerStars Hand #243276527591: Tournament #3581705589, $0.92+$0.08 USD Hold'em No Limit - Level I (10/20) - 2023/04/23 22:07:19 CET [2023/04/23 16:07:19 ET]
Table '3581705589 1' 3-max Seat #2 is the button
Seat 1: puntar18 (440 in chips) 
Seat 2: Mahu2021 (580 in chips) 
Seat 3: deanmillingt (480 in chips) 
deanmillingt: posts small blind 10
puntar18: posts big blind 20
*** HOLE CARDS ***
Dealt to Mahu2021 [Ah 2s]
Mahu2021: calls 20
deanmillingt: folds 
puntar18: checks 
*** FLOP *** [6h 3d 8d]
puntar18: bets 20
Mahu2021: folds 
Uncalled bet (20) returned to puntar18
puntar18 collected 50 from pot
*** SUMMARY ***
Total pot 50 | Rake 0 
Board [6h 3d 8d]
Seat 1: puntar18 (big blind) collected (50)
Seat 2: Mahu2021 (button) folded on the Flop
Seat 3: deanmillingt (small blind) folded before Flop



PokerStars Hand #243276536472: Tournament #3581705589, $0.92+$0.08 USD Hold'em No Limit - Level I (10/20) - 2023/04/23 22:07:38 CET [2023/04/23 16:07:38 ET]
Table '3581705589 1' 3-max Seat #3 is the button
Seat 1: puntar18 (470 in chips) 
Seat 2: Mahu2021 (560 in chips) 
Seat 3: deanmillingt (470 in chips) 
puntar18: posts small blind 10
Mahu2021: posts big blind 20
*** HOLE CARDS ***
Dealt to Mahu2021 [Jh Ks]
deanmillingt: folds 
puntar18: calls 10
Mahu2021: checks 
*** FLOP *** [Qh Kd 8c]
puntar18: checks 
Mahu2021: bets 20
puntar18: folds 
Uncalled bet (20) returned to Mahu2021
Mahu2021 collected 40 from pot
Mahu2021: doesn't show hand 
*** SUMMARY ***
Total pot 40 | Rake 0 
Board [Qh Kd 8c]
Seat 1: puntar18 (small blind) folded on the Flop
Seat 2: Mahu2021 (big blind) collected (40)
Seat 3: deanmillingt (button) folded before Flop (didn't bet)



PokerStars Hand #243276543200: Tournament #3581705589, $0.92+$0.08 USD Hold'em No Limit - Level I (10/20) - 2023/04/23 22:07:52 CET [2023/04/23 16:07:52 ET]
Table '3581705589 1' 3-max Seat #1 is the button
Seat 1: puntar18 (450 in chips) 
Seat 2: Mahu2021 (580 in chips) 
Seat 3: deanmillingt (470 in chips) 
Mahu2021: posts small blind 10
deanmillingt: posts big blind 20
*** HOLE CARDS ***
Dealt to Mahu2021 [9c Qs]
puntar18: raises 40 to 60
Mahu2021: calls 50
deanmillingt: folds 
*** FLOP *** [6h 2s Ks]
Mahu2021: checks 
puntar18: checks 
*** TURN *** [6h 2s Ks] [2d]
Mahu2021: checks 
puntar18: checks 
*** RIVER *** [6h 2s Ks 2d] [2c]
Mahu2021: checks 
puntar18: checks 
*** SHOW DOWN ***
Mahu2021: shows [9c Qs] (three of a kind, Deuces)
puntar18: shows [Ac 9d] (three of a kind, Deuces - Ace kicker)
puntar18 collected 140 from pot
*** SUMMARY ***
Total pot 140 | Rake 0 
Board [6h 2s Ks 2d 2c]
Seat 1: puntar18 (button) showed [Ac 9d] and won (140) with three of a kind, Deuces
Seat 2: Mahu2021 (small blind) showed [9c Qs] and lost with three of a kind, Deuces
Seat 3: deanmillingt (big blind) folded before Flop



PokerStars Hand #243276551295: Tournament #3581705589, $0.92+$0.08 USD Hold'em No Limit - Level I (10/20) - 2023/04/23 22:08:08 CET [2023/04/23 16:08:08 ET]
Table '3581705589 1' 3-max Seat #2 is the button
Seat 1: puntar18 (530 in chips) 
Seat 2: Mahu2021 (520 in chips) 
Seat 3: deanmillingt (450 in chips) 
deanmillingt: posts small blind 10
puntar18: posts big blind 20
*** HOLE CARDS ***
Dealt to Mahu2021 [As 4h]
Mahu2021: calls 20
deanmillingt: calls 10
puntar18: checks 
*** FLOP *** [Jd 7d 5h]
deanmillingt: checks 
puntar18: checks 
Mahu2021: checks 
*** TURN *** [Jd 7d 5h] [9d]
deanmillingt: bets 20
puntar18: calls 20
Mahu2021: calls 20
*** RIVER *** [Jd 7d 5h 9d] [Ks]
deanmillingt: bets 20
puntar18: raises 80 to 100
Mahu2021: folds 
deanmillingt: calls 80
*** SHOW DOWN ***
puntar18: shows [Tc Qc] (a straight, Nine to King)
deanmillingt: mucks hand 
puntar18 collected 320 from pot
*** SUMMARY ***
Total pot 320 | Rake 0 
Board [Jd 7d 5h 9d Ks]
Seat 1: puntar18 (big blind) showed [Tc Qc] and won (320) with a straight, Nine to King
Seat 2: Mahu2021 (button) folded on the River
Seat 3: deanmillingt (small blind) mucked [7h Jh]



PokerStars Hand #243276565197: Tournament #3581705589, $0.92+$0.08 USD Hold'em No Limit - Level I (10/20) - 2023/04/23 22:08:37 CET [2023/04/23 16:08:37 ET]
Table '3581705589 1' 3-max Seat #3 is the button
Seat 1: puntar18 (710 in chips) 
Seat 2: Mahu2021 (480 in chips) 
Seat 3: deanmillingt (310 in chips) 
puntar18: posts small blind 10
Mahu2021: posts big blind 20
*** HOLE CARDS ***
Dealt to Mahu2021 [2s Th]
deanmillingt: raises 20 to 40
puntar18: calls 30
Mahu2021: folds 
*** FLOP *** [7s Qd Jh]
puntar18: checks 
deanmillingt: checks 
*** TURN *** [7s Qd Jh] [8d]
puntar18: bets 40
deanmillingt: folds 
Uncalled bet (40) returned to puntar18
puntar18 collected 100 from pot
*** SUMMARY ***
Total pot 100 | Rake 0 
Board [7s Qd Jh 8d]
Seat 1: puntar18 (small blind) collected (100)
Seat 2: Mahu2021 (big blind) folded before Flop
Seat 3: deanmillingt (button) folded on the Turn



PokerStars Hand #243276572857: Tournament #3581705589, $0.92+$0.08 USD Hold'em No Limit - Level I (10/20) - 2023/04/23 22:08:53 CET [2023/04/23 16:08:53 ET]
Table '3581705589 1' 3-max Seat #1 is the button
Seat 1: puntar18 (770 in chips) 
Seat 2: Mahu2021 (460 in chips) 
Seat 3: deanmillingt (270 in chips) 
Mahu2021: posts small blind 10
deanmillingt: posts big blind 20
*** HOLE CARDS ***
Dealt to Mahu2021 [Js 3s]
puntar18: calls 20
Mahu2021: calls 10
deanmillingt: raises 250 to 270 and is all-in
puntar18: folds 
Mahu2021: folds 
Uncalled bet (250) returned to deanmillingt
deanmillingt collected 60 from pot
deanmillingt: doesn't show hand 
*** SUMMARY ***
Total pot 60 | Rake 0 
Seat 1: puntar18 (button) folded before Flop
Seat 2: Mahu2021 (small blind) folded before Flop
Seat 3: deanmillingt (big blind) collected (60)



PokerStars Hand #243276577989: Tournament #3581705589, $0.92+$0.08 USD Hold'em No Limit - Level I (10/20) - 2023/04/23 22:09:04 CET [2023/04/23 16:09:04 ET]
Table '3581705589 1' 3-max Seat #2 is the button
Seat 1: puntar18 (750 in chips) 
Seat 2: Mahu2021 (440 in chips) 
Seat 3: deanmillingt (310 in chips) 
deanmillingt: posts small blind 10
puntar18: posts big blind 20
*** HOLE CARDS ***
Dealt to Mahu2021 [4c Qc]
Mahu2021: folds 
deanmillingt: raises 290 to 310 and is all-in
puntar18: folds 
Uncalled bet (290) returned to deanmillingt
deanmillingt collected 40 from pot
deanmillingt: doesn't show hand 
*** SUMMARY ***
Total pot 40 | Rake 0 
Seat 1: puntar18 (big blind) folded before Flop
Seat 2: Mahu2021 (button) folded before Flop (didn't bet)
Seat 3: deanmillingt (small blind) collected (40)



PokerStars Hand #243276581268: Tournament #3581705589, $0.92+$0.08 USD Hold'em No Limit - Level I (10/20) - 2023/04/23 22:09:11 CET [2023/04/23 16:09:11 ET]
Table '3581705589 1' 3-max Seat #3 is the button
Seat 1: puntar18 (730 in chips) 
Seat 2: Mahu2021 (440 in chips) 
Seat 3: deanmillingt (330 in chips) 
puntar18: posts small blind 10
Mahu2021: posts big blind 20
*** HOLE CARDS ***
Dealt to Mahu2021 [Qh 3c]
deanmillingt: folds 
puntar18: calls 10
Mahu2021: checks 
*** FLOP *** [4h 4c 2c]
puntar18: checks 
Mahu2021: checks 
*** TURN *** [4h 4c 2c] [Ks]
puntar18: bets 60
Mahu2021: folds 
Uncalled bet (60) returned to puntar18
puntar18 collected 40 from pot
*** SUMMARY ***
Total pot 40 | Rake 0 
Board [4h 4c 2c Ks]
Seat 1: puntar18 (small blind) collected (40)
Seat 2: Mahu2021 (big blind) folded on the Turn
Seat 3: deanmillingt (button) folded before Flop (didn't bet)



PokerStars Hand #243276587593: Tournament #3581705589, $0.92+$0.08 USD Hold'em No Limit - Level I (10/20) - 2023/04/23 22:09:24 CET [2023/04/23 16:09:24 ET]
Table '3581705589 1' 3-max Seat #1 is the button
Seat 1: puntar18 (750 in chips) 
Seat 2: Mahu2021 (420 in chips) 
Seat 3: deanmillingt (330 in chips) 
Mahu2021: posts small blind 10
deanmillingt: posts big blind 20
*** HOLE CARDS ***
Dealt to Mahu2021 [2d 6c]
puntar18: calls 20
Mahu2021: calls 10
deanmillingt: checks 
*** FLOP *** [8s 6s As]
Mahu2021: checks 
deanmillingt: checks 
puntar18: checks 
*** TURN *** [8s 6s As] [Js]
Mahu2021: checks 
deanmillingt: bets 20
puntar18: folds 
Mahu2021: folds 
Uncalled bet (20) returned to deanmillingt
deanmillingt collected 60 from pot
deanmillingt: doesn't show hand 
*** SUMMARY ***
Total pot 60 | Rake 0 
Board [8s 6s As Js]
Seat 1: puntar18 (button) folded on the Turn
Seat 2: Mahu2021 (small blind) folded on the Turn
Seat 3: deanmillingt (big blind) collected (60)



PokerStars Hand #243276595879: Tournament #3581705589, $0.92+$0.08 USD Hold'em No Limit - Level I (10/20) - 2023/04/23 22:09:41 CET [2023/04/23 16:09:41 ET]
Table '3581705589 1' 3-max Seat #2 is the button
Seat 1: puntar18 (730 in chips) 
Seat 2: Mahu2021 (400 in chips) 
Seat 3: deanmillingt (370 in chips) 
deanmillingt: posts small blind 10
puntar18: posts big blind 20
*** HOLE CARDS ***
Dealt to Mahu2021 [2c 2h]
Mahu2021: raises 40 to 60
deanmillingt: folds 
puntar18: calls 40
*** FLOP *** [5h 8h 4d]
puntar18: checks 
Mahu2021: bets 60
puntar18: calls 60
*** TURN *** [5h 8h 4d] [7h]
puntar18: checks 
Mahu2021: checks 
*** RIVER *** [5h 8h 4d 7h] [Qh]
puntar18: checks 
Mahu2021: checks 
*** SHOW DOWN ***
puntar18: shows [8d 9s] (a pair of Eights)
Mahu2021: shows [2c 2h] (a flush, Queen high)
Mahu2021 collected 250 from pot
*** SUMMARY ***
Total pot 250 | Rake 0 
Board [5h 8h 4d 7h Qh]
Seat 1: puntar18 (big blind) showed [8d 9s] and lost with a pair of Eights
Seat 2: Mahu2021 (button) showed [2c 2h] and won (250) with a flush, Queen high
Seat 3: deanmillingt (small blind) folded before Flop



PokerStars Hand #243276607662: Tournament #3581705589, $0.92+$0.08 USD Hold'em No Limit - Level II (15/30) - 2023/04/23 22:10:06 CET [2023/04/23 16:10:06 ET]
Table '3581705589 1' 3-max Seat #3 is the button
Seat 1: puntar18 (610 in chips) 
Seat 2: Mahu2021 (530 in chips) 
Seat 3: deanmillingt (360 in chips) 
puntar18: posts small blind 15
Mahu2021: posts big blind 30
*** HOLE CARDS ***
Dealt to Mahu2021 [3s 4c]
deanmillingt: raises 30 to 60
puntar18: calls 45
Mahu2021: calls 30
*** FLOP *** [5d 6s Qh]
puntar18: checks 
Mahu2021: checks 
deanmillingt: checks 
*** TURN *** [5d 6s Qh] [2c]
puntar18: checks 
Mahu2021: bets 60
deanmillingt: folds 
puntar18: folds 
Uncalled bet (60) returned to Mahu2021
Mahu2021 collected 180 from pot
Mahu2021: doesn't show hand 
*** SUMMARY ***
Total pot 180 | Rake 0 
Board [5d 6s Qh 2c]
Seat 1: puntar18 (small blind) folded on the Turn
Seat 2: Mahu2021 (big blind) collected (180)
Seat 3: deanmillingt (button) folded on the Turn



PokerStars Hand #243276619259: Tournament #3581705589, $0.92+$0.08 USD Hold'em No Limit - Level II (15/30) - 2023/04/23 22:10:30 CET [2023/04/23 16:10:30 ET]
Table '3581705589 1' 3-max Seat #1 is the button
Seat 1: puntar18 (550 in chips) 
Seat 2: Mahu2021 (650 in chips) 
Seat 3: deanmillingt (300 in chips) 
Mahu2021: posts small blind 15
deanmillingt: posts big blind 30
*** HOLE CARDS ***
Dealt to Mahu2021 [6h 4h]
puntar18: folds 
Mahu2021: calls 15
deanmillingt: checks 
*** FLOP *** [6c 3c 8h]
Mahu2021: bets 60
deanmillingt: raises 210 to 270 and is all-in
Mahu2021: folds 
Uncalled bet (210) returned to deanmillingt
deanmillingt collected 180 from pot
deanmillingt: doesn't show hand 
*** SUMMARY ***
Total pot 180 | Rake 0 
Board [6c 3c 8h]
Seat 1: puntar18 (button) folded before Flop (didn't bet)
Seat 2: Mahu2021 (small blind) folded on the Flop
Seat 3: deanmillingt (big blind) collected (180)



PokerStars Hand #243276629530: Tournament #3581705589, $0.92+$0.08 USD Hold'em No Limit - Level II (15/30) - 2023/04/23 22:10:51 CET [2023/04/23 16:10:51 ET]
Table '3581705589 1' 3-max Seat #2 is the button
Seat 1: puntar18 (550 in chips) 
Seat 2: Mahu2021 (560 in chips) 
Seat 3: deanmillingt (390 in chips) 
deanmillingt: posts small blind 15
puntar18: posts big blind 30
*** HOLE CARDS ***
Dealt to Mahu2021 [9s 7h]
Mahu2021: folds 
deanmillingt: folds 
Uncalled bet (15) returned to puntar18
puntar18 collected 30 from pot
*** SUMMARY ***
Total pot 30 | Rake 0 
Seat 1: puntar18 (big blind) collected (30)
Seat 2: Mahu2021 (button) folded before Flop (didn't bet)
Seat 3: deanmillingt (small blind) folded before Flop



PokerStars Hand #243276632287: Tournament #3581705589, $0.92+$0.08 USD Hold'em No Limit - Level II (15/30) - 2023/04/23 22:10:57 CET [2023/04/23 16:10:57 ET]
Table '3581705589 1' 3-max Seat #3 is the button
Seat 1: puntar18 (565 in chips) 
Seat 2: Mahu2021 (560 in chips) 
Seat 3: deanmillingt (375 in chips) 
puntar18: posts small blind 15
Mahu2021: posts big blind 30
*** HOLE CARDS ***
Dealt to Mahu2021 [6d 2s]
deanmillingt: folds 
puntar18: calls 15
Mahu2021: checks 
*** FLOP *** [Js Th 7c]
puntar18: checks 
Mahu2021: bets 30
puntar18: folds 
Uncalled bet (30) returned to Mahu2021
Mahu2021 collected 60 from pot
Mahu2021: doesn't show hand 
*** SUMMARY ***
Total pot 60 | Rake 0 
Board [Js Th 7c]
Seat 1: puntar18 (small blind) folded on the Flop
Seat 2: Mahu2021 (big blind) collected (60)
Seat 3: deanmillingt (button) folded before Flop (didn't bet)



PokerStars Hand #243276638097: Tournament #3581705589, $0.92+$0.08 USD Hold'em No Limit - Level II (15/30) - 2023/04/23 22:11:09 CET [2023/04/23 16:11:09 ET]
Table '3581705589 1' 3-max Seat #1 is the button
Seat 1: puntar18 (535 in chips) 
Seat 2: Mahu2021 (590 in chips) 
Seat 3: deanmillingt (375 in chips) 
Mahu2021: posts small blind 15
deanmillingt: posts big blind 30
*** HOLE CARDS ***
Dealt to Mahu2021 [3h Jh]
puntar18: calls 30
Mahu2021: calls 15
deanmillingt: raises 90 to 120
puntar18: calls 90
Mahu2021: folds 
*** FLOP *** [Jc Jd Ad]
deanmillingt: checks 
puntar18: bets 90
deanmillingt: raises 165 to 255 and is all-in
puntar18: calls 165
*** TURN *** [Jc Jd Ad] [9d]
*** RIVER *** [Jc Jd Ad 9d] [6h]
*** SHOW DOWN ***
deanmillingt: shows [Kd Kc] (two pair, Kings and Jacks)
puntar18: shows [2c Ac] (two pair, Aces and Jacks)
puntar18 collected 780 from pot
deanmillingt finished the tournament in 3rd place
*** SUMMARY ***
Total pot 780 | Rake 0 
Board [Jc Jd Ad 9d 6h]
Seat 1: puntar18 (button) showed [2c Ac] and won (780) with two pair, Aces and Jacks
Seat 2: Mahu2021 (small blind) folded before Flop
Seat 3: deanmillingt (big blind) showed [Kd Kc] and lost with two pair, Kings and Jacks



PokerStars Hand #243276651229: Tournament #3581705589, $0.92+$0.08 USD Hold'em No Limit - Level II (15/30) - 2023/04/23 22:11:37 CET [2023/04/23 16:11:37 ET]
Table '3581705589 1' 3-max Seat #2 is the button
Seat 1: puntar18 (940 in chips) 
Seat 2: Mahu2021 (560 in chips) 
Mahu2021: posts small blind 15
puntar18: posts big blind 30
*** HOLE CARDS ***
Dealt to Mahu2021 [Ks 7d]
Mahu2021: calls 15
puntar18: checks 
*** FLOP *** [3d Qh Jh]
puntar18: checks 
Mahu2021: checks 
*** TURN *** [3d Qh Jh] [Ac]
puntar18: checks 
Mahu2021: checks 
*** RIVER *** [3d Qh Jh Ac] [Qc]
puntar18: checks 
Mahu2021: checks 
*** SHOW DOWN ***
puntar18: shows [5d 8c] (a pair of Queens)
Mahu2021: shows [Ks 7d] (a pair of Queens - Ace+King kicker)
Mahu2021 collected 60 from pot
*** SUMMARY ***
Total pot 60 | Rake 0 
Board [3d Qh Jh Ac Qc]
Seat 1: puntar18 (big blind) showed [5d 8c] and lost with a pair of Queens
Seat 2: Mahu2021 (button) (small blind) showed [Ks 7d] and won (60) with a pair of Queens



PokerStars Hand #243276658134: Tournament #3581705589, $0.92+$0.08 USD Hold'em No Limit - Level II (15/30) - 2023/04/23 22:11:51 CET [2023/04/23 16:11:51 ET]
Table '3581705589 1' 3-max Seat #1 is the button
Seat 1: puntar18 (910 in chips) 
Seat 2: Mahu2021 (590 in chips) 
puntar18: posts small blind 15
Mahu2021: posts big blind 30
*** HOLE CARDS ***
Dealt to Mahu2021 [As 4c]
puntar18: raises 30 to 60
Mahu2021: calls 30
*** FLOP *** [4s 6d Jd]
Mahu2021: checks 
puntar18: checks 
*** TURN *** [4s 6d Jd] [3d]
Mahu2021: checks 
puntar18: checks 
*** RIVER *** [4s 6d Jd 3d] [4d]
Mahu2021: bets 120
puntar18: raises 120 to 240
Mahu2021: folds 
Uncalled bet (120) returned to puntar18
puntar18 collected 360 from pot
*** SUMMARY ***
Total pot 360 | Rake 0 
Board [4s 6d Jd 3d 4d]
Seat 1: puntar18 (button) (small blind) collected (360)
Seat 2: Mahu2021 (big blind) folded on the River



PokerStars Hand #243276666637: Tournament #3581705589, $0.92+$0.08 USD Hold'em No Limit - Level II (15/30) - 2023/04/23 22:12:09 CET [2023/04/23 16:12:09 ET]
Table '3581705589 1' 3-max Seat #2 is the button
Seat 1: puntar18 (1090 in chips) 
Seat 2: Mahu2021 (410 in chips) 
Mahu2021: posts small blind 15
puntar18: posts big blind 30
*** HOLE CARDS ***
Dealt to Mahu2021 [8s 6d]
Mahu2021: folds 
Uncalled bet (15) returned to puntar18
puntar18 collected 30 from pot
*** SUMMARY ***
Total pot 30 | Rake 0 
Seat 1: puntar18 (big blind) collected (30)
Seat 2: Mahu2021 (button) (small blind) folded before Flop



PokerStars Hand #243276668718: Tournament #3581705589, $0.92+$0.08 USD Hold'em No Limit - Level II (15/30) - 2023/04/23 22:12:13 CET [2023/04/23 16:12:13 ET]
Table '3581705589 1' 3-max Seat #1 is the button
Seat 1: puntar18 (1105 in chips) 
Seat 2: Mahu2021 (395 in chips) 
puntar18: posts small blind 15
Mahu2021: posts big blind 30
*** HOLE CARDS ***
Dealt to Mahu2021 [Td Ac]
puntar18: calls 15
Mahu2021: raises 60 to 90
puntar18: calls 60
*** FLOP *** [2c 7s 2h]
Mahu2021: bets 305 and is all-in
puntar18: folds 
Uncalled bet (305) returned to Mahu2021
Mahu2021 collected 180 from pot
Mahu2021: doesn't show hand 
*** SUMMARY ***
Total pot 180 | Rake 0 
Board [2c 7s 2h]
Seat 1: puntar18 (button) (small blind) folded on the Flop
Seat 2: Mahu2021 (big blind) collected (180)



PokerStars Hand #243276674726: Tournament #3581705589, $0.92+$0.08 USD Hold'em No Limit - Level II (15/30) - 2023/04/23 22:12:26 CET [2023/04/23 16:12:26 ET]
Table '3581705589 1' 3-max Seat #2 is the button
Seat 1: puntar18 (1015 in chips) 
Seat 2: Mahu2021 (485 in chips) 
Mahu2021: posts small blind 15
puntar18: posts big blind 30
*** HOLE CARDS ***
Dealt to Mahu2021 [5d 6h]
Mahu2021: calls 15
puntar18: raises 60 to 90
Mahu2021: calls 60
*** FLOP *** [3h 3c 7s]
puntar18: bets 925 and is all-in
Mahu2021: folds 
Uncalled bet (925) returned to puntar18
puntar18 collected 180 from pot
*** SUMMARY ***
Total pot 180 | Rake 0 
Board [3h 3c 7s]
Seat 1: puntar18 (big blind) collected (180)
Seat 2: Mahu2021 (button) (small blind) folded on the Flop



PokerStars Hand #243276681228: Tournament #3581705589, $0.92+$0.08 USD Hold'em No Limit - Level II (15/30) - 2023/04/23 22:12:40 CET [2023/04/23 16:12:40 ET]
Table '3581705589 1' 3-max Seat #1 is the button
Seat 1: puntar18 (1105 in chips) 
Seat 2: Mahu2021 (395 in chips) 
puntar18: posts small blind 15
Mahu2021: posts big blind 30
*** HOLE CARDS ***
Dealt to Mahu2021 [Jh Kd]
puntar18: calls 15
Mahu2021: raises 60 to 90
puntar18: calls 60
*** FLOP *** [5s 9d 2h]
Mahu2021: checks 
puntar18: checks 
*** TURN *** [5s 9d 2h] [3h]
Mahu2021: checks 
puntar18: checks 
*** RIVER *** [5s 9d 2h 3h] [5d]
Mahu2021: checks 
puntar18: checks 
*** SHOW DOWN ***
Mahu2021: shows [Jh Kd] (a pair of Fives)
puntar18: mucks hand 
Mahu2021 collected 180 from pot
*** SUMMARY ***
Total pot 180 | Rake 0 
Board [5s 9d 2h 3h 5d]
Seat 1: puntar18 (button) (small blind) mucked [Js Qh]
Seat 2: Mahu2021 (big blind) showed [Jh Kd] and won (180) with a pair of Fives



PokerStars Hand #243276690589: Tournament #3581705589, $0.92+$0.08 USD Hold'em No Limit - Level III (20/40) - 2023/04/23 22:12:59 CET [2023/04/23 16:12:59 ET]
Table '3581705589 1' 3-max Seat #2 is the button
Seat 1: puntar18 (1015 in chips) 
Seat 2: Mahu2021 (485 in chips) 
Mahu2021: posts small blind 20
puntar18: posts big blind 40
*** HOLE CARDS ***
Dealt to Mahu2021 [6s 4h]
Mahu2021: folds 
Uncalled bet (20) returned to puntar18
puntar18 collected 40 from pot
*** SUMMARY ***
Total pot 40 | Rake 0 
Seat 1: puntar18 (big blind) collected (40)
Seat 2: Mahu2021 (button) (small blind) folded before Flop



PokerStars Hand #243276692610: Tournament #3581705589, $0.92+$0.08 USD Hold'em No Limit - Level III (20/40) - 2023/04/23 22:13:04 CET [2023/04/23 16:13:04 ET]
Table '3581705589 1' 3-max Seat #1 is the button
Seat 1: puntar18 (1035 in chips) 
Seat 2: Mahu2021 (465 in chips) 
puntar18: posts small blind 20
Mahu2021: posts big blind 40
*** HOLE CARDS ***
Dealt to Mahu2021 [3c Qs]
puntar18: calls 20
Mahu2021: checks 
*** FLOP *** [2d 4c Js]
Mahu2021: checks 
puntar18: bets 995 and is all-in
Mahu2021: folds 
Uncalled bet (995) returned to puntar18
puntar18 collected 80 from pot
*** SUMMARY ***
Total pot 80 | Rake 0 
Board [2d 4c Js]
Seat 1: puntar18 (button) (small blind) collected (80)
Seat 2: Mahu2021 (big blind) folded on the Flop



PokerStars Hand #243276698660: Tournament #3581705589, $0.92+$0.08 USD Hold'em No Limit - Level III (20/40) - 2023/04/23 22:13:16 CET [2023/04/23 16:13:16 ET]
Table '3581705589 1' 3-max Seat #2 is the button
Seat 1: puntar18 (1075 in chips) 
Seat 2: Mahu2021 (425 in chips) 
Mahu2021: posts small blind 20
puntar18: posts big blind 40
*** HOLE CARDS ***
Dealt to Mahu2021 [8d 9c]
Mahu2021: calls 20
puntar18: raises 80 to 120
Mahu2021: calls 80
*** FLOP *** [Qs 7s 4c]
puntar18: checks 
Mahu2021: checks 
*** TURN *** [Qs 7s 4c] [2s]
puntar18: checks 
Mahu2021: bets 240
puntar18: calls 240
*** RIVER *** [Qs 7s 4c 2s] [5d]
puntar18: bets 715 and is all-in
Mahu2021: folds 
Uncalled bet (715) returned to puntar18
puntar18 collected 720 from pot
*** SUMMARY ***
Total pot 720 | Rake 0 
Board [Qs 7s 4c 2s 5d]
Seat 1: puntar18 (big blind) collected (720)
Seat 2: Mahu2021 (button) (small blind) folded on the River



PokerStars Hand #243276710791: Tournament #3581705589, $0.92+$0.08 USD Hold'em No Limit - Level III (20/40) - 2023/04/23 22:13:42 CET [2023/04/23 16:13:42 ET]
Table '3581705589 1' 3-max Seat #1 is the button
Seat 1: puntar18 (1435 in chips) 
Seat 2: Mahu2021 (65 in chips) 
puntar18: posts small blind 20
Mahu2021: posts big blind 40
*** HOLE CARDS ***
Dealt to Mahu2021 [Th Qd]
puntar18: calls 20
Mahu2021: raises 25 to 65 and is all-in
puntar18: calls 25
*** FLOP *** [As 8d 5c]
*** TURN *** [As 8d 5c] [2d]
*** RIVER *** [As 8d 5c 2d] [Kd]
*** SHOW DOWN ***
Mahu2021: shows [Th Qd] (high card Ace)
puntar18: shows [Qh 3s] (high card Ace - lower kicker)
Mahu2021 collected 130 from pot
*** SUMMARY ***
Total pot 130 | Rake 0 
Board [As 8d 5c 2d Kd]
Seat 1: puntar18 (button) (small blind) showed [Qh 3s] and lost with high card Ace
Seat 2: Mahu2021 (big blind) showed [Th Qd] and won (130) with high card Ace



PokerStars Hand #243276717449: Tournament #3581705589, $0.92+$0.08 USD Hold'em No Limit - Level III (20/40) - 2023/04/23 22:13:56 CET [2023/04/23 16:13:56 ET]
Table '3581705589 1' 3-max Seat #2 is the button
Seat 1: puntar18 (1370 in chips) 
Seat 2: Mahu2021 (130 in chips) 
Mahu2021: posts small blind 20
puntar18: posts big blind 40
*** HOLE CARDS ***
Dealt to Mahu2021 [3s 5d]
Mahu2021: folds 
Uncalled bet (20) returned to puntar18
puntar18 collected 40 from pot
*** SUMMARY ***
Total pot 40 | Rake 0 
Seat 1: puntar18 (big blind) collected (40)
Seat 2: Mahu2021 (button) (small blind) folded before Flop



PokerStars Hand #243276719605: Tournament #3581705589, $0.92+$0.08 USD Hold'em No Limit - Level III (20/40) - 2023/04/23 22:14:00 CET [2023/04/23 16:14:00 ET]
Table '3581705589 1' 3-max Seat #1 is the button
Seat 1: puntar18 (1390 in chips) 
Seat 2: Mahu2021 (110 in chips) 
puntar18: posts small blind 20
Mahu2021: posts big blind 40
*** HOLE CARDS ***
Dealt to Mahu2021 [2s Ts]
puntar18: raises 40 to 80
Mahu2021: raises 30 to 110 and is all-in
puntar18: calls 30
*** FLOP *** [7d Qc 2d]
*** TURN *** [7d Qc 2d] [Jh]
*** RIVER *** [7d Qc 2d Jh] [3c]
*** SHOW DOWN ***
Mahu2021: shows [2s Ts] (a pair of Deuces)
puntar18: shows [2c Ah] (a pair of Deuces - Ace kicker)
puntar18 collected 220 from pot
Mahu2021 finished the tournament in 2nd place
puntar18 wins the tournament and receives $3.00 - congratulations!
*** SUMMARY ***
Total pot 220 | Rake 0 
Board [7d Qc 2d Jh 3c]
Seat 1: puntar18 (button) (small blind) showed [2c Ah] and won (220) with a pair of Deuces
Seat 2: Mahu2021 (big blind) showed [2s Ts] and lost with a pair of Deuces



