PokerStars Hand #254363077491: Tournament #3846680104, $4.60+$0.40 USD Hold'em No Limit - Level I (10/20) - 2025/01/14 9:28:51 CET [2025/01/14 3:28:51 ET]
Table '3846680104 1' 3-max Seat #1 is the button
Seat 1: Knaosidjas (500 in chips) 
Seat 2: Mahu2021 (500 in chips) 
Seat 3: FresHHerB (500 in chips) 
Mahu2021: posts small blind 10
FresHHerB: posts big blind 20
*** HOLE CARDS ***
Dealt to Mahu2021 [7h 8d]
Knaosidjas: folds 
Mahu2021: raises 20 to 40
FresHHerB: raises 460 to 500 and is all-in
Mahu2021: folds 
Uncalled bet (460) returned to FresHHerB
FresHHerB collected 80 from pot
FresHHerB: doesn't show hand 
*** SUMMARY ***
Total pot 80 | Rake 0 
Seat 1: Knaosidjas (button) folded before Flop (didn't bet)
Seat 2: Mahu2021 (small blind) folded before Flop
Seat 3: FresHHerB (big blind) collected (80)



PokerStars Hand #254363078148: Tournament #3846680104, $4.60+$0.40 USD Hold'em No Limit - Level I (10/20) - 2025/01/14 9:29:00 CET [2025/01/14 3:29:00 ET]
Table '3846680104 1' 3-max Seat #2 is the button
Seat 1: Knaosidjas (500 in chips) 
Seat 2: Mahu2021 (460 in chips) 
Seat 3: FresHHerB (540 in chips) 
FresHHerB: posts small blind 10
Knaosidjas: posts big blind 20
*** HOLE CARDS ***
Dealt to Mahu2021 [4c Qc]
Mahu2021: folds 
FresHHerB: raises 20 to 40
Knaosidjas: calls 20
*** FLOP *** [7d 5c 3s]
FresHHerB: bets 101
Knaosidjas: folds 
Uncalled bet (101) returned to FresHHerB
FresHHerB collected 80 from pot
FresHHerB: doesn't show hand 
*** SUMMARY ***
Total pot 80 | Rake 0 
Board [7d 5c 3s]
Seat 1: Knaosidjas (big blind) folded on the Flop
Seat 2: Mahu2021 (button) folded before Flop (didn't bet)
Seat 3: FresHHerB (small blind) collected (80)



PokerStars Hand #254363079918: Tournament #3846680104, $4.60+$0.40 USD Hold'em No Limit - Level I (10/20) - 2025/01/14 9:29:23 CET [2025/01/14 3:29:23 ET]
Table '3846680104 1' 3-max Seat #3 is the button
Seat 1: Knaosidjas (460 in chips) 
Seat 2: Mahu2021 (460 in chips) 
Seat 3: FresHHerB (580 in chips) 
Knaosidjas: posts small blind 10
Mahu2021: posts big blind 20
*** HOLE CARDS ***
Dealt to Mahu2021 [6h 2h]
FresHHerB: folds 
Knaosidjas: raises 20 to 40
Mahu2021: calls 20
*** FLOP *** [8d 2s 3c]
Knaosidjas: bets 20
Mahu2021: calls 20
*** TURN *** [8d 2s 3c] [6s]
Knaosidjas: checks 
Mahu2021: bets 40
Knaosidjas: calls 40
*** RIVER *** [8d 2s 3c 6s] [Ts]
Knaosidjas: checks 
Mahu2021: checks 
*** SHOW DOWN ***
Knaosidjas: shows [Kd 4h] (high card King)
Mahu2021: shows [6h 2h] (two pair, Sixes and Deuces)
Mahu2021 collected 200 from pot
*** SUMMARY ***
Total pot 200 | Rake 0 
Board [8d 2s 3c 6s Ts]
Seat 1: Knaosidjas (small blind) showed [Kd 4h] and lost with high card King
Seat 2: Mahu2021 (big blind) showed [6h 2h] and won (200) with two pair, Sixes and Deuces
Seat 3: FresHHerB (button) folded before Flop (didn't bet)



PokerStars Hand #254363081396: Tournament #3846680104, $4.60+$0.40 USD Hold'em No Limit - Level I (10/20) - 2025/01/14 9:29:41 CET [2025/01/14 3:29:41 ET]
Table '3846680104 1' 3-max Seat #1 is the button
Seat 1: Knaosidjas (360 in chips) 
Seat 2: Mahu2021 (560 in chips) 
Seat 3: FresHHerB (580 in chips) 
Mahu2021: posts small blind 10
FresHHerB: posts big blind 20
*** HOLE CARDS ***
Dealt to Mahu2021 [3s Qs]
Knaosidjas: folds 
Mahu2021: raises 20 to 40
FresHHerB: raises 540 to 580 and is all-in
Mahu2021: folds 
Uncalled bet (540) returned to FresHHerB
FresHHerB collected 80 from pot
FresHHerB: doesn't show hand 
*** SUMMARY ***
Total pot 80 | Rake 0 
Seat 1: Knaosidjas (button) folded before Flop (didn't bet)
Seat 2: Mahu2021 (small blind) folded before Flop
Seat 3: FresHHerB (big blind) collected (80)



PokerStars Hand #254363082212: Tournament #3846680104, $4.60+$0.40 USD Hold'em No Limit - Level I (10/20) - 2025/01/14 9:29:52 CET [2025/01/14 3:29:52 ET]
Table '3846680104 1' 3-max Seat #2 is the button
Seat 1: Knaosidjas (360 in chips) 
Seat 2: Mahu2021 (520 in chips) 
Seat 3: FresHHerB (620 in chips) 
FresHHerB: posts small blind 10
Knaosidjas: posts big blind 20
*** HOLE CARDS ***
Dealt to Mahu2021 [Kh 8h]
Mahu2021: raises 20 to 40
FresHHerB: folds 
Knaosidjas: calls 20
*** FLOP *** [9d 4c 8c]
Knaosidjas: checks 
Mahu2021: bets 40
Knaosidjas: calls 40
*** TURN *** [9d 4c 8c] [6d]
Knaosidjas: checks 
Mahu2021: checks 
*** RIVER *** [9d 4c 8c 6d] [Jh]
Knaosidjas: checks 
Mahu2021: checks 
*** SHOW DOWN ***
Knaosidjas: shows [6h 7d] (a pair of Sixes)
Mahu2021: shows [Kh 8h] (a pair of Eights)
Mahu2021 collected 170 from pot
*** SUMMARY ***
Total pot 170 | Rake 0 
Board [9d 4c 8c 6d Jh]
Seat 1: Knaosidjas (big blind) showed [6h 7d] and lost with a pair of Sixes
Seat 2: Mahu2021 (button) showed [Kh 8h] and won (170) with a pair of Eights
Seat 3: FresHHerB (small blind) folded before Flop



PokerStars Hand #254363083623: Tournament #3846680104, $4.60+$0.40 USD Hold'em No Limit - Level I (10/20) - 2025/01/14 9:30:10 CET [2025/01/14 3:30:10 ET]
Table '3846680104 1' 3-max Seat #3 is the button
Seat 1: Knaosidjas (280 in chips) 
Seat 2: Mahu2021 (610 in chips) 
Seat 3: FresHHerB (610 in chips) 
Knaosidjas: posts small blind 10
Mahu2021: posts big blind 20
*** HOLE CARDS ***
Dealt to Mahu2021 [Ts Kh]
FresHHerB: raises 20 to 40
Knaosidjas: raises 20 to 60
Mahu2021: folds 
FresHHerB: calls 20
*** FLOP *** [Kc 4s 7d]
Knaosidjas: bets 220 and is all-in
FresHHerB: calls 220
*** TURN *** [Kc 4s 7d] [Ks]
*** RIVER *** [Kc 4s 7d Ks] [Ah]
*** SHOW DOWN ***
Knaosidjas: shows [Jc Jh] (two pair, Kings and Jacks)
FresHHerB: shows [Kd Td] (three of a kind, Kings)
FresHHerB collected 580 from pot
Knaosidjas finished the tournament in 3rd place
*** SUMMARY ***
Total pot 580 | Rake 0 
Board [Kc 4s 7d Ks Ah]
Seat 1: Knaosidjas (small blind) showed [Jc Jh] and lost with two pair, Kings and Jacks
Seat 2: Mahu2021 (big blind) folded before Flop
Seat 3: FresHHerB (button) showed [Kd Td] and won (580) with three of a kind, Kings



PokerStars Hand #254363085304: Tournament #3846680104, $4.60+$0.40 USD Hold'em No Limit - Level I (10/20) - 2025/01/14 9:30:31 CET [2025/01/14 3:30:31 ET]
Table '3846680104 1' 3-max Seat #2 is the button
Seat 2: Mahu2021 (590 in chips) 
Seat 3: FresHHerB (910 in chips) 
Mahu2021: posts small blind 10
FresHHerB: posts big blind 20
*** HOLE CARDS ***
Dealt to Mahu2021 [4c 6d]
Mahu2021: folds 
Uncalled bet (10) returned to FresHHerB
FresHHerB collected 20 from pot
FresHHerB: doesn't show hand 
*** SUMMARY ***
Total pot 20 | Rake 0 
Seat 2: Mahu2021 (button) (small blind) folded before Flop
Seat 3: FresHHerB (big blind) collected (20)



PokerStars Hand #254363085694: Tournament #3846680104, $4.60+$0.40 USD Hold'em No Limit - Level I (10/20) - 2025/01/14 9:30:36 CET [2025/01/14 3:30:36 ET]
Table '3846680104 1' 3-max Seat #3 is the button
Seat 2: Mahu2021 (580 in chips) 
Seat 3: FresHHerB (920 in chips) 
FresHHerB: posts small blind 10
Mahu2021: posts big blind 20
*** HOLE CARDS ***
Dealt to Mahu2021 [8s 7d]
FresHHerB: calls 10
Mahu2021: checks 
*** FLOP *** [Ah Kh As]
Mahu2021: checks 
FresHHerB: bets 20
Mahu2021: folds 
Uncalled bet (20) returned to FresHHerB
FresHHerB collected 40 from pot
FresHHerB: doesn't show hand 
*** SUMMARY ***
Total pot 40 | Rake 0 
Board [Ah Kh As]
Seat 2: Mahu2021 (big blind) folded on the Flop
Seat 3: FresHHerB (button) (small blind) collected (40)



PokerStars Hand #254363086343: Tournament #3846680104, $4.60+$0.40 USD Hold'em No Limit - Level I (10/20) - 2025/01/14 9:30:45 CET [2025/01/14 3:30:45 ET]
Table '3846680104 1' 3-max Seat #2 is the button
Seat 2: Mahu2021 (560 in chips) 
Seat 3: FresHHerB (940 in chips) 
Mahu2021: posts small blind 10
FresHHerB: posts big blind 20
*** HOLE CARDS ***
Dealt to Mahu2021 [8d 6d]
Mahu2021: calls 10
FresHHerB: checks 
*** FLOP *** [5s 7h As]
FresHHerB: checks 
Mahu2021: bets 40
FresHHerB: calls 40
*** TURN *** [5s 7h As] [Jd]
FresHHerB: checks 
Mahu2021: checks 
*** RIVER *** [5s 7h As Jd] [Ks]
FresHHerB: bets 30
Mahu2021: folds 
Uncalled bet (30) returned to FresHHerB
FresHHerB collected 120 from pot
FresHHerB: doesn't show hand 
*** SUMMARY ***
Total pot 120 | Rake 0 
Board [5s 7h As Jd Ks]
Seat 2: Mahu2021 (button) (small blind) folded on the River
Seat 3: FresHHerB (big blind) collected (120)



PokerStars Hand #254363088542: Tournament #3846680104, $4.60+$0.40 USD Hold'em No Limit - Level I (10/20) - 2025/01/14 9:31:13 CET [2025/01/14 3:31:13 ET]
Table '3846680104 1' 3-max Seat #3 is the button
Seat 2: Mahu2021 (500 in chips) 
Seat 3: FresHHerB (1000 in chips) 
FresHHerB: posts small blind 10
Mahu2021: posts big blind 20
*** HOLE CARDS ***
Dealt to Mahu2021 [Jc 2h]
FresHHerB: calls 10
Mahu2021: checks 
*** FLOP *** [2s 3c 7d]
Mahu2021: checks 
FresHHerB: bets 20
Mahu2021: calls 20
*** TURN *** [2s 3c 7d] [Qh]
Mahu2021: checks 
FresHHerB: bets 80
Mahu2021: folds 
Uncalled bet (80) returned to FresHHerB
FresHHerB collected 80 from pot
FresHHerB: doesn't show hand 
*** SUMMARY ***
Total pot 80 | Rake 0 
Board [2s 3c 7d Qh]
Seat 2: Mahu2021 (big blind) folded on the Turn
Seat 3: FresHHerB (button) (small blind) collected (80)



PokerStars Hand #254363089970: Tournament #3846680104, $4.60+$0.40 USD Hold'em No Limit - Level I (10/20) - 2025/01/14 9:31:31 CET [2025/01/14 3:31:31 ET]
Table '3846680104 1' 3-max Seat #2 is the button
Seat 2: Mahu2021 (460 in chips) 
Seat 3: FresHHerB (1040 in chips) 
Mahu2021: posts small blind 10
FresHHerB: posts big blind 20
*** HOLE CARDS ***
Dealt to Mahu2021 [Qs 2s]
Mahu2021: raises 20 to 40
FresHHerB: raises 1000 to 1040 and is all-in
Mahu2021: folds 
Uncalled bet (1000) returned to FresHHerB
FresHHerB collected 80 from pot
FresHHerB: doesn't show hand 
*** SUMMARY ***
Total pot 80 | Rake 0 
Seat 2: Mahu2021 (button) (small blind) folded before Flop
Seat 3: FresHHerB (big blind) collected (80)



PokerStars Hand #254363092188: Tournament #3846680104, $4.60+$0.40 USD Hold'em No Limit - Level II (15/30) - 2025/01/14 9:32:00 CET [2025/01/14 3:32:00 ET]
Table '3846680104 1' 3-max Seat #3 is the button
Seat 2: Mahu2021 (420 in chips) 
Seat 3: FresHHerB (1080 in chips) 
FresHHerB: posts small blind 15
Mahu2021: posts big blind 30
*** HOLE CARDS ***
Dealt to Mahu2021 [Ks 7c]
FresHHerB: calls 15
Mahu2021: raises 390 to 420 and is all-in
FresHHerB: folds 
Uncalled bet (390) returned to Mahu2021
Mahu2021 collected 60 from pot
Mahu2021: doesn't show hand 
*** SUMMARY ***
Total pot 60 | Rake 0 
Seat 2: Mahu2021 (big blind) collected (60)
Seat 3: FresHHerB (button) (small blind) folded before Flop



PokerStars Hand #254363092901: Tournament #3846680104, $4.60+$0.40 USD Hold'em No Limit - Level II (15/30) - 2025/01/14 9:32:09 CET [2025/01/14 3:32:09 ET]
Table '3846680104 1' 3-max Seat #2 is the button
Seat 2: Mahu2021 (450 in chips) 
Seat 3: FresHHerB (1050 in chips) 
Mahu2021: posts small blind 15
FresHHerB: posts big blind 30
*** HOLE CARDS ***
Dealt to Mahu2021 [Ac 6c]
Mahu2021: raises 30 to 60
FresHHerB: raises 990 to 1050 and is all-in
Mahu2021: calls 390 and is all-in
Uncalled bet (600) returned to FresHHerB
*** FLOP *** [Kc 6h 2c]
*** TURN *** [Kc 6h 2c] [Qc]
*** RIVER *** [Kc 6h 2c Qc] [Kh]
*** SHOW DOWN ***
FresHHerB: shows [3c 3h] (two pair, Kings and Threes)
Mahu2021: shows [Ac 6c] (a flush, Ace high)
Mahu2021 collected 900 from pot
*** SUMMARY ***
Total pot 900 | Rake 0 
Board [Kc 6h 2c Qc Kh]
Seat 2: Mahu2021 (button) (small blind) showed [Ac 6c] and won (900) with a flush, Ace high
Seat 3: FresHHerB (big blind) showed [3c 3h] and lost with two pair, Kings and Threes



PokerStars Hand #254363094043: Tournament #3846680104, $4.60+$0.40 USD Hold'em No Limit - Level II (15/30) - 2025/01/14 9:32:23 CET [2025/01/14 3:32:23 ET]
Table '3846680104 1' 3-max Seat #3 is the button
Seat 2: Mahu2021 (900 in chips) 
Seat 3: FresHHerB (600 in chips) 
FresHHerB: posts small blind 15
Mahu2021: posts big blind 30
*** HOLE CARDS ***
Dealt to Mahu2021 [9h 7h]
FresHHerB: raises 30 to 60
Mahu2021: calls 30
*** FLOP *** [2d 2s 3d]
Mahu2021: checks 
FresHHerB: checks 
*** TURN *** [2d 2s 3d] [4h]
Mahu2021: checks 
FresHHerB: checks 
*** RIVER *** [2d 2s 3d 4h] [6h]
Mahu2021: bets 60
FresHHerB: folds 
Uncalled bet (60) returned to Mahu2021
Mahu2021 collected 120 from pot
Mahu2021: doesn't show hand 
*** SUMMARY ***
Total pot 120 | Rake 0 
Board [2d 2s 3d 4h 6h]
Seat 2: Mahu2021 (big blind) collected (120)
Seat 3: FresHHerB (button) (small blind) folded on the River



PokerStars Hand #254363095297: Tournament #3846680104, $4.60+$0.40 USD Hold'em No Limit - Level II (15/30) - 2025/01/14 9:32:39 CET [2025/01/14 3:32:39 ET]
Table '3846680104 1' 3-max Seat #2 is the button
Seat 2: Mahu2021 (960 in chips) 
Seat 3: FresHHerB (540 in chips) 
Mahu2021: posts small blind 15
FresHHerB: posts big blind 30
*** HOLE CARDS ***
Dealt to Mahu2021 [5h Kd]
Mahu2021: raises 30 to 60
FresHHerB: calls 30
*** FLOP *** [8s 7h 8d]
FresHHerB: checks 
Mahu2021: checks 
*** TURN *** [8s 7h 8d] [5d]
FresHHerB: checks 
Mahu2021: bets 120
FresHHerB: folds 
Uncalled bet (120) returned to Mahu2021
Mahu2021 collected 120 from pot
Mahu2021: doesn't show hand 
*** SUMMARY ***
Total pot 120 | Rake 0 
Board [8s 7h 8d 5d]
Seat 2: Mahu2021 (button) (small blind) collected (120)
Seat 3: FresHHerB (big blind) folded on the Turn



PokerStars Hand #254363096425: Tournament #3846680104, $4.60+$0.40 USD Hold'em No Limit - Level II (15/30) - 2025/01/14 9:32:54 CET [2025/01/14 3:32:54 ET]
Table '3846680104 1' 3-max Seat #3 is the button
Seat 2: Mahu2021 (1020 in chips) 
Seat 3: FresHHerB (480 in chips) 
FresHHerB: posts small blind 15
Mahu2021: posts big blind 30
*** HOLE CARDS ***
Dealt to Mahu2021 [2c Qh]
FresHHerB: raises 30 to 60
Mahu2021: calls 30
*** FLOP *** [Qs Qc 9c]
Mahu2021: checks 
FresHHerB: bets 30
Mahu2021: calls 30
*** TURN *** [Qs Qc 9c] [6d]
Mahu2021: checks 
FresHHerB: checks 
*** RIVER *** [Qs Qc 9c 6d] [Th]
Mahu2021: checks 
FresHHerB: checks 
*** SHOW DOWN ***
Mahu2021: shows [2c Qh] (three of a kind, Queens)
FresHHerB: mucks hand 
Mahu2021 collected 180 from pot
*** SUMMARY ***
Total pot 180 | Rake 0 
Board [Qs Qc 9c 6d Th]
Seat 2: Mahu2021 (big blind) showed [2c Qh] and won (180) with three of a kind, Queens
Seat 3: FresHHerB (button) (small blind) mucked [Ks 4d]



PokerStars Hand #254363097966: Tournament #3846680104, $4.60+$0.40 USD Hold'em No Limit - Level II (15/30) - 2025/01/14 9:33:14 CET [2025/01/14 3:33:14 ET]
Table '3846680104 1' 3-max Seat #2 is the button
Seat 2: Mahu2021 (1110 in chips) 
Seat 3: FresHHerB (390 in chips) 
Mahu2021: posts small blind 15
FresHHerB: posts big blind 30
*** HOLE CARDS ***
Dealt to Mahu2021 [6h 7s]
Mahu2021: calls 15
FresHHerB: checks 
*** FLOP *** [Qs Td 8c]
FresHHerB: checks 
Mahu2021: bets 30
FresHHerB: raises 60 to 90
Mahu2021: folds 
Uncalled bet (60) returned to FresHHerB
FresHHerB collected 120 from pot
FresHHerB: doesn't show hand 
*** SUMMARY ***
Total pot 120 | Rake 0 
Board [Qs Td 8c]
Seat 2: Mahu2021 (button) (small blind) folded on the Flop
Seat 3: FresHHerB (big blind) collected (120)



PokerStars Hand #254363099176: Tournament #3846680104, $4.60+$0.40 USD Hold'em No Limit - Level II (15/30) - 2025/01/14 9:33:29 CET [2025/01/14 3:33:29 ET]
Table '3846680104 1' 3-max Seat #3 is the button
Seat 2: Mahu2021 (1050 in chips) 
Seat 3: FresHHerB (450 in chips) 
FresHHerB: posts small blind 15
Mahu2021: posts big blind 30
*** HOLE CARDS ***
Dealt to Mahu2021 [8s 4s]
FresHHerB: calls 15
Mahu2021: checks 
*** FLOP *** [6d 7s Td]
Mahu2021: checks 
FresHHerB: checks 
*** TURN *** [6d 7s Td] [Ad]
Mahu2021: checks 
FresHHerB: bets 60
Mahu2021: folds 
Uncalled bet (60) returned to FresHHerB
FresHHerB collected 60 from pot
FresHHerB: doesn't show hand 
*** SUMMARY ***
Total pot 60 | Rake 0 
Board [6d 7s Td Ad]
Seat 2: Mahu2021 (big blind) folded on the Turn
Seat 3: FresHHerB (button) (small blind) collected (60)



PokerStars Hand #254363100033: Tournament #3846680104, $4.60+$0.40 USD Hold'em No Limit - Level II (15/30) - 2025/01/14 9:33:40 CET [2025/01/14 3:33:40 ET]
Table '3846680104 1' 3-max Seat #2 is the button
Seat 2: Mahu2021 (1020 in chips) 
Seat 3: FresHHerB (480 in chips) 
Mahu2021: posts small blind 15
FresHHerB: posts big blind 30
*** HOLE CARDS ***
Dealt to Mahu2021 [2h 7d]
Mahu2021: folds 
Uncalled bet (15) returned to FresHHerB
FresHHerB collected 30 from pot
FresHHerB: doesn't show hand 
*** SUMMARY ***
Total pot 30 | Rake 0 
Seat 2: Mahu2021 (button) (small blind) folded before Flop
Seat 3: FresHHerB (big blind) collected (30)



PokerStars Hand #254363100393: Tournament #3846680104, $4.60+$0.40 USD Hold'em No Limit - Level II (15/30) - 2025/01/14 9:33:45 CET [2025/01/14 3:33:45 ET]
Table '3846680104 1' 3-max Seat #3 is the button
Seat 2: Mahu2021 (1005 in chips) 
Seat 3: FresHHerB (495 in chips) 
FresHHerB: posts small blind 15
Mahu2021: posts big blind 30
*** HOLE CARDS ***
Dealt to Mahu2021 [Jh Td]
FresHHerB: calls 15
Mahu2021: checks 
*** FLOP *** [5h 4d Qc]
Mahu2021: checks 
FresHHerB: bets 30
Mahu2021: folds 
Uncalled bet (30) returned to FresHHerB
FresHHerB collected 60 from pot
FresHHerB: doesn't show hand 
*** SUMMARY ***
Total pot 60 | Rake 0 
Board [5h 4d Qc]
Seat 2: Mahu2021 (big blind) folded on the Flop
Seat 3: FresHHerB (button) (small blind) collected (60)



PokerStars Hand #254363101103: Tournament #3846680104, $4.60+$0.40 USD Hold'em No Limit - Level II (15/30) - 2025/01/14 9:33:54 CET [2025/01/14 3:33:54 ET]
Table '3846680104 1' 3-max Seat #2 is the button
Seat 2: Mahu2021 (975 in chips) 
Seat 3: FresHHerB (525 in chips) 
Mahu2021: posts small blind 15
FresHHerB: posts big blind 30
*** HOLE CARDS ***
Dealt to Mahu2021 [Kh Qs]
Mahu2021: raises 30 to 60
FresHHerB: calls 30
*** FLOP *** [2h Ad 6d]
FresHHerB: checks 
Mahu2021: bets 60
FresHHerB: folds 
Uncalled bet (60) returned to Mahu2021
Mahu2021 collected 120 from pot
Mahu2021: doesn't show hand 
*** SUMMARY ***
Total pot 120 | Rake 0 
Board [2h Ad 6d]
Seat 2: Mahu2021 (button) (small blind) collected (120)
Seat 3: FresHHerB (big blind) folded on the Flop



PokerStars Hand #254363101959: Tournament #3846680104, $4.60+$0.40 USD Hold'em No Limit - Level II (15/30) - 2025/01/14 9:34:05 CET [2025/01/14 3:34:05 ET]
Table '3846680104 1' 3-max Seat #3 is the button
Seat 2: Mahu2021 (1035 in chips) 
Seat 3: FresHHerB (465 in chips) 
FresHHerB: posts small blind 15
Mahu2021: posts big blind 30
*** HOLE CARDS ***
Dealt to Mahu2021 [Qs 4d]
FresHHerB: calls 15
Mahu2021: checks 
*** FLOP *** [8s 6h Js]
Mahu2021: checks 
FresHHerB: bets 30
Mahu2021: calls 30
*** TURN *** [8s 6h Js] [3h]
Mahu2021: checks 
FresHHerB: checks 
*** RIVER *** [8s 6h Js 3h] [4h]
Mahu2021: bets 60
FresHHerB: folds 
Uncalled bet (60) returned to Mahu2021
Mahu2021 collected 120 from pot
Mahu2021: doesn't show hand 
*** SUMMARY ***
Total pot 120 | Rake 0 
Board [8s 6h Js 3h 4h]
Seat 2: Mahu2021 (big blind) collected (120)
Seat 3: FresHHerB (button) (small blind) folded on the River



PokerStars Hand #254363103154: Tournament #3846680104, $4.60+$0.40 USD Hold'em No Limit - Level II (15/30) - 2025/01/14 9:34:20 CET [2025/01/14 3:34:20 ET]
Table '3846680104 1' 3-max Seat #2 is the button
Seat 2: Mahu2021 (1095 in chips) 
Seat 3: FresHHerB (405 in chips) 
Mahu2021: posts small blind 15
FresHHerB: posts big blind 30
*** HOLE CARDS ***
Dealt to Mahu2021 [9c As]
Mahu2021: raises 30 to 60
FresHHerB: calls 30
*** FLOP *** [Kh Kc Td]
FresHHerB: checks 
Mahu2021: bets 60
FresHHerB: folds 
Uncalled bet (60) returned to Mahu2021
Mahu2021 collected 120 from pot
Mahu2021: doesn't show hand 
*** SUMMARY ***
Total pot 120 | Rake 0 
Board [Kh Kc Td]
Seat 2: Mahu2021 (button) (small blind) collected (120)
Seat 3: FresHHerB (big blind) folded on the Flop



PokerStars Hand #254363104050: Tournament #3846680104, $4.60+$0.40 USD Hold'em No Limit - Level II (15/30) - 2025/01/14 9:34:31 CET [2025/01/14 3:34:31 ET]
Table '3846680104 1' 3-max Seat #3 is the button
Seat 2: Mahu2021 (1155 in chips) 
Seat 3: FresHHerB (345 in chips) 
FresHHerB: posts small blind 15
Mahu2021: posts big blind 30
*** HOLE CARDS ***
Dealt to Mahu2021 [Jc 5d]
FresHHerB: raises 315 to 345 and is all-in
Mahu2021: folds 
Uncalled bet (315) returned to FresHHerB
FresHHerB collected 60 from pot
FresHHerB: doesn't show hand 
*** SUMMARY ***
Total pot 60 | Rake 0 
Seat 2: Mahu2021 (big blind) folded before Flop
Seat 3: FresHHerB (button) (small blind) collected (60)



PokerStars Hand #254363104536: Tournament #3846680104, $4.60+$0.40 USD Hold'em No Limit - Level II (15/30) - 2025/01/14 9:34:38 CET [2025/01/14 3:34:38 ET]
Table '3846680104 1' 3-max Seat #2 is the button
Seat 2: Mahu2021 (1125 in chips) 
Seat 3: FresHHerB (375 in chips) 
Mahu2021: posts small blind 15
FresHHerB: posts big blind 30
*** HOLE CARDS ***
Dealt to Mahu2021 [8h Ad]
Mahu2021: raises 1095 to 1125 and is all-in
FresHHerB: folds 
Uncalled bet (1095) returned to Mahu2021
Mahu2021 collected 60 from pot
Mahu2021: doesn't show hand 
*** SUMMARY ***
Total pot 60 | Rake 0 
Seat 2: Mahu2021 (button) (small blind) collected (60)
Seat 3: FresHHerB (big blind) folded before Flop



PokerStars Hand #254363105121: Tournament #3846680104, $4.60+$0.40 USD Hold'em No Limit - Level II (15/30) - 2025/01/14 9:34:45 CET [2025/01/14 3:34:45 ET]
Table '3846680104 1' 3-max Seat #3 is the button
Seat 2: Mahu2021 (1155 in chips) 
Seat 3: FresHHerB (345 in chips) 
FresHHerB: posts small blind 15
Mahu2021: posts big blind 30
*** HOLE CARDS ***
Dealt to Mahu2021 [9c 6s]
FresHHerB: raises 315 to 345 and is all-in
Mahu2021: folds 
Uncalled bet (315) returned to FresHHerB
FresHHerB collected 60 from pot
FresHHerB: doesn't show hand 
*** SUMMARY ***
Total pot 60 | Rake 0 
Seat 2: Mahu2021 (big blind) folded before Flop
Seat 3: FresHHerB (button) (small blind) collected (60)



PokerStars Hand #254363105527: Tournament #3846680104, $4.60+$0.40 USD Hold'em No Limit - Level II (15/30) - 2025/01/14 9:34:50 CET [2025/01/14 3:34:50 ET]
Table '3846680104 1' 3-max Seat #2 is the button
Seat 2: Mahu2021 (1125 in chips) 
Seat 3: FresHHerB (375 in chips) 
Mahu2021: posts small blind 15
FresHHerB: posts big blind 30
*** HOLE CARDS ***
Dealt to Mahu2021 [Kh 7s]
Mahu2021: raises 1095 to 1125 and is all-in
FresHHerB: folds 
Uncalled bet (1095) returned to Mahu2021
Mahu2021 collected 60 from pot
Mahu2021: doesn't show hand 
*** SUMMARY ***
Total pot 60 | Rake 0 
Seat 2: Mahu2021 (button) (small blind) collected (60)
Seat 3: FresHHerB (big blind) folded before Flop



PokerStars Hand #254363106328: Tournament #3846680104, $4.60+$0.40 USD Hold'em No Limit - Level III (20/40) - 2025/01/14 9:35:00 CET [2025/01/14 3:35:00 ET]
Table '3846680104 1' 3-max Seat #3 is the button
Seat 2: Mahu2021 (1155 in chips) 
Seat 3: FresHHerB (345 in chips) 
FresHHerB: posts small blind 20
Mahu2021: posts big blind 40
*** HOLE CARDS ***
Dealt to Mahu2021 [5d Th]
FresHHerB: folds 
Uncalled bet (20) returned to Mahu2021
Mahu2021 collected 40 from pot
Mahu2021: doesn't show hand 
*** SUMMARY ***
Total pot 40 | Rake 0 
Seat 2: Mahu2021 (big blind) collected (40)
Seat 3: FresHHerB (button) (small blind) folded before Flop



PokerStars Hand #254363106634: Tournament #3846680104, $4.60+$0.40 USD Hold'em No Limit - Level III (20/40) - 2025/01/14 9:35:03 CET [2025/01/14 3:35:03 ET]
Table '3846680104 1' 3-max Seat #2 is the button
Seat 2: Mahu2021 (1175 in chips) 
Seat 3: FresHHerB (325 in chips) 
Mahu2021: posts small blind 20
FresHHerB: posts big blind 40
*** HOLE CARDS ***
Dealt to Mahu2021 [Qd 3h]
Mahu2021: calls 20
FresHHerB: checks 
*** FLOP *** [9c 2s 6d]
FresHHerB: checks 
Mahu2021: checks 
*** TURN *** [9c 2s 6d] [8h]
FresHHerB: checks 
Mahu2021: checks 
*** RIVER *** [9c 2s 6d 8h] [9s]
FresHHerB: bets 40
Mahu2021: folds 
Uncalled bet (40) returned to FresHHerB
FresHHerB collected 80 from pot
FresHHerB: doesn't show hand 
*** SUMMARY ***
Total pot 80 | Rake 0 
Board [9c 2s 6d 8h 9s]
Seat 2: Mahu2021 (button) (small blind) folded on the River
Seat 3: FresHHerB (big blind) collected (80)



PokerStars Hand #254363107747: Tournament #3846680104, $4.60+$0.40 USD Hold'em No Limit - Level III (20/40) - 2025/01/14 9:35:18 CET [2025/01/14 3:35:18 ET]
Table '3846680104 1' 3-max Seat #3 is the button
Seat 2: Mahu2021 (1135 in chips) 
Seat 3: FresHHerB (365 in chips) 
FresHHerB: posts small blind 20
Mahu2021: posts big blind 40
*** HOLE CARDS ***
Dealt to Mahu2021 [Qh 4d]
FresHHerB: calls 20
Mahu2021: checks 
*** FLOP *** [Js Ts 3d]
Mahu2021: checks 
FresHHerB: checks 
*** TURN *** [Js Ts 3d] [9s]
Mahu2021: checks 
FresHHerB: checks 
*** RIVER *** [Js Ts 3d 9s] [3c]
Mahu2021: bets 40
FresHHerB: raises 60 to 100
Mahu2021: folds 
Uncalled bet (60) returned to FresHHerB
FresHHerB collected 160 from pot
FresHHerB: doesn't show hand 
*** SUMMARY ***
Total pot 160 | Rake 0 
Board [Js Ts 3d 9s 3c]
Seat 2: Mahu2021 (big blind) folded on the River
Seat 3: FresHHerB (button) (small blind) collected (160)



PokerStars Hand #254363109074: Tournament #3846680104, $4.60+$0.40 USD Hold'em No Limit - Level III (20/40) - 2025/01/14 9:35:34 CET [2025/01/14 3:35:34 ET]
Table '3846680104 1' 3-max Seat #2 is the button
Seat 2: Mahu2021 (1055 in chips) 
Seat 3: FresHHerB (445 in chips) 
Mahu2021: posts small blind 20
FresHHerB: posts big blind 40
*** HOLE CARDS ***
Dealt to Mahu2021 [Kh 8d]
Mahu2021: raises 40 to 80
FresHHerB: raises 365 to 445 and is all-in
Mahu2021: folds 
Uncalled bet (365) returned to FresHHerB
FresHHerB collected 160 from pot
FresHHerB: doesn't show hand 
*** SUMMARY ***
Total pot 160 | Rake 0 
Seat 2: Mahu2021 (button) (small blind) folded before Flop
Seat 3: FresHHerB (big blind) collected (160)



PokerStars Hand #254363109673: Tournament #3846680104, $4.60+$0.40 USD Hold'em No Limit - Level III (20/40) - 2025/01/14 9:35:42 CET [2025/01/14 3:35:42 ET]
Table '3846680104 1' 3-max Seat #3 is the button
Seat 2: Mahu2021 (975 in chips) 
Seat 3: FresHHerB (525 in chips) 
FresHHerB: posts small blind 20
Mahu2021: posts big blind 40
*** HOLE CARDS ***
Dealt to Mahu2021 [Js Jd]
FresHHerB: calls 20
Mahu2021: raises 120 to 160
FresHHerB: folds 
Uncalled bet (120) returned to Mahu2021
Mahu2021 collected 80 from pot
Mahu2021: doesn't show hand 
*** SUMMARY ***
Total pot 80 | Rake 0 
Seat 2: Mahu2021 (big blind) collected (80)
Seat 3: FresHHerB (button) (small blind) folded before Flop



PokerStars Hand #254363110276: Tournament #3846680104, $4.60+$0.40 USD Hold'em No Limit - Level III (20/40) - 2025/01/14 9:35:50 CET [2025/01/14 3:35:50 ET]
Table '3846680104 1' 3-max Seat #2 is the button
Seat 2: Mahu2021 (1015 in chips) 
Seat 3: FresHHerB (485 in chips) 
Mahu2021: posts small blind 20
FresHHerB: posts big blind 40
*** HOLE CARDS ***
Dealt to Mahu2021 [7c 3s]
Mahu2021: folds 
Uncalled bet (20) returned to FresHHerB
FresHHerB collected 40 from pot
FresHHerB: doesn't show hand 
*** SUMMARY ***
Total pot 40 | Rake 0 
Seat 2: Mahu2021 (button) (small blind) folded before Flop
Seat 3: FresHHerB (big blind) collected (40)



PokerStars Hand #254363110649: Tournament #3846680104, $4.60+$0.40 USD Hold'em No Limit - Level III (20/40) - 2025/01/14 9:35:54 CET [2025/01/14 3:35:54 ET]
Table '3846680104 1' 3-max Seat #3 is the button
Seat 2: Mahu2021 (995 in chips) 
Seat 3: FresHHerB (505 in chips) 
FresHHerB: posts small blind 20
Mahu2021: posts big blind 40
*** HOLE CARDS ***
Dealt to Mahu2021 [Ad 7c]
FresHHerB: calls 20
Mahu2021: raises 955 to 995 and is all-in
FresHHerB: folds 
Uncalled bet (955) returned to Mahu2021
Mahu2021 collected 80 from pot
Mahu2021: doesn't show hand 
*** SUMMARY ***
Total pot 80 | Rake 0 
Seat 2: Mahu2021 (big blind) collected (80)
Seat 3: FresHHerB (button) (small blind) folded before Flop



PokerStars Hand #254363111191: Tournament #3846680104, $4.60+$0.40 USD Hold'em No Limit - Level III (20/40) - 2025/01/14 9:36:01 CET [2025/01/14 3:36:01 ET]
Table '3846680104 1' 3-max Seat #2 is the button
Seat 2: Mahu2021 (1035 in chips) 
Seat 3: FresHHerB (465 in chips) 
Mahu2021: posts small blind 20
FresHHerB: posts big blind 40
*** HOLE CARDS ***
Dealt to Mahu2021 [3c 2s]
Mahu2021: folds 
Uncalled bet (20) returned to FresHHerB
FresHHerB collected 40 from pot
FresHHerB: doesn't show hand 
*** SUMMARY ***
Total pot 40 | Rake 0 
Seat 2: Mahu2021 (button) (small blind) folded before Flop
Seat 3: FresHHerB (big blind) collected (40)



PokerStars Hand #254363111559: Tournament #3846680104, $4.60+$0.40 USD Hold'em No Limit - Level III (20/40) - 2025/01/14 9:36:06 CET [2025/01/14 3:36:06 ET]
Table '3846680104 1' 3-max Seat #3 is the button
Seat 2: Mahu2021 (1015 in chips) 
Seat 3: FresHHerB (485 in chips) 
FresHHerB: posts small blind 20
Mahu2021: posts big blind 40
*** HOLE CARDS ***
Dealt to Mahu2021 [Qh 7h]
FresHHerB: calls 20
Mahu2021: checks 
*** FLOP *** [3c Kc 6s]
Mahu2021: checks 
FresHHerB: checks 
*** TURN *** [3c Kc 6s] [4h]
Mahu2021: bets 40
FresHHerB: folds 
Uncalled bet (40) returned to Mahu2021
Mahu2021 collected 80 from pot
Mahu2021: doesn't show hand 
*** SUMMARY ***
Total pot 80 | Rake 0 
Board [3c Kc 6s 4h]
Seat 2: Mahu2021 (big blind) collected (80)
Seat 3: FresHHerB (button) (small blind) folded on the Turn



PokerStars Hand #254363112478: Tournament #3846680104, $4.60+$0.40 USD Hold'em No Limit - Level III (20/40) - 2025/01/14 9:36:17 CET [2025/01/14 3:36:17 ET]
Table '3846680104 1' 3-max Seat #2 is the button
Seat 2: Mahu2021 (1055 in chips) 
Seat 3: FresHHerB (445 in chips) 
Mahu2021: posts small blind 20
FresHHerB: posts big blind 40
*** HOLE CARDS ***
Dealt to Mahu2021 [6s 2h]
Mahu2021: folds 
Uncalled bet (20) returned to FresHHerB
FresHHerB collected 40 from pot
FresHHerB: doesn't show hand 
*** SUMMARY ***
Total pot 40 | Rake 0 
Seat 2: Mahu2021 (button) (small blind) folded before Flop
Seat 3: FresHHerB (big blind) collected (40)



PokerStars Hand #254363112856: Tournament #3846680104, $4.60+$0.40 USD Hold'em No Limit - Level III (20/40) - 2025/01/14 9:36:22 CET [2025/01/14 3:36:22 ET]
Table '3846680104 1' 3-max Seat #3 is the button
Seat 2: Mahu2021 (1035 in chips) 
Seat 3: FresHHerB (465 in chips) 
FresHHerB: posts small blind 20
Mahu2021: posts big blind 40
*** HOLE CARDS ***
Dealt to Mahu2021 [4s Qd]
FresHHerB: raises 425 to 465 and is all-in
Mahu2021: folds 
Uncalled bet (425) returned to FresHHerB
FresHHerB collected 80 from pot
FresHHerB: doesn't show hand 
*** SUMMARY ***
Total pot 80 | Rake 0 
Seat 2: Mahu2021 (big blind) folded before Flop
Seat 3: FresHHerB (button) (small blind) collected (80)



PokerStars Hand #254363113230: Tournament #3846680104, $4.60+$0.40 USD Hold'em No Limit - Level III (20/40) - 2025/01/14 9:36:26 CET [2025/01/14 3:36:26 ET]
Table '3846680104 1' 3-max Seat #2 is the button
Seat 2: Mahu2021 (995 in chips) 
Seat 3: FresHHerB (505 in chips) 
Mahu2021: posts small blind 20
FresHHerB: posts big blind 40
*** HOLE CARDS ***
Dealt to Mahu2021 [3d Ks]
Mahu2021: raises 40 to 80
FresHHerB: folds 
Uncalled bet (40) returned to Mahu2021
Mahu2021 collected 80 from pot
Mahu2021: doesn't show hand 
*** SUMMARY ***
Total pot 80 | Rake 0 
Seat 2: Mahu2021 (button) (small blind) collected (80)
Seat 3: FresHHerB (big blind) folded before Flop



PokerStars Hand #254363113783: Tournament #3846680104, $4.60+$0.40 USD Hold'em No Limit - Level III (20/40) - 2025/01/14 9:36:34 CET [2025/01/14 3:36:34 ET]
Table '3846680104 1' 3-max Seat #3 is the button
Seat 2: Mahu2021 (1035 in chips) 
Seat 3: FresHHerB (465 in chips) 
FresHHerB: posts small blind 20
Mahu2021: posts big blind 40
*** HOLE CARDS ***
Dealt to Mahu2021 [8s Jd]
FresHHerB: calls 20
Mahu2021: checks 
*** FLOP *** [2h 7s 7d]
Mahu2021: checks 
FresHHerB: bets 40
Mahu2021: calls 40
*** TURN *** [2h 7s 7d] [Td]
Mahu2021: checks 
FresHHerB: checks 
*** RIVER *** [2h 7s 7d Td] [5c]
Mahu2021: bets 40
FresHHerB: folds 
Uncalled bet (40) returned to Mahu2021
Mahu2021 collected 160 from pot
Mahu2021: doesn't show hand 
*** SUMMARY ***
Total pot 160 | Rake 0 
Board [2h 7s 7d Td 5c]
Seat 2: Mahu2021 (big blind) collected (160)
Seat 3: FresHHerB (button) (small blind) folded on the River



PokerStars Hand #254363115006: Tournament #3846680104, $4.60+$0.40 USD Hold'em No Limit - Level III (20/40) - 2025/01/14 9:36:49 CET [2025/01/14 3:36:49 ET]
Table '3846680104 1' 3-max Seat #2 is the button
Seat 2: Mahu2021 (1115 in chips) 
Seat 3: FresHHerB (385 in chips) 
Mahu2021: posts small blind 20
FresHHerB: posts big blind 40
*** HOLE CARDS ***
Dealt to Mahu2021 [Qs 5c]
Mahu2021: calls 20
FresHHerB: checks 
*** FLOP *** [6h Ac Kh]
FresHHerB: checks 
Mahu2021: bets 40
FresHHerB: folds 
Uncalled bet (40) returned to Mahu2021
Mahu2021 collected 80 from pot
Mahu2021: doesn't show hand 
*** SUMMARY ***
Total pot 80 | Rake 0 
Board [6h Ac Kh]
Seat 2: Mahu2021 (button) (small blind) collected (80)
Seat 3: FresHHerB (big blind) folded on the Flop



PokerStars Hand #254363115873: Tournament #3846680104, $4.60+$0.40 USD Hold'em No Limit - Level III (20/40) - 2025/01/14 9:36:59 CET [2025/01/14 3:36:59 ET]
Table '3846680104 1' 3-max Seat #3 is the button
Seat 2: Mahu2021 (1155 in chips) 
Seat 3: FresHHerB (345 in chips) 
FresHHerB: posts small blind 20
Mahu2021: posts big blind 40
*** HOLE CARDS ***
Dealt to Mahu2021 [Jd Ah]
FresHHerB: raises 305 to 345 and is all-in
Mahu2021: calls 305
*** FLOP *** [7d Qd 3c]
*** TURN *** [7d Qd 3c] [8c]
*** RIVER *** [7d Qd 3c 8c] [9s]
*** SHOW DOWN ***
Mahu2021: shows [Jd Ah] (high card Ace)
FresHHerB: shows [7h Qc] (two pair, Queens and Sevens)
FresHHerB collected 690 from pot
*** SUMMARY ***
Total pot 690 | Rake 0 
Board [7d Qd 3c 8c 9s]
Seat 2: Mahu2021 (big blind) showed [Jd Ah] and lost with high card Ace
Seat 3: FresHHerB (button) (small blind) showed [7h Qc] and won (690) with two pair, Queens and Sevens



PokerStars Hand #254363116767: Tournament #3846680104, $4.60+$0.40 USD Hold'em No Limit - Level III (20/40) - 2025/01/14 9:37:11 CET [2025/01/14 3:37:11 ET]
Table '3846680104 1' 3-max Seat #2 is the button
Seat 2: Mahu2021 (810 in chips) 
Seat 3: FresHHerB (690 in chips) 
Mahu2021: posts small blind 20
FresHHerB: posts big blind 40
*** HOLE CARDS ***
Dealt to Mahu2021 [Ks Kh]
Mahu2021: raises 770 to 810 and is all-in
FresHHerB: folds 
Uncalled bet (770) returned to Mahu2021
Mahu2021 collected 80 from pot
Mahu2021: doesn't show hand 
*** SUMMARY ***
Total pot 80 | Rake 0 
Seat 2: Mahu2021 (button) (small blind) collected (80)
Seat 3: FresHHerB (big blind) folded before Flop



PokerStars Hand #254363117564: Tournament #3846680104, $4.60+$0.40 USD Hold'em No Limit - Level III (20/40) - 2025/01/14 9:37:20 CET [2025/01/14 3:37:20 ET]
Table '3846680104 1' 3-max Seat #3 is the button
Seat 2: Mahu2021 (850 in chips) 
Seat 3: FresHHerB (650 in chips) 
FresHHerB: posts small blind 20
Mahu2021: posts big blind 40
*** HOLE CARDS ***
Dealt to Mahu2021 [Ah Ad]
FresHHerB: calls 20
Mahu2021: raises 810 to 850 and is all-in
FresHHerB: folds 
Uncalled bet (810) returned to Mahu2021
Mahu2021 collected 80 from pot
Mahu2021: doesn't show hand 
*** SUMMARY ***
Total pot 80 | Rake 0 
Seat 2: Mahu2021 (big blind) collected (80)
Seat 3: FresHHerB (button) (small blind) folded before Flop



PokerStars Hand #254363118097: Tournament #3846680104, $4.60+$0.40 USD Hold'em No Limit - Level III (20/40) - 2025/01/14 9:37:27 CET [2025/01/14 3:37:27 ET]
Table '3846680104 1' 3-max Seat #2 is the button
Seat 2: Mahu2021 (890 in chips) 
Seat 3: FresHHerB (610 in chips) 
Mahu2021: posts small blind 20
FresHHerB: posts big blind 40
*** HOLE CARDS ***
Dealt to Mahu2021 [3s 2c]
Mahu2021: calls 20
FresHHerB: checks 
*** FLOP *** [8s Tc 9d]
FresHHerB: checks 
Mahu2021: bets 40
FresHHerB: calls 40
*** TURN *** [8s Tc 9d] [Kd]
FresHHerB: checks 
Mahu2021: checks 
*** RIVER *** [8s Tc 9d Kd] [7d]
FresHHerB: bets 58
Mahu2021: folds 
Uncalled bet (58) returned to FresHHerB
FresHHerB collected 160 from pot
FresHHerB: doesn't show hand 
*** SUMMARY ***
Total pot 160 | Rake 0 
Board [8s Tc 9d Kd 7d]
Seat 2: Mahu2021 (button) (small blind) folded on the River
Seat 3: FresHHerB (big blind) collected (160)



PokerStars Hand #254363119511: Tournament #3846680104, $4.60+$0.40 USD Hold'em No Limit - Level III (20/40) - 2025/01/14 9:37:44 CET [2025/01/14 3:37:44 ET]
Table '3846680104 1' 3-max Seat #3 is the button
Seat 2: Mahu2021 (810 in chips) 
Seat 3: FresHHerB (690 in chips) 
FresHHerB: posts small blind 20
Mahu2021: posts big blind 40
*** HOLE CARDS ***
Dealt to Mahu2021 [9h 4c]
FresHHerB: raises 650 to 690 and is all-in
Mahu2021: folds 
Uncalled bet (650) returned to FresHHerB
FresHHerB collected 80 from pot
FresHHerB: doesn't show hand 
*** SUMMARY ***
Total pot 80 | Rake 0 
Seat 2: Mahu2021 (big blind) folded before Flop
Seat 3: FresHHerB (button) (small blind) collected (80)



PokerStars Hand #254363119936: Tournament #3846680104, $4.60+$0.40 USD Hold'em No Limit - Level III (20/40) - 2025/01/14 9:37:50 CET [2025/01/14 3:37:50 ET]
Table '3846680104 1' 3-max Seat #2 is the button
Seat 2: Mahu2021 (770 in chips) 
Seat 3: FresHHerB (730 in chips) 
Mahu2021: posts small blind 20
FresHHerB: posts big blind 40
*** HOLE CARDS ***
Dealt to Mahu2021 [3s Jh]
Mahu2021: calls 20
FresHHerB: checks 
*** FLOP *** [2d Ah Qs]
FresHHerB: checks 
Mahu2021: bets 40
FresHHerB: folds 
Uncalled bet (40) returned to Mahu2021
Mahu2021 collected 80 from pot
Mahu2021: doesn't show hand 
*** SUMMARY ***
Total pot 80 | Rake 0 
Board [2d Ah Qs]
Seat 2: Mahu2021 (button) (small blind) collected (80)
Seat 3: FresHHerB (big blind) folded on the Flop



PokerStars Hand #254363120981: Tournament #3846680104, $4.60+$0.40 USD Hold'em No Limit - Level IV (30/60) - 2025/01/14 9:38:03 CET [2025/01/14 3:38:03 ET]
Table '3846680104 1' 3-max Seat #3 is the button
Seat 2: Mahu2021 (810 in chips) 
Seat 3: FresHHerB (690 in chips) 
FresHHerB: posts small blind 30
Mahu2021: posts big blind 60
*** HOLE CARDS ***
Dealt to Mahu2021 [Td Jc]
FresHHerB: folds 
Uncalled bet (30) returned to Mahu2021
Mahu2021 collected 60 from pot
Mahu2021: doesn't show hand 
*** SUMMARY ***
Total pot 60 | Rake 0 
Seat 2: Mahu2021 (big blind) collected (60)
Seat 3: FresHHerB (button) (small blind) folded before Flop



PokerStars Hand #254363121438: Tournament #3846680104, $4.60+$0.40 USD Hold'em No Limit - Level IV (30/60) - 2025/01/14 9:38:08 CET [2025/01/14 3:38:08 ET]
Table '3846680104 1' 3-max Seat #2 is the button
Seat 2: Mahu2021 (840 in chips) 
Seat 3: FresHHerB (660 in chips) 
Mahu2021: posts small blind 30
FresHHerB: posts big blind 60
*** HOLE CARDS ***
Dealt to Mahu2021 [Ks Th]
Mahu2021: raises 60 to 120
FresHHerB: calls 60
*** FLOP *** [2s 7c Jh]
FresHHerB: checks 
Mahu2021: checks 
*** TURN *** [2s 7c Jh] [Qh]
FresHHerB: checks 
Mahu2021: bets 120
FresHHerB: calls 120
*** RIVER *** [2s 7c Jh Qh] [Qs]
FresHHerB: checks 
Mahu2021: checks 
*** SHOW DOWN ***
FresHHerB: shows [8c Qc] (three of a kind, Queens)
Mahu2021: mucks hand 
FresHHerB collected 480 from pot
*** SUMMARY ***
Total pot 480 | Rake 0 
Board [2s 7c Jh Qh Qs]
Seat 2: Mahu2021 (button) (small blind) mucked [Ks Th]
Seat 3: FresHHerB (big blind) showed [8c Qc] and won (480) with three of a kind, Queens



PokerStars Hand #254363122823: Tournament #3846680104, $4.60+$0.40 USD Hold'em No Limit - Level IV (30/60) - 2025/01/14 9:38:25 CET [2025/01/14 3:38:25 ET]
Table '3846680104 1' 3-max Seat #3 is the button
Seat 2: Mahu2021 (600 in chips) 
Seat 3: FresHHerB (900 in chips) 
FresHHerB: posts small blind 30
Mahu2021: posts big blind 60
*** HOLE CARDS ***
Dealt to Mahu2021 [Th 8c]
FresHHerB: raises 840 to 900 and is all-in
Mahu2021: folds 
Uncalled bet (840) returned to FresHHerB
FresHHerB collected 120 from pot
FresHHerB: doesn't show hand 
*** SUMMARY ***
Total pot 120 | Rake 0 
Seat 2: Mahu2021 (big blind) folded before Flop
Seat 3: FresHHerB (button) (small blind) collected (120)



PokerStars Hand #254363123305: Tournament #3846680104, $4.60+$0.40 USD Hold'em No Limit - Level IV (30/60) - 2025/01/14 9:38:31 CET [2025/01/14 3:38:31 ET]
Table '3846680104 1' 3-max Seat #2 is the button
Seat 2: Mahu2021 (540 in chips) 
Seat 3: FresHHerB (960 in chips) 
Mahu2021: posts small blind 30
FresHHerB: posts big blind 60
*** HOLE CARDS ***
Dealt to Mahu2021 [6d 9h]
Mahu2021: folds 
Uncalled bet (30) returned to FresHHerB
FresHHerB collected 60 from pot
FresHHerB: doesn't show hand 
*** SUMMARY ***
Total pot 60 | Rake 0 
Seat 2: Mahu2021 (button) (small blind) folded before Flop
Seat 3: FresHHerB (big blind) collected (60)



PokerStars Hand #254363123677: Tournament #3846680104, $4.60+$0.40 USD Hold'em No Limit - Level IV (30/60) - 2025/01/14 9:38:35 CET [2025/01/14 3:38:35 ET]
Table '3846680104 1' 3-max Seat #3 is the button
Seat 2: Mahu2021 (510 in chips) 
Seat 3: FresHHerB (990 in chips) 
FresHHerB: posts small blind 30
Mahu2021: posts big blind 60
*** HOLE CARDS ***
Dealt to Mahu2021 [Js 9c]
FresHHerB: folds 
Uncalled bet (30) returned to Mahu2021
Mahu2021 collected 60 from pot
Mahu2021: doesn't show hand 
*** SUMMARY ***
Total pot 60 | Rake 0 
Seat 2: Mahu2021 (big blind) collected (60)
Seat 3: FresHHerB (button) (small blind) folded before Flop



PokerStars Hand #254363123933: Tournament #3846680104, $4.60+$0.40 USD Hold'em No Limit - Level IV (30/60) - 2025/01/14 9:38:38 CET [2025/01/14 3:38:38 ET]
Table '3846680104 1' 3-max Seat #2 is the button
Seat 2: Mahu2021 (540 in chips) 
Seat 3: FresHHerB (960 in chips) 
Mahu2021: posts small blind 30
FresHHerB: posts big blind 60
*** HOLE CARDS ***
Dealt to Mahu2021 [8d 4s]
Mahu2021: folds 
Uncalled bet (30) returned to FresHHerB
FresHHerB collected 60 from pot
FresHHerB: doesn't show hand 
*** SUMMARY ***
Total pot 60 | Rake 0 
Seat 2: Mahu2021 (button) (small blind) folded before Flop
Seat 3: FresHHerB (big blind) collected (60)



PokerStars Hand #254363124305: Tournament #3846680104, $4.60+$0.40 USD Hold'em No Limit - Level IV (30/60) - 2025/01/14 9:38:43 CET [2025/01/14 3:38:43 ET]
Table '3846680104 1' 3-max Seat #3 is the button
Seat 2: Mahu2021 (510 in chips) 
Seat 3: FresHHerB (990 in chips) 
FresHHerB: posts small blind 30
Mahu2021: posts big blind 60
*** HOLE CARDS ***
Dealt to Mahu2021 [Ts 8s]
FresHHerB: calls 30
Mahu2021: checks 
*** FLOP *** [Tc 8h Jc]
Mahu2021: checks 
FresHHerB: checks 
*** TURN *** [Tc 8h Jc] [8d]
Mahu2021: checks 
FresHHerB: bets 102
Mahu2021: calls 102
*** RIVER *** [Tc 8h Jc 8d] [3c]
Mahu2021: checks 
FresHHerB: bets 828 and is all-in
Mahu2021: calls 348 and is all-in
Uncalled bet (480) returned to FresHHerB
*** SHOW DOWN ***
FresHHerB: shows [9h 6c] (a pair of Eights)
Mahu2021: shows [Ts 8s] (a full house, Eights full of Tens)
Mahu2021 collected 1020 from pot
*** SUMMARY ***
Total pot 1020 | Rake 0 
Board [Tc 8h Jc 8d 3c]
Seat 2: Mahu2021 (big blind) showed [Ts 8s] and won (1020) with a full house, Eights full of Tens
Seat 3: FresHHerB (button) (small blind) showed [9h 6c] and lost with a pair of Eights



PokerStars Hand #254363125569: Tournament #3846680104, $4.60+$0.40 USD Hold'em No Limit - Level IV (30/60) - 2025/01/14 9:38:59 CET [2025/01/14 3:38:59 ET]
Table '3846680104 1' 3-max Seat #2 is the button
Seat 2: Mahu2021 (1020 in chips) 
Seat 3: FresHHerB (480 in chips) 
Mahu2021: posts small blind 30
FresHHerB: posts big blind 60
*** HOLE CARDS ***
Dealt to Mahu2021 [Qd Tc]
Mahu2021: raises 60 to 120
FresHHerB: calls 60
*** FLOP *** [4d Ah 5h]
FresHHerB: checks 
Mahu2021: bets 120
FresHHerB: folds 
Uncalled bet (120) returned to Mahu2021
Mahu2021 collected 240 from pot
Mahu2021: doesn't show hand 
*** SUMMARY ***
Total pot 240 | Rake 0 
Board [4d Ah 5h]
Seat 2: Mahu2021 (button) (small blind) collected (240)
Seat 3: FresHHerB (big blind) folded on the Flop



PokerStars Hand #254363126569: Tournament #3846680104, $4.60+$0.40 USD Hold'em No Limit - Level IV (30/60) - 2025/01/14 9:39:11 CET [2025/01/14 3:39:11 ET]
Table '3846680104 1' 3-max Seat #3 is the button
Seat 2: Mahu2021 (1140 in chips) 
Seat 3: FresHHerB (360 in chips) 
FresHHerB: posts small blind 30
Mahu2021: posts big blind 60
*** HOLE CARDS ***
Dealt to Mahu2021 [Qd 8s]
FresHHerB: raises 300 to 360 and is all-in
Mahu2021: folds 
Uncalled bet (300) returned to FresHHerB
FresHHerB collected 120 from pot
FresHHerB: doesn't show hand 
*** SUMMARY ***
Total pot 120 | Rake 0 
Seat 2: Mahu2021 (big blind) folded before Flop
Seat 3: FresHHerB (button) (small blind) collected (120)



PokerStars Hand #254363126955: Tournament #3846680104, $4.60+$0.40 USD Hold'em No Limit - Level IV (30/60) - 2025/01/14 9:39:16 CET [2025/01/14 3:39:16 ET]
Table '3846680104 1' 3-max Seat #2 is the button
Seat 2: Mahu2021 (1080 in chips) 
Seat 3: FresHHerB (420 in chips) 
Mahu2021: posts small blind 30
FresHHerB: posts big blind 60
*** HOLE CARDS ***
Dealt to Mahu2021 [Ad 6c]
Mahu2021: raises 1020 to 1080 and is all-in
FresHHerB: calls 360 and is all-in
Uncalled bet (660) returned to Mahu2021
*** FLOP *** [Kc Qs 5c]
*** TURN *** [Kc Qs 5c] [Jc]
*** RIVER *** [Kc Qs 5c Jc] [5d]
*** SHOW DOWN ***
FresHHerB: shows [Ac 8c] (a flush, Ace high)
Mahu2021: shows [Ad 6c] (a pair of Fives)
FresHHerB collected 840 from pot
*** SUMMARY ***
Total pot 840 | Rake 0 
Board [Kc Qs 5c Jc 5d]
Seat 2: Mahu2021 (button) (small blind) showed [Ad 6c] and lost with a pair of Fives
Seat 3: FresHHerB (big blind) showed [Ac 8c] and won (840) with a flush, Ace high



PokerStars Hand #254363127962: Tournament #3846680104, $4.60+$0.40 USD Hold'em No Limit - Level IV (30/60) - 2025/01/14 9:39:28 CET [2025/01/14 3:39:28 ET]
Table '3846680104 1' 3-max Seat #3 is the button
Seat 2: Mahu2021 (660 in chips) 
Seat 3: FresHHerB (840 in chips) 
FresHHerB: posts small blind 30
Mahu2021: posts big blind 60
*** HOLE CARDS ***
Dealt to Mahu2021 [5s Qh]
FresHHerB: calls 30
Mahu2021: checks 
*** FLOP *** [Tc Ts 9h]
Mahu2021: checks 
FresHHerB: bets 60
Mahu2021: folds 
Uncalled bet (60) returned to FresHHerB
FresHHerB collected 120 from pot
FresHHerB: doesn't show hand 
*** SUMMARY ***
Total pot 120 | Rake 0 
Board [Tc Ts 9h]
Seat 2: Mahu2021 (big blind) folded on the Flop
Seat 3: FresHHerB (button) (small blind) collected (120)



PokerStars Hand #254363128794: Tournament #3846680104, $4.60+$0.40 USD Hold'em No Limit - Level IV (30/60) - 2025/01/14 9:39:38 CET [2025/01/14 3:39:38 ET]
Table '3846680104 1' 3-max Seat #2 is the button
Seat 2: Mahu2021 (600 in chips) 
Seat 3: FresHHerB (900 in chips) 
Mahu2021: posts small blind 30
FresHHerB: posts big blind 60
*** HOLE CARDS ***
Dealt to Mahu2021 [Kd Qh]
Mahu2021: raises 60 to 120
FresHHerB: folds 
Uncalled bet (60) returned to Mahu2021
Mahu2021 collected 120 from pot
Mahu2021: doesn't show hand 
*** SUMMARY ***
Total pot 120 | Rake 0 
Seat 2: Mahu2021 (button) (small blind) collected (120)
Seat 3: FresHHerB (big blind) folded before Flop



PokerStars Hand #254363129273: Tournament #3846680104, $4.60+$0.40 USD Hold'em No Limit - Level IV (30/60) - 2025/01/14 9:39:44 CET [2025/01/14 3:39:44 ET]
Table '3846680104 1' 3-max Seat #3 is the button
Seat 2: Mahu2021 (660 in chips) 
Seat 3: FresHHerB (840 in chips) 
FresHHerB: posts small blind 30
Mahu2021: posts big blind 60
*** HOLE CARDS ***
Dealt to Mahu2021 [5c Tc]
FresHHerB: calls 30
Mahu2021: checks 
*** FLOP *** [Kc Ah Ks]
Mahu2021: checks 
FresHHerB: bets 60
Mahu2021: folds 
Uncalled bet (60) returned to FresHHerB
FresHHerB collected 120 from pot
FresHHerB: doesn't show hand 
*** SUMMARY ***
Total pot 120 | Rake 0 
Board [Kc Ah Ks]
Seat 2: Mahu2021 (big blind) folded on the Flop
Seat 3: FresHHerB (button) (small blind) collected (120)



PokerStars Hand #254363129905: Tournament #3846680104, $4.60+$0.40 USD Hold'em No Limit - Level IV (30/60) - 2025/01/14 9:39:52 CET [2025/01/14 3:39:52 ET]
Table '3846680104 1' 3-max Seat #2 is the button
Seat 2: Mahu2021 (600 in chips) 
Seat 3: FresHHerB (900 in chips) 
Mahu2021: posts small blind 30
FresHHerB: posts big blind 60
*** HOLE CARDS ***
Dealt to Mahu2021 [Js 7d]
Mahu2021: raises 60 to 120
FresHHerB: folds 
Uncalled bet (60) returned to Mahu2021
Mahu2021 collected 120 from pot
Mahu2021: doesn't show hand 
*** SUMMARY ***
Total pot 120 | Rake 0 
Seat 2: Mahu2021 (button) (small blind) collected (120)
Seat 3: FresHHerB (big blind) folded before Flop



PokerStars Hand #254363130338: Tournament #3846680104, $4.60+$0.40 USD Hold'em No Limit - Level IV (30/60) - 2025/01/14 9:39:58 CET [2025/01/14 3:39:58 ET]
Table '3846680104 1' 3-max Seat #3 is the button
Seat 2: Mahu2021 (660 in chips) 
Seat 3: FresHHerB (840 in chips) 
FresHHerB: posts small blind 30
Mahu2021: posts big blind 60
*** HOLE CARDS ***
Dealt to Mahu2021 [3h 5s]
FresHHerB: raises 780 to 840 and is all-in
Mahu2021: folds 
Uncalled bet (780) returned to FresHHerB
FresHHerB collected 120 from pot
FresHHerB: doesn't show hand 
*** SUMMARY ***
Total pot 120 | Rake 0 
Seat 2: Mahu2021 (big blind) folded before Flop
Seat 3: FresHHerB (button) (small blind) collected (120)



PokerStars Hand #254363130750: Tournament #3846680104, $4.60+$0.40 USD Hold'em No Limit - Level IV (30/60) - 2025/01/14 9:40:03 CET [2025/01/14 3:40:03 ET]
Table '3846680104 1' 3-max Seat #2 is the button
Seat 2: Mahu2021 (600 in chips) 
Seat 3: FresHHerB (900 in chips) 
Mahu2021: posts small blind 30
FresHHerB: posts big blind 60
*** HOLE CARDS ***
Dealt to Mahu2021 [6d 8s]
Mahu2021: calls 30
FresHHerB: raises 840 to 900 and is all-in
Mahu2021: folds 
Uncalled bet (840) returned to FresHHerB
FresHHerB collected 120 from pot
FresHHerB: doesn't show hand 
*** SUMMARY ***
Total pot 120 | Rake 0 
Seat 2: Mahu2021 (button) (small blind) folded before Flop
Seat 3: FresHHerB (big blind) collected (120)



PokerStars Hand #254363131220: Tournament #3846680104, $4.60+$0.40 USD Hold'em No Limit - Level IV (30/60) - 2025/01/14 9:40:09 CET [2025/01/14 3:40:09 ET]
Table '3846680104 1' 3-max Seat #3 is the button
Seat 2: Mahu2021 (540 in chips) 
Seat 3: FresHHerB (960 in chips) 
FresHHerB: posts small blind 30
Mahu2021: posts big blind 60
*** HOLE CARDS ***
Dealt to Mahu2021 [3c 9s]
FresHHerB: raises 900 to 960 and is all-in
Mahu2021: folds 
Uncalled bet (900) returned to FresHHerB
FresHHerB collected 120 from pot
FresHHerB: doesn't show hand 
*** SUMMARY ***
Total pot 120 | Rake 0 
Seat 2: Mahu2021 (big blind) folded before Flop
Seat 3: FresHHerB (button) (small blind) collected (120)



PokerStars Hand #254363131584: Tournament #3846680104, $4.60+$0.40 USD Hold'em No Limit - Level IV (30/60) - 2025/01/14 9:40:13 CET [2025/01/14 3:40:13 ET]
Table '3846680104 1' 3-max Seat #2 is the button
Seat 2: Mahu2021 (480 in chips) 
Seat 3: FresHHerB (1020 in chips) 
Mahu2021: posts small blind 30
FresHHerB: posts big blind 60
*** HOLE CARDS ***
Dealt to Mahu2021 [5s Jh]
Mahu2021: folds 
Uncalled bet (30) returned to FresHHerB
FresHHerB collected 60 from pot
FresHHerB: doesn't show hand 
*** SUMMARY ***
Total pot 60 | Rake 0 
Seat 2: Mahu2021 (button) (small blind) folded before Flop
Seat 3: FresHHerB (big blind) collected (60)



PokerStars Hand #254363131914: Tournament #3846680104, $4.60+$0.40 USD Hold'em No Limit - Level IV (30/60) - 2025/01/14 9:40:18 CET [2025/01/14 3:40:18 ET]
Table '3846680104 1' 3-max Seat #3 is the button
Seat 2: Mahu2021 (450 in chips) 
Seat 3: FresHHerB (1050 in chips) 
FresHHerB: posts small blind 30
Mahu2021: posts big blind 60
*** HOLE CARDS ***
Dealt to Mahu2021 [Ts Kd]
FresHHerB: raises 990 to 1050 and is all-in
Mahu2021: calls 390 and is all-in
Uncalled bet (600) returned to FresHHerB
*** FLOP *** [Qh Kc Jd]
*** TURN *** [Qh Kc Jd] [5d]
*** RIVER *** [Qh Kc Jd 5d] [5s]
*** SHOW DOWN ***
Mahu2021: shows [Ts Kd] (two pair, Kings and Fives)
FresHHerB: shows [9h Jh] (two pair, Jacks and Fives)
Mahu2021 collected 900 from pot
*** SUMMARY ***
Total pot 900 | Rake 0 
Board [Qh Kc Jd 5d 5s]
Seat 2: Mahu2021 (big blind) showed [Ts Kd] and won (900) with two pair, Kings and Fives
Seat 3: FresHHerB (button) (small blind) showed [9h Jh] and lost with two pair, Jacks and Fives



PokerStars Hand #254363132773: Tournament #3846680104, $4.60+$0.40 USD Hold'em No Limit - Level IV (30/60) - 2025/01/14 9:40:29 CET [2025/01/14 3:40:29 ET]
Table '3846680104 1' 3-max Seat #2 is the button
Seat 2: Mahu2021 (900 in chips) 
Seat 3: FresHHerB (600 in chips) 
Mahu2021: posts small blind 30
FresHHerB: posts big blind 60
*** HOLE CARDS ***
Dealt to Mahu2021 [Qs Ac]
Mahu2021: raises 60 to 120
FresHHerB: folds 
Uncalled bet (60) returned to Mahu2021
Mahu2021 collected 120 from pot
Mahu2021: doesn't show hand 
*** SUMMARY ***
Total pot 120 | Rake 0 
Seat 2: Mahu2021 (button) (small blind) collected (120)
Seat 3: FresHHerB (big blind) folded before Flop



PokerStars Hand #254363133459: Tournament #3846680104, $4.60+$0.40 USD Hold'em No Limit - Level IV (30/60) - 2025/01/14 9:40:37 CET [2025/01/14 3:40:37 ET]
Table '3846680104 1' 3-max Seat #3 is the button
Seat 2: Mahu2021 (960 in chips) 
Seat 3: FresHHerB (540 in chips) 
FresHHerB: posts small blind 30
Mahu2021: posts big blind 60
*** HOLE CARDS ***
Dealt to Mahu2021 [7d Qs]
FresHHerB: folds 
Uncalled bet (30) returned to Mahu2021
Mahu2021 collected 60 from pot
Mahu2021: doesn't show hand 
*** SUMMARY ***
Total pot 60 | Rake 0 
Seat 2: Mahu2021 (big blind) collected (60)
Seat 3: FresHHerB (button) (small blind) folded before Flop



PokerStars Hand #254363133683: Tournament #3846680104, $4.60+$0.40 USD Hold'em No Limit - Level IV (30/60) - 2025/01/14 9:40:40 CET [2025/01/14 3:40:40 ET]
Table '3846680104 1' 3-max Seat #2 is the button
Seat 2: Mahu2021 (990 in chips) 
Seat 3: FresHHerB (510 in chips) 
Mahu2021: posts small blind 30
FresHHerB: posts big blind 60
*** HOLE CARDS ***
Dealt to Mahu2021 [Ts Ad]
Mahu2021: raises 60 to 120
FresHHerB: folds 
Uncalled bet (60) returned to Mahu2021
Mahu2021 collected 120 from pot
Mahu2021: doesn't show hand 
*** SUMMARY ***
Total pot 120 | Rake 0 
Seat 2: Mahu2021 (button) (small blind) collected (120)
Seat 3: FresHHerB (big blind) folded before Flop



PokerStars Hand #254363134208: Tournament #3846680104, $4.60+$0.40 USD Hold'em No Limit - Level IV (30/60) - 2025/01/14 9:40:46 CET [2025/01/14 3:40:46 ET]
Table '3846680104 1' 3-max Seat #3 is the button
Seat 2: Mahu2021 (1050 in chips) 
Seat 3: FresHHerB (450 in chips) 
FresHHerB: posts small blind 30
Mahu2021: posts big blind 60
*** HOLE CARDS ***
Dealt to Mahu2021 [5d Ks]
FresHHerB: calls 30
Mahu2021: checks 
*** FLOP *** [5h Jc 8c]
Mahu2021: bets 60
FresHHerB: folds 
Uncalled bet (60) returned to Mahu2021
Mahu2021 collected 120 from pot
Mahu2021: doesn't show hand 
*** SUMMARY ***
Total pot 120 | Rake 0 
Board [5h Jc 8c]
Seat 2: Mahu2021 (big blind) collected (120)
Seat 3: FresHHerB (button) (small blind) folded on the Flop



PokerStars Hand #254363135057: Tournament #3846680104, $4.60+$0.40 USD Hold'em No Limit - Level V (40/80) - 2025/01/14 9:40:57 CET [2025/01/14 3:40:57 ET]
Table '3846680104 1' 3-max Seat #2 is the button
Seat 2: Mahu2021 (1110 in chips) 
Seat 3: FresHHerB (390 in chips) 
Mahu2021: posts small blind 40
FresHHerB: posts big blind 80
*** HOLE CARDS ***
Dealt to Mahu2021 [As Ad]
Mahu2021: raises 80 to 160
FresHHerB: calls 80
*** FLOP *** [5h 9c Kh]
FresHHerB: checks 
Mahu2021: bets 160
FresHHerB: raises 70 to 230 and is all-in
Mahu2021: calls 70
*** TURN *** [5h 9c Kh] [8s]
*** RIVER *** [5h 9c Kh 8s] [Qc]
*** SHOW DOWN ***
FresHHerB: shows [7s 5s] (a pair of Fives)
Mahu2021: shows [As Ad] (a pair of Aces)
Mahu2021 collected 780 from pot
FresHHerB finished the tournament in 2nd place
Mahu2021 wins the tournament and receives $15.00 - congratulations!
*** SUMMARY ***
Total pot 780 | Rake 0 
Board [5h 9c Kh 8s Qc]
Seat 2: Mahu2021 (button) (small blind) showed [As Ad] and won (780) with a pair of Aces
Seat 3: FresHHerB (big blind) showed [7s 5s] and lost with a pair of Fives



