PokerStars Hand #253075311410: Tournament #3815856554, $1.84+$0.16 USD Hold'em No Limit - Level I (10/20) - 2024/10/24 6:39:54 CET [2024/10/24 0:39:54 ET]
Table '3815856554 1' 3-max Seat #1 is the button
Seat 1: VasilevsAA (500 in chips) 
Seat 2: Soy_Orangee (500 in chips) 
Seat 3: Mahu2021 (500 in chips) 
Soy_Orangee: posts small blind 10
Mahu2021: posts big blind 20
*** HOLE CARDS ***
Dealt to Mahu2021 [2s Tc]
VasilevsAA: raises 40 to 60
Soy_Orangee: folds 
Mahu2021: folds 
Uncalled bet (40) returned to VasilevsAA
VasilevsAA collected 50 from pot
*** SUMMARY ***
Total pot 50 | Rake 0 
Seat 1: VasilevsAA (button) collected (50)
Seat 2: Soy_Orangee (small blind) folded before Flop
Seat 3: Mahu2021 (big blind) folded before Flop



PokerStars Hand #253075312240: Tournament #3815856554, $1.84+$0.16 USD Hold'em No Limit - Level I (10/20) - 2024/10/24 6:40:04 CET [2024/10/24 0:40:04 ET]
Table '3815856554 1' 3-max Seat #2 is the button
Seat 1: VasilevsAA (530 in chips) 
Seat 2: Soy_Orangee (490 in chips) 
Seat 3: Mahu2021 (480 in chips) 
Mahu2021: posts small blind 10
VasilevsAA: posts big blind 20
*** HOLE CARDS ***
Dealt to Mahu2021 [3c 3d]
Soy_Orangee: raises 20 to 40
Mahu2021: calls 30
VasilevsAA: folds 
*** FLOP *** [2h 6h Td]
Mahu2021: checks 
Soy_Orangee: bets 25
Mahu2021: calls 25
*** TURN *** [2h 6h Td] [8s]
Mahu2021: checks 
Soy_Orangee: checks 
*** RIVER *** [2h 6h Td 8s] [Jd]
Mahu2021: bets 60
Soy_Orangee: folds 
Uncalled bet (60) returned to Mahu2021
Mahu2021 collected 150 from pot
Mahu2021: doesn't show hand 
*** SUMMARY ***
Total pot 150 | Rake 0 
Board [2h 6h Td 8s Jd]
Seat 1: VasilevsAA (big blind) folded before Flop
Seat 2: Soy_Orangee (button) folded on the River
Seat 3: Mahu2021 (small blind) collected (150)



PokerStars Hand #253075316521: Tournament #3815856554, $1.84+$0.16 USD Hold'em No Limit - Level I (10/20) - 2024/10/24 6:40:53 CET [2024/10/24 0:40:53 ET]
Table '3815856554 1' 3-max Seat #3 is the button
Seat 1: VasilevsAA (510 in chips) 
Seat 2: Soy_Orangee (425 in chips) 
Seat 3: Mahu2021 (565 in chips) 
VasilevsAA: posts small blind 10
Soy_Orangee: posts big blind 20
*** HOLE CARDS ***
Dealt to Mahu2021 [Ah 9s]
Mahu2021: raises 20 to 40
VasilevsAA: folds 
Soy_Orangee: folds 
Uncalled bet (20) returned to Mahu2021
Mahu2021 collected 50 from pot
Mahu2021: doesn't show hand 
*** SUMMARY ***
Total pot 50 | Rake 0 
Seat 1: VasilevsAA (small blind) folded before Flop
Seat 2: Soy_Orangee (big blind) folded before Flop
Seat 3: Mahu2021 (button) collected (50)



PokerStars Hand #253075317322: Tournament #3815856554, $1.84+$0.16 USD Hold'em No Limit - Level I (10/20) - 2024/10/24 6:41:02 CET [2024/10/24 0:41:02 ET]
Table '3815856554 1' 3-max Seat #1 is the button
Seat 1: VasilevsAA (500 in chips) 
Seat 2: Soy_Orangee (405 in chips) 
Seat 3: Mahu2021 (595 in chips) 
Soy_Orangee: posts small blind 10
Mahu2021: posts big blind 20
*** HOLE CARDS ***
Dealt to Mahu2021 [Ts 3d]
VasilevsAA: folds 
Soy_Orangee: raises 30 to 50
Mahu2021: folds 
Uncalled bet (30) returned to Soy_Orangee
Soy_Orangee collected 40 from pot
Soy_Orangee: doesn't show hand 
*** SUMMARY ***
Total pot 40 | Rake 0 
Seat 1: VasilevsAA (button) folded before Flop (didn't bet)
Seat 2: Soy_Orangee (small blind) collected (40)
Seat 3: Mahu2021 (big blind) folded before Flop



PokerStars Hand #253075318848: Tournament #3815856554, $1.84+$0.16 USD Hold'em No Limit - Level I (10/20) - 2024/10/24 6:41:20 CET [2024/10/24 0:41:20 ET]
Table '3815856554 1' 3-max Seat #2 is the button
Seat 1: VasilevsAA (500 in chips) 
Seat 2: Soy_Orangee (425 in chips) 
Seat 3: Mahu2021 (575 in chips) 
Mahu2021: posts small blind 10
VasilevsAA: posts big blind 20
*** HOLE CARDS ***
Dealt to Mahu2021 [Kd Jd]
Soy_Orangee: raises 20 to 40
Mahu2021: calls 30
VasilevsAA: calls 20
*** FLOP *** [Td 6s Qd]
Mahu2021: bets 40
VasilevsAA: calls 40
Soy_Orangee: folds 
*** TURN *** [Td 6s Qd] [6h]
Mahu2021: bets 40
VasilevsAA: raises 80 to 120
Mahu2021: calls 80
*** RIVER *** [Td 6s Qd 6h] [2s]
Mahu2021: checks 
VasilevsAA: bets 120
Mahu2021: folds 
Uncalled bet (120) returned to VasilevsAA
VasilevsAA collected 440 from pot
*** SUMMARY ***
Total pot 440 | Rake 0 
Board [Td 6s Qd 6h 2s]
Seat 1: VasilevsAA (big blind) collected (440)
Seat 2: Soy_Orangee (button) folded on the Flop
Seat 3: Mahu2021 (small blind) folded on the River



PokerStars Hand #253075321517: Tournament #3815856554, $1.84+$0.16 USD Hold'em No Limit - Level I (10/20) - 2024/10/24 6:41:52 CET [2024/10/24 0:41:52 ET]
Table '3815856554 1' 3-max Seat #3 is the button
Seat 1: VasilevsAA (740 in chips) 
Seat 2: Soy_Orangee (385 in chips) 
Seat 3: Mahu2021 (375 in chips) 
VasilevsAA: posts small blind 10
Soy_Orangee: posts big blind 20
*** HOLE CARDS ***
Dealt to Mahu2021 [9s 3d]
Mahu2021: folds 
VasilevsAA: calls 10
Soy_Orangee: checks 
*** FLOP *** [Td 3c Tc]
VasilevsAA: bets 40
Soy_Orangee: raises 80 to 120
VasilevsAA: folds 
Uncalled bet (80) returned to Soy_Orangee
Soy_Orangee collected 120 from pot
Soy_Orangee: doesn't show hand 
*** SUMMARY ***
Total pot 120 | Rake 0 
Board [Td 3c Tc]
Seat 1: VasilevsAA (small blind) folded on the Flop
Seat 2: Soy_Orangee (big blind) collected (120)
Seat 3: Mahu2021 (button) folded before Flop (didn't bet)



PokerStars Hand #253075324382: Tournament #3815856554, $1.84+$0.16 USD Hold'em No Limit - Level I (10/20) - 2024/10/24 6:42:24 CET [2024/10/24 0:42:24 ET]
Table '3815856554 1' 3-max Seat #1 is the button
Seat 1: VasilevsAA (680 in chips) 
Seat 2: Soy_Orangee (445 in chips) 
Seat 3: Mahu2021 (375 in chips) 
Soy_Orangee: posts small blind 10
Mahu2021: posts big blind 20
*** HOLE CARDS ***
Dealt to Mahu2021 [6c Jh]
VasilevsAA: calls 20
Soy_Orangee: calls 10
Mahu2021: checks 
*** FLOP *** [Ah 7h 4s]
Soy_Orangee: checks 
Mahu2021: checks 
VasilevsAA: bets 40
Soy_Orangee: folds 
Mahu2021: folds 
Uncalled bet (40) returned to VasilevsAA
VasilevsAA collected 60 from pot
*** SUMMARY ***
Total pot 60 | Rake 0 
Board [Ah 7h 4s]
Seat 1: VasilevsAA (button) collected (60)
Seat 2: Soy_Orangee (small blind) folded on the Flop
Seat 3: Mahu2021 (big blind) folded on the Flop



PokerStars Hand #253075326976: Tournament #3815856554, $1.84+$0.16 USD Hold'em No Limit - Level I (10/20) - 2024/10/24 6:42:54 CET [2024/10/24 0:42:54 ET]
Table '3815856554 1' 3-max Seat #2 is the button
Seat 1: VasilevsAA (720 in chips) 
Seat 2: Soy_Orangee (425 in chips) 
Seat 3: Mahu2021 (355 in chips) 
Mahu2021: posts small blind 10
VasilevsAA: posts big blind 20
*** HOLE CARDS ***
Dealt to Mahu2021 [5h 9d]
Soy_Orangee: folds 
Mahu2021: folds 
Uncalled bet (10) returned to VasilevsAA
VasilevsAA collected 20 from pot
*** SUMMARY ***
Total pot 20 | Rake 0 
Seat 1: VasilevsAA (big blind) collected (20)
Seat 2: Soy_Orangee (button) folded before Flop (didn't bet)
Seat 3: Mahu2021 (small blind) folded before Flop



PokerStars Hand #253075327702: Tournament #3815856554, $1.84+$0.16 USD Hold'em No Limit - Level II (15/30) - 2024/10/24 6:43:03 CET [2024/10/24 0:43:03 ET]
Table '3815856554 1' 3-max Seat #3 is the button
Seat 1: VasilevsAA (730 in chips) 
Seat 2: Soy_Orangee (425 in chips) 
Seat 3: Mahu2021 (345 in chips) 
VasilevsAA: posts small blind 15
Soy_Orangee: posts big blind 30
*** HOLE CARDS ***
Dealt to Mahu2021 [Js Td]
Mahu2021: raises 30 to 60
VasilevsAA: folds 
Soy_Orangee: raises 365 to 425 and is all-in
Mahu2021: folds 
Uncalled bet (365) returned to Soy_Orangee
Soy_Orangee collected 135 from pot
Soy_Orangee: doesn't show hand 
*** SUMMARY ***
Total pot 135 | Rake 0 
Seat 1: VasilevsAA (small blind) folded before Flop
Seat 2: Soy_Orangee (big blind) collected (135)
Seat 3: Mahu2021 (button) folded before Flop



PokerStars Hand #253075328823: Tournament #3815856554, $1.84+$0.16 USD Hold'em No Limit - Level II (15/30) - 2024/10/24 6:43:16 CET [2024/10/24 0:43:16 ET]
Table '3815856554 1' 3-max Seat #1 is the button
Seat 1: VasilevsAA (715 in chips) 
Seat 2: Soy_Orangee (500 in chips) 
Seat 3: Mahu2021 (285 in chips) 
Soy_Orangee: posts small blind 15
Mahu2021: posts big blind 30
*** HOLE CARDS ***
Dealt to Mahu2021 [7d Th]
VasilevsAA: folds 
Soy_Orangee: folds 
Uncalled bet (15) returned to Mahu2021
Mahu2021 collected 30 from pot
Mahu2021: doesn't show hand 
*** SUMMARY ***
Total pot 30 | Rake 0 
Seat 1: VasilevsAA (button) folded before Flop (didn't bet)
Seat 2: Soy_Orangee (small blind) folded before Flop
Seat 3: Mahu2021 (big blind) collected (30)



PokerStars Hand #253075329609: Tournament #3815856554, $1.84+$0.16 USD Hold'em No Limit - Level II (15/30) - 2024/10/24 6:43:26 CET [2024/10/24 0:43:26 ET]
Table '3815856554 1' 3-max Seat #2 is the button
Seat 1: VasilevsAA (715 in chips) 
Seat 2: Soy_Orangee (485 in chips) 
Seat 3: Mahu2021 (300 in chips) 
Mahu2021: posts small blind 15
VasilevsAA: posts big blind 30
*** HOLE CARDS ***
Dealt to Mahu2021 [5d 8s]
Soy_Orangee: folds 
Mahu2021: folds 
Uncalled bet (15) returned to VasilevsAA
VasilevsAA collected 30 from pot
*** SUMMARY ***
Total pot 30 | Rake 0 
Seat 1: VasilevsAA (big blind) collected (30)
Seat 2: Soy_Orangee (button) folded before Flop (didn't bet)
Seat 3: Mahu2021 (small blind) folded before Flop



PokerStars Hand #253075330526: Tournament #3815856554, $1.84+$0.16 USD Hold'em No Limit - Level II (15/30) - 2024/10/24 6:43:36 CET [2024/10/24 0:43:36 ET]
Table '3815856554 1' 3-max Seat #3 is the button
Seat 1: VasilevsAA (730 in chips) 
Seat 2: Soy_Orangee (485 in chips) 
Seat 3: Mahu2021 (285 in chips) 
VasilevsAA: posts small blind 15
Soy_Orangee: posts big blind 30
*** HOLE CARDS ***
Dealt to Mahu2021 [5s Jh]
Mahu2021: folds 
VasilevsAA: calls 15
Soy_Orangee: raises 60 to 90
VasilevsAA: folds 
Uncalled bet (60) returned to Soy_Orangee
Soy_Orangee collected 60 from pot
Soy_Orangee: doesn't show hand 
*** SUMMARY ***
Total pot 60 | Rake 0 
Seat 1: VasilevsAA (small blind) folded before Flop
Seat 2: Soy_Orangee (big blind) collected (60)
Seat 3: Mahu2021 (button) folded before Flop (didn't bet)



PokerStars Hand #253075332092: Tournament #3815856554, $1.84+$0.16 USD Hold'em No Limit - Level II (15/30) - 2024/10/24 6:43:55 CET [2024/10/24 0:43:55 ET]
Table '3815856554 1' 3-max Seat #1 is the button
Seat 1: VasilevsAA (700 in chips) 
Seat 2: Soy_Orangee (515 in chips) 
Seat 3: Mahu2021 (285 in chips) 
Soy_Orangee: posts small blind 15
Mahu2021: posts big blind 30
*** HOLE CARDS ***
Dealt to Mahu2021 [Kd Td]
VasilevsAA: calls 30
Soy_Orangee: raises 485 to 515 and is all-in
Mahu2021: calls 255 and is all-in
VasilevsAA: folds 
Uncalled bet (230) returned to Soy_Orangee
*** FLOP *** [2h 9d 5h]
*** TURN *** [2h 9d 5h] [8d]
*** RIVER *** [2h 9d 5h 8d] [8s]
*** SHOW DOWN ***
Soy_Orangee: shows [4d 4h] (two pair, Eights and Fours)
Mahu2021: shows [Kd Td] (a pair of Eights)
Soy_Orangee collected 600 from pot
Mahu2021 finished the tournament in 3rd place
*** SUMMARY ***
Total pot 600 | Rake 0 
Board [2h 9d 5h 8d 8s]
Seat 1: VasilevsAA (button) folded before Flop
Seat 2: Soy_Orangee (small blind) showed [4d 4h] and won (600) with two pair, Eights and Fours
Seat 3: Mahu2021 (big blind) showed [Kd Td] and lost with a pair of Eights



