PokerStars Hand #243154684810: Tournament #3578950966, $0.92+$0.08 USD Hold'em No Limit - Level I (10/20) - 2023/04/17 21:32:46 CET [2023/04/17 15:32:46 ET]
Table '3578950966 1' 3-max Seat #1 is the button
Seat 1: 4d42 (500 in chips) 
Seat 2: Mahu2021 (500 in chips) 
Seat 3: Imbastrol (500 in chips) 
Mahu2021: posts small blind 10
Imbastrol: posts big blind 20
*** HOLE CARDS ***
Dealt to Mahu2021 [4s 7h]
4d42: folds 
Mahu2021: folds 
Uncalled bet (10) returned to Imbastrol
Imbastrol collected 20 from pot
Imbastrol: doesn't show hand 
*** SUMMARY ***
Total pot 20 | Rake 0 
Seat 1: 4d42 (button) folded before Flop (didn't bet)
Seat 2: Mahu2021 (small blind) folded before Flop
Seat 3: Imbastrol (big blind) collected (20)



PokerStars Hand #243154687697: Tournament #3578950966, $0.92+$0.08 USD Hold'em No Limit - Level I (10/20) - 2023/04/17 21:32:53 CET [2023/04/17 15:32:53 ET]
Table '3578950966 1' 3-max Seat #2 is the button
Seat 1: 4d42 (500 in chips) 
Seat 2: Mahu2021 (490 in chips) 
Seat 3: Imbastrol (510 in chips) 
Imbastrol: posts small blind 10
4d42: posts big blind 20
*** HOLE CARDS ***
Dealt to Mahu2021 [Kc 2c]
Mahu2021: calls 20
Imbastrol: folds 
4d42: raises 20 to 40
Mahu2021: calls 20
*** FLOP *** [Qh 8d Js]
4d42: bets 45
Mahu2021: folds 
Uncalled bet (45) returned to 4d42
4d42 collected 90 from pot
*** SUMMARY ***
Total pot 90 | Rake 0 
Board [Qh 8d Js]
Seat 1: 4d42 (big blind) collected (90)
Seat 2: Mahu2021 (button) folded on the Flop
Seat 3: Imbastrol (small blind) folded before Flop



PokerStars Hand #243154694476: Tournament #3578950966, $0.92+$0.08 USD Hold'em No Limit - Level I (10/20) - 2023/04/17 21:33:09 CET [2023/04/17 15:33:09 ET]
Table '3578950966 1' 3-max Seat #3 is the button
Seat 1: 4d42 (550 in chips) 
Seat 2: Mahu2021 (450 in chips) 
Seat 3: Imbastrol (500 in chips) 
4d42: posts small blind 10
Mahu2021: posts big blind 20
*** HOLE CARDS ***
Dealt to Mahu2021 [9s 9h]
Imbastrol: raises 20 to 40
4d42: folds 
Mahu2021: raises 410 to 450 and is all-in
Imbastrol: calls 410
*** FLOP *** [5d 5s Qd]
*** TURN *** [5d 5s Qd] [Ah]
*** RIVER *** [5d 5s Qd Ah] [7s]
*** SHOW DOWN ***
Mahu2021: shows [9s 9h] (two pair, Nines and Fives)
Imbastrol: shows [Jd Ks] (a pair of Fives)
Mahu2021 collected 910 from pot
*** SUMMARY ***
Total pot 910 | Rake 0 
Board [5d 5s Qd Ah 7s]
Seat 1: 4d42 (small blind) folded before Flop
Seat 2: Mahu2021 (big blind) showed [9s 9h] and won (910) with two pair, Nines and Fives
Seat 3: Imbastrol (button) showed [Jd Ks] and lost with a pair of Fives



PokerStars Hand #243154701114: Tournament #3578950966, $0.92+$0.08 USD Hold'em No Limit - Level I (10/20) - 2023/04/17 21:33:25 CET [2023/04/17 15:33:25 ET]
Table '3578950966 1' 3-max Seat #1 is the button
Seat 1: 4d42 (540 in chips) 
Seat 2: Mahu2021 (910 in chips) 
Seat 3: Imbastrol (50 in chips) 
Mahu2021: posts small blind 10
Imbastrol: posts big blind 20
*** HOLE CARDS ***
Dealt to Mahu2021 [6h Js]
4d42: raises 20 to 40
Mahu2021: folds 
Imbastrol: raises 10 to 50 and is all-in
4d42: calls 10
*** FLOP *** [Jc 2s 9d]
*** TURN *** [Jc 2s 9d] [Qs]
*** RIVER *** [Jc 2s 9d Qs] [8s]
*** SHOW DOWN ***
Imbastrol: shows [6s Ad] (high card Ace)
4d42: shows [Ks 8c] (a pair of Eights)
4d42 collected 110 from pot
Imbastrol finished the tournament in 3rd place
*** SUMMARY ***
Total pot 110 | Rake 0 
Board [Jc 2s 9d Qs 8s]
Seat 1: 4d42 (button) showed [Ks 8c] and won (110) with a pair of Eights
Seat 2: Mahu2021 (small blind) folded before Flop
Seat 3: Imbastrol (big blind) showed [6s Ad] and lost with high card Ace



PokerStars Hand #243154708715: Tournament #3578950966, $0.92+$0.08 USD Hold'em No Limit - Level I (10/20) - 2023/04/17 21:33:43 CET [2023/04/17 15:33:43 ET]
Table '3578950966 1' 3-max Seat #2 is the button
Seat 1: 4d42 (600 in chips) 
Seat 2: Mahu2021 (900 in chips) 
Mahu2021: posts small blind 10
4d42: posts big blind 20
*** HOLE CARDS ***
Dealt to Mahu2021 [7d 5c]
Mahu2021: calls 10
4d42: checks 
*** FLOP *** [Ts Ac 2c]
4d42: bets 40
Mahu2021: folds 
Uncalled bet (40) returned to 4d42
4d42 collected 40 from pot
*** SUMMARY ***
Total pot 40 | Rake 0 
Board [Ts Ac 2c]
Seat 1: 4d42 (big blind) collected (40)
Seat 2: Mahu2021 (button) (small blind) folded on the Flop



PokerStars Hand #243154713156: Tournament #3578950966, $0.92+$0.08 USD Hold'em No Limit - Level I (10/20) - 2023/04/17 21:33:53 CET [2023/04/17 15:33:53 ET]
Table '3578950966 1' 3-max Seat #1 is the button
Seat 1: 4d42 (620 in chips) 
Seat 2: Mahu2021 (880 in chips) 
4d42: posts small blind 10
Mahu2021: posts big blind 20
*** HOLE CARDS ***
Dealt to Mahu2021 [2c Qd]
4d42: raises 20 to 40
Mahu2021: calls 20
*** FLOP *** [4h Th 4s]
Mahu2021: checks 
4d42: bets 80
Mahu2021: folds 
Uncalled bet (80) returned to 4d42
4d42 collected 80 from pot
*** SUMMARY ***
Total pot 80 | Rake 0 
Board [4h Th 4s]
Seat 1: 4d42 (button) (small blind) collected (80)
Seat 2: Mahu2021 (big blind) folded on the Flop



PokerStars Hand #243154718427: Tournament #3578950966, $0.92+$0.08 USD Hold'em No Limit - Level I (10/20) - 2023/04/17 21:34:06 CET [2023/04/17 15:34:06 ET]
Table '3578950966 1' 3-max Seat #2 is the button
Seat 1: 4d42 (660 in chips) 
Seat 2: Mahu2021 (840 in chips) 
Mahu2021: posts small blind 10
4d42: posts big blind 20
*** HOLE CARDS ***
Dealt to Mahu2021 [Js 5h]
Mahu2021: calls 10
4d42: checks 
*** FLOP *** [Jd Kh 3s]
4d42: checks 
Mahu2021: bets 40
4d42: folds 
Uncalled bet (40) returned to Mahu2021
Mahu2021 collected 40 from pot
Mahu2021: doesn't show hand 
*** SUMMARY ***
Total pot 40 | Rake 0 
Board [Jd Kh 3s]
Seat 1: 4d42 (big blind) folded on the Flop
Seat 2: Mahu2021 (button) (small blind) collected (40)



PokerStars Hand #243154723444: Tournament #3578950966, $0.92+$0.08 USD Hold'em No Limit - Level I (10/20) - 2023/04/17 21:34:18 CET [2023/04/17 15:34:18 ET]
Table '3578950966 1' 3-max Seat #1 is the button
Seat 1: 4d42 (640 in chips) 
Seat 2: Mahu2021 (860 in chips) 
4d42: posts small blind 10
Mahu2021: posts big blind 20
*** HOLE CARDS ***
Dealt to Mahu2021 [3s Th]
4d42: folds 
Uncalled bet (10) returned to Mahu2021
Mahu2021 collected 20 from pot
Mahu2021: doesn't show hand 
*** SUMMARY ***
Total pot 20 | Rake 0 
Seat 1: 4d42 (button) (small blind) folded before Flop
Seat 2: Mahu2021 (big blind) collected (20)



PokerStars Hand #243154726007: Tournament #3578950966, $0.92+$0.08 USD Hold'em No Limit - Level I (10/20) - 2023/04/17 21:34:24 CET [2023/04/17 15:34:24 ET]
Table '3578950966 1' 3-max Seat #2 is the button
Seat 1: 4d42 (630 in chips) 
Seat 2: Mahu2021 (870 in chips) 
Mahu2021: posts small blind 10
4d42: posts big blind 20
*** HOLE CARDS ***
Dealt to Mahu2021 [3h 6d]
Mahu2021: calls 10
4d42: raises 20 to 40
Mahu2021: calls 20
*** FLOP *** [8s Jd Kc]
4d42: bets 40
Mahu2021: folds 
Uncalled bet (40) returned to 4d42
4d42 collected 80 from pot
*** SUMMARY ***
Total pot 80 | Rake 0 
Board [8s Jd Kc]
Seat 1: 4d42 (big blind) collected (80)
Seat 2: Mahu2021 (button) (small blind) folded on the Flop



PokerStars Hand #243154730482: Tournament #3578950966, $0.92+$0.08 USD Hold'em No Limit - Level I (10/20) - 2023/04/17 21:34:35 CET [2023/04/17 15:34:35 ET]
Table '3578950966 1' 3-max Seat #1 is the button
Seat 1: 4d42 (670 in chips) 
Seat 2: Mahu2021 (830 in chips) 
4d42: posts small blind 10
Mahu2021: posts big blind 20
*** HOLE CARDS ***
Dealt to Mahu2021 [5d 5c]
4d42: folds 
Uncalled bet (10) returned to Mahu2021
Mahu2021 collected 20 from pot
Mahu2021: doesn't show hand 
*** SUMMARY ***
Total pot 20 | Rake 0 
Seat 1: 4d42 (button) (small blind) folded before Flop
Seat 2: Mahu2021 (big blind) collected (20)



PokerStars Hand #243154733343: Tournament #3578950966, $0.92+$0.08 USD Hold'em No Limit - Level I (10/20) - 2023/04/17 21:34:42 CET [2023/04/17 15:34:42 ET]
Table '3578950966 1' 3-max Seat #2 is the button
Seat 1: 4d42 (660 in chips) 
Seat 2: Mahu2021 (840 in chips) 
Mahu2021: posts small blind 10
4d42: posts big blind 20
*** HOLE CARDS ***
Dealt to Mahu2021 [7h 4c]
Mahu2021: folds 
Uncalled bet (10) returned to 4d42
4d42 collected 20 from pot
*** SUMMARY ***
Total pot 20 | Rake 0 
Seat 1: 4d42 (big blind) collected (20)
Seat 2: Mahu2021 (button) (small blind) folded before Flop



PokerStars Hand #243154735367: Tournament #3578950966, $0.92+$0.08 USD Hold'em No Limit - Level I (10/20) - 2023/04/17 21:34:47 CET [2023/04/17 15:34:47 ET]
Table '3578950966 1' 3-max Seat #1 is the button
Seat 1: 4d42 (670 in chips) 
Seat 2: Mahu2021 (830 in chips) 
4d42: posts small blind 10
Mahu2021: posts big blind 20
*** HOLE CARDS ***
Dealt to Mahu2021 [Ac 6c]
4d42: folds 
Uncalled bet (10) returned to Mahu2021
Mahu2021 collected 20 from pot
Mahu2021: doesn't show hand 
*** SUMMARY ***
Total pot 20 | Rake 0 
Seat 1: 4d42 (button) (small blind) folded before Flop
Seat 2: Mahu2021 (big blind) collected (20)



PokerStars Hand #243154737385: Tournament #3578950966, $0.92+$0.08 USD Hold'em No Limit - Level I (10/20) - 2023/04/17 21:34:52 CET [2023/04/17 15:34:52 ET]
Table '3578950966 1' 3-max Seat #2 is the button
Seat 1: 4d42 (660 in chips) 
Seat 2: Mahu2021 (840 in chips) 
Mahu2021: posts small blind 10
4d42: posts big blind 20
*** HOLE CARDS ***
Dealt to Mahu2021 [7c 5c]
Mahu2021: calls 10
4d42: raises 20 to 40
Mahu2021: calls 20
*** FLOP *** [9c 6c Js]
4d42: checks 
Mahu2021: bets 80
4d42: folds 
Uncalled bet (80) returned to Mahu2021
Mahu2021 collected 80 from pot
Mahu2021: doesn't show hand 
*** SUMMARY ***
Total pot 80 | Rake 0 
Board [9c 6c Js]
Seat 1: 4d42 (big blind) folded on the Flop
Seat 2: Mahu2021 (button) (small blind) collected (80)



PokerStars Hand #243154743577: Tournament #3578950966, $0.92+$0.08 USD Hold'em No Limit - Level I (10/20) - 2023/04/17 21:35:06 CET [2023/04/17 15:35:06 ET]
Table '3578950966 1' 3-max Seat #1 is the button
Seat 1: 4d42 (620 in chips) 
Seat 2: Mahu2021 (880 in chips) 
4d42: posts small blind 10
Mahu2021: posts big blind 20
*** HOLE CARDS ***
Dealt to Mahu2021 [2c Kh]
4d42: raises 20 to 40
Mahu2021: calls 20
*** FLOP *** [Tc Js 9h]
Mahu2021: checks 
4d42: bets 60
Mahu2021: calls 60
*** TURN *** [Tc Js 9h] [6c]
Mahu2021: checks 
4d42: checks 
*** RIVER *** [Tc Js 9h 6c] [8c]
Mahu2021: bets 200
4d42: folds 
Uncalled bet (200) returned to Mahu2021
Mahu2021 collected 200 from pot
Mahu2021: doesn't show hand 
*** SUMMARY ***
Total pot 200 | Rake 0 
Board [Tc Js 9h 6c 8c]
Seat 1: 4d42 (button) (small blind) folded on the River
Seat 2: Mahu2021 (big blind) collected (200)



PokerStars Hand #243154751178: Tournament #3578950966, $0.92+$0.08 USD Hold'em No Limit - Level I (10/20) - 2023/04/17 21:35:25 CET [2023/04/17 15:35:25 ET]
Table '3578950966 1' 3-max Seat #2 is the button
Seat 1: 4d42 (520 in chips) 
Seat 2: Mahu2021 (980 in chips) 
Mahu2021: posts small blind 10
4d42: posts big blind 20
*** HOLE CARDS ***
Dealt to Mahu2021 [Qc 7s]
Mahu2021: calls 10
4d42: raises 20 to 40
Mahu2021: calls 20
*** FLOP *** [4c Td 2h]
4d42: checks 
Mahu2021: checks 
*** TURN *** [4c Td 2h] [8s]
4d42: bets 40
Mahu2021: folds 
Uncalled bet (40) returned to 4d42
4d42 collected 80 from pot
*** SUMMARY ***
Total pot 80 | Rake 0 
Board [4c Td 2h 8s]
Seat 1: 4d42 (big blind) collected (80)
Seat 2: Mahu2021 (button) (small blind) folded on the Turn



PokerStars Hand #243154758583: Tournament #3578950966, $0.92+$0.08 USD Hold'em No Limit - Level I (10/20) - 2023/04/17 21:35:43 CET [2023/04/17 15:35:43 ET]
Table '3578950966 1' 3-max Seat #1 is the button
Seat 1: 4d42 (560 in chips) 
Seat 2: Mahu2021 (940 in chips) 
4d42: posts small blind 10
Mahu2021: posts big blind 20
*** HOLE CARDS ***
Dealt to Mahu2021 [5h Ts]
4d42: raises 20 to 40
Mahu2021: folds 
Uncalled bet (20) returned to 4d42
4d42 collected 40 from pot
*** SUMMARY ***
Total pot 40 | Rake 0 
Seat 1: 4d42 (button) (small blind) collected (40)
Seat 2: Mahu2021 (big blind) folded before Flop



PokerStars Hand #243154762635: Tournament #3578950966, $0.92+$0.08 USD Hold'em No Limit - Level II (15/30) - 2023/04/17 21:35:52 CET [2023/04/17 15:35:52 ET]
Table '3578950966 1' 3-max Seat #2 is the button
Seat 1: 4d42 (580 in chips) 
Seat 2: Mahu2021 (920 in chips) 
Mahu2021: posts small blind 15
4d42: posts big blind 30
*** HOLE CARDS ***
Dealt to Mahu2021 [Jh 8d]
Mahu2021: raises 30 to 60
4d42: folds 
Uncalled bet (30) returned to Mahu2021
Mahu2021 collected 60 from pot
Mahu2021: doesn't show hand 
*** SUMMARY ***
Total pot 60 | Rake 0 
Seat 1: 4d42 (big blind) folded before Flop
Seat 2: Mahu2021 (button) (small blind) collected (60)



PokerStars Hand #243154765226: Tournament #3578950966, $0.92+$0.08 USD Hold'em No Limit - Level II (15/30) - 2023/04/17 21:35:59 CET [2023/04/17 15:35:59 ET]
Table '3578950966 1' 3-max Seat #1 is the button
Seat 1: 4d42 (550 in chips) 
Seat 2: Mahu2021 (950 in chips) 
4d42: posts small blind 15
Mahu2021: posts big blind 30
*** HOLE CARDS ***
Dealt to Mahu2021 [3d 2h]
4d42: raises 30 to 60
Mahu2021: calls 30
*** FLOP *** [2c 3h Jd]
Mahu2021: checks 
4d42: bets 60
Mahu2021: raises 120 to 180
4d42: folds 
Uncalled bet (120) returned to Mahu2021
Mahu2021 collected 240 from pot
Mahu2021: doesn't show hand 
*** SUMMARY ***
Total pot 240 | Rake 0 
Board [2c 3h Jd]
Seat 1: 4d42 (button) (small blind) folded on the Flop
Seat 2: Mahu2021 (big blind) collected (240)



PokerStars Hand #243154770988: Tournament #3578950966, $0.92+$0.08 USD Hold'em No Limit - Level II (15/30) - 2023/04/17 21:36:13 CET [2023/04/17 15:36:13 ET]
Table '3578950966 1' 3-max Seat #2 is the button
Seat 1: 4d42 (430 in chips) 
Seat 2: Mahu2021 (1070 in chips) 
Mahu2021: posts small blind 15
4d42: posts big blind 30
*** HOLE CARDS ***
Dealt to Mahu2021 [Jh Qs]
Mahu2021: raises 30 to 60
4d42: raises 370 to 430 and is all-in
Mahu2021: calls 370
*** FLOP *** [7d Js 4h]
*** TURN *** [7d Js 4h] [Qc]
*** RIVER *** [7d Js 4h Qc] [3d]
*** SHOW DOWN ***
4d42: shows [6s 5h] (a straight, Three to Seven)
Mahu2021: shows [Jh Qs] (two pair, Queens and Jacks)
4d42 collected 860 from pot
*** SUMMARY ***
Total pot 860 | Rake 0 
Board [7d Js 4h Qc 3d]
Seat 1: 4d42 (big blind) showed [6s 5h] and won (860) with a straight, Three to Seven
Seat 2: Mahu2021 (button) (small blind) showed [Jh Qs] and lost with two pair, Queens and Jacks



PokerStars Hand #243154776975: Tournament #3578950966, $0.92+$0.08 USD Hold'em No Limit - Level II (15/30) - 2023/04/17 21:36:27 CET [2023/04/17 15:36:27 ET]
Table '3578950966 1' 3-max Seat #1 is the button
Seat 1: 4d42 (860 in chips) 
Seat 2: Mahu2021 (640 in chips) 
4d42: posts small blind 15
Mahu2021: posts big blind 30
*** HOLE CARDS ***
Dealt to Mahu2021 [Jc Js]
4d42: folds 
Uncalled bet (15) returned to Mahu2021
Mahu2021 collected 30 from pot
Mahu2021: doesn't show hand 
*** SUMMARY ***
Total pot 30 | Rake 0 
Seat 1: 4d42 (button) (small blind) folded before Flop
Seat 2: Mahu2021 (big blind) collected (30)



PokerStars Hand #243154779076: Tournament #3578950966, $0.92+$0.08 USD Hold'em No Limit - Level II (15/30) - 2023/04/17 21:36:32 CET [2023/04/17 15:36:32 ET]
Table '3578950966 1' 3-max Seat #2 is the button
Seat 1: 4d42 (845 in chips) 
Seat 2: Mahu2021 (655 in chips) 
Mahu2021: posts small blind 15
4d42: posts big blind 30
*** HOLE CARDS ***
Dealt to Mahu2021 [3c 8d]
Mahu2021: folds 
Uncalled bet (15) returned to 4d42
4d42 collected 30 from pot
*** SUMMARY ***
Total pot 30 | Rake 0 
Seat 1: 4d42 (big blind) collected (30)
Seat 2: Mahu2021 (button) (small blind) folded before Flop



PokerStars Hand #243154781036: Tournament #3578950966, $0.92+$0.08 USD Hold'em No Limit - Level II (15/30) - 2023/04/17 21:36:37 CET [2023/04/17 15:36:37 ET]
Table '3578950966 1' 3-max Seat #1 is the button
Seat 1: 4d42 (860 in chips) 
Seat 2: Mahu2021 (640 in chips) 
4d42: posts small blind 15
Mahu2021: posts big blind 30
*** HOLE CARDS ***
Dealt to Mahu2021 [Kd 2d]
4d42: folds 
Uncalled bet (15) returned to Mahu2021
Mahu2021 collected 30 from pot
Mahu2021: doesn't show hand 
*** SUMMARY ***
Total pot 30 | Rake 0 
Seat 1: 4d42 (button) (small blind) folded before Flop
Seat 2: Mahu2021 (big blind) collected (30)



PokerStars Hand #243154784185: Tournament #3578950966, $0.92+$0.08 USD Hold'em No Limit - Level II (15/30) - 2023/04/17 21:36:44 CET [2023/04/17 15:36:44 ET]
Table '3578950966 1' 3-max Seat #2 is the button
Seat 1: 4d42 (845 in chips) 
Seat 2: Mahu2021 (655 in chips) 
Mahu2021: posts small blind 15
4d42: posts big blind 30
*** HOLE CARDS ***
Dealt to Mahu2021 [Ts 3h]
Mahu2021: folds 
Uncalled bet (15) returned to 4d42
4d42 collected 30 from pot
*** SUMMARY ***
Total pot 30 | Rake 0 
Seat 1: 4d42 (big blind) collected (30)
Seat 2: Mahu2021 (button) (small blind) folded before Flop



PokerStars Hand #243154786142: Tournament #3578950966, $0.92+$0.08 USD Hold'em No Limit - Level II (15/30) - 2023/04/17 21:36:49 CET [2023/04/17 15:36:49 ET]
Table '3578950966 1' 3-max Seat #1 is the button
Seat 1: 4d42 (860 in chips) 
Seat 2: Mahu2021 (640 in chips) 
4d42: posts small blind 15
Mahu2021: posts big blind 30
*** HOLE CARDS ***
Dealt to Mahu2021 [2s 5c]
4d42: folds 
Uncalled bet (15) returned to Mahu2021
Mahu2021 collected 30 from pot
Mahu2021: doesn't show hand 
*** SUMMARY ***
Total pot 30 | Rake 0 
Seat 1: 4d42 (button) (small blind) folded before Flop
Seat 2: Mahu2021 (big blind) collected (30)



PokerStars Hand #243154788274: Tournament #3578950966, $0.92+$0.08 USD Hold'em No Limit - Level II (15/30) - 2023/04/17 21:36:54 CET [2023/04/17 15:36:54 ET]
Table '3578950966 1' 3-max Seat #2 is the button
Seat 1: 4d42 (845 in chips) 
Seat 2: Mahu2021 (655 in chips) 
Mahu2021: posts small blind 15
4d42: posts big blind 30
*** HOLE CARDS ***
Dealt to Mahu2021 [6c Kh]
Mahu2021: raises 30 to 60
4d42: folds 
Uncalled bet (30) returned to Mahu2021
Mahu2021 collected 60 from pot
Mahu2021: doesn't show hand 
*** SUMMARY ***
Total pot 60 | Rake 0 
Seat 1: 4d42 (big blind) folded before Flop
Seat 2: Mahu2021 (button) (small blind) collected (60)



PokerStars Hand #243154790691: Tournament #3578950966, $0.92+$0.08 USD Hold'em No Limit - Level II (15/30) - 2023/04/17 21:37:00 CET [2023/04/17 15:37:00 ET]
Table '3578950966 1' 3-max Seat #1 is the button
Seat 1: 4d42 (815 in chips) 
Seat 2: Mahu2021 (685 in chips) 
4d42: posts small blind 15
Mahu2021: posts big blind 30
*** HOLE CARDS ***
Dealt to Mahu2021 [Qs 3d]
4d42: raises 30 to 60
Mahu2021: calls 30
*** FLOP *** [9s 4h Js]
Mahu2021: checks 
4d42: bets 60
Mahu2021: folds 
Uncalled bet (60) returned to 4d42
4d42 collected 120 from pot
*** SUMMARY ***
Total pot 120 | Rake 0 
Board [9s 4h Js]
Seat 1: 4d42 (button) (small blind) collected (120)
Seat 2: Mahu2021 (big blind) folded on the Flop



PokerStars Hand #243154795714: Tournament #3578950966, $0.92+$0.08 USD Hold'em No Limit - Level II (15/30) - 2023/04/17 21:37:12 CET [2023/04/17 15:37:12 ET]
Table '3578950966 1' 3-max Seat #2 is the button
Seat 1: 4d42 (875 in chips) 
Seat 2: Mahu2021 (625 in chips) 
Mahu2021: posts small blind 15
4d42: posts big blind 30
*** HOLE CARDS ***
Dealt to Mahu2021 [Ac 6c]
Mahu2021: raises 30 to 60
4d42: calls 30
*** FLOP *** [4s 8c Th]
4d42: checks 
Mahu2021: bets 60
4d42: folds 
Uncalled bet (60) returned to Mahu2021
Mahu2021 collected 120 from pot
Mahu2021: doesn't show hand 
*** SUMMARY ***
Total pot 120 | Rake 0 
Board [4s 8c Th]
Seat 1: 4d42 (big blind) folded on the Flop
Seat 2: Mahu2021 (button) (small blind) collected (120)



PokerStars Hand #243154800409: Tournament #3578950966, $0.92+$0.08 USD Hold'em No Limit - Level II (15/30) - 2023/04/17 21:37:23 CET [2023/04/17 15:37:23 ET]
Table '3578950966 1' 3-max Seat #1 is the button
Seat 1: 4d42 (815 in chips) 
Seat 2: Mahu2021 (685 in chips) 
4d42: posts small blind 15
Mahu2021: posts big blind 30
*** HOLE CARDS ***
Dealt to Mahu2021 [Js Ad]
4d42: folds 
Uncalled bet (15) returned to Mahu2021
Mahu2021 collected 30 from pot
Mahu2021: doesn't show hand 
*** SUMMARY ***
Total pot 30 | Rake 0 
Seat 1: 4d42 (button) (small blind) folded before Flop
Seat 2: Mahu2021 (big blind) collected (30)



PokerStars Hand #243154802587: Tournament #3578950966, $0.92+$0.08 USD Hold'em No Limit - Level II (15/30) - 2023/04/17 21:37:28 CET [2023/04/17 15:37:28 ET]
Table '3578950966 1' 3-max Seat #2 is the button
Seat 1: 4d42 (800 in chips) 
Seat 2: Mahu2021 (700 in chips) 
Mahu2021: posts small blind 15
4d42: posts big blind 30
*** HOLE CARDS ***
Dealt to Mahu2021 [7c 2c]
Mahu2021: folds 
Uncalled bet (15) returned to 4d42
4d42 collected 30 from pot
*** SUMMARY ***
Total pot 30 | Rake 0 
Seat 1: 4d42 (big blind) collected (30)
Seat 2: Mahu2021 (button) (small blind) folded before Flop



PokerStars Hand #243154804637: Tournament #3578950966, $0.92+$0.08 USD Hold'em No Limit - Level II (15/30) - 2023/04/17 21:37:33 CET [2023/04/17 15:37:33 ET]
Table '3578950966 1' 3-max Seat #1 is the button
Seat 1: 4d42 (815 in chips) 
Seat 2: Mahu2021 (685 in chips) 
4d42: posts small blind 15
Mahu2021: posts big blind 30
*** HOLE CARDS ***
Dealt to Mahu2021 [Qc 7h]
4d42: raises 785 to 815 and is all-in
Mahu2021: folds 
Uncalled bet (785) returned to 4d42
4d42 collected 60 from pot
*** SUMMARY ***
Total pot 60 | Rake 0 
Seat 1: 4d42 (button) (small blind) collected (60)
Seat 2: Mahu2021 (big blind) folded before Flop



PokerStars Hand #243154807336: Tournament #3578950966, $0.92+$0.08 USD Hold'em No Limit - Level II (15/30) - 2023/04/17 21:37:40 CET [2023/04/17 15:37:40 ET]
Table '3578950966 1' 3-max Seat #2 is the button
Seat 1: 4d42 (845 in chips) 
Seat 2: Mahu2021 (655 in chips) 
Mahu2021: posts small blind 15
4d42: posts big blind 30
*** HOLE CARDS ***
Dealt to Mahu2021 [7h 3c]
Mahu2021: folds 
Uncalled bet (15) returned to 4d42
4d42 collected 30 from pot
*** SUMMARY ***
Total pot 30 | Rake 0 
Seat 1: 4d42 (big blind) collected (30)
Seat 2: Mahu2021 (button) (small blind) folded before Flop



PokerStars Hand #243154809358: Tournament #3578950966, $0.92+$0.08 USD Hold'em No Limit - Level II (15/30) - 2023/04/17 21:37:45 CET [2023/04/17 15:37:45 ET]
Table '3578950966 1' 3-max Seat #1 is the button
Seat 1: 4d42 (860 in chips) 
Seat 2: Mahu2021 (640 in chips) 
4d42: posts small blind 15
Mahu2021: posts big blind 30
*** HOLE CARDS ***
Dealt to Mahu2021 [5d 9s]
4d42: calls 15
Mahu2021: checks 
*** FLOP *** [4h Jc 2h]
Mahu2021: checks 
4d42: checks 
*** TURN *** [4h Jc 2h] [6s]
Mahu2021: checks 
4d42: bets 60
Mahu2021: folds 
Uncalled bet (60) returned to 4d42
4d42 collected 60 from pot
*** SUMMARY ***
Total pot 60 | Rake 0 
Board [4h Jc 2h 6s]
Seat 1: 4d42 (button) (small blind) collected (60)
Seat 2: Mahu2021 (big blind) folded on the Turn



PokerStars Hand #243154815120: Tournament #3578950966, $0.92+$0.08 USD Hold'em No Limit - Level II (15/30) - 2023/04/17 21:37:59 CET [2023/04/17 15:37:59 ET]
Table '3578950966 1' 3-max Seat #2 is the button
Seat 1: 4d42 (890 in chips) 
Seat 2: Mahu2021 (610 in chips) 
Mahu2021: posts small blind 15
4d42: posts big blind 30
*** HOLE CARDS ***
Dealt to Mahu2021 [7s 4h]
Mahu2021: folds 
Uncalled bet (15) returned to 4d42
4d42 collected 30 from pot
*** SUMMARY ***
Total pot 30 | Rake 0 
Seat 1: 4d42 (big blind) collected (30)
Seat 2: Mahu2021 (button) (small blind) folded before Flop



PokerStars Hand #243154816998: Tournament #3578950966, $0.92+$0.08 USD Hold'em No Limit - Level II (15/30) - 2023/04/17 21:38:03 CET [2023/04/17 15:38:03 ET]
Table '3578950966 1' 3-max Seat #1 is the button
Seat 1: 4d42 (905 in chips) 
Seat 2: Mahu2021 (595 in chips) 
4d42: posts small blind 15
Mahu2021: posts big blind 30
*** HOLE CARDS ***
Dealt to Mahu2021 [8c Kh]
4d42: calls 15
Mahu2021: checks 
*** FLOP *** [Qd 5d 6s]
Mahu2021: checks 
4d42: checks 
*** TURN *** [Qd 5d 6s] [2s]
Mahu2021: bets 30
4d42: folds 
Uncalled bet (30) returned to Mahu2021
Mahu2021 collected 60 from pot
Mahu2021: doesn't show hand 
*** SUMMARY ***
Total pot 60 | Rake 0 
Board [Qd 5d 6s 2s]
Seat 1: 4d42 (button) (small blind) folded on the Turn
Seat 2: Mahu2021 (big blind) collected (60)



PokerStars Hand #243154822988: Tournament #3578950966, $0.92+$0.08 USD Hold'em No Limit - Level II (15/30) - 2023/04/17 21:38:18 CET [2023/04/17 15:38:18 ET]
Table '3578950966 1' 3-max Seat #2 is the button
Seat 1: 4d42 (875 in chips) 
Seat 2: Mahu2021 (625 in chips) 
Mahu2021: posts small blind 15
4d42: posts big blind 30
*** HOLE CARDS ***
Dealt to Mahu2021 [8s 5d]
Mahu2021: calls 15
4d42: raises 845 to 875 and is all-in
Mahu2021: folds 
Uncalled bet (845) returned to 4d42
4d42 collected 60 from pot
*** SUMMARY ***
Total pot 60 | Rake 0 
Seat 1: 4d42 (big blind) collected (60)
Seat 2: Mahu2021 (button) (small blind) folded before Flop



PokerStars Hand #243154828587: Tournament #3578950966, $0.92+$0.08 USD Hold'em No Limit - Level II (15/30) - 2023/04/17 21:38:31 CET [2023/04/17 15:38:31 ET]
Table '3578950966 1' 3-max Seat #1 is the button
Seat 1: 4d42 (905 in chips) 
Seat 2: Mahu2021 (595 in chips) 
4d42: posts small blind 15
Mahu2021: posts big blind 30
*** HOLE CARDS ***
Dealt to Mahu2021 [7c 3d]
4d42: raises 30 to 60
Mahu2021: folds 
Uncalled bet (30) returned to 4d42
4d42 collected 60 from pot
*** SUMMARY ***
Total pot 60 | Rake 0 
Seat 1: 4d42 (button) (small blind) collected (60)
Seat 2: Mahu2021 (big blind) folded before Flop



PokerStars Hand #243154831072: Tournament #3578950966, $0.92+$0.08 USD Hold'em No Limit - Level II (15/30) - 2023/04/17 21:38:37 CET [2023/04/17 15:38:37 ET]
Table '3578950966 1' 3-max Seat #2 is the button
Seat 1: 4d42 (935 in chips) 
Seat 2: Mahu2021 (565 in chips) 
Mahu2021: posts small blind 15
4d42: posts big blind 30
*** HOLE CARDS ***
Dealt to Mahu2021 [5c Js]
Mahu2021: calls 15
4d42: checks 
*** FLOP *** [Ts 7s Kd]
4d42: checks 
Mahu2021: bets 30
4d42: folds 
Uncalled bet (30) returned to Mahu2021
Mahu2021 collected 60 from pot
Mahu2021: doesn't show hand 
*** SUMMARY ***
Total pot 60 | Rake 0 
Board [Ts 7s Kd]
Seat 1: 4d42 (big blind) folded on the Flop
Seat 2: Mahu2021 (button) (small blind) collected (60)



PokerStars Hand #243154836774: Tournament #3578950966, $0.92+$0.08 USD Hold'em No Limit - Level III (20/40) - 2023/04/17 21:38:51 CET [2023/04/17 15:38:51 ET]
Table '3578950966 1' 3-max Seat #1 is the button
Seat 1: 4d42 (905 in chips) 
Seat 2: Mahu2021 (595 in chips) 
4d42: posts small blind 20
Mahu2021: posts big blind 40
*** HOLE CARDS ***
Dealt to Mahu2021 [Ad 8d]
4d42: raises 40 to 80
Mahu2021: raises 515 to 595 and is all-in
4d42: folds 
Uncalled bet (515) returned to Mahu2021
Mahu2021 collected 160 from pot
Mahu2021: doesn't show hand 
*** SUMMARY ***
Total pot 160 | Rake 0 
Seat 1: 4d42 (button) (small blind) folded before Flop
Seat 2: Mahu2021 (big blind) collected (160)



PokerStars Hand #243154840879: Tournament #3578950966, $0.92+$0.08 USD Hold'em No Limit - Level III (20/40) - 2023/04/17 21:39:01 CET [2023/04/17 15:39:01 ET]
Table '3578950966 1' 3-max Seat #2 is the button
Seat 1: 4d42 (825 in chips) 
Seat 2: Mahu2021 (675 in chips) 
Mahu2021: posts small blind 20
4d42: posts big blind 40
*** HOLE CARDS ***
Dealt to Mahu2021 [2s 9h]
Mahu2021: folds 
Uncalled bet (20) returned to 4d42
4d42 collected 40 from pot
*** SUMMARY ***
Total pot 40 | Rake 0 
Seat 1: 4d42 (big blind) collected (40)
Seat 2: Mahu2021 (button) (small blind) folded before Flop



PokerStars Hand #243154842879: Tournament #3578950966, $0.92+$0.08 USD Hold'em No Limit - Level III (20/40) - 2023/04/17 21:39:05 CET [2023/04/17 15:39:05 ET]
Table '3578950966 1' 3-max Seat #1 is the button
Seat 1: 4d42 (845 in chips) 
Seat 2: Mahu2021 (655 in chips) 
4d42: posts small blind 20
Mahu2021: posts big blind 40
*** HOLE CARDS ***
Dealt to Mahu2021 [Ks 9d]
4d42: raises 805 to 845 and is all-in
Mahu2021: calls 615 and is all-in
Uncalled bet (190) returned to 4d42
*** FLOP *** [Qs Js 8h]
*** TURN *** [Qs Js 8h] [4h]
*** RIVER *** [Qs Js 8h 4h] [5s]
*** SHOW DOWN ***
Mahu2021: shows [Ks 9d] (high card King)
4d42: shows [Ad 6s] (high card Ace)
4d42 collected 1310 from pot
Mahu2021 finished the tournament in 2nd place
4d42 wins the tournament and receives $3.00 - congratulations!
*** SUMMARY ***
Total pot 1310 | Rake 0 
Board [Qs Js 8h 4h 5s]
Seat 1: 4d42 (button) (small blind) showed [Ad 6s] and won (1310) with high card Ace
Seat 2: Mahu2021 (big blind) showed [Ks 9d] and lost with high card King



