PokerStars Hand #246752448856: Tournament #3664157653, $0.92+$0.08 USD Hold'em No Limit - Level I (10/20) - 2023/10/26 16:37:58 CET [2023/10/26 10:37:58 ET]
Table '3664157653 1' 3-max Seat #1 is the button
Seat 1: poker-lady x (500 in chips) 
Seat 2: alka6767 (500 in chips) 
Seat 3: Mahu2021 (500 in chips) 
alka6767: posts small blind 10
Mahu2021: posts big blind 20
*** HOLE CARDS ***
Dealt to Mahu2021 [6d 4h]
poker-lady x: folds 
alka6767: raises 40 to 60
Mahu2021: folds 
Uncalled bet (40) returned to alka6767
alka6767 collected 40 from pot
*** SUMMARY ***
Total pot 40 | Rake 0 
Seat 1: poker-lady x (button) folded before Flop (didn't bet)
Seat 2: alka6767 (small blind) collected (40)
Seat 3: Mahu2021 (big blind) folded before Flop



PokerStars Hand #246752450760: Tournament #3664157653, $0.92+$0.08 USD Hold'em No Limit - Level I (10/20) - 2023/10/26 16:38:06 CET [2023/10/26 10:38:06 ET]
Table '3664157653 1' 3-max Seat #2 is the button
Seat 1: poker-lady x (500 in chips) 
Seat 2: alka6767 (520 in chips) 
Seat 3: Mahu2021 (480 in chips) 
Mahu2021: posts small blind 10
poker-lady x: posts big blind 20
*** HOLE CARDS ***
Dealt to Mahu2021 [7s Ts]
alka6767: raises 20 to 40
Mahu2021: calls 30
poker-lady x: folds 
*** FLOP *** [3h Jc 7h]
Mahu2021: checks 
alka6767: bets 60
Mahu2021: calls 60
*** TURN *** [3h Jc 7h] [2c]
Mahu2021: checks 
alka6767: bets 130
Mahu2021: raises 250 to 380 and is all-in
alka6767: calls 250
*** RIVER *** [3h Jc 7h 2c] [8d]
*** SHOW DOWN ***
Mahu2021: shows [7s Ts] (a pair of Sevens)
alka6767: shows [Qs Qd] (a pair of Queens)
alka6767 collected 980 from pot
Mahu2021 finished the tournament in 3rd place
*** SUMMARY ***
Total pot 980 | Rake 0 
Board [3h Jc 7h 2c 8d]
Seat 1: poker-lady x (big blind) folded before Flop
Seat 2: alka6767 (button) showed [Qs Qd] and won (980) with a pair of Queens
Seat 3: Mahu2021 (small blind) showed [7s Ts] and lost with a pair of Sevens



