PokerStars Hand #254528298833: Tournament #3851028627, $4.60+$0.40 USD Hold'em No Limit - Level I (10/20) - 2025/01/24 13:55:23 CET [2025/01/24 7:55:23 ET]
Table '3851028627 1' 3-max Seat #1 is the button
Seat 1: Caitlyn @ X9 (500 in chips) 
Seat 2: TheRuiner97 (500 in chips) 
Seat 3: Mahu2021 (500 in chips) 
TheRuiner97: posts small blind 10
Mahu2021: posts big blind 20
*** HOLE CARDS ***
Dealt to Mahu2021 [Qs Qc]
Caitlyn @ X9: folds 
TheRuiner97: calls 10
Mahu2021: raises 480 to 500 and is all-in
TheRuiner97: folds 
Uncalled bet (480) returned to Mahu2021
Mahu2021 collected 40 from pot
Mahu2021: doesn't show hand 
*** SUMMARY ***
Total pot 40 | Rake 0 
Seat 1: Caitlyn @ X9 (button) folded before Flop (didn't bet)
Seat 2: TheRuiner97 (small blind) folded before Flop
Seat 3: Mahu2021 (big blind) collected (40)



PokerStars Hand #254528300163: Tournament #3851028627, $4.60+$0.40 USD Hold'em No Limit - Level I (10/20) - 2025/01/24 13:55:34 CET [2025/01/24 7:55:34 ET]
Table '3851028627 1' 3-max Seat #2 is the button
Seat 1: Caitlyn @ X9 (500 in chips) 
Seat 2: TheRuiner97 (480 in chips) 
Seat 3: Mahu2021 (520 in chips) 
Mahu2021: posts small blind 10
Caitlyn @ X9: posts big blind 20
*** HOLE CARDS ***
Dealt to Mahu2021 [Qc Qs]
TheRuiner97: folds 
Mahu2021: raises 500 to 520 and is all-in
Caitlyn @ X9: folds 
Uncalled bet (500) returned to Mahu2021
Mahu2021 collected 40 from pot
Mahu2021: doesn't show hand 
*** SUMMARY ***
Total pot 40 | Rake 0 
Seat 1: Caitlyn @ X9 (big blind) folded before Flop
Seat 2: TheRuiner97 (button) folded before Flop (didn't bet)
Seat 3: Mahu2021 (small blind) collected (40)



PokerStars Hand #254528301591: Tournament #3851028627, $4.60+$0.40 USD Hold'em No Limit - Level I (10/20) - 2025/01/24 13:55:46 CET [2025/01/24 7:55:46 ET]
Table '3851028627 1' 3-max Seat #3 is the button
Seat 1: Caitlyn @ X9 (480 in chips) 
Seat 2: TheRuiner97 (480 in chips) 
Seat 3: Mahu2021 (540 in chips) 
Caitlyn @ X9: posts small blind 10
TheRuiner97: posts big blind 20
*** HOLE CARDS ***
Dealt to Mahu2021 [7d 6c]
Mahu2021: folds 
Caitlyn @ X9: raises 40 to 60
TheRuiner97: folds 
Uncalled bet (40) returned to Caitlyn @ X9
Caitlyn @ X9 collected 40 from pot
Caitlyn @ X9: doesn't show hand 
*** SUMMARY ***
Total pot 40 | Rake 0 
Seat 1: Caitlyn @ X9 (small blind) collected (40)
Seat 2: TheRuiner97 (big blind) folded before Flop
Seat 3: Mahu2021 (button) folded before Flop (didn't bet)



PokerStars Hand #254528304005: Tournament #3851028627, $4.60+$0.40 USD Hold'em No Limit - Level I (10/20) - 2025/01/24 13:56:05 CET [2025/01/24 7:56:05 ET]
Table '3851028627 1' 3-max Seat #1 is the button
Seat 1: Caitlyn @ X9 (500 in chips) 
Seat 2: TheRuiner97 (460 in chips) 
Seat 3: Mahu2021 (540 in chips) 
TheRuiner97: posts small blind 10
Mahu2021: posts big blind 20
*** HOLE CARDS ***
Dealt to Mahu2021 [Ad 5h]
Caitlyn @ X9: folds 
TheRuiner97: calls 10
Mahu2021: checks 
*** FLOP *** [9c 2d Jh]
TheRuiner97: checks 
Mahu2021: bets 20
TheRuiner97: folds 
Uncalled bet (20) returned to Mahu2021
Mahu2021 collected 40 from pot
Mahu2021: doesn't show hand 
*** SUMMARY ***
Total pot 40 | Rake 0 
Board [9c 2d Jh]
Seat 1: Caitlyn @ X9 (button) folded before Flop (didn't bet)
Seat 2: TheRuiner97 (small blind) folded on the Flop
Seat 3: Mahu2021 (big blind) collected (40)



PokerStars Hand #254528308309: Tournament #3851028627, $4.60+$0.40 USD Hold'em No Limit - Level I (10/20) - 2025/01/24 13:56:41 CET [2025/01/24 7:56:41 ET]
Table '3851028627 1' 3-max Seat #2 is the button
Seat 1: Caitlyn @ X9 (500 in chips) 
Seat 2: TheRuiner97 (440 in chips) 
Seat 3: Mahu2021 (560 in chips) 
Mahu2021: posts small blind 10
Caitlyn @ X9: posts big blind 20
*** HOLE CARDS ***
Dealt to Mahu2021 [3h Jh]
TheRuiner97: folds 
Mahu2021: folds 
Uncalled bet (10) returned to Caitlyn @ X9
Caitlyn @ X9 collected 20 from pot
Caitlyn @ X9: doesn't show hand 
*** SUMMARY ***
Total pot 20 | Rake 0 
Seat 1: Caitlyn @ X9 (big blind) collected (20)
Seat 2: TheRuiner97 (button) folded before Flop (didn't bet)
Seat 3: Mahu2021 (small blind) folded before Flop



PokerStars Hand #254528309437: Tournament #3851028627, $4.60+$0.40 USD Hold'em No Limit - Level I (10/20) - 2025/01/24 13:56:51 CET [2025/01/24 7:56:51 ET]
Table '3851028627 1' 3-max Seat #3 is the button
Seat 1: Caitlyn @ X9 (510 in chips) 
Seat 2: TheRuiner97 (440 in chips) 
Seat 3: Mahu2021 (550 in chips) 
Caitlyn @ X9: posts small blind 10
TheRuiner97: posts big blind 20
*** HOLE CARDS ***
Dealt to Mahu2021 [8s 8c]
Mahu2021: raises 20 to 40
Caitlyn @ X9: folds 
TheRuiner97: calls 20
*** FLOP *** [7d Ac 3d]
TheRuiner97: checks 
Mahu2021: checks 
*** TURN *** [7d Ac 3d] [6d]
TheRuiner97: bets 40
Mahu2021: calls 40
*** RIVER *** [7d Ac 3d 6d] [Ks]
TheRuiner97: bets 40
Mahu2021: folds 
Uncalled bet (40) returned to TheRuiner97
TheRuiner97 collected 170 from pot
TheRuiner97: doesn't show hand 
*** SUMMARY ***
Total pot 170 | Rake 0 
Board [7d Ac 3d 6d Ks]
Seat 1: Caitlyn @ X9 (small blind) folded before Flop
Seat 2: TheRuiner97 (big blind) collected (170)
Seat 3: Mahu2021 (button) folded on the River



PokerStars Hand #254528311491: Tournament #3851028627, $4.60+$0.40 USD Hold'em No Limit - Level I (10/20) - 2025/01/24 13:57:08 CET [2025/01/24 7:57:08 ET]
Table '3851028627 1' 3-max Seat #1 is the button
Seat 1: Caitlyn @ X9 (500 in chips) 
Seat 2: TheRuiner97 (530 in chips) 
Seat 3: Mahu2021 (470 in chips) 
TheRuiner97: posts small blind 10
Mahu2021: posts big blind 20
*** HOLE CARDS ***
Dealt to Mahu2021 [8d 6d]
Caitlyn @ X9: raises 21 to 41
TheRuiner97: calls 31
Mahu2021: calls 21
*** FLOP *** [3s 7s Qc]
TheRuiner97: checks 
Mahu2021: checks 
Caitlyn @ X9: bets 41
TheRuiner97: folds 
Mahu2021: folds 
Uncalled bet (41) returned to Caitlyn @ X9
Caitlyn @ X9 collected 123 from pot
Caitlyn @ X9: doesn't show hand 
*** SUMMARY ***
Total pot 123 | Rake 0 
Board [3s 7s Qc]
Seat 1: Caitlyn @ X9 (button) collected (123)
Seat 2: TheRuiner97 (small blind) folded on the Flop
Seat 3: Mahu2021 (big blind) folded on the Flop



PokerStars Hand #254528314567: Tournament #3851028627, $4.60+$0.40 USD Hold'em No Limit - Level II (15/30) - 2025/01/24 13:57:33 CET [2025/01/24 7:57:33 ET]
Table '3851028627 1' 3-max Seat #2 is the button
Seat 1: Caitlyn @ X9 (582 in chips) 
Seat 2: TheRuiner97 (489 in chips) 
Seat 3: Mahu2021 (429 in chips) 
Mahu2021: posts small blind 15
Caitlyn @ X9: posts big blind 30
*** HOLE CARDS ***
Dealt to Mahu2021 [2s Ah]
TheRuiner97: folds 
Mahu2021: raises 30 to 60
Caitlyn @ X9: raises 210 to 270
Mahu2021: folds 
Uncalled bet (210) returned to Caitlyn @ X9
Caitlyn @ X9 collected 120 from pot
Caitlyn @ X9: doesn't show hand 
*** SUMMARY ***
Total pot 120 | Rake 0 
Seat 1: Caitlyn @ X9 (big blind) collected (120)
Seat 2: TheRuiner97 (button) folded before Flop (didn't bet)
Seat 3: Mahu2021 (small blind) folded before Flop



PokerStars Hand #254528315885: Tournament #3851028627, $4.60+$0.40 USD Hold'em No Limit - Level II (15/30) - 2025/01/24 13:57:44 CET [2025/01/24 7:57:44 ET]
Table '3851028627 1' 3-max Seat #3 is the button
Seat 1: Caitlyn @ X9 (642 in chips) 
Seat 2: TheRuiner97 (489 in chips) 
Seat 3: Mahu2021 (369 in chips) 
Caitlyn @ X9: posts small blind 15
TheRuiner97: posts big blind 30
*** HOLE CARDS ***
Dealt to Mahu2021 [9c Kc]
Mahu2021: raises 30 to 60
Caitlyn @ X9: folds 
TheRuiner97: folds 
Uncalled bet (30) returned to Mahu2021
Mahu2021 collected 75 from pot
Mahu2021: doesn't show hand 
*** SUMMARY ***
Total pot 75 | Rake 0 
Seat 1: Caitlyn @ X9 (small blind) folded before Flop
Seat 2: TheRuiner97 (big blind) folded before Flop
Seat 3: Mahu2021 (button) collected (75)



PokerStars Hand #254528317375: Tournament #3851028627, $4.60+$0.40 USD Hold'em No Limit - Level II (15/30) - 2025/01/24 13:57:56 CET [2025/01/24 7:57:56 ET]
Table '3851028627 1' 3-max Seat #1 is the button
Seat 1: Caitlyn @ X9 (627 in chips) 
Seat 2: TheRuiner97 (459 in chips) 
Seat 3: Mahu2021 (414 in chips) 
TheRuiner97: posts small blind 15
Mahu2021: posts big blind 30
*** HOLE CARDS ***
Dealt to Mahu2021 [Qs 6s]
Caitlyn @ X9 has timed out
Caitlyn @ X9: folds 
Caitlyn @ X9 is sitting out
TheRuiner97: folds 
Uncalled bet (15) returned to Mahu2021
Caitlyn @ X9 has returned
Mahu2021 collected 30 from pot
Mahu2021: doesn't show hand 
*** SUMMARY ***
Total pot 30 | Rake 0 
Seat 1: Caitlyn @ X9 (button) folded before Flop (didn't bet)
Seat 2: TheRuiner97 (small blind) folded before Flop
Seat 3: Mahu2021 (big blind) collected (30)



PokerStars Hand #254528319204: Tournament #3851028627, $4.60+$0.40 USD Hold'em No Limit - Level II (15/30) - 2025/01/24 13:58:12 CET [2025/01/24 7:58:12 ET]
Table '3851028627 1' 3-max Seat #2 is the button
Seat 1: Caitlyn @ X9 (627 in chips) 
Seat 2: TheRuiner97 (444 in chips) 
Seat 3: Mahu2021 (429 in chips) 
Mahu2021: posts small blind 15
Caitlyn @ X9: posts big blind 30
*** HOLE CARDS ***
Dealt to Mahu2021 [9s 9c]
TheRuiner97: folds 
Mahu2021: raises 30 to 60
Caitlyn @ X9: calls 30
*** FLOP *** [Qh 2s Tc]
Mahu2021: checks 
Caitlyn @ X9: bets 120
Mahu2021: folds 
Uncalled bet (120) returned to Caitlyn @ X9
Caitlyn @ X9 collected 120 from pot
Caitlyn @ X9: doesn't show hand 
*** SUMMARY ***
Total pot 120 | Rake 0 
Board [Qh 2s Tc]
Seat 1: Caitlyn @ X9 (big blind) collected (120)
Seat 2: TheRuiner97 (button) folded before Flop (didn't bet)
Seat 3: Mahu2021 (small blind) folded on the Flop



PokerStars Hand #254528320734: Tournament #3851028627, $4.60+$0.40 USD Hold'em No Limit - Level II (15/30) - 2025/01/24 13:58:24 CET [2025/01/24 7:58:24 ET]
Table '3851028627 1' 3-max Seat #3 is the button
Seat 1: Caitlyn @ X9 (687 in chips) 
Seat 2: TheRuiner97 (444 in chips) 
Seat 3: Mahu2021 (369 in chips) 
Caitlyn @ X9: posts small blind 15
TheRuiner97: posts big blind 30
*** HOLE CARDS ***
Dealt to Mahu2021 [Qh 9s]
Mahu2021: folds 
Caitlyn @ X9: raises 31 to 61
TheRuiner97: raises 383 to 444 and is all-in
Caitlyn @ X9: folds 
Uncalled bet (383) returned to TheRuiner97
TheRuiner97 collected 122 from pot
TheRuiner97: doesn't show hand 
*** SUMMARY ***
Total pot 122 | Rake 0 
Seat 1: Caitlyn @ X9 (small blind) folded before Flop
Seat 2: TheRuiner97 (big blind) collected (122)
Seat 3: Mahu2021 (button) folded before Flop (didn't bet)



PokerStars Hand #254528322057: Tournament #3851028627, $4.60+$0.40 USD Hold'em No Limit - Level II (15/30) - 2025/01/24 13:58:35 CET [2025/01/24 7:58:35 ET]
Table '3851028627 1' 3-max Seat #1 is the button
Seat 1: Caitlyn @ X9 (626 in chips) 
Seat 2: TheRuiner97 (505 in chips) 
Seat 3: Mahu2021 (369 in chips) 
TheRuiner97: posts small blind 15
Mahu2021: posts big blind 30
*** HOLE CARDS ***
Dealt to Mahu2021 [7c 7d]
Caitlyn @ X9: folds 
TheRuiner97: raises 30 to 60
Mahu2021: raises 309 to 369 and is all-in
TheRuiner97: calls 309
*** FLOP *** [Kh 3c 6s]
*** TURN *** [Kh 3c 6s] [Ts]
*** RIVER *** [Kh 3c 6s Ts] [As]
*** SHOW DOWN ***
TheRuiner97: shows [Qc Tc] (a pair of Tens)
Mahu2021: shows [7c 7d] (a pair of Sevens)
TheRuiner97 collected 738 from pot
Mahu2021 finished the tournament in 3rd place
*** SUMMARY ***
Total pot 738 | Rake 0 
Board [Kh 3c 6s Ts As]
Seat 1: Caitlyn @ X9 (button) folded before Flop (didn't bet)
Seat 2: TheRuiner97 (small blind) showed [Qc Tc] and won (738) with a pair of Tens
Seat 3: Mahu2021 (big blind) showed [7c 7d] and lost with a pair of Sevens



