PokerStars Hand #250192425059: Tournament #3747451148, $1.84+$0.16 USD Hold'em No Limit - Level I (10/20) - 2024/04/27 9:52:28 CET [2024/04/27 3:52:28 ET]
Table '3747451148 1' 3-max Seat #1 is the button
Seat 1: Mahu2021 (500 in chips) 
Seat 2: Nicko Buko (500 in chips) 
Seat 3: DeivisKK (500 in chips) 
Nicko Buko: posts small blind 10
DeivisKK: posts big blind 20
*** HOLE CARDS ***
Dealt to Mahu2021 [Kd 4c]
Mahu2021: calls 20
Nicko Buko: folds 
DeivisKK: checks 
*** FLOP *** [Qc 6s 8s]
DeivisKK: checks 
Mahu2021: checks 
*** TURN *** [Qc 6s 8s] [7s]
DeivisKK: bets 20
Mahu2021: folds 
Uncalled bet (20) returned to DeivisKK
DeivisKK collected 50 from pot
DeivisKK: doesn't show hand 
*** SUMMARY ***
Total pot 50 | Rake 0 
Board [Qc 6s 8s 7s]
Seat 1: Mahu2021 (button) folded on the Turn
Seat 2: Nicko Buko (small blind) folded before Flop
Seat 3: DeivisKK (big blind) collected (50)



PokerStars Hand #250192426739: Tournament #3747451148, $1.84+$0.16 USD Hold'em No Limit - Level I (10/20) - 2024/04/27 9:52:43 CET [2024/04/27 3:52:43 ET]
Table '3747451148 1' 3-max Seat #2 is the button
Seat 1: Mahu2021 (480 in chips) 
Seat 2: Nicko Buko (490 in chips) 
Seat 3: DeivisKK (530 in chips) 
DeivisKK: posts small blind 10
Mahu2021: posts big blind 20
*** HOLE CARDS ***
Dealt to Mahu2021 [3c 6s]
Nicko Buko: folds 
DeivisKK: calls 10
Mahu2021: checks 
*** FLOP *** [9h Ks 2d]
DeivisKK: checks 
Mahu2021: checks 
*** TURN *** [9h Ks 2d] [Kh]
DeivisKK: bets 20
Mahu2021: folds 
Uncalled bet (20) returned to DeivisKK
DeivisKK collected 40 from pot
DeivisKK: doesn't show hand 
*** SUMMARY ***
Total pot 40 | Rake 0 
Board [9h Ks 2d Kh]
Seat 1: Mahu2021 (big blind) folded on the Turn
Seat 2: Nicko Buko (button) folded before Flop (didn't bet)
Seat 3: DeivisKK (small blind) collected (40)



PokerStars Hand #250192428267: Tournament #3747451148, $1.84+$0.16 USD Hold'em No Limit - Level I (10/20) - 2024/04/27 9:52:57 CET [2024/04/27 3:52:57 ET]
Table '3747451148 1' 3-max Seat #3 is the button
Seat 1: Mahu2021 (460 in chips) 
Seat 2: Nicko Buko (490 in chips) 
Seat 3: DeivisKK (550 in chips) 
Mahu2021: posts small blind 10
Nicko Buko: posts big blind 20
*** HOLE CARDS ***
Dealt to Mahu2021 [Kc 3h]
DeivisKK: raises 20 to 40
Mahu2021: folds 
Nicko Buko: folds 
Uncalled bet (20) returned to DeivisKK
DeivisKK collected 50 from pot
DeivisKK: doesn't show hand 
*** SUMMARY ***
Total pot 50 | Rake 0 
Seat 1: Mahu2021 (small blind) folded before Flop
Seat 2: Nicko Buko (big blind) folded before Flop
Seat 3: DeivisKK (button) collected (50)



PokerStars Hand #250192429165: Tournament #3747451148, $1.84+$0.16 USD Hold'em No Limit - Level I (10/20) - 2024/04/27 9:53:05 CET [2024/04/27 3:53:05 ET]
Table '3747451148 1' 3-max Seat #1 is the button
Seat 1: Mahu2021 (450 in chips) 
Seat 2: Nicko Buko (470 in chips) 
Seat 3: DeivisKK (580 in chips) 
Nicko Buko: posts small blind 10
DeivisKK: posts big blind 20
*** HOLE CARDS ***
Dealt to Mahu2021 [Jc Jd]
Mahu2021: calls 20
Nicko Buko: folds 
DeivisKK: checks 
*** FLOP *** [Ac Kd Kc]
DeivisKK: checks 
Mahu2021: bets 20
DeivisKK: folds 
Uncalled bet (20) returned to Mahu2021
Mahu2021 collected 50 from pot
Mahu2021: doesn't show hand 
*** SUMMARY ***
Total pot 50 | Rake 0 
Board [Ac Kd Kc]
Seat 1: Mahu2021 (button) collected (50)
Seat 2: Nicko Buko (small blind) folded before Flop
Seat 3: DeivisKK (big blind) folded on the Flop



PokerStars Hand #250192432286: Tournament #3747451148, $1.84+$0.16 USD Hold'em No Limit - Level I (10/20) - 2024/04/27 9:53:34 CET [2024/04/27 3:53:34 ET]
Table '3747451148 1' 3-max Seat #2 is the button
Seat 1: Mahu2021 (480 in chips) 
Seat 2: Nicko Buko (460 in chips) 
Seat 3: DeivisKK (560 in chips) 
DeivisKK: posts small blind 10
Mahu2021: posts big blind 20
*** HOLE CARDS ***
Dealt to Mahu2021 [Ks 5d]
Nicko Buko: folds 
DeivisKK: folds 
Uncalled bet (10) returned to Mahu2021
Mahu2021 collected 20 from pot
Mahu2021: doesn't show hand 
*** SUMMARY ***
Total pot 20 | Rake 0 
Seat 1: Mahu2021 (big blind) collected (20)
Seat 2: Nicko Buko (button) folded before Flop (didn't bet)
Seat 3: DeivisKK (small blind) folded before Flop



PokerStars Hand #250192432904: Tournament #3747451148, $1.84+$0.16 USD Hold'em No Limit - Level I (10/20) - 2024/04/27 9:53:40 CET [2024/04/27 3:53:40 ET]
Table '3747451148 1' 3-max Seat #3 is the button
Seat 1: Mahu2021 (490 in chips) 
Seat 2: Nicko Buko (460 in chips) 
Seat 3: DeivisKK (550 in chips) 
Mahu2021: posts small blind 10
Nicko Buko: posts big blind 20
*** HOLE CARDS ***
Dealt to Mahu2021 [2c 9h]
DeivisKK: folds 
Mahu2021: folds 
Uncalled bet (10) returned to Nicko Buko
Nicko Buko collected 20 from pot
Nicko Buko: doesn't show hand 
*** SUMMARY ***
Total pot 20 | Rake 0 
Seat 1: Mahu2021 (small blind) folded before Flop
Seat 2: Nicko Buko (big blind) collected (20)
Seat 3: DeivisKK (button) folded before Flop (didn't bet)



PokerStars Hand #250192434272: Tournament #3747451148, $1.84+$0.16 USD Hold'em No Limit - Level I (10/20) - 2024/04/27 9:53:52 CET [2024/04/27 3:53:52 ET]
Table '3747451148 1' 3-max Seat #1 is the button
Seat 1: Mahu2021 (480 in chips) 
Seat 2: Nicko Buko (470 in chips) 
Seat 3: DeivisKK (550 in chips) 
Nicko Buko: posts small blind 10
DeivisKK: posts big blind 20
*** HOLE CARDS ***
Dealt to Mahu2021 [9h Td]
Mahu2021: raises 20 to 40
Nicko Buko: folds 
DeivisKK: folds 
Uncalled bet (20) returned to Mahu2021
Mahu2021 collected 50 from pot
Mahu2021: doesn't show hand 
*** SUMMARY ***
Total pot 50 | Rake 0 
Seat 1: Mahu2021 (button) collected (50)
Seat 2: Nicko Buko (small blind) folded before Flop
Seat 3: DeivisKK (big blind) folded before Flop



PokerStars Hand #250192435931: Tournament #3747451148, $1.84+$0.16 USD Hold'em No Limit - Level I (10/20) - 2024/04/27 9:54:08 CET [2024/04/27 3:54:08 ET]
Table '3747451148 1' 3-max Seat #2 is the button
Seat 1: Mahu2021 (510 in chips) 
Seat 2: Nicko Buko (460 in chips) 
Seat 3: DeivisKK (530 in chips) 
DeivisKK: posts small blind 10
Mahu2021: posts big blind 20
*** HOLE CARDS ***
Dealt to Mahu2021 [8s 2s]
Nicko Buko: folds 
DeivisKK: folds 
Uncalled bet (10) returned to Mahu2021
Mahu2021 collected 20 from pot
Mahu2021: doesn't show hand 
*** SUMMARY ***
Total pot 20 | Rake 0 
Seat 1: Mahu2021 (big blind) collected (20)
Seat 2: Nicko Buko (button) folded before Flop (didn't bet)
Seat 3: DeivisKK (small blind) folded before Flop



PokerStars Hand #250192437648: Tournament #3747451148, $1.84+$0.16 USD Hold'em No Limit - Level I (10/20) - 2024/04/27 9:54:23 CET [2024/04/27 3:54:23 ET]
Table '3747451148 1' 3-max Seat #3 is the button
Seat 1: Mahu2021 (520 in chips) 
Seat 2: Nicko Buko (460 in chips) 
Seat 3: DeivisKK (520 in chips) 
Mahu2021: posts small blind 10
Nicko Buko: posts big blind 20
*** HOLE CARDS ***
Dealt to Mahu2021 [Ah Ks]
DeivisKK: folds 
Mahu2021: raises 20 to 40
Nicko Buko: calls 20
*** FLOP *** [3s 6c Jd]
Mahu2021: checks 
Nicko Buko: bets 44
Mahu2021: calls 44
*** TURN *** [3s 6c Jd] [2s]
Mahu2021: checks 
Nicko Buko: bets 100
Mahu2021: folds 
Uncalled bet (100) returned to Nicko Buko
Nicko Buko collected 168 from pot
Nicko Buko: doesn't show hand 
*** SUMMARY ***
Total pot 168 | Rake 0 
Board [3s 6c Jd 2s]
Seat 1: Mahu2021 (small blind) folded on the Turn
Seat 2: Nicko Buko (big blind) collected (168)
Seat 3: DeivisKK (button) folded before Flop (didn't bet)



PokerStars Hand #250192441793: Tournament #3747451148, $1.84+$0.16 USD Hold'em No Limit - Level II (15/30) - 2024/04/27 9:55:02 CET [2024/04/27 3:55:02 ET]
Table '3747451148 1' 3-max Seat #1 is the button
Seat 1: Mahu2021 (436 in chips) 
Seat 2: Nicko Buko (544 in chips) 
Seat 3: DeivisKK (520 in chips) 
Nicko Buko: posts small blind 15
DeivisKK: posts big blind 30
*** HOLE CARDS ***
Dealt to Mahu2021 [Tc 8h]
Mahu2021: folds 
Nicko Buko: folds 
Uncalled bet (15) returned to DeivisKK
DeivisKK collected 30 from pot
DeivisKK: doesn't show hand 
*** SUMMARY ***
Total pot 30 | Rake 0 
Seat 1: Mahu2021 (button) folded before Flop (didn't bet)
Seat 2: Nicko Buko (small blind) folded before Flop
Seat 3: DeivisKK (big blind) collected (30)



PokerStars Hand #250192442447: Tournament #3747451148, $1.84+$0.16 USD Hold'em No Limit - Level II (15/30) - 2024/04/27 9:55:08 CET [2024/04/27 3:55:08 ET]
Table '3747451148 1' 3-max Seat #2 is the button
Seat 1: Mahu2021 (436 in chips) 
Seat 2: Nicko Buko (529 in chips) 
Seat 3: DeivisKK (535 in chips) 
DeivisKK: posts small blind 15
Mahu2021: posts big blind 30
*** HOLE CARDS ***
Dealt to Mahu2021 [9c 8h]
Nicko Buko: folds 
DeivisKK: calls 15
Mahu2021: checks 
*** FLOP *** [7h 6h Ts]
DeivisKK: bets 45
Mahu2021: calls 45
*** TURN *** [7h 6h Ts] [9h]
DeivisKK: bets 120
Mahu2021: calls 120
*** RIVER *** [7h 6h Ts 9h] [7s]
DeivisKK: bets 255
Mahu2021: calls 241 and is all-in
Uncalled bet (14) returned to DeivisKK
*** SHOW DOWN ***
DeivisKK: shows [7d Td] (a full house, Sevens full of Tens)
Mahu2021: shows [9c 8h] (a straight, Six to Ten)
DeivisKK collected 872 from pot
Mahu2021 finished the tournament in 3rd place
*** SUMMARY ***
Total pot 872 | Rake 0 
Board [7h 6h Ts 9h 7s]
Seat 1: Mahu2021 (big blind) showed [9c 8h] and lost with a straight, Six to Ten
Seat 2: Nicko Buko (button) folded before Flop (didn't bet)
Seat 3: DeivisKK (small blind) showed [7d Td] and won (872) with a full house, Sevens full of Tens



