PokerStars Hand #252840235329: Tournament #3809903659, $1.84+$0.16 USD Hold'em No Limit - Level I (10/20) - 2024/10/09 12:17:49 CET [2024/10/09 6:17:49 ET]
Table '3809903659 1' 3-max Seat #1 is the button
Seat 1: Mahu2021 (500 in chips) 
Seat 2: Latella1 (500 in chips) 
Seat 3: Smellgas? (500 in chips) 
Latella1: posts small blind 10
Smellgas?: posts big blind 20
*** HOLE CARDS ***
Dealt to Mahu2021 [9c 3c]
Mahu2021: folds 
Latella1: raises 20 to 40
Smellgas?: calls 20
*** FLOP *** [8c 5c 6d]
Latella1: bets 20
Smellgas?: raises 40 to 60
Latella1: calls 40
*** TURN *** [8c 5c 6d] [8d]
Latella1: checks 
Smellgas?: bets 60
Latella1: calls 60
*** RIVER *** [8c 5c 6d 8d] [Kc]
Latella1: checks 
Smellgas?: checks 
*** SHOW DOWN ***
Latella1: shows [3d Kd] (two pair, Kings and Eights)
Smellgas?: mucks hand 
Latella1 collected 320 from pot
*** SUMMARY ***
Total pot 320 | Rake 0 
Board [8c 5c 6d 8d Kc]
Seat 1: Mahu2021 (button) folded before Flop (didn't bet)
Seat 2: Latella1 (small blind) showed [3d Kd] and won (320) with two pair, Kings and Eights
Seat 3: Smellgas? (big blind) mucked [Ad 5s]



PokerStars Hand #252840238567: Tournament #3809903659, $1.84+$0.16 USD Hold'em No Limit - Level I (10/20) - 2024/10/09 12:18:14 CET [2024/10/09 6:18:14 ET]
Table '3809903659 1' 3-max Seat #2 is the button
Seat 1: Mahu2021 (500 in chips) 
Seat 2: Latella1 (660 in chips) 
Seat 3: Smellgas? (340 in chips) 
Smellgas?: posts small blind 10
Mahu2021: posts big blind 20
*** HOLE CARDS ***
Dealt to Mahu2021 [4s Jc]
Latella1: folds 
Smellgas?: raises 60 to 80
Mahu2021: folds 
Uncalled bet (60) returned to Smellgas?
Smellgas? collected 40 from pot
*** SUMMARY ***
Total pot 40 | Rake 0 
Seat 1: Mahu2021 (big blind) folded before Flop
Seat 2: Latella1 (button) folded before Flop (didn't bet)
Seat 3: Smellgas? (small blind) collected (40)



PokerStars Hand #252840239529: Tournament #3809903659, $1.84+$0.16 USD Hold'em No Limit - Level I (10/20) - 2024/10/09 12:18:22 CET [2024/10/09 6:18:22 ET]
Table '3809903659 1' 3-max Seat #3 is the button
Seat 1: Mahu2021 (480 in chips) 
Seat 2: Latella1 (660 in chips) 
Seat 3: Smellgas? (360 in chips) 
Mahu2021: posts small blind 10
Latella1: posts big blind 20
*** HOLE CARDS ***
Dealt to Mahu2021 [4s 2h]
Smellgas?: raises 40 to 60
Mahu2021: folds 
Latella1: calls 40
*** FLOP *** [9c 4d 5d]
Latella1: bets 20
Smellgas?: raises 60 to 80
Latella1: calls 60
*** TURN *** [9c 4d 5d] [Js]
Latella1: checks 
Smellgas?: bets 120
Latella1: calls 120
*** RIVER *** [9c 4d 5d Js] [8h]
Latella1: checks 
Smellgas?: bets 100 and is all-in
Latella1: calls 100
*** SHOW DOWN ***
Smellgas?: shows [Jh 9h] (two pair, Jacks and Nines)
Latella1: shows [Qd 9d] (a pair of Nines)
Smellgas? collected 730 from pot
*** SUMMARY ***
Total pot 730 | Rake 0 
Board [9c 4d 5d Js 8h]
Seat 1: Mahu2021 (small blind) folded before Flop
Seat 2: Latella1 (big blind) showed [Qd 9d] and lost with a pair of Nines
Seat 3: Smellgas? (button) showed [Jh 9h] and won (730) with two pair, Jacks and Nines



PokerStars Hand #252840243557: Tournament #3809903659, $1.84+$0.16 USD Hold'em No Limit - Level I (10/20) - 2024/10/09 12:18:55 CET [2024/10/09 6:18:55 ET]
Table '3809903659 1' 3-max Seat #1 is the button
Seat 1: Mahu2021 (470 in chips) 
Seat 2: Latella1 (300 in chips) 
Seat 3: Smellgas? (730 in chips) 
Latella1: posts small blind 10
Smellgas?: posts big blind 20
*** HOLE CARDS ***
Dealt to Mahu2021 [2h 8d]
Mahu2021: folds 
Latella1: raises 20 to 40
Smellgas?: calls 20
*** FLOP *** [3h 8c 7c]
Latella1: checks 
Smellgas?: checks 
*** TURN *** [3h 8c 7c] [As]
Latella1: checks 
Smellgas?: bets 20
Latella1: calls 20
*** RIVER *** [3h 8c 7c As] [7h]
Latella1: checks 
Smellgas?: checks 
*** SHOW DOWN ***
Latella1: shows [5c 6d] (a pair of Sevens)
Smellgas?: shows [Kd 4d] (a pair of Sevens - Ace+King kicker)
Smellgas? collected 120 from pot
*** SUMMARY ***
Total pot 120 | Rake 0 
Board [3h 8c 7c As 7h]
Seat 1: Mahu2021 (button) folded before Flop (didn't bet)
Seat 2: Latella1 (small blind) showed [5c 6d] and lost with a pair of Sevens
Seat 3: Smellgas? (big blind) showed [Kd 4d] and won (120) with a pair of Sevens



PokerStars Hand #252840246629: Tournament #3809903659, $1.84+$0.16 USD Hold'em No Limit - Level I (10/20) - 2024/10/09 12:19:19 CET [2024/10/09 6:19:19 ET]
Table '3809903659 1' 3-max Seat #2 is the button
Seat 1: Mahu2021 (470 in chips) 
Seat 2: Latella1 (240 in chips) 
Seat 3: Smellgas? (790 in chips) 
Smellgas?: posts small blind 10
Mahu2021: posts big blind 20
*** HOLE CARDS ***
Dealt to Mahu2021 [8d 4d]
Latella1: folds 
Smellgas?: folds 
Uncalled bet (10) returned to Mahu2021
Mahu2021 collected 20 from pot
Mahu2021: doesn't show hand 
*** SUMMARY ***
Total pot 20 | Rake 0 
Seat 1: Mahu2021 (big blind) collected (20)
Seat 2: Latella1 (button) folded before Flop (didn't bet)
Seat 3: Smellgas? (small blind) folded before Flop



PokerStars Hand #252840247279: Tournament #3809903659, $1.84+$0.16 USD Hold'em No Limit - Level I (10/20) - 2024/10/09 12:19:24 CET [2024/10/09 6:19:24 ET]
Table '3809903659 1' 3-max Seat #3 is the button
Seat 1: Mahu2021 (480 in chips) 
Seat 2: Latella1 (240 in chips) 
Seat 3: Smellgas? (780 in chips) 
Mahu2021: posts small blind 10
Latella1: posts big blind 20
*** HOLE CARDS ***
Dealt to Mahu2021 [Ah 8h]
Smellgas?: raises 40 to 60
Mahu2021: calls 50
Latella1: folds 
*** FLOP *** [Ad Ks 7c]
Mahu2021: bets 60
Smellgas?: folds 
Uncalled bet (60) returned to Mahu2021
Mahu2021 collected 140 from pot
Mahu2021: doesn't show hand 
*** SUMMARY ***
Total pot 140 | Rake 0 
Board [Ad Ks 7c]
Seat 1: Mahu2021 (small blind) collected (140)
Seat 2: Latella1 (big blind) folded before Flop
Seat 3: Smellgas? (button) folded on the Flop



PokerStars Hand #252840248867: Tournament #3809903659, $1.84+$0.16 USD Hold'em No Limit - Level I (10/20) - 2024/10/09 12:19:37 CET [2024/10/09 6:19:37 ET]
Table '3809903659 1' 3-max Seat #1 is the button
Seat 1: Mahu2021 (560 in chips) 
Seat 2: Latella1 (220 in chips) 
Seat 3: Smellgas? (720 in chips) 
Latella1: posts small blind 10
Smellgas?: posts big blind 20
*** HOLE CARDS ***
Dealt to Mahu2021 [7s Qc]
Mahu2021: folds 
Latella1: raises 20 to 40
Smellgas?: folds 
Uncalled bet (20) returned to Latella1
Latella1 collected 40 from pot
Latella1: doesn't show hand 
*** SUMMARY ***
Total pot 40 | Rake 0 
Seat 1: Mahu2021 (button) folded before Flop (didn't bet)
Seat 2: Latella1 (small blind) collected (40)
Seat 3: Smellgas? (big blind) folded before Flop



PokerStars Hand #252840250304: Tournament #3809903659, $1.84+$0.16 USD Hold'em No Limit - Level I (10/20) - 2024/10/09 12:19:48 CET [2024/10/09 6:19:48 ET]
Table '3809903659 1' 3-max Seat #2 is the button
Seat 1: Mahu2021 (560 in chips) 
Seat 2: Latella1 (240 in chips) 
Seat 3: Smellgas? (700 in chips) 
Smellgas?: posts small blind 10
Mahu2021: posts big blind 20
*** HOLE CARDS ***
Dealt to Mahu2021 [2h 9d]
Latella1: raises 20 to 40
Smellgas?: folds 
Mahu2021: folds 
Uncalled bet (20) returned to Latella1
Latella1 collected 50 from pot
Latella1: doesn't show hand 
*** SUMMARY ***
Total pot 50 | Rake 0 
Seat 1: Mahu2021 (big blind) folded before Flop
Seat 2: Latella1 (button) collected (50)
Seat 3: Smellgas? (small blind) folded before Flop



PokerStars Hand #252840251375: Tournament #3809903659, $1.84+$0.16 USD Hold'em No Limit - Level II (15/30) - 2024/10/09 12:19:57 CET [2024/10/09 6:19:57 ET]
Table '3809903659 1' 3-max Seat #3 is the button
Seat 1: Mahu2021 (540 in chips) 
Seat 2: Latella1 (270 in chips) 
Seat 3: Smellgas? (690 in chips) 
Mahu2021: posts small blind 15
Latella1: posts big blind 30
*** HOLE CARDS ***
Dealt to Mahu2021 [4h Qd]
Smellgas?: raises 30 to 60
Mahu2021: folds 
Latella1: calls 30
*** FLOP *** [4d Kd Js]
Latella1: bets 30
Smellgas?: raises 90 to 120
Latella1: folds 
Uncalled bet (90) returned to Smellgas?
Smellgas? collected 195 from pot
*** SUMMARY ***
Total pot 195 | Rake 0 
Board [4d Kd Js]
Seat 1: Mahu2021 (small blind) folded before Flop
Seat 2: Latella1 (big blind) folded on the Flop
Seat 3: Smellgas? (button) collected (195)



PokerStars Hand #252840253534: Tournament #3809903659, $1.84+$0.16 USD Hold'em No Limit - Level II (15/30) - 2024/10/09 12:20:14 CET [2024/10/09 6:20:14 ET]
Table '3809903659 1' 3-max Seat #1 is the button
Seat 1: Mahu2021 (525 in chips) 
Seat 2: Latella1 (180 in chips) 
Seat 3: Smellgas? (795 in chips) 
Latella1: posts small blind 15
Smellgas?: posts big blind 30
*** HOLE CARDS ***
Dealt to Mahu2021 [4c 3h]
Mahu2021: folds 
Latella1: folds 
Uncalled bet (15) returned to Smellgas?
Smellgas? collected 30 from pot
*** SUMMARY ***
Total pot 30 | Rake 0 
Seat 1: Mahu2021 (button) folded before Flop (didn't bet)
Seat 2: Latella1 (small blind) folded before Flop
Seat 3: Smellgas? (big blind) collected (30)



PokerStars Hand #252840254236: Tournament #3809903659, $1.84+$0.16 USD Hold'em No Limit - Level II (15/30) - 2024/10/09 12:20:20 CET [2024/10/09 6:20:20 ET]
Table '3809903659 1' 3-max Seat #2 is the button
Seat 1: Mahu2021 (525 in chips) 
Seat 2: Latella1 (165 in chips) 
Seat 3: Smellgas? (810 in chips) 
Smellgas?: posts small blind 15
Mahu2021: posts big blind 30
*** HOLE CARDS ***
Dealt to Mahu2021 [Kh Th]
Latella1: raises 30 to 60
Smellgas?: folds 
Mahu2021: calls 30
*** FLOP *** [Ah Kd Qs]
Mahu2021: checks 
Latella1: bets 105 and is all-in
Mahu2021: calls 105
*** TURN *** [Ah Kd Qs] [Kc]
*** RIVER *** [Ah Kd Qs Kc] [Js]
*** SHOW DOWN ***
Mahu2021: shows [Kh Th] (a straight, Ten to Ace)
Latella1: shows [Ks 2c] (three of a kind, Kings)
Mahu2021 collected 345 from pot
Latella1 finished the tournament in 3rd place
*** SUMMARY ***
Total pot 345 | Rake 0 
Board [Ah Kd Qs Kc Js]
Seat 1: Mahu2021 (big blind) showed [Kh Th] and won (345) with a straight, Ten to Ace
Seat 2: Latella1 (button) showed [Ks 2c] and lost with three of a kind, Kings
Seat 3: Smellgas? (small blind) folded before Flop



PokerStars Hand #252840256702: Tournament #3809903659, $1.84+$0.16 USD Hold'em No Limit - Level II (15/30) - 2024/10/09 12:20:40 CET [2024/10/09 6:20:40 ET]
Table '3809903659 1' 3-max Seat #1 is the button
Seat 1: Mahu2021 (705 in chips) 
Seat 3: Smellgas? (795 in chips) 
Mahu2021: posts small blind 15
Smellgas?: posts big blind 30
*** HOLE CARDS ***
Dealt to Mahu2021 [6h 5d]
Mahu2021: calls 15
Smellgas?: checks 
*** FLOP *** [Ah Th 8h]
Smellgas?: bets 60
Mahu2021: folds 
Uncalled bet (60) returned to Smellgas?
Smellgas? collected 60 from pot
*** SUMMARY ***
Total pot 60 | Rake 0 
Board [Ah Th 8h]
Seat 1: Mahu2021 (button) (small blind) folded on the Flop
Seat 3: Smellgas? (big blind) collected (60)



PokerStars Hand #252840258012: Tournament #3809903659, $1.84+$0.16 USD Hold'em No Limit - Level II (15/30) - 2024/10/09 12:20:50 CET [2024/10/09 6:20:50 ET]
Table '3809903659 1' 3-max Seat #3 is the button
Seat 1: Mahu2021 (675 in chips) 
Seat 3: Smellgas? (825 in chips) 
Smellgas?: posts small blind 15
Mahu2021: posts big blind 30
*** HOLE CARDS ***
Dealt to Mahu2021 [9s 3d]
Smellgas?: calls 15
Mahu2021: checks 
*** FLOP *** [9h 7s Td]
Mahu2021: checks 
Smellgas?: bets 60
Mahu2021: folds 
Uncalled bet (60) returned to Smellgas?
Smellgas? collected 60 from pot
*** SUMMARY ***
Total pot 60 | Rake 0 
Board [9h 7s Td]
Seat 1: Mahu2021 (big blind) folded on the Flop
Seat 3: Smellgas? (button) (small blind) collected (60)



PokerStars Hand #252840259343: Tournament #3809903659, $1.84+$0.16 USD Hold'em No Limit - Level II (15/30) - 2024/10/09 12:21:01 CET [2024/10/09 6:21:01 ET]
Table '3809903659 1' 3-max Seat #1 is the button
Seat 1: Mahu2021 (645 in chips) 
Seat 3: Smellgas? (855 in chips) 
Mahu2021: posts small blind 15
Smellgas?: posts big blind 30
*** HOLE CARDS ***
Dealt to Mahu2021 [9c Tc]
Mahu2021: raises 30 to 60
Smellgas?: calls 30
*** FLOP *** [2h 2d 8d]
Smellgas?: bets 60
Mahu2021: folds 
Uncalled bet (60) returned to Smellgas?
Smellgas? collected 120 from pot
*** SUMMARY ***
Total pot 120 | Rake 0 
Board [2h 2d 8d]
Seat 1: Mahu2021 (button) (small blind) folded on the Flop
Seat 3: Smellgas? (big blind) collected (120)



PokerStars Hand #252840260875: Tournament #3809903659, $1.84+$0.16 USD Hold'em No Limit - Level II (15/30) - 2024/10/09 12:21:14 CET [2024/10/09 6:21:14 ET]
Table '3809903659 1' 3-max Seat #3 is the button
Seat 1: Mahu2021 (585 in chips) 
Seat 3: Smellgas? (915 in chips) 
Smellgas?: posts small blind 15
Mahu2021: posts big blind 30
*** HOLE CARDS ***
Dealt to Mahu2021 [8s Kh]
Smellgas?: calls 15
Mahu2021: raises 90 to 120
Smellgas?: folds 
Uncalled bet (90) returned to Mahu2021
Mahu2021 collected 60 from pot
Mahu2021: doesn't show hand 
*** SUMMARY ***
Total pot 60 | Rake 0 
Seat 1: Mahu2021 (big blind) collected (60)
Seat 3: Smellgas? (button) (small blind) folded before Flop



PokerStars Hand #252840261800: Tournament #3809903659, $1.84+$0.16 USD Hold'em No Limit - Level II (15/30) - 2024/10/09 12:21:21 CET [2024/10/09 6:21:21 ET]
Table '3809903659 1' 3-max Seat #1 is the button
Seat 1: Mahu2021 (615 in chips) 
Seat 3: Smellgas? (885 in chips) 
Mahu2021: posts small blind 15
Smellgas?: posts big blind 30
*** HOLE CARDS ***
Dealt to Mahu2021 [Qh Tc]
Mahu2021: raises 30 to 60
Smellgas?: calls 30
*** FLOP *** [3s Jc Qc]
Smellgas?: bets 60
Mahu2021: raises 90 to 150
Smellgas?: folds 
Uncalled bet (90) returned to Mahu2021
Mahu2021 collected 240 from pot
Mahu2021: doesn't show hand 
*** SUMMARY ***
Total pot 240 | Rake 0 
Board [3s Jc Qc]
Seat 1: Mahu2021 (button) (small blind) collected (240)
Seat 3: Smellgas? (big blind) folded on the Flop



PokerStars Hand #252840263301: Tournament #3809903659, $1.84+$0.16 USD Hold'em No Limit - Level II (15/30) - 2024/10/09 12:21:34 CET [2024/10/09 6:21:34 ET]
Table '3809903659 1' 3-max Seat #3 is the button
Seat 1: Mahu2021 (735 in chips) 
Seat 3: Smellgas? (765 in chips) 
Smellgas?: posts small blind 15
Mahu2021: posts big blind 30
*** HOLE CARDS ***
Dealt to Mahu2021 [3s 8c]
Smellgas?: calls 15
Mahu2021: checks 
*** FLOP *** [Qh As Qs]
Mahu2021: checks 
Smellgas?: checks 
*** TURN *** [Qh As Qs] [8d]
Mahu2021: checks 
Smellgas?: bets 60
Mahu2021: calls 60
*** RIVER *** [Qh As Qs 8d] [Kh]
Mahu2021: checks 
Smellgas?: bets 150
Mahu2021: folds 
Uncalled bet (150) returned to Smellgas?
Smellgas? collected 180 from pot
*** SUMMARY ***
Total pot 180 | Rake 0 
Board [Qh As Qs 8d Kh]
Seat 1: Mahu2021 (big blind) folded on the River
Seat 3: Smellgas? (button) (small blind) collected (180)



PokerStars Hand #252840266547: Tournament #3809903659, $1.84+$0.16 USD Hold'em No Limit - Level III (20/40) - 2024/10/09 12:22:00 CET [2024/10/09 6:22:00 ET]
Table '3809903659 1' 3-max Seat #1 is the button
Seat 1: Mahu2021 (645 in chips) 
Seat 3: Smellgas? (855 in chips) 
Mahu2021: posts small blind 20
Smellgas?: posts big blind 40
*** HOLE CARDS ***
Dealt to Mahu2021 [5s 3d]
Mahu2021: folds 
Uncalled bet (20) returned to Smellgas?
Smellgas? collected 40 from pot
*** SUMMARY ***
Total pot 40 | Rake 0 
Seat 1: Mahu2021 (button) (small blind) folded before Flop
Seat 3: Smellgas? (big blind) collected (40)



PokerStars Hand #252840267132: Tournament #3809903659, $1.84+$0.16 USD Hold'em No Limit - Level III (20/40) - 2024/10/09 12:22:05 CET [2024/10/09 6:22:05 ET]
Table '3809903659 1' 3-max Seat #3 is the button
Seat 1: Mahu2021 (625 in chips) 
Seat 3: Smellgas? (875 in chips) 
Smellgas?: posts small blind 20
Mahu2021: posts big blind 40
*** HOLE CARDS ***
Dealt to Mahu2021 [Ad Qs]
Smellgas?: folds 
Uncalled bet (20) returned to Mahu2021
Mahu2021 collected 40 from pot
Mahu2021: doesn't show hand 
*** SUMMARY ***
Total pot 40 | Rake 0 
Seat 1: Mahu2021 (big blind) collected (40)
Seat 3: Smellgas? (button) (small blind) folded before Flop



PokerStars Hand #252840267829: Tournament #3809903659, $1.84+$0.16 USD Hold'em No Limit - Level III (20/40) - 2024/10/09 12:22:11 CET [2024/10/09 6:22:11 ET]
Table '3809903659 1' 3-max Seat #1 is the button
Seat 1: Mahu2021 (645 in chips) 
Seat 3: Smellgas? (855 in chips) 
Mahu2021: posts small blind 20
Smellgas?: posts big blind 40
*** HOLE CARDS ***
Dealt to Mahu2021 [5d 3d]
Mahu2021: raises 40 to 80
Smellgas?: raises 120 to 200
Mahu2021: calls 120
*** FLOP *** [Ks 3h 8s]
Smellgas?: checks 
Mahu2021: bets 445 and is all-in
Smellgas?: calls 445
*** TURN *** [Ks 3h 8s] [2h]
*** RIVER *** [Ks 3h 8s 2h] [9h]
*** SHOW DOWN ***
Smellgas?: shows [Ah Kd] (a pair of Kings)
Mahu2021: shows [5d 3d] (a pair of Threes)
Smellgas? collected 1290 from pot
Mahu2021 finished the tournament in 2nd place
Smellgas? wins the tournament and receives $4.00 - congratulations!
*** SUMMARY ***
Total pot 1290 | Rake 0 
Board [Ks 3h 8s 2h 9h]
Seat 1: Mahu2021 (button) (small blind) showed [5d 3d] and lost with a pair of Threes
Seat 3: Smellgas? (big blind) showed [Ah Kd] and won (1290) with a pair of Kings



