PokerStars Hand #250042128164: Tournament #3743453652, $9.30+$0.70 USD Hold'em No Limit - Level I (10/20) - 2024/04/18 20:07:51 CET [2024/04/18 14:07:51 ET]
Table '3743453652 1' 3-max Seat #1 is the button
Seat 1: Typu_Pypu (500 in chips) 
Seat 2: Mahu2021 (500 in chips) 
Seat 3: trickstar03 (500 in chips) 
Mahu2021: posts small blind 10
trickstar03: posts big blind 20
*** HOLE CARDS ***
Dealt to Mahu2021 [8c Ks]
Typu_Pypu: raises 20 to 40
Mahu2021: folds 
trickstar03: calls 20
*** FLOP *** [6s 8d 2s]
trickstar03: checks 
Typu_Pypu: bets 70
trickstar03: folds 
Uncalled bet (70) returned to Typu_Pypu
Typu_Pypu collected 90 from pot
Typu_Pypu: doesn't show hand 
*** SUMMARY ***
Total pot 90 | Rake 0 
Board [6s 8d 2s]
Seat 1: Typu_Pypu (button) collected (90)
Seat 2: Mahu2021 (small blind) folded before Flop
Seat 3: trickstar03 (big blind) folded on the Flop



PokerStars Hand #250042132373: Tournament #3743453652, $9.30+$0.70 USD Hold'em No Limit - Level I (10/20) - 2024/04/18 20:08:05 CET [2024/04/18 14:08:05 ET]
Table '3743453652 1' 3-max Seat #2 is the button
Seat 1: Typu_Pypu (550 in chips) 
Seat 2: Mahu2021 (490 in chips) 
Seat 3: trickstar03 (460 in chips) 
trickstar03: posts small blind 10
Typu_Pypu: posts big blind 20
*** HOLE CARDS ***
Dealt to Mahu2021 [Ah 6c]
Mahu2021: calls 20
trickstar03: calls 10
Typu_Pypu: checks 
*** FLOP *** [9h 3h Jc]
trickstar03: checks 
Typu_Pypu: checks 
Mahu2021: bets 40
trickstar03: folds 
Typu_Pypu: folds 
Uncalled bet (40) returned to Mahu2021
Mahu2021 collected 60 from pot
Mahu2021: doesn't show hand 
*** SUMMARY ***
Total pot 60 | Rake 0 
Board [9h 3h Jc]
Seat 1: Typu_Pypu (big blind) folded on the Flop
Seat 2: Mahu2021 (button) collected (60)
Seat 3: trickstar03 (small blind) folded on the Flop



PokerStars Hand #250042144009: Tournament #3743453652, $9.30+$0.70 USD Hold'em No Limit - Level I (10/20) - 2024/04/18 20:08:43 CET [2024/04/18 14:08:43 ET]
Table '3743453652 1' 3-max Seat #3 is the button
Seat 1: Typu_Pypu (530 in chips) 
Seat 2: Mahu2021 (530 in chips) 
Seat 3: trickstar03 (440 in chips) 
Typu_Pypu: posts small blind 10
Mahu2021: posts big blind 20
*** HOLE CARDS ***
Dealt to Mahu2021 [2d Qd]
trickstar03: raises 20 to 40
Typu_Pypu: folds 
Mahu2021: calls 20
*** FLOP *** [8d Tc Ac]
Mahu2021: checks 
trickstar03: bets 90
Mahu2021: folds 
Uncalled bet (90) returned to trickstar03
trickstar03 collected 90 from pot
*** SUMMARY ***
Total pot 90 | Rake 0 
Board [8d Tc Ac]
Seat 1: Typu_Pypu (small blind) folded before Flop
Seat 2: Mahu2021 (big blind) folded on the Flop
Seat 3: trickstar03 (button) collected (90)



PokerStars Hand #250042148667: Tournament #3743453652, $9.30+$0.70 USD Hold'em No Limit - Level I (10/20) - 2024/04/18 20:08:59 CET [2024/04/18 14:08:59 ET]
Table '3743453652 1' 3-max Seat #1 is the button
Seat 1: Typu_Pypu (520 in chips) 
Seat 2: Mahu2021 (490 in chips) 
Seat 3: trickstar03 (490 in chips) 
Mahu2021: posts small blind 10
trickstar03: posts big blind 20
*** HOLE CARDS ***
Dealt to Mahu2021 [8h Tc]
Typu_Pypu: folds 
Mahu2021: folds 
Uncalled bet (10) returned to trickstar03
trickstar03 collected 20 from pot
*** SUMMARY ***
Total pot 20 | Rake 0 
Seat 1: Typu_Pypu (button) folded before Flop (didn't bet)
Seat 2: Mahu2021 (small blind) folded before Flop
Seat 3: trickstar03 (big blind) collected (20)



PokerStars Hand #250042150228: Tournament #3743453652, $9.30+$0.70 USD Hold'em No Limit - Level I (10/20) - 2024/04/18 20:09:04 CET [2024/04/18 14:09:04 ET]
Table '3743453652 1' 3-max Seat #2 is the button
Seat 1: Typu_Pypu (520 in chips) 
Seat 2: Mahu2021 (480 in chips) 
Seat 3: trickstar03 (500 in chips) 
trickstar03: posts small blind 10
Typu_Pypu: posts big blind 20
*** HOLE CARDS ***
Dealt to Mahu2021 [Ah 9c]
Mahu2021: calls 20
trickstar03: folds 
Typu_Pypu: checks 
*** FLOP *** [2s Jd Kd]
Typu_Pypu: checks 
Mahu2021: checks 
*** TURN *** [2s Jd Kd] [3c]
Typu_Pypu: checks 
Mahu2021: bets 20
Typu_Pypu: folds 
Uncalled bet (20) returned to Mahu2021
Mahu2021 collected 50 from pot
Mahu2021: doesn't show hand 
*** SUMMARY ***
Total pot 50 | Rake 0 
Board [2s Jd Kd 3c]
Seat 1: Typu_Pypu (big blind) folded on the Turn
Seat 2: Mahu2021 (button) collected (50)
Seat 3: trickstar03 (small blind) folded before Flop



PokerStars Hand #250042160138: Tournament #3743453652, $9.30+$0.70 USD Hold'em No Limit - Level I (10/20) - 2024/04/18 20:09:36 CET [2024/04/18 14:09:36 ET]
Table '3743453652 1' 3-max Seat #3 is the button
Seat 1: Typu_Pypu (500 in chips) 
Seat 2: Mahu2021 (510 in chips) 
Seat 3: trickstar03 (490 in chips) 
Typu_Pypu: posts small blind 10
Mahu2021: posts big blind 20
*** HOLE CARDS ***
Dealt to Mahu2021 [2s 9d]
trickstar03: raises 20 to 40
Typu_Pypu: raises 460 to 500 and is all-in
Mahu2021: folds 
trickstar03: folds 
Uncalled bet (460) returned to Typu_Pypu
Typu_Pypu collected 100 from pot
Typu_Pypu: doesn't show hand 
*** SUMMARY ***
Total pot 100 | Rake 0 
Seat 1: Typu_Pypu (small blind) collected (100)
Seat 2: Mahu2021 (big blind) folded before Flop
Seat 3: trickstar03 (button) folded before Flop



PokerStars Hand #250042163753: Tournament #3743453652, $9.30+$0.70 USD Hold'em No Limit - Level I (10/20) - 2024/04/18 20:09:48 CET [2024/04/18 14:09:48 ET]
Table '3743453652 1' 3-max Seat #1 is the button
Seat 1: Typu_Pypu (560 in chips) 
Seat 2: Mahu2021 (490 in chips) 
Seat 3: trickstar03 (450 in chips) 
Mahu2021: posts small blind 10
trickstar03: posts big blind 20
*** HOLE CARDS ***
Dealt to Mahu2021 [Qc 4c]
Typu_Pypu: folds 
Mahu2021: calls 10
trickstar03: checks 
*** FLOP *** [5c 5s 5h]
Mahu2021: checks 
trickstar03: checks 
*** TURN *** [5c 5s 5h] [Ad]
Mahu2021: bets 20
trickstar03: folds 
Uncalled bet (20) returned to Mahu2021
Mahu2021 collected 40 from pot
Mahu2021: doesn't show hand 
*** SUMMARY ***
Total pot 40 | Rake 0 
Board [5c 5s 5h Ad]
Seat 1: Typu_Pypu (button) folded before Flop (didn't bet)
Seat 2: Mahu2021 (small blind) collected (40)
Seat 3: trickstar03 (big blind) folded on the Turn



PokerStars Hand #250042169241: Tournament #3743453652, $9.30+$0.70 USD Hold'em No Limit - Level II (15/30) - 2024/04/18 20:10:06 CET [2024/04/18 14:10:06 ET]
Table '3743453652 1' 3-max Seat #2 is the button
Seat 1: Typu_Pypu (560 in chips) 
Seat 2: Mahu2021 (510 in chips) 
Seat 3: trickstar03 (430 in chips) 
trickstar03: posts small blind 15
Typu_Pypu: posts big blind 30
*** HOLE CARDS ***
Dealt to Mahu2021 [Ad 7c]
Mahu2021: folds 
trickstar03: folds 
Uncalled bet (15) returned to Typu_Pypu
Typu_Pypu collected 30 from pot
Typu_Pypu: doesn't show hand 
*** SUMMARY ***
Total pot 30 | Rake 0 
Seat 1: Typu_Pypu (big blind) collected (30)
Seat 2: Mahu2021 (button) folded before Flop (didn't bet)
Seat 3: trickstar03 (small blind) folded before Flop



PokerStars Hand #250042171002: Tournament #3743453652, $9.30+$0.70 USD Hold'em No Limit - Level II (15/30) - 2024/04/18 20:10:12 CET [2024/04/18 14:10:12 ET]
Table '3743453652 1' 3-max Seat #3 is the button
Seat 1: Typu_Pypu (575 in chips) 
Seat 2: Mahu2021 (510 in chips) 
Seat 3: trickstar03 (415 in chips) 
Typu_Pypu: posts small blind 15
Mahu2021: posts big blind 30
*** HOLE CARDS ***
Dealt to Mahu2021 [Qd Ah]
trickstar03: raises 30 to 60
Typu_Pypu: folds 
Mahu2021: calls 30
*** FLOP *** [7d 2c 5c]
Mahu2021: checks 
trickstar03: checks 
*** TURN *** [7d 2c 5c] [8s]
Mahu2021: checks 
trickstar03: bets 135
Mahu2021: calls 135
*** RIVER *** [7d 2c 5c 8s] [Qc]
Mahu2021: checks 
trickstar03: checks 
*** SHOW DOWN ***
Mahu2021: shows [Qd Ah] (a pair of Queens)
trickstar03: mucks hand 
Mahu2021 collected 405 from pot
*** SUMMARY ***
Total pot 405 | Rake 0 
Board [7d 2c 5c 8s Qc]
Seat 1: Typu_Pypu (small blind) folded before Flop
Seat 2: Mahu2021 (big blind) showed [Qd Ah] and won (405) with a pair of Queens
Seat 3: trickstar03 (button) mucked [4s 4h]



PokerStars Hand #250042177925: Tournament #3743453652, $9.30+$0.70 USD Hold'em No Limit - Level II (15/30) - 2024/04/18 20:10:34 CET [2024/04/18 14:10:34 ET]
Table '3743453652 1' 3-max Seat #1 is the button
Seat 1: Typu_Pypu (560 in chips) 
Seat 2: Mahu2021 (720 in chips) 
Seat 3: trickstar03 (220 in chips) 
Mahu2021: posts small blind 15
trickstar03: posts big blind 30
*** HOLE CARDS ***
Dealt to Mahu2021 [Ts Jc]
Typu_Pypu: folds 
Mahu2021: calls 15
trickstar03: raises 190 to 220 and is all-in
Mahu2021: folds 
Uncalled bet (190) returned to trickstar03
trickstar03 collected 60 from pot
*** SUMMARY ***
Total pot 60 | Rake 0 
Seat 1: Typu_Pypu (button) folded before Flop (didn't bet)
Seat 2: Mahu2021 (small blind) folded before Flop
Seat 3: trickstar03 (big blind) collected (60)



PokerStars Hand #250042183023: Tournament #3743453652, $9.30+$0.70 USD Hold'em No Limit - Level II (15/30) - 2024/04/18 20:10:51 CET [2024/04/18 14:10:51 ET]
Table '3743453652 1' 3-max Seat #2 is the button
Seat 1: Typu_Pypu (560 in chips) 
Seat 2: Mahu2021 (690 in chips) 
Seat 3: trickstar03 (250 in chips) 
trickstar03: posts small blind 15
Typu_Pypu: posts big blind 30
*** HOLE CARDS ***
Dealt to Mahu2021 [3s Kh]
Mahu2021: folds 
trickstar03: folds 
Uncalled bet (15) returned to Typu_Pypu
Typu_Pypu collected 30 from pot
Typu_Pypu: doesn't show hand 
*** SUMMARY ***
Total pot 30 | Rake 0 
Seat 1: Typu_Pypu (big blind) collected (30)
Seat 2: Mahu2021 (button) folded before Flop (didn't bet)
Seat 3: trickstar03 (small blind) folded before Flop



PokerStars Hand #250042184532: Tournament #3743453652, $9.30+$0.70 USD Hold'em No Limit - Level II (15/30) - 2024/04/18 20:10:56 CET [2024/04/18 14:10:56 ET]
Table '3743453652 1' 3-max Seat #3 is the button
Seat 1: Typu_Pypu (575 in chips) 
Seat 2: Mahu2021 (690 in chips) 
Seat 3: trickstar03 (235 in chips) 
Typu_Pypu: posts small blind 15
Mahu2021: posts big blind 30
*** HOLE CARDS ***
Dealt to Mahu2021 [Jc 4c]
trickstar03: folds 
Typu_Pypu: raises 545 to 575 and is all-in
Mahu2021: folds 
Uncalled bet (545) returned to Typu_Pypu
Typu_Pypu collected 60 from pot
Typu_Pypu: doesn't show hand 
*** SUMMARY ***
Total pot 60 | Rake 0 
Seat 1: Typu_Pypu (small blind) collected (60)
Seat 2: Mahu2021 (big blind) folded before Flop
Seat 3: trickstar03 (button) folded before Flop (didn't bet)



PokerStars Hand #250042188107: Tournament #3743453652, $9.30+$0.70 USD Hold'em No Limit - Level II (15/30) - 2024/04/18 20:11:08 CET [2024/04/18 14:11:08 ET]
Table '3743453652 1' 3-max Seat #1 is the button
Seat 1: Typu_Pypu (605 in chips) 
Seat 2: Mahu2021 (660 in chips) 
Seat 3: trickstar03 (235 in chips) 
Mahu2021: posts small blind 15
trickstar03: posts big blind 30
*** HOLE CARDS ***
Dealt to Mahu2021 [3d 2d]
Typu_Pypu: folds 
Mahu2021: folds 
Uncalled bet (15) returned to trickstar03
trickstar03 collected 30 from pot
*** SUMMARY ***
Total pot 30 | Rake 0 
Seat 1: Typu_Pypu (button) folded before Flop (didn't bet)
Seat 2: Mahu2021 (small blind) folded before Flop
Seat 3: trickstar03 (big blind) collected (30)



PokerStars Hand #250042189633: Tournament #3743453652, $9.30+$0.70 USD Hold'em No Limit - Level II (15/30) - 2024/04/18 20:11:13 CET [2024/04/18 14:11:13 ET]
Table '3743453652 1' 3-max Seat #2 is the button
Seat 1: Typu_Pypu (605 in chips) 
Seat 2: Mahu2021 (645 in chips) 
Seat 3: trickstar03 (250 in chips) 
trickstar03: posts small blind 15
Typu_Pypu: posts big blind 30
*** HOLE CARDS ***
Dealt to Mahu2021 [Th Qd]
Mahu2021: folds 
trickstar03: folds 
Uncalled bet (15) returned to Typu_Pypu
Typu_Pypu collected 30 from pot
Typu_Pypu: doesn't show hand 
*** SUMMARY ***
Total pot 30 | Rake 0 
Seat 1: Typu_Pypu (big blind) collected (30)
Seat 2: Mahu2021 (button) folded before Flop (didn't bet)
Seat 3: trickstar03 (small blind) folded before Flop



PokerStars Hand #250042191402: Tournament #3743453652, $9.30+$0.70 USD Hold'em No Limit - Level II (15/30) - 2024/04/18 20:11:19 CET [2024/04/18 14:11:19 ET]
Table '3743453652 1' 3-max Seat #3 is the button
Seat 1: Typu_Pypu (620 in chips) 
Seat 2: Mahu2021 (645 in chips) 
Seat 3: trickstar03 (235 in chips) 
Typu_Pypu: posts small blind 15
Mahu2021: posts big blind 30
*** HOLE CARDS ***
Dealt to Mahu2021 [Ac As]
trickstar03: raises 205 to 235 and is all-in
Typu_Pypu: folds 
Mahu2021: calls 205
*** FLOP *** [Kh Jh Ks]
*** TURN *** [Kh Jh Ks] [Qd]
*** RIVER *** [Kh Jh Ks Qd] [Ad]
*** SHOW DOWN ***
Mahu2021: shows [Ac As] (a full house, Aces full of Kings)
trickstar03: shows [Tc 2c] (a straight, Ten to Ace)
Mahu2021 collected 485 from pot
trickstar03 finished the tournament in 3rd place
*** SUMMARY ***
Total pot 485 | Rake 0 
Board [Kh Jh Ks Qd Ad]
Seat 1: Typu_Pypu (small blind) folded before Flop
Seat 2: Mahu2021 (big blind) showed [Ac As] and won (485) with a full house, Aces full of Kings
Seat 3: trickstar03 (button) showed [Tc 2c] and lost with a straight, Ten to Ace



PokerStars Hand #250042197036: Tournament #3743453652, $9.30+$0.70 USD Hold'em No Limit - Level II (15/30) - 2024/04/18 20:11:37 CET [2024/04/18 14:11:37 ET]
Table '3743453652 1' 3-max Seat #2 is the button
Seat 1: Typu_Pypu (605 in chips) 
Seat 2: Mahu2021 (895 in chips) 
Mahu2021: posts small blind 15
Typu_Pypu: posts big blind 30
*** HOLE CARDS ***
Dealt to Mahu2021 [8h 4d]
Mahu2021: folds 
Uncalled bet (15) returned to Typu_Pypu
Typu_Pypu collected 30 from pot
Typu_Pypu: doesn't show hand 
*** SUMMARY ***
Total pot 30 | Rake 0 
Seat 1: Typu_Pypu (big blind) collected (30)
Seat 2: Mahu2021 (button) (small blind) folded before Flop



PokerStars Hand #250042198532: Tournament #3743453652, $9.30+$0.70 USD Hold'em No Limit - Level II (15/30) - 2024/04/18 20:11:42 CET [2024/04/18 14:11:42 ET]
Table '3743453652 1' 3-max Seat #1 is the button
Seat 1: Typu_Pypu (620 in chips) 
Seat 2: Mahu2021 (880 in chips) 
Typu_Pypu: posts small blind 15
Mahu2021: posts big blind 30
*** HOLE CARDS ***
Dealt to Mahu2021 [2c Jc]
Typu_Pypu: raises 30 to 60
Mahu2021: calls 30
*** FLOP *** [4c Kd 6h]
Mahu2021: checks 
Typu_Pypu: bets 30
Mahu2021: folds 
Uncalled bet (30) returned to Typu_Pypu
Typu_Pypu collected 120 from pot
Typu_Pypu: doesn't show hand 
*** SUMMARY ***
Total pot 120 | Rake 0 
Board [4c Kd 6h]
Seat 1: Typu_Pypu (button) (small blind) collected (120)
Seat 2: Mahu2021 (big blind) folded on the Flop



PokerStars Hand #250042203377: Tournament #3743453652, $9.30+$0.70 USD Hold'em No Limit - Level III (20/40) - 2024/04/18 20:11:58 CET [2024/04/18 14:11:58 ET]
Table '3743453652 1' 3-max Seat #2 is the button
Seat 1: Typu_Pypu (680 in chips) 
Seat 2: Mahu2021 (820 in chips) 
Mahu2021: posts small blind 20
Typu_Pypu: posts big blind 40
*** HOLE CARDS ***
Dealt to Mahu2021 [2d 6c]
Mahu2021: folds 
Uncalled bet (20) returned to Typu_Pypu
Typu_Pypu collected 40 from pot
Typu_Pypu: doesn't show hand 
*** SUMMARY ***
Total pot 40 | Rake 0 
Seat 1: Typu_Pypu (big blind) collected (40)
Seat 2: Mahu2021 (button) (small blind) folded before Flop



PokerStars Hand #250042204764: Tournament #3743453652, $9.30+$0.70 USD Hold'em No Limit - Level III (20/40) - 2024/04/18 20:12:02 CET [2024/04/18 14:12:02 ET]
Table '3743453652 1' 3-max Seat #1 is the button
Seat 1: Typu_Pypu (700 in chips) 
Seat 2: Mahu2021 (800 in chips) 
Typu_Pypu: posts small blind 20
Mahu2021: posts big blind 40
*** HOLE CARDS ***
Dealt to Mahu2021 [6s 6d]
Typu_Pypu: raises 40 to 80
Mahu2021: raises 720 to 800 and is all-in
Typu_Pypu: folds 
Uncalled bet (720) returned to Mahu2021
Mahu2021 collected 160 from pot
Mahu2021: doesn't show hand 
*** SUMMARY ***
Total pot 160 | Rake 0 
Seat 1: Typu_Pypu (button) (small blind) folded before Flop
Seat 2: Mahu2021 (big blind) collected (160)



PokerStars Hand #250042209281: Tournament #3743453652, $9.30+$0.70 USD Hold'em No Limit - Level III (20/40) - 2024/04/18 20:12:16 CET [2024/04/18 14:12:16 ET]
Table '3743453652 1' 3-max Seat #2 is the button
Seat 1: Typu_Pypu (620 in chips) 
Seat 2: Mahu2021 (880 in chips) 
Mahu2021: posts small blind 20
Typu_Pypu: posts big blind 40
*** HOLE CARDS ***
Dealt to Mahu2021 [9h 3d]
Mahu2021: folds 
Uncalled bet (20) returned to Typu_Pypu
Typu_Pypu collected 40 from pot
Typu_Pypu: doesn't show hand 
*** SUMMARY ***
Total pot 40 | Rake 0 
Seat 1: Typu_Pypu (big blind) collected (40)
Seat 2: Mahu2021 (button) (small blind) folded before Flop



PokerStars Hand #250042210629: Tournament #3743453652, $9.30+$0.70 USD Hold'em No Limit - Level III (20/40) - 2024/04/18 20:12:21 CET [2024/04/18 14:12:21 ET]
Table '3743453652 1' 3-max Seat #1 is the button
Seat 1: Typu_Pypu (640 in chips) 
Seat 2: Mahu2021 (860 in chips) 
Typu_Pypu: posts small blind 20
Mahu2021: posts big blind 40
*** HOLE CARDS ***
Dealt to Mahu2021 [9c Qd]
Typu_Pypu: raises 40 to 80
Mahu2021: calls 40
*** FLOP *** [7c 7d Jc]
Mahu2021: checks 
Typu_Pypu: bets 40
Mahu2021: folds 
Uncalled bet (40) returned to Typu_Pypu
Typu_Pypu collected 160 from pot
Typu_Pypu: doesn't show hand 
*** SUMMARY ***
Total pot 160 | Rake 0 
Board [7c 7d Jc]
Seat 1: Typu_Pypu (button) (small blind) collected (160)
Seat 2: Mahu2021 (big blind) folded on the Flop



PokerStars Hand #250042217814: Tournament #3743453652, $9.30+$0.70 USD Hold'em No Limit - Level III (20/40) - 2024/04/18 20:12:44 CET [2024/04/18 14:12:44 ET]
Table '3743453652 1' 3-max Seat #2 is the button
Seat 1: Typu_Pypu (720 in chips) 
Seat 2: Mahu2021 (780 in chips) 
Mahu2021: posts small blind 20
Typu_Pypu: posts big blind 40
*** HOLE CARDS ***
Dealt to Mahu2021 [4d 6s]
Mahu2021: folds 
Uncalled bet (20) returned to Typu_Pypu
Typu_Pypu collected 40 from pot
Typu_Pypu: doesn't show hand 
*** SUMMARY ***
Total pot 40 | Rake 0 
Seat 1: Typu_Pypu (big blind) collected (40)
Seat 2: Mahu2021 (button) (small blind) folded before Flop



PokerStars Hand #250042219118: Tournament #3743453652, $9.30+$0.70 USD Hold'em No Limit - Level III (20/40) - 2024/04/18 20:12:48 CET [2024/04/18 14:12:48 ET]
Table '3743453652 1' 3-max Seat #1 is the button
Seat 1: Typu_Pypu (740 in chips) 
Seat 2: Mahu2021 (760 in chips) 
Typu_Pypu: posts small blind 20
Mahu2021: posts big blind 40
*** HOLE CARDS ***
Dealt to Mahu2021 [Qs As]
Typu_Pypu: raises 700 to 740 and is all-in
Mahu2021: calls 700
*** FLOP *** [2c Ks Th]
*** TURN *** [2c Ks Th] [Jc]
*** RIVER *** [2c Ks Th Jc] [6h]
*** SHOW DOWN ***
Mahu2021: shows [Qs As] (a straight, Ten to Ace)
Typu_Pypu: shows [6d 6s] (three of a kind, Sixes)
Mahu2021 collected 1480 from pot
Typu_Pypu finished the tournament in 2nd place
Mahu2021 wins the tournament and receives $20.00 - congratulations!
*** SUMMARY ***
Total pot 1480 | Rake 0 
Board [2c Ks Th Jc 6h]
Seat 1: Typu_Pypu (button) (small blind) showed [6d 6s] and lost with three of a kind, Sixes
Seat 2: Mahu2021 (big blind) showed [Qs As] and won (1480) with a straight, Ten to Ace



