PokerStars Hand #246504998913: Tournament #3657776350, $0.92+$0.08 USD Hold'em No Limit - Level I (10/20) - 2023/10/13 9:44:23 CET [2023/10/13 3:44:23 ET]
Table '3657776350 1' 3-max Seat #1 is the button
Seat 1: ID4815162342 (500 in chips) 
Seat 2: Mahu2021 (500 in chips) 
Seat 3: Gero_KDD (500 in chips) 
Mahu2021: posts small blind 10
Gero_KDD: posts big blind 20
*** HOLE CARDS ***
Dealt to Mahu2021 [Kc 5d]
ID4815162342: folds 
Mahu2021: calls 10
Gero_KDD: checks 
*** FLOP *** [Jd 9c 4s]
Mahu2021: checks 
Gero_KDD: checks 
*** TURN *** [Jd 9c 4s] [Ad]
Mahu2021: checks 
Gero_KDD: checks 
*** RIVER *** [Jd 9c 4s Ad] [Td]
Mahu2021: checks 
Gero_KDD: bets 40
Mahu2021: folds 
Uncalled bet (40) returned to Gero_KDD
Gero_KDD collected 40 from pot
Gero_KDD: doesn't show hand 
*** SUMMARY ***
Total pot 40 | Rake 0 
Board [Jd 9c 4s Ad Td]
Seat 1: ID4815162342 (button) folded before Flop (didn't bet)
Seat 2: Mahu2021 (small blind) folded on the River
Seat 3: Gero_KDD (big blind) collected (40)



PokerStars Hand #246505001006: Tournament #3657776350, $0.92+$0.08 USD Hold'em No Limit - Level I (10/20) - 2023/10/13 9:44:43 CET [2023/10/13 3:44:43 ET]
Table '3657776350 1' 3-max Seat #2 is the button
Seat 1: ID4815162342 (500 in chips) 
Seat 2: Mahu2021 (480 in chips) 
Seat 3: Gero_KDD (520 in chips) 
Gero_KDD: posts small blind 10
ID4815162342: posts big blind 20
*** HOLE CARDS ***
Dealt to Mahu2021 [7s Kh]
Mahu2021: calls 20
Gero_KDD: calls 10
ID4815162342: checks 
*** FLOP *** [6c 7h Jd]
Gero_KDD: checks 
ID4815162342: checks 
Mahu2021: bets 20
Gero_KDD: folds 
ID4815162342: folds 
Uncalled bet (20) returned to Mahu2021
Mahu2021 collected 60 from pot
Mahu2021: doesn't show hand 
*** SUMMARY ***
Total pot 60 | Rake 0 
Board [6c 7h Jd]
Seat 1: ID4815162342 (big blind) folded on the Flop
Seat 2: Mahu2021 (button) collected (60)
Seat 3: Gero_KDD (small blind) folded on the Flop



PokerStars Hand #246505002829: Tournament #3657776350, $0.92+$0.08 USD Hold'em No Limit - Level I (10/20) - 2023/10/13 9:45:01 CET [2023/10/13 3:45:01 ET]
Table '3657776350 1' 3-max Seat #3 is the button
Seat 1: ID4815162342 (480 in chips) 
Seat 2: Mahu2021 (520 in chips) 
Seat 3: Gero_KDD (500 in chips) 
ID4815162342: posts small blind 10
Mahu2021: posts big blind 20
*** HOLE CARDS ***
Dealt to Mahu2021 [2d 4d]
Gero_KDD: calls 20
ID4815162342: calls 10
Mahu2021: checks 
*** FLOP *** [Ac 8d 4h]
ID4815162342: checks 
Mahu2021: checks 
Gero_KDD: checks 
*** TURN *** [Ac 8d 4h] [Qs]
ID4815162342: bets 30
Mahu2021: folds 
Gero_KDD: folds 
Uncalled bet (30) returned to ID4815162342
ID4815162342 collected 60 from pot
ID4815162342: doesn't show hand 
*** SUMMARY ***
Total pot 60 | Rake 0 
Board [Ac 8d 4h Qs]
Seat 1: ID4815162342 (small blind) collected (60)
Seat 2: Mahu2021 (big blind) folded on the Turn
Seat 3: Gero_KDD (button) folded on the Turn



PokerStars Hand #246505004982: Tournament #3657776350, $0.92+$0.08 USD Hold'em No Limit - Level I (10/20) - 2023/10/13 9:45:21 CET [2023/10/13 3:45:21 ET]
Table '3657776350 1' 3-max Seat #1 is the button
Seat 1: ID4815162342 (520 in chips) 
Seat 2: Mahu2021 (500 in chips) 
Seat 3: Gero_KDD (480 in chips) 
Mahu2021: posts small blind 10
Gero_KDD: posts big blind 20
*** HOLE CARDS ***
Dealt to Mahu2021 [7c 6s]
ID4815162342: folds 
Mahu2021: calls 10
Gero_KDD: raises 40 to 60
Mahu2021: folds 
Uncalled bet (40) returned to Gero_KDD
Gero_KDD collected 40 from pot
Gero_KDD: doesn't show hand 
*** SUMMARY ***
Total pot 40 | Rake 0 
Seat 1: ID4815162342 (button) folded before Flop (didn't bet)
Seat 2: Mahu2021 (small blind) folded before Flop
Seat 3: Gero_KDD (big blind) collected (40)



PokerStars Hand #246505006154: Tournament #3657776350, $0.92+$0.08 USD Hold'em No Limit - Level I (10/20) - 2023/10/13 9:45:32 CET [2023/10/13 3:45:32 ET]
Table '3657776350 1' 3-max Seat #2 is the button
Seat 1: ID4815162342 (520 in chips) 
Seat 2: Mahu2021 (480 in chips) 
Seat 3: Gero_KDD (500 in chips) 
Gero_KDD: posts small blind 10
ID4815162342: posts big blind 20
*** HOLE CARDS ***
Dealt to Mahu2021 [Tc Kd]
Mahu2021: raises 20 to 40
Gero_KDD: folds 
ID4815162342: calls 20
*** FLOP *** [Jd 5h Qc]
ID4815162342: checks 
Mahu2021: bets 90
ID4815162342: folds 
Uncalled bet (90) returned to Mahu2021
Mahu2021 collected 90 from pot
Mahu2021: doesn't show hand 
*** SUMMARY ***
Total pot 90 | Rake 0 
Board [Jd 5h Qc]
Seat 1: ID4815162342 (big blind) folded on the Flop
Seat 2: Mahu2021 (button) collected (90)
Seat 3: Gero_KDD (small blind) folded before Flop



PokerStars Hand #246505007724: Tournament #3657776350, $0.92+$0.08 USD Hold'em No Limit - Level I (10/20) - 2023/10/13 9:45:47 CET [2023/10/13 3:45:47 ET]
Table '3657776350 1' 3-max Seat #3 is the button
Seat 1: ID4815162342 (480 in chips) 
Seat 2: Mahu2021 (530 in chips) 
Seat 3: Gero_KDD (490 in chips) 
ID4815162342: posts small blind 10
Mahu2021: posts big blind 20
*** HOLE CARDS ***
Dealt to Mahu2021 [Th 8c]
Gero_KDD: raises 20 to 40
ID4815162342: folds 
Mahu2021: folds 
Uncalled bet (20) returned to Gero_KDD
Gero_KDD collected 50 from pot
Gero_KDD: doesn't show hand 
*** SUMMARY ***
Total pot 50 | Rake 0 
Seat 1: ID4815162342 (small blind) folded before Flop
Seat 2: Mahu2021 (big blind) folded before Flop
Seat 3: Gero_KDD (button) collected (50)



PokerStars Hand #246505008444: Tournament #3657776350, $0.92+$0.08 USD Hold'em No Limit - Level I (10/20) - 2023/10/13 9:45:54 CET [2023/10/13 3:45:54 ET]
Table '3657776350 1' 3-max Seat #1 is the button
Seat 1: ID4815162342 (470 in chips) 
Seat 2: Mahu2021 (510 in chips) 
Seat 3: Gero_KDD (520 in chips) 
Mahu2021: posts small blind 10
Gero_KDD: posts big blind 20
*** HOLE CARDS ***
Dealt to Mahu2021 [6c 6h]
ID4815162342: raises 60 to 80
Mahu2021: calls 70
Gero_KDD: folds 
*** FLOP *** [8s 4h 2h]
Mahu2021: bets 430 and is all-in
ID4815162342: folds 
Uncalled bet (430) returned to Mahu2021
Mahu2021 collected 180 from pot
Mahu2021: doesn't show hand 
*** SUMMARY ***
Total pot 180 | Rake 0 
Board [8s 4h 2h]
Seat 1: ID4815162342 (button) folded on the Flop
Seat 2: Mahu2021 (small blind) collected (180)
Seat 3: Gero_KDD (big blind) folded before Flop



PokerStars Hand #246505011839: Tournament #3657776350, $0.92+$0.08 USD Hold'em No Limit - Level I (10/20) - 2023/10/13 9:46:26 CET [2023/10/13 3:46:26 ET]
Table '3657776350 1' 3-max Seat #2 is the button
Seat 1: ID4815162342 (390 in chips) 
Seat 2: Mahu2021 (610 in chips) 
Seat 3: Gero_KDD (500 in chips) 
Gero_KDD: posts small blind 10
ID4815162342: posts big blind 20
*** HOLE CARDS ***
Dealt to Mahu2021 [Th 8s]
Mahu2021: folds 
Gero_KDD: calls 10
ID4815162342: raises 40 to 60
Gero_KDD: calls 40
*** FLOP *** [Ad Td 5c]
Gero_KDD: bets 60
ID4815162342: raises 60 to 120
Gero_KDD: raises 320 to 440 and is all-in
ID4815162342: calls 210 and is all-in
Uncalled bet (110) returned to Gero_KDD
*** TURN *** [Ad Td 5c] [Qs]
*** RIVER *** [Ad Td 5c Qs] [Kd]
*** SHOW DOWN ***
Gero_KDD: shows [3c As] (a pair of Aces)
ID4815162342: shows [Jc Jd] (a straight, Ten to Ace)
ID4815162342 collected 780 from pot
*** SUMMARY ***
Total pot 780 | Rake 0 
Board [Ad Td 5c Qs Kd]
Seat 1: ID4815162342 (big blind) showed [Jc Jd] and won (780) with a straight, Ten to Ace
Seat 2: Mahu2021 (button) folded before Flop (didn't bet)
Seat 3: Gero_KDD (small blind) showed [3c As] and lost with a pair of Aces



PokerStars Hand #246505014416: Tournament #3657776350, $0.92+$0.08 USD Hold'em No Limit - Level I (10/20) - 2023/10/13 9:46:50 CET [2023/10/13 3:46:50 ET]
Table '3657776350 1' 3-max Seat #3 is the button
Seat 1: ID4815162342 (780 in chips) 
Seat 2: Mahu2021 (610 in chips) 
Seat 3: Gero_KDD (110 in chips) 
ID4815162342: posts small blind 10
Mahu2021: posts big blind 20
*** HOLE CARDS ***
Dealt to Mahu2021 [5d 6h]
Gero_KDD: raises 90 to 110 and is all-in
ID4815162342: folds 
Mahu2021: folds 
Uncalled bet (90) returned to Gero_KDD
Gero_KDD collected 50 from pot
Gero_KDD: doesn't show hand 
*** SUMMARY ***
Total pot 50 | Rake 0 
Seat 1: ID4815162342 (small blind) folded before Flop
Seat 2: Mahu2021 (big blind) folded before Flop
Seat 3: Gero_KDD (button) collected (50)



PokerStars Hand #246505015458: Tournament #3657776350, $0.92+$0.08 USD Hold'em No Limit - Level I (10/20) - 2023/10/13 9:47:01 CET [2023/10/13 3:47:01 ET]
Table '3657776350 1' 3-max Seat #1 is the button
Seat 1: ID4815162342 (770 in chips) 
Seat 2: Mahu2021 (590 in chips) 
Seat 3: Gero_KDD (140 in chips) 
Mahu2021: posts small blind 10
Gero_KDD: posts big blind 20
*** HOLE CARDS ***
Dealt to Mahu2021 [Qd 2h]
ID4815162342: raises 40 to 60
Mahu2021: folds 
Gero_KDD: folds 
Uncalled bet (40) returned to ID4815162342
ID4815162342 collected 50 from pot
ID4815162342: doesn't show hand 
*** SUMMARY ***
Total pot 50 | Rake 0 
Seat 1: ID4815162342 (button) collected (50)
Seat 2: Mahu2021 (small blind) folded before Flop
Seat 3: Gero_KDD (big blind) folded before Flop



PokerStars Hand #246505016217: Tournament #3657776350, $0.92+$0.08 USD Hold'em No Limit - Level I (10/20) - 2023/10/13 9:47:08 CET [2023/10/13 3:47:08 ET]
Table '3657776350 1' 3-max Seat #2 is the button
Seat 1: ID4815162342 (800 in chips) 
Seat 2: Mahu2021 (580 in chips) 
Seat 3: Gero_KDD (120 in chips) 
Gero_KDD: posts small blind 10
ID4815162342: posts big blind 20
*** HOLE CARDS ***
Dealt to Mahu2021 [Qh Kd]
Mahu2021: raises 20 to 40
Gero_KDD: folds 
ID4815162342: folds 
Uncalled bet (20) returned to Mahu2021
Mahu2021 collected 50 from pot
Mahu2021: doesn't show hand 
*** SUMMARY ***
Total pot 50 | Rake 0 
Seat 1: ID4815162342 (big blind) folded before Flop
Seat 2: Mahu2021 (button) collected (50)
Seat 3: Gero_KDD (small blind) folded before Flop



PokerStars Hand #246505016987: Tournament #3657776350, $0.92+$0.08 USD Hold'em No Limit - Level I (10/20) - 2023/10/13 9:47:15 CET [2023/10/13 3:47:15 ET]
Table '3657776350 1' 3-max Seat #3 is the button
Seat 1: ID4815162342 (780 in chips) 
Seat 2: Mahu2021 (610 in chips) 
Seat 3: Gero_KDD (110 in chips) 
ID4815162342: posts small blind 10
Mahu2021: posts big blind 20
*** HOLE CARDS ***
Dealt to Mahu2021 [8h 8s]
Gero_KDD: raises 90 to 110 and is all-in
ID4815162342: raises 240 to 350
Mahu2021: raises 260 to 610 and is all-in
ID4815162342: calls 260
*** FLOP *** [Ts Jh 5d]
*** TURN *** [Ts Jh 5d] [3c]
*** RIVER *** [Ts Jh 5d 3c] [6c]
*** SHOW DOWN ***
ID4815162342: shows [9s 9d] (a pair of Nines)
Mahu2021: shows [8h 8s] (a pair of Eights)
ID4815162342 collected 1000 from side pot
Gero_KDD: shows [Ks 2h] (high card King)
ID4815162342 collected 330 from main pot
Mahu2021 finished the tournament in 2nd place
Gero_KDD finished the tournament in 3rd place
ID4815162342 wins the tournament and receives $3.00 - congratulations!
*** SUMMARY ***
Total pot 1330 Main pot 330. Side pot 1000. | Rake 0 
Board [Ts Jh 5d 3c 6c]
Seat 1: ID4815162342 (small blind) showed [9s 9d] and won (1330) with a pair of Nines
Seat 2: Mahu2021 (big blind) showed [8h 8s] and lost with a pair of Eights
Seat 3: Gero_KDD (button) showed [Ks 2h] and lost with high card King



