PokerStars Hand #244071518105: Tournament #3599823754, $1.38+$0.12 USD Hold'em No Limit - Level I (10/20) - 2023/06/03 21:14:44 CET [2023/06/03 15:14:44 ET]
Table '3599823754 1' 3-max Seat #1 is the button
Seat 1: Karmps21 (500 in chips) 
Seat 2: chujko (500 in chips) 
Seat 3: Mahu2021 (500 in chips) 
chujko: posts small blind 10
Mahu2021: posts big blind 20
*** HOLE CARDS ***
Dealt to Mahu2021 [9h Tc]
Karmps21: raises 480 to 500 and is all-in
chujko: folds 
Mahu2021: folds 
Uncalled bet (480) returned to Karmps21
Karmps21 collected 50 from pot
Karmps21: doesn't show hand 
*** SUMMARY ***
Total pot 50 | Rake 0 
Seat 1: Karmps21 (button) collected (50)
Seat 2: chujko (small blind) folded before Flop
Seat 3: Mahu2021 (big blind) folded before Flop



PokerStars Hand #244071520710: Tournament #3599823754, $1.38+$0.12 USD Hold'em No Limit - Level I (10/20) - 2023/06/03 21:14:52 CET [2023/06/03 15:14:52 ET]
Table '3599823754 1' 3-max Seat #2 is the button
Seat 1: Karmps21 (530 in chips) 
Seat 2: chujko (490 in chips) 
Seat 3: Mahu2021 (480 in chips) 
Mahu2021: posts small blind 10
Karmps21: posts big blind 20
*** HOLE CARDS ***
Dealt to Mahu2021 [Qs 6s]
chujko: raises 20 to 40
Mahu2021: folds 
Karmps21: folds 
Uncalled bet (20) returned to chujko
chujko collected 50 from pot
*** SUMMARY ***
Total pot 50 | Rake 0 
Seat 1: Karmps21 (big blind) folded before Flop
Seat 2: chujko (button) collected (50)
Seat 3: Mahu2021 (small blind) folded before Flop



PokerStars Hand #244071522964: Tournament #3599823754, $1.38+$0.12 USD Hold'em No Limit - Level I (10/20) - 2023/06/03 21:14:59 CET [2023/06/03 15:14:59 ET]
Table '3599823754 1' 3-max Seat #3 is the button
Seat 1: Karmps21 (510 in chips) 
Seat 2: chujko (520 in chips) 
Seat 3: Mahu2021 (470 in chips) 
Karmps21: posts small blind 10
chujko: posts big blind 20
*** HOLE CARDS ***
Dealt to Mahu2021 [2s 4s]
Mahu2021: folds 
Karmps21: raises 490 to 510 and is all-in
chujko: folds 
Uncalled bet (490) returned to Karmps21
Karmps21 collected 40 from pot
Karmps21: doesn't show hand 
*** SUMMARY ***
Total pot 40 | Rake 0 
Seat 1: Karmps21 (small blind) collected (40)
Seat 2: chujko (big blind) folded before Flop
Seat 3: Mahu2021 (button) folded before Flop (didn't bet)



PokerStars Hand #244071525296: Tournament #3599823754, $1.38+$0.12 USD Hold'em No Limit - Level I (10/20) - 2023/06/03 21:15:06 CET [2023/06/03 15:15:06 ET]
Table '3599823754 1' 3-max Seat #1 is the button
Seat 1: Karmps21 (530 in chips) 
Seat 2: chujko (500 in chips) 
Seat 3: Mahu2021 (470 in chips) 
chujko: posts small blind 10
Mahu2021: posts big blind 20
*** HOLE CARDS ***
Dealt to Mahu2021 [7d 6s]
Karmps21: raises 510 to 530 and is all-in
chujko: folds 
Mahu2021: folds 
Uncalled bet (510) returned to Karmps21
Karmps21 collected 50 from pot
Karmps21: doesn't show hand 
*** SUMMARY ***
Total pot 50 | Rake 0 
Seat 1: Karmps21 (button) collected (50)
Seat 2: chujko (small blind) folded before Flop
Seat 3: Mahu2021 (big blind) folded before Flop



PokerStars Hand #244071527207: Tournament #3599823754, $1.38+$0.12 USD Hold'em No Limit - Level I (10/20) - 2023/06/03 21:15:11 CET [2023/06/03 15:15:11 ET]
Table '3599823754 1' 3-max Seat #2 is the button
Seat 1: Karmps21 (560 in chips) 
Seat 2: chujko (490 in chips) 
Seat 3: Mahu2021 (450 in chips) 
Mahu2021: posts small blind 10
Karmps21: posts big blind 20
*** HOLE CARDS ***
Dealt to Mahu2021 [3h 8d]
chujko: folds 
Mahu2021: folds 
Uncalled bet (10) returned to Karmps21
Karmps21 collected 20 from pot
Karmps21: doesn't show hand 
*** SUMMARY ***
Total pot 20 | Rake 0 
Seat 1: Karmps21 (big blind) collected (20)
Seat 2: chujko (button) folded before Flop (didn't bet)
Seat 3: Mahu2021 (small blind) folded before Flop



PokerStars Hand #244071528789: Tournament #3599823754, $1.38+$0.12 USD Hold'em No Limit - Level I (10/20) - 2023/06/03 21:15:16 CET [2023/06/03 15:15:16 ET]
Table '3599823754 1' 3-max Seat #3 is the button
Seat 1: Karmps21 (570 in chips) 
Seat 2: chujko (490 in chips) 
Seat 3: Mahu2021 (440 in chips) 
Karmps21: posts small blind 10
chujko: posts big blind 20
*** HOLE CARDS ***
Dealt to Mahu2021 [Kh 9c]
Mahu2021: calls 20
Karmps21: calls 10
chujko: checks 
*** FLOP *** [6c Kd 8d]
Karmps21: checks 
chujko: checks 
Mahu2021: bets 60
Karmps21: folds 
chujko: folds 
Uncalled bet (60) returned to Mahu2021
Mahu2021 collected 60 from pot
Mahu2021: doesn't show hand 
*** SUMMARY ***
Total pot 60 | Rake 0 
Board [6c Kd 8d]
Seat 1: Karmps21 (small blind) folded on the Flop
Seat 2: chujko (big blind) folded on the Flop
Seat 3: Mahu2021 (button) collected (60)



PokerStars Hand #244071534717: Tournament #3599823754, $1.38+$0.12 USD Hold'em No Limit - Level I (10/20) - 2023/06/03 21:15:34 CET [2023/06/03 15:15:34 ET]
Table '3599823754 1' 3-max Seat #1 is the button
Seat 1: Karmps21 (550 in chips) 
Seat 2: chujko (470 in chips) 
Seat 3: Mahu2021 (480 in chips) 
chujko: posts small blind 10
Mahu2021: posts big blind 20
*** HOLE CARDS ***
Dealt to Mahu2021 [5h Ts]
Karmps21: raises 530 to 550 and is all-in
chujko: folds 
Mahu2021: folds 
Uncalled bet (530) returned to Karmps21
Karmps21 collected 50 from pot
Karmps21: doesn't show hand 
*** SUMMARY ***
Total pot 50 | Rake 0 
Seat 1: Karmps21 (button) collected (50)
Seat 2: chujko (small blind) folded before Flop
Seat 3: Mahu2021 (big blind) folded before Flop



PokerStars Hand #244071538086: Tournament #3599823754, $1.38+$0.12 USD Hold'em No Limit - Level I (10/20) - 2023/06/03 21:15:44 CET [2023/06/03 15:15:44 ET]
Table '3599823754 1' 3-max Seat #2 is the button
Seat 1: Karmps21 (580 in chips) 
Seat 2: chujko (460 in chips) 
Seat 3: Mahu2021 (460 in chips) 
Mahu2021: posts small blind 10
Karmps21: posts big blind 20
*** HOLE CARDS ***
Dealt to Mahu2021 [7s 5d]
chujko: calls 20
Mahu2021: folds 
Karmps21: raises 40 to 60
chujko: folds 
Uncalled bet (40) returned to Karmps21
Karmps21 collected 50 from pot
Karmps21: doesn't show hand 
*** SUMMARY ***
Total pot 50 | Rake 0 
Seat 1: Karmps21 (big blind) collected (50)
Seat 2: chujko (button) folded before Flop
Seat 3: Mahu2021 (small blind) folded before Flop



PokerStars Hand #244071540904: Tournament #3599823754, $1.38+$0.12 USD Hold'em No Limit - Level I (10/20) - 2023/06/03 21:15:52 CET [2023/06/03 15:15:52 ET]
Table '3599823754 1' 3-max Seat #3 is the button
Seat 1: Karmps21 (610 in chips) 
Seat 2: chujko (440 in chips) 
Seat 3: Mahu2021 (450 in chips) 
Karmps21: posts small blind 10
chujko: posts big blind 20
*** HOLE CARDS ***
Dealt to Mahu2021 [Td Jd]
Mahu2021: calls 20
Karmps21: raises 590 to 610 and is all-in
chujko: folds 
Mahu2021: folds 
Uncalled bet (590) returned to Karmps21
Karmps21 collected 60 from pot
Karmps21: doesn't show hand 
*** SUMMARY ***
Total pot 60 | Rake 0 
Seat 1: Karmps21 (small blind) collected (60)
Seat 2: chujko (big blind) folded before Flop
Seat 3: Mahu2021 (button) folded before Flop



PokerStars Hand #244071544204: Tournament #3599823754, $1.38+$0.12 USD Hold'em No Limit - Level I (10/20) - 2023/06/03 21:16:02 CET [2023/06/03 15:16:02 ET]
Table '3599823754 1' 3-max Seat #1 is the button
Seat 1: Karmps21 (650 in chips) 
Seat 2: chujko (420 in chips) 
Seat 3: Mahu2021 (430 in chips) 
chujko: posts small blind 10
Mahu2021: posts big blind 20
*** HOLE CARDS ***
Dealt to Mahu2021 [4d Ah]
Karmps21: raises 20 to 40
chujko: folds 
Mahu2021: calls 20
*** FLOP *** [9s 4s Qd]
Mahu2021: checks 
Karmps21: checks 
*** TURN *** [9s 4s Qd] [2c]
Mahu2021: checks 
Karmps21: checks 
*** RIVER *** [9s 4s Qd 2c] [9d]
Mahu2021: checks 
Karmps21: checks 
*** SHOW DOWN ***
Mahu2021: shows [4d Ah] (two pair, Nines and Fours)
Karmps21: mucks hand 
Mahu2021 collected 90 from pot
*** SUMMARY ***
Total pot 90 | Rake 0 
Board [9s 4s Qd 2c 9d]
Seat 1: Karmps21 (button) mucked [8h 7h]
Seat 2: chujko (small blind) folded before Flop
Seat 3: Mahu2021 (big blind) showed [4d Ah] and won (90) with two pair, Nines and Fours



PokerStars Hand #244071550011: Tournament #3599823754, $1.38+$0.12 USD Hold'em No Limit - Level I (10/20) - 2023/06/03 21:16:19 CET [2023/06/03 15:16:19 ET]
Table '3599823754 1' 3-max Seat #2 is the button
Seat 1: Karmps21 (610 in chips) 
Seat 2: chujko (410 in chips) 
Seat 3: Mahu2021 (480 in chips) 
Mahu2021: posts small blind 10
Karmps21: posts big blind 20
*** HOLE CARDS ***
Dealt to Mahu2021 [Kh 7c]
chujko: folds 
Mahu2021: calls 10
Karmps21: raises 40 to 60
Mahu2021: folds 
Uncalled bet (40) returned to Karmps21
Karmps21 collected 40 from pot
Karmps21: doesn't show hand 
*** SUMMARY ***
Total pot 40 | Rake 0 
Seat 1: Karmps21 (big blind) collected (40)
Seat 2: chujko (button) folded before Flop (didn't bet)
Seat 3: Mahu2021 (small blind) folded before Flop



PokerStars Hand #244071552942: Tournament #3599823754, $1.38+$0.12 USD Hold'em No Limit - Level I (10/20) - 2023/06/03 21:16:28 CET [2023/06/03 15:16:28 ET]
Table '3599823754 1' 3-max Seat #3 is the button
Seat 1: Karmps21 (630 in chips) 
Seat 2: chujko (410 in chips) 
Seat 3: Mahu2021 (460 in chips) 
Karmps21: posts small blind 10
chujko: posts big blind 20
*** HOLE CARDS ***
Dealt to Mahu2021 [5c 5s]
Mahu2021: calls 20
Karmps21: folds 
chujko: checks 
*** FLOP *** [5h Qc 6h]
chujko: checks 
Mahu2021: checks 
*** TURN *** [5h Qc 6h] [2h]
chujko: bets 34
Mahu2021: calls 34
*** RIVER *** [5h Qc 6h 2h] [8h]
chujko: bets 80
Mahu2021: folds 
Uncalled bet (80) returned to chujko
chujko collected 118 from pot
*** SUMMARY ***
Total pot 118 | Rake 0 
Board [5h Qc 6h 2h 8h]
Seat 1: Karmps21 (small blind) folded before Flop
Seat 2: chujko (big blind) collected (118)
Seat 3: Mahu2021 (button) folded on the River



PokerStars Hand #244071561414: Tournament #3599823754, $1.38+$0.12 USD Hold'em No Limit - Level II (15/30) - 2023/06/03 21:16:53 CET [2023/06/03 15:16:53 ET]
Table '3599823754 1' 3-max Seat #1 is the button
Seat 1: Karmps21 (620 in chips) 
Seat 2: chujko (474 in chips) 
Seat 3: Mahu2021 (406 in chips) 
chujko: posts small blind 15
Mahu2021: posts big blind 30
*** HOLE CARDS ***
Dealt to Mahu2021 [Js 4h]
Karmps21: folds 
chujko: calls 15
Mahu2021: checks 
*** FLOP *** [Td 3c 9s]
chujko: checks 
Mahu2021: checks 
*** TURN *** [Td 3c 9s] [5d]
chujko: bets 30
Mahu2021: folds 
Uncalled bet (30) returned to chujko
chujko collected 60 from pot
*** SUMMARY ***
Total pot 60 | Rake 0 
Board [Td 3c 9s 5d]
Seat 1: Karmps21 (button) folded before Flop (didn't bet)
Seat 2: chujko (small blind) collected (60)
Seat 3: Mahu2021 (big blind) folded on the Turn



PokerStars Hand #244071565652: Tournament #3599823754, $1.38+$0.12 USD Hold'em No Limit - Level II (15/30) - 2023/06/03 21:17:06 CET [2023/06/03 15:17:06 ET]
Table '3599823754 1' 3-max Seat #2 is the button
Seat 1: Karmps21 (620 in chips) 
Seat 2: chujko (504 in chips) 
Seat 3: Mahu2021 (376 in chips) 
Mahu2021: posts small blind 15
Karmps21: posts big blind 30
*** HOLE CARDS ***
Dealt to Mahu2021 [7c Ac]
chujko: folds 
Mahu2021: calls 15
Karmps21: raises 60 to 90
Mahu2021: calls 60
*** FLOP *** [5h 4c Kd]
Mahu2021: checks 
Karmps21: checks 
*** TURN *** [5h 4c Kd] [Jd]
Mahu2021: checks 
Karmps21: bets 90
Mahu2021: folds 
Uncalled bet (90) returned to Karmps21
Karmps21 collected 180 from pot
Karmps21: doesn't show hand 
*** SUMMARY ***
Total pot 180 | Rake 0 
Board [5h 4c Kd Jd]
Seat 1: Karmps21 (big blind) collected (180)
Seat 2: chujko (button) folded before Flop (didn't bet)
Seat 3: Mahu2021 (small blind) folded on the Turn



PokerStars Hand #244071570782: Tournament #3599823754, $1.38+$0.12 USD Hold'em No Limit - Level II (15/30) - 2023/06/03 21:17:21 CET [2023/06/03 15:17:21 ET]
Table '3599823754 1' 3-max Seat #3 is the button
Seat 1: Karmps21 (710 in chips) 
Seat 2: chujko (504 in chips) 
Seat 3: Mahu2021 (286 in chips) 
Karmps21: posts small blind 15
chujko: posts big blind 30
*** HOLE CARDS ***
Dealt to Mahu2021 [2c 3c]
Mahu2021: folds 
Karmps21: folds 
Uncalled bet (15) returned to chujko
chujko collected 30 from pot
*** SUMMARY ***
Total pot 30 | Rake 0 
Seat 1: Karmps21 (small blind) folded before Flop
Seat 2: chujko (big blind) collected (30)
Seat 3: Mahu2021 (button) folded before Flop (didn't bet)



PokerStars Hand #244071572700: Tournament #3599823754, $1.38+$0.12 USD Hold'em No Limit - Level II (15/30) - 2023/06/03 21:17:27 CET [2023/06/03 15:17:27 ET]
Table '3599823754 1' 3-max Seat #1 is the button
Seat 1: Karmps21 (695 in chips) 
Seat 2: chujko (519 in chips) 
Seat 3: Mahu2021 (286 in chips) 
chujko: posts small blind 15
Mahu2021: posts big blind 30
*** HOLE CARDS ***
Dealt to Mahu2021 [Kd 5s]
Karmps21: calls 30
chujko: calls 15
Mahu2021: checks 
*** FLOP *** [Ts 7c Td]
chujko: checks 
Mahu2021: checks 
Karmps21: checks 
*** TURN *** [Ts 7c Td] [Ah]
chujko: checks 
Mahu2021: checks 
Karmps21: checks 
*** RIVER *** [Ts 7c Td Ah] [Qs]
chujko: checks 
Mahu2021: checks 
Karmps21: bets 60
chujko: folds 
Mahu2021: folds 
Uncalled bet (60) returned to Karmps21
Karmps21 collected 90 from pot
Karmps21: doesn't show hand 
*** SUMMARY ***
Total pot 90 | Rake 0 
Board [Ts 7c Td Ah Qs]
Seat 1: Karmps21 (button) collected (90)
Seat 2: chujko (small blind) folded on the River
Seat 3: Mahu2021 (big blind) folded on the River



PokerStars Hand #244071586731: Tournament #3599823754, $1.38+$0.12 USD Hold'em No Limit - Level II (15/30) - 2023/06/03 21:18:09 CET [2023/06/03 15:18:09 ET]
Table '3599823754 1' 3-max Seat #2 is the button
Seat 1: Karmps21 (755 in chips) 
Seat 2: chujko (489 in chips) 
Seat 3: Mahu2021 (256 in chips) 
Mahu2021: posts small blind 15
Karmps21: posts big blind 30
*** HOLE CARDS ***
Dealt to Mahu2021 [6h 5h]
chujko: folds 
Mahu2021: calls 15
Karmps21: raises 60 to 90
Mahu2021: calls 60
*** FLOP *** [Jh 8s 2c]
Mahu2021: checks 
Karmps21: checks 
*** TURN *** [Jh 8s 2c] [9c]
Mahu2021: bets 166 and is all-in
Karmps21: folds 
Uncalled bet (166) returned to Mahu2021
Mahu2021 collected 180 from pot
Mahu2021: doesn't show hand 
*** SUMMARY ***
Total pot 180 | Rake 0 
Board [Jh 8s 2c 9c]
Seat 1: Karmps21 (big blind) folded on the Turn
Seat 2: chujko (button) folded before Flop (didn't bet)
Seat 3: Mahu2021 (small blind) collected (180)



PokerStars Hand #244071592969: Tournament #3599823754, $1.38+$0.12 USD Hold'em No Limit - Level II (15/30) - 2023/06/03 21:18:28 CET [2023/06/03 15:18:28 ET]
Table '3599823754 1' 3-max Seat #3 is the button
Seat 1: Karmps21 (665 in chips) 
Seat 2: chujko (489 in chips) 
Seat 3: Mahu2021 (346 in chips) 
Karmps21: posts small blind 15
chujko: posts big blind 30
*** HOLE CARDS ***
Dealt to Mahu2021 [8c 2c]
Mahu2021: folds 
Karmps21: raises 30 to 60
chujko: calls 30
*** FLOP *** [8d 6d 6h]
Karmps21: checks 
chujko: bets 34
Karmps21: calls 34
*** TURN *** [8d 6d 6h] [5h]
Karmps21: checks 
chujko: checks 
*** RIVER *** [8d 6d 6h 5h] [Jc]
Karmps21: bets 90
chujko: calls 90
*** SHOW DOWN ***
Karmps21: shows [7d As] (a pair of Sixes)
chujko: mucks hand 
Karmps21 collected 368 from pot
*** SUMMARY ***
Total pot 368 | Rake 0 
Board [8d 6d 6h 5h Jc]
Seat 1: Karmps21 (small blind) showed [7d As] and won (368) with a pair of Sixes
Seat 2: chujko (big blind) mucked [7h Kc]
Seat 3: Mahu2021 (button) folded before Flop (didn't bet)



PokerStars Hand #244071606229: Tournament #3599823754, $1.38+$0.12 USD Hold'em No Limit - Level III (20/40) - 2023/06/03 21:19:08 CET [2023/06/03 15:19:08 ET]
Table '3599823754 1' 3-max Seat #1 is the button
Seat 1: Karmps21 (849 in chips) 
Seat 2: chujko (305 in chips) 
Seat 3: Mahu2021 (346 in chips) 
chujko: posts small blind 20
Mahu2021: posts big blind 40
*** HOLE CARDS ***
Dealt to Mahu2021 [4c 8d]
Karmps21: raises 80 to 120
chujko: folds 
Mahu2021: folds 
Uncalled bet (80) returned to Karmps21
Karmps21 collected 100 from pot
Karmps21: doesn't show hand 
*** SUMMARY ***
Total pot 100 | Rake 0 
Seat 1: Karmps21 (button) collected (100)
Seat 2: chujko (small blind) folded before Flop
Seat 3: Mahu2021 (big blind) folded before Flop



PokerStars Hand #244071608597: Tournament #3599823754, $1.38+$0.12 USD Hold'em No Limit - Level III (20/40) - 2023/06/03 21:19:15 CET [2023/06/03 15:19:15 ET]
Table '3599823754 1' 3-max Seat #2 is the button
Seat 1: Karmps21 (909 in chips) 
Seat 2: chujko (285 in chips) 
Seat 3: Mahu2021 (306 in chips) 
Mahu2021: posts small blind 20
Karmps21: posts big blind 40
*** HOLE CARDS ***
Dealt to Mahu2021 [Th Kd]
chujko: raises 245 to 285 and is all-in
Mahu2021: folds 
Karmps21: folds 
Uncalled bet (245) returned to chujko
chujko collected 100 from pot
*** SUMMARY ***
Total pot 100 | Rake 0 
Seat 1: Karmps21 (big blind) folded before Flop
Seat 2: chujko (button) collected (100)
Seat 3: Mahu2021 (small blind) folded before Flop



PokerStars Hand #244071611958: Tournament #3599823754, $1.38+$0.12 USD Hold'em No Limit - Level III (20/40) - 2023/06/03 21:19:25 CET [2023/06/03 15:19:25 ET]
Table '3599823754 1' 3-max Seat #3 is the button
Seat 1: Karmps21 (869 in chips) 
Seat 2: chujko (345 in chips) 
Seat 3: Mahu2021 (286 in chips) 
Karmps21: posts small blind 20
chujko: posts big blind 40
*** HOLE CARDS ***
Dealt to Mahu2021 [Tc Ah]
Mahu2021: raises 246 to 286 and is all-in
Karmps21: folds 
chujko: folds 
Uncalled bet (246) returned to Mahu2021
Mahu2021 collected 100 from pot
Mahu2021: doesn't show hand 
*** SUMMARY ***
Total pot 100 | Rake 0 
Seat 1: Karmps21 (small blind) folded before Flop
Seat 2: chujko (big blind) folded before Flop
Seat 3: Mahu2021 (button) collected (100)



PokerStars Hand #244071615106: Tournament #3599823754, $1.38+$0.12 USD Hold'em No Limit - Level III (20/40) - 2023/06/03 21:19:35 CET [2023/06/03 15:19:35 ET]
Table '3599823754 1' 3-max Seat #1 is the button
Seat 1: Karmps21 (849 in chips) 
Seat 2: chujko (305 in chips) 
Seat 3: Mahu2021 (346 in chips) 
chujko: posts small blind 20
Mahu2021: posts big blind 40
*** HOLE CARDS ***
Dealt to Mahu2021 [Kd 3d]
Karmps21: raises 80 to 120
chujko: folds 
Mahu2021: raises 226 to 346 and is all-in
Karmps21: calls 226
*** FLOP *** [Js 6c 8d]
*** TURN *** [Js 6c 8d] [Ks]
*** RIVER *** [Js 6c 8d Ks] [3s]
*** SHOW DOWN ***
Mahu2021: shows [Kd 3d] (two pair, Kings and Threes)
Karmps21: shows [4c Ad] (high card Ace)
Mahu2021 collected 712 from pot
*** SUMMARY ***
Total pot 712 | Rake 0 
Board [Js 6c 8d Ks 3s]
Seat 1: Karmps21 (button) showed [4c Ad] and lost with high card Ace
Seat 2: chujko (small blind) folded before Flop
Seat 3: Mahu2021 (big blind) showed [Kd 3d] and won (712) with two pair, Kings and Threes



PokerStars Hand #244071622320: Tournament #3599823754, $1.38+$0.12 USD Hold'em No Limit - Level III (20/40) - 2023/06/03 21:19:56 CET [2023/06/03 15:19:56 ET]
Table '3599823754 1' 3-max Seat #2 is the button
Seat 1: Karmps21 (503 in chips) 
Seat 2: chujko (285 in chips) 
Seat 3: Mahu2021 (712 in chips) 
Mahu2021: posts small blind 20
Karmps21: posts big blind 40
*** HOLE CARDS ***
Dealt to Mahu2021 [4s As]
chujko: raises 245 to 285 and is all-in
Mahu2021: calls 265
Karmps21: folds 
*** FLOP *** [2h 8h Ts]
*** TURN *** [2h 8h Ts] [9d]
*** RIVER *** [2h 8h Ts 9d] [9c]
*** SHOW DOWN ***
Mahu2021: shows [4s As] (a pair of Nines)
chujko: shows [6d Kh] (a pair of Nines - lower kicker)
Mahu2021 collected 610 from pot
chujko finished the tournament in 3rd place
*** SUMMARY ***
Total pot 610 | Rake 0 
Board [2h 8h Ts 9d 9c]
Seat 1: Karmps21 (big blind) folded before Flop
Seat 2: chujko (button) showed [6d Kh] and lost with a pair of Nines
Seat 3: Mahu2021 (small blind) showed [4s As] and won (610) with a pair of Nines



PokerStars Hand #244071628405: Tournament #3599823754, $1.38+$0.12 USD Hold'em No Limit - Level III (20/40) - 2023/06/03 21:20:14 CET [2023/06/03 15:20:14 ET]
Table '3599823754 1' 3-max Seat #1 is the button
Seat 1: Karmps21 (463 in chips) 
Seat 3: Mahu2021 (1037 in chips) 
Karmps21: posts small blind 20
Mahu2021: posts big blind 40
*** HOLE CARDS ***
Dealt to Mahu2021 [Jc 4d]
Karmps21: calls 20
Mahu2021: checks 
*** FLOP *** [8h 4c Ah]
Mahu2021: checks 
Karmps21: checks 
*** TURN *** [8h 4c Ah] [Th]
Mahu2021: checks 
Karmps21: checks 
*** RIVER *** [8h 4c Ah Th] [9d]
Mahu2021: checks 
Karmps21: checks 
*** SHOW DOWN ***
Mahu2021: shows [Jc 4d] (a pair of Fours)
Karmps21: mucks hand 
Mahu2021 collected 80 from pot
*** SUMMARY ***
Total pot 80 | Rake 0 
Board [8h 4c Ah Th 9d]
Seat 1: Karmps21 (button) (small blind) mucked [5s Qd]
Seat 3: Mahu2021 (big blind) showed [Jc 4d] and won (80) with a pair of Fours



PokerStars Hand #244071635119: Tournament #3599823754, $1.38+$0.12 USD Hold'em No Limit - Level III (20/40) - 2023/06/03 21:20:34 CET [2023/06/03 15:20:34 ET]
Table '3599823754 1' 3-max Seat #3 is the button
Seat 1: Karmps21 (423 in chips) 
Seat 3: Mahu2021 (1077 in chips) 
Mahu2021: posts small blind 20
Karmps21: posts big blind 40
*** HOLE CARDS ***
Dealt to Mahu2021 [Ah 6s]
Mahu2021: calls 20
Karmps21: checks 
*** FLOP *** [4s Ts Kc]
Karmps21: checks 
Mahu2021: checks 
*** TURN *** [4s Ts Kc] [3d]
Karmps21: checks 
Mahu2021: checks 
*** RIVER *** [4s Ts Kc 3d] [7s]
Karmps21: bets 80
Mahu2021: folds 
Uncalled bet (80) returned to Karmps21
Karmps21 collected 80 from pot
Karmps21: doesn't show hand 
*** SUMMARY ***
Total pot 80 | Rake 0 
Board [4s Ts Kc 3d 7s]
Seat 1: Karmps21 (big blind) collected (80)
Seat 3: Mahu2021 (button) (small blind) folded on the River



PokerStars Hand #244071640839: Tournament #3599823754, $1.38+$0.12 USD Hold'em No Limit - Level IV (30/60) - 2023/06/03 21:20:51 CET [2023/06/03 15:20:51 ET]
Table '3599823754 1' 3-max Seat #1 is the button
Seat 1: Karmps21 (463 in chips) 
Seat 3: Mahu2021 (1037 in chips) 
Karmps21: posts small blind 30
Mahu2021: posts big blind 60
*** HOLE CARDS ***
Dealt to Mahu2021 [7s 4h]
Karmps21: raises 403 to 463 and is all-in
Mahu2021: folds 
Uncalled bet (403) returned to Karmps21
Karmps21 collected 120 from pot
Karmps21: doesn't show hand 
*** SUMMARY ***
Total pot 120 | Rake 0 
Seat 1: Karmps21 (button) (small blind) collected (120)
Seat 3: Mahu2021 (big blind) folded before Flop



PokerStars Hand #244071642691: Tournament #3599823754, $1.38+$0.12 USD Hold'em No Limit - Level IV (30/60) - 2023/06/03 21:20:56 CET [2023/06/03 15:20:56 ET]
Table '3599823754 1' 3-max Seat #3 is the button
Seat 1: Karmps21 (523 in chips) 
Seat 3: Mahu2021 (977 in chips) 
Mahu2021: posts small blind 30
Karmps21: posts big blind 60
*** HOLE CARDS ***
Dealt to Mahu2021 [8d 3s]
Mahu2021: folds 
Uncalled bet (30) returned to Karmps21
Karmps21 collected 60 from pot
Karmps21: doesn't show hand 
*** SUMMARY ***
Total pot 60 | Rake 0 
Seat 1: Karmps21 (big blind) collected (60)
Seat 3: Mahu2021 (button) (small blind) folded before Flop



PokerStars Hand #244071644330: Tournament #3599823754, $1.38+$0.12 USD Hold'em No Limit - Level IV (30/60) - 2023/06/03 21:21:01 CET [2023/06/03 15:21:01 ET]
Table '3599823754 1' 3-max Seat #1 is the button
Seat 1: Karmps21 (553 in chips) 
Seat 3: Mahu2021 (947 in chips) 
Karmps21: posts small blind 30
Mahu2021: posts big blind 60
*** HOLE CARDS ***
Dealt to Mahu2021 [6d Js]
Karmps21: calls 30
Mahu2021: checks 
*** FLOP *** [Th Td 3s]
Mahu2021: checks 
Karmps21: checks 
*** TURN *** [Th Td 3s] [9h]
Mahu2021: checks 
Karmps21: checks 
*** RIVER *** [Th Td 3s 9h] [8s]
Mahu2021: checks 
Karmps21: bets 120
Mahu2021: folds 
Uncalled bet (120) returned to Karmps21
Karmps21 collected 120 from pot
Karmps21: doesn't show hand 
*** SUMMARY ***
Total pot 120 | Rake 0 
Board [Th Td 3s 9h 8s]
Seat 1: Karmps21 (button) (small blind) collected (120)
Seat 3: Mahu2021 (big blind) folded on the River



PokerStars Hand #244071650071: Tournament #3599823754, $1.38+$0.12 USD Hold'em No Limit - Level IV (30/60) - 2023/06/03 21:21:18 CET [2023/06/03 15:21:18 ET]
Table '3599823754 1' 3-max Seat #3 is the button
Seat 1: Karmps21 (613 in chips) 
Seat 3: Mahu2021 (887 in chips) 
Mahu2021: posts small blind 30
Karmps21: posts big blind 60
*** HOLE CARDS ***
Dealt to Mahu2021 [2c 8c]
Mahu2021: folds 
Uncalled bet (30) returned to Karmps21
Karmps21 collected 60 from pot
Karmps21: doesn't show hand 
*** SUMMARY ***
Total pot 60 | Rake 0 
Seat 1: Karmps21 (big blind) collected (60)
Seat 3: Mahu2021 (button) (small blind) folded before Flop



PokerStars Hand #244071651663: Tournament #3599823754, $1.38+$0.12 USD Hold'em No Limit - Level IV (30/60) - 2023/06/03 21:21:23 CET [2023/06/03 15:21:23 ET]
Table '3599823754 1' 3-max Seat #1 is the button
Seat 1: Karmps21 (643 in chips) 
Seat 3: Mahu2021 (857 in chips) 
Karmps21: posts small blind 30
Mahu2021: posts big blind 60
*** HOLE CARDS ***
Dealt to Mahu2021 [Qd Kd]
Karmps21: raises 60 to 120
Mahu2021: raises 737 to 857 and is all-in
Karmps21: calls 523 and is all-in
Uncalled bet (214) returned to Mahu2021
*** FLOP *** [4s 6h 2d]
*** TURN *** [4s 6h 2d] [3h]
*** RIVER *** [4s 6h 2d 3h] [4c]
*** SHOW DOWN ***
Mahu2021: shows [Qd Kd] (a pair of Fours)
Karmps21: shows [Kc Qs] (a pair of Fours)
Mahu2021 collected 643 from pot
Karmps21 collected 643 from pot
*** SUMMARY ***
Total pot 1286 | Rake 0 
Board [4s 6h 2d 3h 4c]
Seat 1: Karmps21 (button) (small blind) showed [Kc Qs] and won (643) with a pair of Fours
Seat 3: Mahu2021 (big blind) showed [Qd Kd] and won (643) with a pair of Fours



PokerStars Hand #244071658502: Tournament #3599823754, $1.38+$0.12 USD Hold'em No Limit - Level IV (30/60) - 2023/06/03 21:21:44 CET [2023/06/03 15:21:44 ET]
Table '3599823754 1' 3-max Seat #3 is the button
Seat 1: Karmps21 (643 in chips) 
Seat 3: Mahu2021 (857 in chips) 
Mahu2021: posts small blind 30
Karmps21: posts big blind 60
*** HOLE CARDS ***
Dealt to Mahu2021 [As Ac]
Mahu2021: raises 797 to 857 and is all-in
Karmps21: calls 583 and is all-in
Uncalled bet (214) returned to Mahu2021
*** FLOP *** [6s 4h 8h]
*** TURN *** [6s 4h 8h] [8s]
*** RIVER *** [6s 4h 8h 8s] [5h]
*** SHOW DOWN ***
Karmps21: shows [6d Ad] (two pair, Eights and Sixes)
Mahu2021: shows [As Ac] (two pair, Aces and Eights)
Mahu2021 collected 1286 from pot
Karmps21 finished the tournament in 2nd place
Mahu2021 wins the tournament and receives $3.00 - congratulations!
*** SUMMARY ***
Total pot 1286 | Rake 0 
Board [6s 4h 8h 8s 5h]
Seat 1: Karmps21 (big blind) showed [6d Ad] and lost with two pair, Eights and Sixes
Seat 3: Mahu2021 (button) (small blind) showed [As Ac] and won (1286) with two pair, Aces and Eights



