PokerStars Hand #254189462658: Tournament #3842636521, $1.84+$0.16 USD Hold'em No Limit - Level I (10/20) - 2025/01/04 15:23:55 CET [2025/01/04 9:23:55 ET]
Table '3842636521 1' 3-max Seat #1 is the button
Seat 1: ezzzis (500 in chips) 
Seat 2: Mahu2021 (500 in chips) 
Seat 3: kraft_2015 (500 in chips) 
Mahu2021: posts small blind 10
kraft_2015: posts big blind 20
*** HOLE CARDS ***
Dealt to Mahu2021 [Ks Kc]
ezzzis: raises 20 to 40
Mahu2021: raises 460 to 500 and is all-in
kraft_2015: folds 
ezzzis: calls 460 and is all-in
*** FLOP *** [7s 3s 4h]
*** TURN *** [7s 3s 4h] [2h]
*** RIVER *** [7s 3s 4h 2h] [Qc]
*** SHOW DOWN ***
Mahu2021: shows [Ks Kc] (a pair of Kings)
ezzzis: shows [8c 8s] (a pair of Eights)
Mahu2021 collected 1020 from pot
ezzzis finished the tournament in 3rd place
*** SUMMARY ***
Total pot 1020 | Rake 0 
Board [7s 3s 4h 2h Qc]
Seat 1: ezzzis (button) showed [8c 8s] and lost with a pair of Eights
Seat 2: Mahu2021 (small blind) showed [Ks Kc] and won (1020) with a pair of Kings
Seat 3: kraft_2015 (big blind) folded before Flop



PokerStars Hand #254189466865: Tournament #3842636521, $1.84+$0.16 USD Hold'em No Limit - Level I (10/20) - 2025/01/04 15:24:15 CET [2025/01/04 9:24:15 ET]
Table '3842636521 1' 3-max Seat #3 is the button
Seat 2: Mahu2021 (1020 in chips) 
Seat 3: kraft_2015 (480 in chips) 
kraft_2015: posts small blind 10
Mahu2021: posts big blind 20
*** HOLE CARDS ***
Dealt to Mahu2021 [5c 5h]
kraft_2015: folds 
Uncalled bet (10) returned to Mahu2021
Mahu2021 collected 20 from pot
Mahu2021: doesn't show hand 
*** SUMMARY ***
Total pot 20 | Rake 0 
Seat 2: Mahu2021 (big blind) collected (20)
Seat 3: kraft_2015 (button) (small blind) folded before Flop



PokerStars Hand #254189467602: Tournament #3842636521, $1.84+$0.16 USD Hold'em No Limit - Level I (10/20) - 2025/01/04 15:24:18 CET [2025/01/04 9:24:18 ET]
Table '3842636521 1' 3-max Seat #2 is the button
Seat 2: Mahu2021 (1030 in chips) 
Seat 3: kraft_2015 (470 in chips) 
Mahu2021: posts small blind 10
kraft_2015: posts big blind 20
*** HOLE CARDS ***
Dealt to Mahu2021 [3c 3d]
Mahu2021: raises 20 to 40
kraft_2015: raises 430 to 470 and is all-in
Mahu2021: calls 430
*** FLOP *** [Ah Ks 5d]
*** TURN *** [Ah Ks 5d] [8h]
*** RIVER *** [Ah Ks 5d 8h] [Qh]
*** SHOW DOWN ***
kraft_2015: shows [As 6c] (a pair of Aces)
Mahu2021: shows [3c 3d] (a pair of Threes)
kraft_2015 collected 940 from pot
*** SUMMARY ***
Total pot 940 | Rake 0 
Board [Ah Ks 5d 8h Qh]
Seat 2: Mahu2021 (button) (small blind) showed [3c 3d] and lost with a pair of Threes
Seat 3: kraft_2015 (big blind) showed [As 6c] and won (940) with a pair of Aces



PokerStars Hand #254189471138: Tournament #3842636521, $1.84+$0.16 USD Hold'em No Limit - Level I (10/20) - 2025/01/04 15:24:35 CET [2025/01/04 9:24:35 ET]
Table '3842636521 1' 3-max Seat #3 is the button
Seat 2: Mahu2021 (560 in chips) 
Seat 3: kraft_2015 (940 in chips) 
kraft_2015: posts small blind 10
Mahu2021: posts big blind 20
*** HOLE CARDS ***
Dealt to Mahu2021 [9c 7c]
kraft_2015: raises 20 to 40
Mahu2021: calls 20
*** FLOP *** [8d 5h Kc]
Mahu2021: checks 
kraft_2015: bets 30
Mahu2021: calls 30
*** TURN *** [8d 5h Kc] [2d]
Mahu2021: checks 
kraft_2015: bets 50
Mahu2021: folds 
Uncalled bet (50) returned to kraft_2015
kraft_2015 collected 140 from pot
kraft_2015: doesn't show hand 
*** SUMMARY ***
Total pot 140 | Rake 0 
Board [8d 5h Kc 2d]
Seat 2: Mahu2021 (big blind) folded on the Turn
Seat 3: kraft_2015 (button) (small blind) collected (140)



PokerStars Hand #254189474827: Tournament #3842636521, $1.84+$0.16 USD Hold'em No Limit - Level I (10/20) - 2025/01/04 15:24:52 CET [2025/01/04 9:24:52 ET]
Table '3842636521 1' 3-max Seat #2 is the button
Seat 2: Mahu2021 (490 in chips) 
Seat 3: kraft_2015 (1010 in chips) 
Mahu2021: posts small blind 10
kraft_2015: posts big blind 20
*** HOLE CARDS ***
Dealt to Mahu2021 [Jd Qc]
Mahu2021: raises 40 to 60
kraft_2015: calls 40
*** FLOP *** [Js Ah 4s]
kraft_2015: checks 
Mahu2021: bets 120
kraft_2015: calls 120
*** TURN *** [Js Ah 4s] [2c]
kraft_2015: checks 
Mahu2021: bets 310 and is all-in
kraft_2015: calls 310
*** RIVER *** [Js Ah 4s 2c] [3c]
*** SHOW DOWN ***
kraft_2015: shows [Ks Jh] (a pair of Jacks)
Mahu2021: shows [Jd Qc] (a pair of Jacks - lower kicker)
kraft_2015 collected 980 from pot
Mahu2021 finished the tournament in 2nd place
kraft_2015 wins the tournament and receives $4.00 - congratulations!
*** SUMMARY ***
Total pot 980 | Rake 0 
Board [Js Ah 4s 2c 3c]
Seat 2: Mahu2021 (button) (small blind) showed [Jd Qc] and lost with a pair of Jacks
Seat 3: kraft_2015 (big blind) showed [Ks Jh] and won (980) with a pair of Jacks



