PokerStars Hand #251372541662: Tournament #3775215842, $1.84+$0.16 USD Hold'em No Limit - Level I (10/20) - 2024/07/07 14:43:17 CET [2024/07/07 8:43:17 ET]
Table '3775215842 1' 3-max Seat #1 is the button
Seat 1: Mahu2021 (500 in chips) 
Seat 2: sebozero (500 in chips) 
Seat 3: impulsivo (500 in chips) 
sebozero: posts small blind 10
impulsivo: posts big blind 20
*** HOLE CARDS ***
Dealt to Mahu2021 [4d 5c]
Mahu2021: folds 
sebozero: raises 20 to 40
impulsivo: calls 20
*** FLOP *** [3s As Jh]
sebozero: bets 20
impulsivo: calls 20
*** TURN *** [3s As Jh] [4s]
sebozero: bets 60
impulsivo: raises 380 to 440 and is all-in
sebozero: calls 380 and is all-in
*** RIVER *** [3s As Jh 4s] [6h]
*** SHOW DOWN ***
sebozero: shows [7c Kc] (high card Ace)
impulsivo: shows [5s 2d] (a straight, Deuce to Six)
impulsivo collected 1000 from pot
sebozero finished the tournament in 3rd place
*** SUMMARY ***
Total pot 1000 | Rake 0 
Board [3s As Jh 4s 6h]
Seat 1: Mahu2021 (button) folded before Flop (didn't bet)
Seat 2: sebozero (small blind) showed [7c Kc] and lost with high card Ace
Seat 3: impulsivo (big blind) showed [5s 2d] and won (1000) with a straight, Deuce to Six



PokerStars Hand #251372548144: Tournament #3775215842, $1.84+$0.16 USD Hold'em No Limit - Level I (10/20) - 2024/07/07 14:43:51 CET [2024/07/07 8:43:51 ET]
Table '3775215842 1' 3-max Seat #3 is the button
Seat 1: Mahu2021 (500 in chips) 
Seat 3: impulsivo (1000 in chips) 
impulsivo: posts small blind 10
Mahu2021: posts big blind 20
*** HOLE CARDS ***
Dealt to Mahu2021 [9s Jh]
impulsivo: raises 20 to 40
Mahu2021: calls 20
*** FLOP *** [Ah Jc 3c]
Mahu2021: checks 
impulsivo: bets 42
Mahu2021: calls 42
*** TURN *** [Ah Jc 3c] [Ks]
Mahu2021: checks 
impulsivo: checks 
*** RIVER *** [Ah Jc 3c Ks] [Th]
Mahu2021: checks 
impulsivo: bets 87
Mahu2021: folds 
Uncalled bet (87) returned to impulsivo
impulsivo collected 164 from pot
impulsivo: doesn't show hand 
*** SUMMARY ***
Total pot 164 | Rake 0 
Board [Ah Jc 3c Ks Th]
Seat 1: Mahu2021 (big blind) folded on the River
Seat 3: impulsivo (button) (small blind) collected (164)



PokerStars Hand #251372553602: Tournament #3775215842, $1.84+$0.16 USD Hold'em No Limit - Level I (10/20) - 2024/07/07 14:44:19 CET [2024/07/07 8:44:19 ET]
Table '3775215842 1' 3-max Seat #1 is the button
Seat 1: Mahu2021 (418 in chips) 
Seat 3: impulsivo (1082 in chips) 
Mahu2021: posts small blind 10
impulsivo: posts big blind 20
*** HOLE CARDS ***
Dealt to Mahu2021 [4s 9c]
Mahu2021: folds 
Uncalled bet (10) returned to impulsivo
impulsivo collected 20 from pot
impulsivo: doesn't show hand 
*** SUMMARY ***
Total pot 20 | Rake 0 
Seat 1: Mahu2021 (button) (small blind) folded before Flop
Seat 3: impulsivo (big blind) collected (20)



PokerStars Hand #251372554397: Tournament #3775215842, $1.84+$0.16 USD Hold'em No Limit - Level I (10/20) - 2024/07/07 14:44:23 CET [2024/07/07 8:44:23 ET]
Table '3775215842 1' 3-max Seat #3 is the button
Seat 1: Mahu2021 (408 in chips) 
Seat 3: impulsivo (1092 in chips) 
impulsivo: posts small blind 10
Mahu2021: posts big blind 20
*** HOLE CARDS ***
Dealt to Mahu2021 [Td 2h]
impulsivo: raises 20 to 40
Mahu2021: folds 
Uncalled bet (20) returned to impulsivo
impulsivo collected 40 from pot
impulsivo: doesn't show hand 
*** SUMMARY ***
Total pot 40 | Rake 0 
Seat 1: Mahu2021 (big blind) folded before Flop
Seat 3: impulsivo (button) (small blind) collected (40)



PokerStars Hand #251372555379: Tournament #3775215842, $1.84+$0.16 USD Hold'em No Limit - Level I (10/20) - 2024/07/07 14:44:29 CET [2024/07/07 8:44:29 ET]
Table '3775215842 1' 3-max Seat #1 is the button
Seat 1: Mahu2021 (388 in chips) 
Seat 3: impulsivo (1112 in chips) 
Mahu2021: posts small blind 10
impulsivo: posts big blind 20
*** HOLE CARDS ***
Dealt to Mahu2021 [6s Qd]
Mahu2021: folds 
Uncalled bet (10) returned to impulsivo
impulsivo collected 20 from pot
impulsivo: doesn't show hand 
*** SUMMARY ***
Total pot 20 | Rake 0 
Seat 1: Mahu2021 (button) (small blind) folded before Flop
Seat 3: impulsivo (big blind) collected (20)



PokerStars Hand #251372556195: Tournament #3775215842, $1.84+$0.16 USD Hold'em No Limit - Level I (10/20) - 2024/07/07 14:44:33 CET [2024/07/07 8:44:33 ET]
Table '3775215842 1' 3-max Seat #3 is the button
Seat 1: Mahu2021 (378 in chips) 
Seat 3: impulsivo (1122 in chips) 
impulsivo: posts small blind 10
Mahu2021: posts big blind 20
*** HOLE CARDS ***
Dealt to Mahu2021 [Jd 8d]
impulsivo: folds 
Uncalled bet (10) returned to Mahu2021
Mahu2021 collected 20 from pot
Mahu2021: doesn't show hand 
*** SUMMARY ***
Total pot 20 | Rake 0 
Seat 1: Mahu2021 (big blind) collected (20)
Seat 3: impulsivo (button) (small blind) folded before Flop



PokerStars Hand #251372557198: Tournament #3775215842, $1.84+$0.16 USD Hold'em No Limit - Level I (10/20) - 2024/07/07 14:44:38 CET [2024/07/07 8:44:38 ET]
Table '3775215842 1' 3-max Seat #1 is the button
Seat 1: Mahu2021 (388 in chips) 
Seat 3: impulsivo (1112 in chips) 
Mahu2021: posts small blind 10
impulsivo: posts big blind 20
*** HOLE CARDS ***
Dealt to Mahu2021 [Ah 3s]
Mahu2021: raises 20 to 40
impulsivo: folds 
Uncalled bet (20) returned to Mahu2021
Mahu2021 collected 40 from pot
Mahu2021: doesn't show hand 
*** SUMMARY ***
Total pot 40 | Rake 0 
Seat 1: Mahu2021 (button) (small blind) collected (40)
Seat 3: impulsivo (big blind) folded before Flop



PokerStars Hand #251372558324: Tournament #3775215842, $1.84+$0.16 USD Hold'em No Limit - Level I (10/20) - 2024/07/07 14:44:44 CET [2024/07/07 8:44:44 ET]
Table '3775215842 1' 3-max Seat #3 is the button
Seat 1: Mahu2021 (408 in chips) 
Seat 3: impulsivo (1092 in chips) 
impulsivo: posts small blind 10
Mahu2021: posts big blind 20
*** HOLE CARDS ***
Dealt to Mahu2021 [Ac 5d]
impulsivo: folds 
Uncalled bet (10) returned to Mahu2021
Mahu2021 collected 20 from pot
Mahu2021: doesn't show hand 
*** SUMMARY ***
Total pot 20 | Rake 0 
Seat 1: Mahu2021 (big blind) collected (20)
Seat 3: impulsivo (button) (small blind) folded before Flop



PokerStars Hand #251372559364: Tournament #3775215842, $1.84+$0.16 USD Hold'em No Limit - Level I (10/20) - 2024/07/07 14:44:50 CET [2024/07/07 8:44:50 ET]
Table '3775215842 1' 3-max Seat #1 is the button
Seat 1: Mahu2021 (418 in chips) 
Seat 3: impulsivo (1082 in chips) 
Mahu2021: posts small blind 10
impulsivo: posts big blind 20
*** HOLE CARDS ***
Dealt to Mahu2021 [Ac Jc]
Mahu2021: raises 20 to 40
impulsivo: folds 
Uncalled bet (20) returned to Mahu2021
Mahu2021 collected 40 from pot
Mahu2021: doesn't show hand 
*** SUMMARY ***
Total pot 40 | Rake 0 
Seat 1: Mahu2021 (button) (small blind) collected (40)
Seat 3: impulsivo (big blind) folded before Flop



PokerStars Hand #251372560484: Tournament #3775215842, $1.84+$0.16 USD Hold'em No Limit - Level I (10/20) - 2024/07/07 14:44:56 CET [2024/07/07 8:44:56 ET]
Table '3775215842 1' 3-max Seat #3 is the button
Seat 1: Mahu2021 (438 in chips) 
Seat 3: impulsivo (1062 in chips) 
impulsivo: posts small blind 10
Mahu2021: posts big blind 20
*** HOLE CARDS ***
Dealt to Mahu2021 [Ac Js]
impulsivo: folds 
Uncalled bet (10) returned to Mahu2021
Mahu2021 collected 20 from pot
Mahu2021: doesn't show hand 
*** SUMMARY ***
Total pot 20 | Rake 0 
Seat 1: Mahu2021 (big blind) collected (20)
Seat 3: impulsivo (button) (small blind) folded before Flop



PokerStars Hand #251372561480: Tournament #3775215842, $1.84+$0.16 USD Hold'em No Limit - Level I (10/20) - 2024/07/07 14:45:01 CET [2024/07/07 8:45:01 ET]
Table '3775215842 1' 3-max Seat #1 is the button
Seat 1: Mahu2021 (448 in chips) 
Seat 3: impulsivo (1052 in chips) 
Mahu2021: posts small blind 10
impulsivo: posts big blind 20
*** HOLE CARDS ***
Dealt to Mahu2021 [8d Jc]
Mahu2021: raises 20 to 40
impulsivo: calls 20
*** FLOP *** [3c Kc 3d]
impulsivo: checks 
Mahu2021: bets 40
impulsivo: folds 
Uncalled bet (40) returned to Mahu2021
Mahu2021 collected 80 from pot
Mahu2021: doesn't show hand 
*** SUMMARY ***
Total pot 80 | Rake 0 
Board [3c Kc 3d]
Seat 1: Mahu2021 (button) (small blind) collected (80)
Seat 3: impulsivo (big blind) folded on the Flop



PokerStars Hand #251372564362: Tournament #3775215842, $1.84+$0.16 USD Hold'em No Limit - Level I (10/20) - 2024/07/07 14:45:16 CET [2024/07/07 8:45:16 ET]
Table '3775215842 1' 3-max Seat #3 is the button
Seat 1: Mahu2021 (488 in chips) 
Seat 3: impulsivo (1012 in chips) 
impulsivo: posts small blind 10
Mahu2021: posts big blind 20
*** HOLE CARDS ***
Dealt to Mahu2021 [9d Kc]
impulsivo: raises 22 to 42
Mahu2021: calls 22
*** FLOP *** [6d 8c Ks]
Mahu2021: checks 
impulsivo: bets 45
Mahu2021: calls 45
*** TURN *** [6d 8c Ks] [7h]
Mahu2021: checks 
impulsivo: bets 92
Mahu2021: calls 92
*** RIVER *** [6d 8c Ks 7h] [2h]
Mahu2021: checks 
impulsivo: bets 448
Mahu2021: calls 309 and is all-in
Uncalled bet (139) returned to impulsivo
*** SHOW DOWN ***
impulsivo: shows [Jc 2d] (a pair of Deuces)
Mahu2021: shows [9d Kc] (a pair of Kings)
Mahu2021 collected 976 from pot
*** SUMMARY ***
Total pot 976 | Rake 0 
Board [6d 8c Ks 7h 2h]
Seat 1: Mahu2021 (big blind) showed [9d Kc] and won (976) with a pair of Kings
Seat 3: impulsivo (button) (small blind) showed [Jc 2d] and lost with a pair of Deuces



PokerStars Hand #251372570210: Tournament #3775215842, $1.84+$0.16 USD Hold'em No Limit - Level II (15/30) - 2024/07/07 14:45:47 CET [2024/07/07 8:45:47 ET]
Table '3775215842 1' 3-max Seat #1 is the button
Seat 1: Mahu2021 (976 in chips) 
Seat 3: impulsivo (524 in chips) 
Mahu2021: posts small blind 15
impulsivo: posts big blind 30
*** HOLE CARDS ***
Dealt to Mahu2021 [9d 9c]
Mahu2021: raises 30 to 60
impulsivo: calls 30
*** FLOP *** [5c 7c 3d]
impulsivo: checks 
Mahu2021: bets 916 and is all-in
impulsivo: folds 
Uncalled bet (916) returned to Mahu2021
Mahu2021 collected 120 from pot
Mahu2021: doesn't show hand 
*** SUMMARY ***
Total pot 120 | Rake 0 
Board [5c 7c 3d]
Seat 1: Mahu2021 (button) (small blind) collected (120)
Seat 3: impulsivo (big blind) folded on the Flop



PokerStars Hand #251372572891: Tournament #3775215842, $1.84+$0.16 USD Hold'em No Limit - Level II (15/30) - 2024/07/07 14:46:02 CET [2024/07/07 8:46:02 ET]
Table '3775215842 1' 3-max Seat #3 is the button
Seat 1: Mahu2021 (1036 in chips) 
Seat 3: impulsivo (464 in chips) 
impulsivo: posts small blind 15
Mahu2021: posts big blind 30
*** HOLE CARDS ***
Dealt to Mahu2021 [8d 7s]
impulsivo: raises 434 to 464 and is all-in
Mahu2021: folds 
Uncalled bet (434) returned to impulsivo
impulsivo collected 60 from pot
impulsivo: doesn't show hand 
*** SUMMARY ***
Total pot 60 | Rake 0 
Seat 1: Mahu2021 (big blind) folded before Flop
Seat 3: impulsivo (button) (small blind) collected (60)



PokerStars Hand #251372574367: Tournament #3775215842, $1.84+$0.16 USD Hold'em No Limit - Level II (15/30) - 2024/07/07 14:46:09 CET [2024/07/07 8:46:09 ET]
Table '3775215842 1' 3-max Seat #1 is the button
Seat 1: Mahu2021 (1006 in chips) 
Seat 3: impulsivo (494 in chips) 
Mahu2021: posts small blind 15
impulsivo: posts big blind 30
*** HOLE CARDS ***
Dealt to Mahu2021 [2h 6c]
Mahu2021: folds 
Uncalled bet (15) returned to impulsivo
impulsivo collected 30 from pot
impulsivo: doesn't show hand 
*** SUMMARY ***
Total pot 30 | Rake 0 
Seat 1: Mahu2021 (button) (small blind) folded before Flop
Seat 3: impulsivo (big blind) collected (30)



PokerStars Hand #251372575109: Tournament #3775215842, $1.84+$0.16 USD Hold'em No Limit - Level II (15/30) - 2024/07/07 14:46:13 CET [2024/07/07 8:46:13 ET]
Table '3775215842 1' 3-max Seat #3 is the button
Seat 1: Mahu2021 (991 in chips) 
Seat 3: impulsivo (509 in chips) 
impulsivo: posts small blind 15
Mahu2021: posts big blind 30
*** HOLE CARDS ***
Dealt to Mahu2021 [3d 6s]
impulsivo: raises 30 to 60
Mahu2021: calls 30
*** FLOP *** [5h 2h 3h]
Mahu2021: checks 
impulsivo: bets 95
Mahu2021: calls 95
*** TURN *** [5h 2h 3h] [6c]
Mahu2021: bets 836 and is all-in
impulsivo: folds 
Uncalled bet (836) returned to Mahu2021
Mahu2021 collected 310 from pot
Mahu2021: doesn't show hand 
*** SUMMARY ***
Total pot 310 | Rake 0 
Board [5h 2h 3h 6c]
Seat 1: Mahu2021 (big blind) collected (310)
Seat 3: impulsivo (button) (small blind) folded on the Turn



PokerStars Hand #251372578393: Tournament #3775215842, $1.84+$0.16 USD Hold'em No Limit - Level II (15/30) - 2024/07/07 14:46:30 CET [2024/07/07 8:46:30 ET]
Table '3775215842 1' 3-max Seat #1 is the button
Seat 1: Mahu2021 (1146 in chips) 
Seat 3: impulsivo (354 in chips) 
Mahu2021: posts small blind 15
impulsivo: posts big blind 30
*** HOLE CARDS ***
Dealt to Mahu2021 [Ac 7d]
Mahu2021: raises 1116 to 1146 and is all-in
impulsivo: calls 324 and is all-in
Uncalled bet (792) returned to Mahu2021
*** FLOP *** [6d 4h 6h]
*** TURN *** [6d 4h 6h] [4s]
*** RIVER *** [6d 4h 6h 4s] [8d]
*** SHOW DOWN ***
impulsivo: shows [Qh Qd] (two pair, Queens and Sixes)
Mahu2021: shows [Ac 7d] (two pair, Sixes and Fours)
impulsivo collected 708 from pot
*** SUMMARY ***
Total pot 708 | Rake 0 
Board [6d 4h 6h 4s 8d]
Seat 1: Mahu2021 (button) (small blind) showed [Ac 7d] and lost with two pair, Sixes and Fours
Seat 3: impulsivo (big blind) showed [Qh Qd] and won (708) with two pair, Queens and Sixes



PokerStars Hand #251372580870: Tournament #3775215842, $1.84+$0.16 USD Hold'em No Limit - Level II (15/30) - 2024/07/07 14:46:44 CET [2024/07/07 8:46:44 ET]
Table '3775215842 1' 3-max Seat #3 is the button
Seat 1: Mahu2021 (792 in chips) 
Seat 3: impulsivo (708 in chips) 
impulsivo: posts small blind 15
Mahu2021: posts big blind 30
*** HOLE CARDS ***
Dealt to Mahu2021 [7s 3d]
impulsivo: raises 30 to 60
Mahu2021: folds 
Uncalled bet (30) returned to impulsivo
impulsivo collected 60 from pot
impulsivo: doesn't show hand 
*** SUMMARY ***
Total pot 60 | Rake 0 
Seat 1: Mahu2021 (big blind) folded before Flop
Seat 3: impulsivo (button) (small blind) collected (60)



PokerStars Hand #251372581802: Tournament #3775215842, $1.84+$0.16 USD Hold'em No Limit - Level II (15/30) - 2024/07/07 14:46:49 CET [2024/07/07 8:46:49 ET]
Table '3775215842 1' 3-max Seat #1 is the button
Seat 1: Mahu2021 (762 in chips) 
Seat 3: impulsivo (738 in chips) 
Mahu2021: posts small blind 15
impulsivo: posts big blind 30
*** HOLE CARDS ***
Dealt to Mahu2021 [Qs 8h]
Mahu2021: calls 15
impulsivo: raises 708 to 738 and is all-in
Mahu2021: folds 
Uncalled bet (708) returned to impulsivo
impulsivo collected 60 from pot
impulsivo: doesn't show hand 
*** SUMMARY ***
Total pot 60 | Rake 0 
Seat 1: Mahu2021 (button) (small blind) folded before Flop
Seat 3: impulsivo (big blind) collected (60)



PokerStars Hand #251372583199: Tournament #3775215842, $1.84+$0.16 USD Hold'em No Limit - Level II (15/30) - 2024/07/07 14:46:56 CET [2024/07/07 8:46:56 ET]
Table '3775215842 1' 3-max Seat #3 is the button
Seat 1: Mahu2021 (732 in chips) 
Seat 3: impulsivo (768 in chips) 
impulsivo: posts small blind 15
Mahu2021: posts big blind 30
*** HOLE CARDS ***
Dealt to Mahu2021 [Qc 3h]
impulsivo: raises 30 to 60
Mahu2021: calls 30
*** FLOP *** [Ks 4c Jd]
Mahu2021: checks 
impulsivo: bets 64
Mahu2021: folds 
Uncalled bet (64) returned to impulsivo
impulsivo collected 120 from pot
impulsivo: doesn't show hand 
*** SUMMARY ***
Total pot 120 | Rake 0 
Board [Ks 4c Jd]
Seat 1: Mahu2021 (big blind) folded on the Flop
Seat 3: impulsivo (button) (small blind) collected (120)



PokerStars Hand #251372585662: Tournament #3775215842, $1.84+$0.16 USD Hold'em No Limit - Level II (15/30) - 2024/07/07 14:47:09 CET [2024/07/07 8:47:09 ET]
Table '3775215842 1' 3-max Seat #1 is the button
Seat 1: Mahu2021 (672 in chips) 
Seat 3: impulsivo (828 in chips) 
Mahu2021: posts small blind 15
impulsivo: posts big blind 30
*** HOLE CARDS ***
Dealt to Mahu2021 [Qd 2d]
Mahu2021: raises 30 to 60
impulsivo: folds 
Uncalled bet (30) returned to Mahu2021
Mahu2021 collected 60 from pot
Mahu2021: doesn't show hand 
*** SUMMARY ***
Total pot 60 | Rake 0 
Seat 1: Mahu2021 (button) (small blind) collected (60)
Seat 3: impulsivo (big blind) folded before Flop



PokerStars Hand #251372586914: Tournament #3775215842, $1.84+$0.16 USD Hold'em No Limit - Level II (15/30) - 2024/07/07 14:47:16 CET [2024/07/07 8:47:16 ET]
Table '3775215842 1' 3-max Seat #3 is the button
Seat 1: Mahu2021 (702 in chips) 
Seat 3: impulsivo (798 in chips) 
impulsivo: posts small blind 15
Mahu2021: posts big blind 30
*** HOLE CARDS ***
Dealt to Mahu2021 [3c Jh]
impulsivo: folds 
Uncalled bet (15) returned to Mahu2021
Mahu2021 collected 30 from pot
Mahu2021: doesn't show hand 
*** SUMMARY ***
Total pot 30 | Rake 0 
Seat 1: Mahu2021 (big blind) collected (30)
Seat 3: impulsivo (button) (small blind) folded before Flop



PokerStars Hand #251372588407: Tournament #3775215842, $1.84+$0.16 USD Hold'em No Limit - Level III (20/40) - 2024/07/07 14:47:24 CET [2024/07/07 8:47:24 ET]
Table '3775215842 1' 3-max Seat #1 is the button
Seat 1: Mahu2021 (717 in chips) 
Seat 3: impulsivo (783 in chips) 
Mahu2021: posts small blind 20
impulsivo: posts big blind 40
*** HOLE CARDS ***
Dealt to Mahu2021 [Jh Qs]
Mahu2021: raises 40 to 80
impulsivo: raises 703 to 783 and is all-in
Mahu2021: folds 
Uncalled bet (703) returned to impulsivo
impulsivo collected 160 from pot
impulsivo: doesn't show hand 
*** SUMMARY ***
Total pot 160 | Rake 0 
Seat 1: Mahu2021 (button) (small blind) folded before Flop
Seat 3: impulsivo (big blind) collected (160)



PokerStars Hand #251372590364: Tournament #3775215842, $1.84+$0.16 USD Hold'em No Limit - Level III (20/40) - 2024/07/07 14:47:34 CET [2024/07/07 8:47:34 ET]
Table '3775215842 1' 3-max Seat #3 is the button
Seat 1: Mahu2021 (637 in chips) 
Seat 3: impulsivo (863 in chips) 
impulsivo: posts small blind 20
Mahu2021: posts big blind 40
*** HOLE CARDS ***
Dealt to Mahu2021 [5s 5c]
impulsivo: calls 20
Mahu2021: raises 597 to 637 and is all-in
impulsivo: folds 
Uncalled bet (597) returned to Mahu2021
Mahu2021 collected 80 from pot
Mahu2021: doesn't show hand 
*** SUMMARY ***
Total pot 80 | Rake 0 
Seat 1: Mahu2021 (big blind) collected (80)
Seat 3: impulsivo (button) (small blind) folded before Flop



PokerStars Hand #251372591885: Tournament #3775215842, $1.84+$0.16 USD Hold'em No Limit - Level III (20/40) - 2024/07/07 14:47:43 CET [2024/07/07 8:47:43 ET]
Table '3775215842 1' 3-max Seat #1 is the button
Seat 1: Mahu2021 (677 in chips) 
Seat 3: impulsivo (823 in chips) 
Mahu2021: posts small blind 20
impulsivo: posts big blind 40
*** HOLE CARDS ***
Dealt to Mahu2021 [3d 5s]
Mahu2021: folds 
Uncalled bet (20) returned to impulsivo
impulsivo collected 40 from pot
impulsivo: doesn't show hand 
*** SUMMARY ***
Total pot 40 | Rake 0 
Seat 1: Mahu2021 (button) (small blind) folded before Flop
Seat 3: impulsivo (big blind) collected (40)



PokerStars Hand #251372592605: Tournament #3775215842, $1.84+$0.16 USD Hold'em No Limit - Level III (20/40) - 2024/07/07 14:47:46 CET [2024/07/07 8:47:46 ET]
Table '3775215842 1' 3-max Seat #3 is the button
Seat 1: Mahu2021 (657 in chips) 
Seat 3: impulsivo (843 in chips) 
impulsivo: posts small blind 20
Mahu2021: posts big blind 40
*** HOLE CARDS ***
Dealt to Mahu2021 [5s 2s]
impulsivo: folds 
Uncalled bet (20) returned to Mahu2021
Mahu2021 collected 40 from pot
Mahu2021: doesn't show hand 
*** SUMMARY ***
Total pot 40 | Rake 0 
Seat 1: Mahu2021 (big blind) collected (40)
Seat 3: impulsivo (button) (small blind) folded before Flop



PokerStars Hand #251372593558: Tournament #3775215842, $1.84+$0.16 USD Hold'em No Limit - Level III (20/40) - 2024/07/07 14:47:52 CET [2024/07/07 8:47:52 ET]
Table '3775215842 1' 3-max Seat #1 is the button
Seat 1: Mahu2021 (677 in chips) 
Seat 3: impulsivo (823 in chips) 
Mahu2021: posts small blind 20
impulsivo: posts big blind 40
*** HOLE CARDS ***
Dealt to Mahu2021 [Ts 3d]
Mahu2021: folds 
Uncalled bet (20) returned to impulsivo
impulsivo collected 40 from pot
impulsivo: doesn't show hand 
*** SUMMARY ***
Total pot 40 | Rake 0 
Seat 1: Mahu2021 (button) (small blind) folded before Flop
Seat 3: impulsivo (big blind) collected (40)



PokerStars Hand #251372594317: Tournament #3775215842, $1.84+$0.16 USD Hold'em No Limit - Level III (20/40) - 2024/07/07 14:47:56 CET [2024/07/07 8:47:56 ET]
Table '3775215842 1' 3-max Seat #3 is the button
Seat 1: Mahu2021 (657 in chips) 
Seat 3: impulsivo (843 in chips) 
impulsivo: posts small blind 20
Mahu2021: posts big blind 40
*** HOLE CARDS ***
Dealt to Mahu2021 [Jd 9d]
impulsivo: folds 
Uncalled bet (20) returned to Mahu2021
Mahu2021 collected 40 from pot
Mahu2021: doesn't show hand 
*** SUMMARY ***
Total pot 40 | Rake 0 
Seat 1: Mahu2021 (big blind) collected (40)
Seat 3: impulsivo (button) (small blind) folded before Flop



PokerStars Hand #251372595364: Tournament #3775215842, $1.84+$0.16 USD Hold'em No Limit - Level III (20/40) - 2024/07/07 14:48:01 CET [2024/07/07 8:48:01 ET]
Table '3775215842 1' 3-max Seat #1 is the button
Seat 1: Mahu2021 (677 in chips) 
Seat 3: impulsivo (823 in chips) 
Mahu2021: posts small blind 20
impulsivo: posts big blind 40
*** HOLE CARDS ***
Dealt to Mahu2021 [9c 2d]
Mahu2021: folds 
Uncalled bet (20) returned to impulsivo
impulsivo collected 40 from pot
impulsivo: doesn't show hand 
*** SUMMARY ***
Total pot 40 | Rake 0 
Seat 1: Mahu2021 (button) (small blind) folded before Flop
Seat 3: impulsivo (big blind) collected (40)



PokerStars Hand #251372596093: Tournament #3775215842, $1.84+$0.16 USD Hold'em No Limit - Level III (20/40) - 2024/07/07 14:48:05 CET [2024/07/07 8:48:05 ET]
Table '3775215842 1' 3-max Seat #3 is the button
Seat 1: Mahu2021 (657 in chips) 
Seat 3: impulsivo (843 in chips) 
impulsivo: posts small blind 20
Mahu2021: posts big blind 40
*** HOLE CARDS ***
Dealt to Mahu2021 [Jd Qd]
impulsivo: raises 803 to 843 and is all-in
Mahu2021: calls 617 and is all-in
Uncalled bet (186) returned to impulsivo
*** FLOP *** [8s Ad 2s]
*** TURN *** [8s Ad 2s] [2d]
*** RIVER *** [8s Ad 2s 2d] [3s]
*** SHOW DOWN ***
Mahu2021: shows [Jd Qd] (a pair of Deuces)
impulsivo: shows [5c Ah] (two pair, Aces and Deuces)
impulsivo collected 1314 from pot
Mahu2021 finished the tournament in 2nd place
impulsivo wins the tournament and receives $4.00 - congratulations!
*** SUMMARY ***
Total pot 1314 | Rake 0 
Board [8s Ad 2s 2d 3s]
Seat 1: Mahu2021 (big blind) showed [Jd Qd] and lost with a pair of Deuces
Seat 3: impulsivo (button) (small blind) showed [5c Ah] and won (1314) with two pair, Aces and Deuces



