PokerStars Hand #252587444491: Tournament #3804129837, $1.84+$0.16 USD Hold'em No Limit - Level I (10/20) - 2024/09/23 11:52:53 CET [2024/09/23 5:52:53 ET]
Table '3804129837 1' 3-max Seat #1 is the button
Seat 1: 3Osomething (500 in chips) 
Seat 2: Mahu2021 (500 in chips) 
Seat 3: fudêncio308 (500 in chips) 
Mahu2021: posts small blind 10
fudêncio308: posts big blind 20
*** HOLE CARDS ***
Dealt to Mahu2021 [2c 4d]
3Osomething: raises 24 to 44
Mahu2021: folds 
fudêncio308: calls 24
*** FLOP *** [4s Ad 2h]
fudêncio308: checks 
3Osomething: bets 49
fudêncio308: calls 49
*** TURN *** [4s Ad 2h] [5s]
fudêncio308: bets 407 and is all-in
3Osomething: calls 407 and is all-in
*** RIVER *** [4s Ad 2h 5s] [Qh]
*** SHOW DOWN ***
fudêncio308: shows [4c 5d] (two pair, Fives and Fours)
3Osomething: shows [Ac Ks] (a pair of Aces)
fudêncio308 collected 1010 from pot
3Osomething finished the tournament in 3rd place
*** SUMMARY ***
Total pot 1010 | Rake 0 
Board [4s Ad 2h 5s Qh]
Seat 1: 3Osomething (button) showed [Ac Ks] and lost with a pair of Aces
Seat 2: Mahu2021 (small blind) folded before Flop
Seat 3: fudêncio308 (big blind) showed [4c 5d] and won (1010) with two pair, Fives and Fours



PokerStars Hand #252587447409: Tournament #3804129837, $1.84+$0.16 USD Hold'em No Limit - Level I (10/20) - 2024/09/23 11:53:20 CET [2024/09/23 5:53:20 ET]
Table '3804129837 1' 3-max Seat #3 is the button
Seat 2: Mahu2021 (490 in chips) 
Seat 3: fudêncio308 (1010 in chips) 
fudêncio308: posts small blind 10
Mahu2021: posts big blind 20
*** HOLE CARDS ***
Dealt to Mahu2021 [5s Kc]
fudêncio308: calls 10
Mahu2021: checks 
*** FLOP *** [9d Td 2d]
Mahu2021: checks 
fudêncio308: bets 40
Mahu2021: folds 
Uncalled bet (40) returned to fudêncio308
fudêncio308 collected 40 from pot
*** SUMMARY ***
Total pot 40 | Rake 0 
Board [9d Td 2d]
Seat 2: Mahu2021 (big blind) folded on the Flop
Seat 3: fudêncio308 (button) (small blind) collected (40)



PokerStars Hand #252587452141: Tournament #3804129837, $1.84+$0.16 USD Hold'em No Limit - Level I (10/20) - 2024/09/23 11:54:03 CET [2024/09/23 5:54:03 ET]
Table '3804129837 1' 3-max Seat #2 is the button
Seat 2: Mahu2021 (470 in chips) 
Seat 3: fudêncio308 (1030 in chips) 
Mahu2021: posts small blind 10
fudêncio308: posts big blind 20
*** HOLE CARDS ***
Dealt to Mahu2021 [Jd 7d]
Mahu2021: raises 20 to 40
fudêncio308: folds 
Uncalled bet (20) returned to Mahu2021
Mahu2021 collected 40 from pot
Mahu2021: doesn't show hand 
*** SUMMARY ***
Total pot 40 | Rake 0 
Seat 2: Mahu2021 (button) (small blind) collected (40)
Seat 3: fudêncio308 (big blind) folded before Flop



PokerStars Hand #252587453972: Tournament #3804129837, $1.84+$0.16 USD Hold'em No Limit - Level I (10/20) - 2024/09/23 11:54:19 CET [2024/09/23 5:54:19 ET]
Table '3804129837 1' 3-max Seat #3 is the button
Seat 2: Mahu2021 (490 in chips) 
Seat 3: fudêncio308 (1010 in chips) 
fudêncio308: posts small blind 10
Mahu2021: posts big blind 20
*** HOLE CARDS ***
Dealt to Mahu2021 [9c 4d]
fudêncio308: calls 10
Mahu2021: checks 
*** FLOP *** [2c Tc 5h]
Mahu2021: checks 
fudêncio308 has timed out
fudêncio308: checks 
*** TURN *** [2c Tc 5h] [2d]
Mahu2021: checks 
fudêncio308: bets 40
Mahu2021: folds 
Uncalled bet (40) returned to fudêncio308
fudêncio308 collected 40 from pot
*** SUMMARY ***
Total pot 40 | Rake 0 
Board [2c Tc 5h 2d]
Seat 2: Mahu2021 (big blind) folded on the Turn
Seat 3: fudêncio308 (button) (small blind) collected (40)



PokerStars Hand #252587459414: Tournament #3804129837, $1.84+$0.16 USD Hold'em No Limit - Level II (15/30) - 2024/09/23 11:55:09 CET [2024/09/23 5:55:09 ET]
Table '3804129837 1' 3-max Seat #2 is the button
Seat 2: Mahu2021 (470 in chips) 
Seat 3: fudêncio308 (1030 in chips) 
Mahu2021: posts small blind 15
fudêncio308: posts big blind 30
*** HOLE CARDS ***
Dealt to Mahu2021 [Qc 8s]
Mahu2021: raises 30 to 60
fudêncio308: raises 970 to 1030 and is all-in
Mahu2021: folds 
Uncalled bet (970) returned to fudêncio308
fudêncio308 collected 120 from pot
*** SUMMARY ***
Total pot 120 | Rake 0 
Seat 2: Mahu2021 (button) (small blind) folded before Flop
Seat 3: fudêncio308 (big blind) collected (120)



PokerStars Hand #252587461498: Tournament #3804129837, $1.84+$0.16 USD Hold'em No Limit - Level II (15/30) - 2024/09/23 11:55:30 CET [2024/09/23 5:55:30 ET]
Table '3804129837 1' 3-max Seat #3 is the button
Seat 2: Mahu2021 (410 in chips) 
Seat 3: fudêncio308 (1090 in chips) 
fudêncio308: posts small blind 15
Mahu2021: posts big blind 30
*** HOLE CARDS ***
Dealt to Mahu2021 [Ah 9s]
fudêncio308: calls 15
Mahu2021: raises 380 to 410 and is all-in
fudêncio308: folds 
Uncalled bet (380) returned to Mahu2021
Mahu2021 collected 60 from pot
Mahu2021: doesn't show hand 
*** SUMMARY ***
Total pot 60 | Rake 0 
Seat 2: Mahu2021 (big blind) collected (60)
Seat 3: fudêncio308 (button) (small blind) folded before Flop



PokerStars Hand #252587464170: Tournament #3804129837, $1.84+$0.16 USD Hold'em No Limit - Level II (15/30) - 2024/09/23 11:55:58 CET [2024/09/23 5:55:58 ET]
Table '3804129837 1' 3-max Seat #2 is the button
Seat 2: Mahu2021 (440 in chips) 
Seat 3: fudêncio308 (1060 in chips) 
Mahu2021: posts small blind 15
fudêncio308: posts big blind 30
*** HOLE CARDS ***
Dealt to Mahu2021 [9s Ah]
Mahu2021: raises 410 to 440 and is all-in
fudêncio308: folds 
Uncalled bet (410) returned to Mahu2021
Mahu2021 collected 60 from pot
Mahu2021: doesn't show hand 
*** SUMMARY ***
Total pot 60 | Rake 0 
Seat 2: Mahu2021 (button) (small blind) collected (60)
Seat 3: fudêncio308 (big blind) folded before Flop



PokerStars Hand #252587464868: Tournament #3804129837, $1.84+$0.16 USD Hold'em No Limit - Level II (15/30) - 2024/09/23 11:56:05 CET [2024/09/23 5:56:05 ET]
Table '3804129837 1' 3-max Seat #3 is the button
Seat 2: Mahu2021 (470 in chips) 
Seat 3: fudêncio308 (1030 in chips) 
fudêncio308: posts small blind 15
Mahu2021: posts big blind 30
*** HOLE CARDS ***
Dealt to Mahu2021 [Th Js]
fudêncio308: folds 
Uncalled bet (15) returned to Mahu2021
Mahu2021 collected 30 from pot
Mahu2021: doesn't show hand 
*** SUMMARY ***
Total pot 30 | Rake 0 
Seat 2: Mahu2021 (big blind) collected (30)
Seat 3: fudêncio308 (button) (small blind) folded before Flop



PokerStars Hand #252587465443: Tournament #3804129837, $1.84+$0.16 USD Hold'em No Limit - Level II (15/30) - 2024/09/23 11:56:11 CET [2024/09/23 5:56:11 ET]
Table '3804129837 1' 3-max Seat #2 is the button
Seat 2: Mahu2021 (485 in chips) 
Seat 3: fudêncio308 (1015 in chips) 
Mahu2021: posts small blind 15
fudêncio308: posts big blind 30
*** HOLE CARDS ***
Dealt to Mahu2021 [Kh 8d]
Mahu2021: raises 30 to 60
fudêncio308: raises 955 to 1015 and is all-in
Mahu2021: folds 
Uncalled bet (955) returned to fudêncio308
fudêncio308 collected 120 from pot
*** SUMMARY ***
Total pot 120 | Rake 0 
Seat 2: Mahu2021 (button) (small blind) folded before Flop
Seat 3: fudêncio308 (big blind) collected (120)



PokerStars Hand #252587466224: Tournament #3804129837, $1.84+$0.16 USD Hold'em No Limit - Level II (15/30) - 2024/09/23 11:56:20 CET [2024/09/23 5:56:20 ET]
Table '3804129837 1' 3-max Seat #3 is the button
Seat 2: Mahu2021 (425 in chips) 
Seat 3: fudêncio308 (1075 in chips) 
fudêncio308: posts small blind 15
Mahu2021: posts big blind 30
*** HOLE CARDS ***
Dealt to Mahu2021 [Kc Ad]
fudêncio308: raises 1045 to 1075 and is all-in
Mahu2021: calls 395 and is all-in
Uncalled bet (650) returned to fudêncio308
*** FLOP *** [Ks Td 9c]
*** TURN *** [Ks Td 9c] [Qh]
*** RIVER *** [Ks Td 9c Qh] [Qs]
*** SHOW DOWN ***
Mahu2021: shows [Kc Ad] (two pair, Kings and Queens)
fudêncio308: shows [Js 8s] (a straight, Nine to King)
fudêncio308 collected 850 from pot
Mahu2021 finished the tournament in 2nd place
fudêncio308 wins the tournament and receives $4.00 - congratulations!
*** SUMMARY ***
Total pot 850 | Rake 0 
Board [Ks Td 9c Qh Qs]
Seat 2: Mahu2021 (big blind) showed [Kc Ad] and lost with two pair, Kings and Queens
Seat 3: fudêncio308 (button) (small blind) showed [Js 8s] and won (850) with a straight, Nine to King



