PokerStars Hand #252556858891: Tournament #3803505546, $1.84+$0.16 USD Hold'em No Limit - Level I (10/20) - 2024/09/21 16:55:52 CET [2024/09/21 10:55:52 ET]
Table '3803505546 1' 3-max Seat #1 is the button
Seat 1: andradejr506 (500 in chips) 
Seat 2: Iceblocker11 (500 in chips) 
Seat 3: Mahu2021 (500 in chips) 
Iceblocker11: posts small blind 10
Mahu2021: posts big blind 20
*** HOLE CARDS ***
Dealt to Mahu2021 [8c As]
andradejr506: calls 20
Iceblocker11: calls 10
Mahu2021: checks 
*** FLOP *** [8h 6c 9d]
Iceblocker11: checks 
Mahu2021: bets 20
andradejr506: calls 20
Iceblocker11: folds 
*** TURN *** [8h 6c 9d] [Kh]
Mahu2021: checks 
andradejr506: checks 
*** RIVER *** [8h 6c 9d Kh] [Td]
Mahu2021: checks 
andradejr506: checks 
*** SHOW DOWN ***
Mahu2021: shows [8c As] (a pair of Eights)
andradejr506: shows [Ts 7s] (a straight, Six to Ten)
andradejr506 collected 100 from pot
*** SUMMARY ***
Total pot 100 | Rake 0 
Board [8h 6c 9d Kh Td]
Seat 1: andradejr506 (button) showed [Ts 7s] and won (100) with a straight, Six to Ten
Seat 2: Iceblocker11 (small blind) folded on the Flop
Seat 3: Mahu2021 (big blind) showed [8c As] and lost with a pair of Eights



PokerStars Hand #252556863105: Tournament #3803505546, $1.84+$0.16 USD Hold'em No Limit - Level I (10/20) - 2024/09/21 16:56:18 CET [2024/09/21 10:56:18 ET]
Table '3803505546 1' 3-max Seat #2 is the button
Seat 1: andradejr506 (560 in chips) 
Seat 2: Iceblocker11 (480 in chips) 
Seat 3: Mahu2021 (460 in chips) 
Mahu2021: posts small blind 10
andradejr506: posts big blind 20
*** HOLE CARDS ***
Dealt to Mahu2021 [5s 7s]
Iceblocker11: folds 
Mahu2021: calls 10
andradejr506: checks 
*** FLOP *** [9h 9d Js]
Mahu2021: checks 
andradejr506: checks 
*** TURN *** [9h 9d Js] [Ad]
Mahu2021: checks 
andradejr506: checks 
*** RIVER *** [9h 9d Js Ad] [9s]
Mahu2021: checks 
andradejr506: checks 
*** SHOW DOWN ***
Mahu2021: shows [5s 7s] (three of a kind, Nines)
andradejr506: shows [8s 4c] (three of a kind, Nines)
Mahu2021 collected 20 from pot
andradejr506 collected 20 from pot
*** SUMMARY ***
Total pot 40 | Rake 0 
Board [9h 9d Js Ad 9s]
Seat 1: andradejr506 (big blind) showed [8s 4c] and won (20) with three of a kind, Nines
Seat 2: Iceblocker11 (button) folded before Flop (didn't bet)
Seat 3: Mahu2021 (small blind) showed [5s 7s] and won (20) with three of a kind, Nines



PokerStars Hand #252556868636: Tournament #3803505546, $1.84+$0.16 USD Hold'em No Limit - Level I (10/20) - 2024/09/21 16:56:53 CET [2024/09/21 10:56:53 ET]
Table '3803505546 1' 3-max Seat #3 is the button
Seat 1: andradejr506 (560 in chips) 
Seat 2: Iceblocker11 (480 in chips) 
Seat 3: Mahu2021 (460 in chips) 
andradejr506: posts small blind 10
Iceblocker11: posts big blind 20
*** HOLE CARDS ***
Dealt to Mahu2021 [Ac Jh]
Mahu2021: raises 20 to 40
andradejr506: folds 
Iceblocker11: calls 20
*** FLOP *** [6h 8s Td]
Iceblocker11: checks 
Mahu2021: checks 
*** TURN *** [6h 8s Td] [7c]
Iceblocker11: bets 23
Mahu2021: calls 23
*** RIVER *** [6h 8s Td 7c] [Ad]
Iceblocker11: bets 122
Mahu2021: calls 122
*** SHOW DOWN ***
Iceblocker11: shows [6c 4h] (a pair of Sixes)
Mahu2021: shows [Ac Jh] (a pair of Aces)
Mahu2021 collected 380 from pot
*** SUMMARY ***
Total pot 380 | Rake 0 
Board [6h 8s Td 7c Ad]
Seat 1: andradejr506 (small blind) folded before Flop
Seat 2: Iceblocker11 (big blind) showed [6c 4h] and lost with a pair of Sixes
Seat 3: Mahu2021 (button) showed [Ac Jh] and won (380) with a pair of Aces



PokerStars Hand #252556874279: Tournament #3803505546, $1.84+$0.16 USD Hold'em No Limit - Level I (10/20) - 2024/09/21 16:57:28 CET [2024/09/21 10:57:28 ET]
Table '3803505546 1' 3-max Seat #1 is the button
Seat 1: andradejr506 (550 in chips) 
Seat 2: Iceblocker11 (295 in chips) 
Seat 3: Mahu2021 (655 in chips) 
Iceblocker11: posts small blind 10
Mahu2021: posts big blind 20
*** HOLE CARDS ***
Dealt to Mahu2021 [Qs Jh]
andradejr506: calls 20
Iceblocker11: calls 10
Mahu2021: checks 
*** FLOP *** [9d 2s Ac]
Iceblocker11: checks 
Mahu2021: checks 
andradejr506: checks 
*** TURN *** [9d 2s Ac] [As]
Iceblocker11: checks 
Mahu2021: checks 
andradejr506: checks 
*** RIVER *** [9d 2s Ac As] [8s]
Iceblocker11: checks 
Mahu2021: checks 
andradejr506: checks 
*** SHOW DOWN ***
Iceblocker11: shows [Qc 6c] (a pair of Aces)
Mahu2021: shows [Qs Jh] (a pair of Aces - Queen+Jack kicker)
andradejr506: shows [Tc 8d] (two pair, Aces and Eights)
andradejr506 collected 60 from pot
*** SUMMARY ***
Total pot 60 | Rake 0 
Board [9d 2s Ac As 8s]
Seat 1: andradejr506 (button) showed [Tc 8d] and won (60) with two pair, Aces and Eights
Seat 2: Iceblocker11 (small blind) showed [Qc 6c] and lost with a pair of Aces
Seat 3: Mahu2021 (big blind) showed [Qs Jh] and lost with a pair of Aces



PokerStars Hand #252556878237: Tournament #3803505546, $1.84+$0.16 USD Hold'em No Limit - Level I (10/20) - 2024/09/21 16:57:53 CET [2024/09/21 10:57:53 ET]
Table '3803505546 1' 3-max Seat #2 is the button
Seat 1: andradejr506 (590 in chips) 
Seat 2: Iceblocker11 (275 in chips) 
Seat 3: Mahu2021 (635 in chips) 
Mahu2021: posts small blind 10
andradejr506: posts big blind 20
*** HOLE CARDS ***
Dealt to Mahu2021 [3d 2s]
Iceblocker11: raises 20 to 40
Mahu2021: folds 
andradejr506: calls 20
*** FLOP *** [Js 6c 8c]
andradejr506: checks 
Iceblocker11: bets 20
andradejr506: calls 20
*** TURN *** [Js 6c 8c] [Tc]
andradejr506: checks 
Iceblocker11: bets 43
andradejr506: calls 43
*** RIVER *** [Js 6c 8c Tc] [9s]
andradejr506: checks 
Iceblocker11: bets 162
andradejr506: calls 162
*** SHOW DOWN ***
Iceblocker11: shows [4h Ac] (high card Ace)
andradejr506: shows [Kc 9c] (a flush, King high)
andradejr506 collected 540 from pot
*** SUMMARY ***
Total pot 540 | Rake 0 
Board [Js 6c 8c Tc 9s]
Seat 1: andradejr506 (big blind) showed [Kc 9c] and won (540) with a flush, King high
Seat 2: Iceblocker11 (button) showed [4h Ac] and lost with high card Ace
Seat 3: Mahu2021 (small blind) folded before Flop



PokerStars Hand #252556883654: Tournament #3803505546, $1.84+$0.16 USD Hold'em No Limit - Level I (10/20) - 2024/09/21 16:58:27 CET [2024/09/21 10:58:27 ET]
Table '3803505546 1' 3-max Seat #3 is the button
Seat 1: andradejr506 (865 in chips) 
Seat 2: Iceblocker11 (10 in chips) 
Seat 3: Mahu2021 (625 in chips) 
andradejr506: posts small blind 10
Iceblocker11: posts big blind 10 and is all-in
*** HOLE CARDS ***
Dealt to Mahu2021 [2s Jc]
Mahu2021: calls 20
andradejr506: calls 10
*** FLOP *** [6s Kh Tc]
andradejr506: checks 
Mahu2021: checks 
*** TURN *** [6s Kh Tc] [6c]
andradejr506: checks 
Mahu2021: checks 
*** RIVER *** [6s Kh Tc 6c] [Ah]
andradejr506: checks 
Mahu2021: checks 
*** SHOW DOWN ***
andradejr506: shows [8c Kc] (two pair, Kings and Sixes)
Mahu2021: mucks hand 
andradejr506 collected 20 from side pot
Iceblocker11: mucks hand 
andradejr506 collected 30 from main pot
Iceblocker11 finished the tournament in 3rd place
*** SUMMARY ***
Total pot 50 Main pot 30. Side pot 20. | Rake 0 
Board [6s Kh Tc 6c Ah]
Seat 1: andradejr506 (small blind) showed [8c Kc] and won (50) with two pair, Kings and Sixes
Seat 2: Iceblocker11 (big blind) mucked [4h 5s]
Seat 3: Mahu2021 (button) mucked [2s Jc]



PokerStars Hand #252556886366: Tournament #3803505546, $1.84+$0.16 USD Hold'em No Limit - Level I (10/20) - 2024/09/21 16:58:43 CET [2024/09/21 10:58:43 ET]
Table '3803505546 1' 3-max Seat #1 is the button
Seat 1: andradejr506 (895 in chips) 
Seat 3: Mahu2021 (605 in chips) 
andradejr506: posts small blind 10
Mahu2021: posts big blind 20
*** HOLE CARDS ***
Dealt to Mahu2021 [Ad 6d]
andradejr506: raises 40 to 60
Mahu2021: calls 40
*** FLOP *** [3s Jc Qh]
Mahu2021: checks 
andradejr506: checks 
*** TURN *** [3s Jc Qh] [Tc]
Mahu2021: checks 
andradejr506: checks 
*** RIVER *** [3s Jc Qh Tc] [7s]
Mahu2021: checks 
andradejr506: checks 
*** SHOW DOWN ***
Mahu2021: shows [Ad 6d] (high card Ace)
andradejr506: shows [Kh Qc] (a pair of Queens)
andradejr506 collected 120 from pot
*** SUMMARY ***
Total pot 120 | Rake 0 
Board [3s Jc Qh Tc 7s]
Seat 1: andradejr506 (button) (small blind) showed [Kh Qc] and won (120) with a pair of Queens
Seat 3: Mahu2021 (big blind) showed [Ad 6d] and lost with high card Ace



PokerStars Hand #252556890164: Tournament #3803505546, $1.84+$0.16 USD Hold'em No Limit - Level II (15/30) - 2024/09/21 16:59:07 CET [2024/09/21 10:59:07 ET]
Table '3803505546 1' 3-max Seat #3 is the button
Seat 1: andradejr506 (955 in chips) 
Seat 3: Mahu2021 (545 in chips) 
Mahu2021: posts small blind 15
andradejr506: posts big blind 30
*** HOLE CARDS ***
Dealt to Mahu2021 [Ts 6d]
Mahu2021: calls 15
andradejr506: raises 30 to 60
Mahu2021: folds 
Uncalled bet (30) returned to andradejr506
andradejr506 collected 60 from pot
*** SUMMARY ***
Total pot 60 | Rake 0 
Seat 1: andradejr506 (big blind) collected (60)
Seat 3: Mahu2021 (button) (small blind) folded before Flop



PokerStars Hand #252556891891: Tournament #3803505546, $1.84+$0.16 USD Hold'em No Limit - Level II (15/30) - 2024/09/21 16:59:18 CET [2024/09/21 10:59:18 ET]
Table '3803505546 1' 3-max Seat #1 is the button
Seat 1: andradejr506 (985 in chips) 
Seat 3: Mahu2021 (515 in chips) 
andradejr506: posts small blind 15
Mahu2021: posts big blind 30
*** HOLE CARDS ***
Dealt to Mahu2021 [5d 8s]
andradejr506: calls 15
Mahu2021: checks 
*** FLOP *** [Jd 4s 9d]
Mahu2021: checks 
andradejr506: checks 
*** TURN *** [Jd 4s 9d] [5h]
Mahu2021: bets 30
andradejr506: calls 30
*** RIVER *** [Jd 4s 9d 5h] [5s]
Mahu2021: bets 120
andradejr506: raises 805 to 925 and is all-in
Mahu2021: calls 335 and is all-in
Uncalled bet (470) returned to andradejr506
*** SHOW DOWN ***
andradejr506: shows [5c Ah] (three of a kind, Fives)
Mahu2021: shows [5d 8s] (three of a kind, Fives - lower kicker)
andradejr506 collected 1030 from pot
Mahu2021 finished the tournament in 2nd place
andradejr506 wins the tournament and receives $6.00 - congratulations!
*** SUMMARY ***
Total pot 1030 | Rake 0 
Board [Jd 4s 9d 5h 5s]
Seat 1: andradejr506 (button) (small blind) showed [5c Ah] and won (1030) with three of a kind, Fives
Seat 3: Mahu2021 (big blind) showed [5d 8s] and lost with three of a kind, Fives



