PokerStars Hand #252672531516: Tournament #3806065178, $1.84+$0.16 USD Hold'em No Limit - Level I (10/20) - 2024/09/28 18:54:51 CET [2024/09/28 12:54:51 ET]
Table '3806065178 1' 3-max Seat #1 is the button
Seat 1: Swed58 (500 in chips) 
Seat 2: SirPauli555 (500 in chips) 
Seat 3: Mahu2021 (500 in chips) 
SirPauli555: posts small blind 10
Mahu2021: posts big blind 20
*** HOLE CARDS ***
Dealt to Mahu2021 [2d Ts]
Swed58: raises 20 to 40
SirPauli555: folds 
Mahu2021: folds 
Uncalled bet (20) returned to Swed58
Swed58 collected 50 from pot
Swed58: doesn't show hand 
*** SUMMARY ***
Total pot 50 | Rake 0 
Seat 1: Swed58 (button) collected (50)
Seat 2: SirPauli555 (small blind) folded before Flop
Seat 3: Mahu2021 (big blind) folded before Flop



PokerStars Hand #252672533735: Tournament #3806065178, $1.84+$0.16 USD Hold'em No Limit - Level I (10/20) - 2024/09/28 18:55:00 CET [2024/09/28 12:55:00 ET]
Table '3806065178 1' 3-max Seat #2 is the button
Seat 1: Swed58 (530 in chips) 
Seat 2: SirPauli555 (490 in chips) 
Seat 3: Mahu2021 (480 in chips) 
Mahu2021: posts small blind 10
Swed58: posts big blind 20
*** HOLE CARDS ***
Dealt to Mahu2021 [Kc Td]
SirPauli555: raises 20 to 40
Mahu2021: calls 30
Swed58: folds 
*** FLOP *** [Qc Ac 8h]
Mahu2021: checks 
SirPauli555: bets 50
Mahu2021: calls 50
*** TURN *** [Qc Ac 8h] [2d]
Mahu2021: checks 
SirPauli555: bets 100
Mahu2021: folds 
Uncalled bet (100) returned to SirPauli555
SirPauli555 collected 200 from pot
SirPauli555: doesn't show hand 
*** SUMMARY ***
Total pot 200 | Rake 0 
Board [Qc Ac 8h 2d]
Seat 1: Swed58 (big blind) folded before Flop
Seat 2: SirPauli555 (button) collected (200)
Seat 3: Mahu2021 (small blind) folded on the Turn



PokerStars Hand #252672536407: Tournament #3806065178, $1.84+$0.16 USD Hold'em No Limit - Level I (10/20) - 2024/09/28 18:55:15 CET [2024/09/28 12:55:15 ET]
Table '3806065178 1' 3-max Seat #3 is the button
Seat 1: Swed58 (510 in chips) 
Seat 2: SirPauli555 (600 in chips) 
Seat 3: Mahu2021 (390 in chips) 
Swed58: posts small blind 10
SirPauli555: posts big blind 20
*** HOLE CARDS ***
Dealt to Mahu2021 [5h 8s]
Mahu2021: folds 
Swed58: calls 10
SirPauli555: checks 
*** FLOP *** [6s 8c 6c]
Swed58: bets 20
SirPauli555: calls 20
*** TURN *** [6s 8c 6c] [Ad]
Swed58: bets 20
SirPauli555: raises 60 to 80
Swed58: calls 60
*** RIVER *** [6s 8c 6c Ad] [4s]
Swed58: bets 20
SirPauli555: folds 
Uncalled bet (20) returned to Swed58
Swed58 collected 240 from pot
Swed58: doesn't show hand 
*** SUMMARY ***
Total pot 240 | Rake 0 
Board [6s 8c 6c Ad 4s]
Seat 1: Swed58 (small blind) collected (240)
Seat 2: SirPauli555 (big blind) folded on the River
Seat 3: Mahu2021 (button) folded before Flop (didn't bet)



PokerStars Hand #252672539665: Tournament #3806065178, $1.84+$0.16 USD Hold'em No Limit - Level I (10/20) - 2024/09/28 18:55:34 CET [2024/09/28 12:55:34 ET]
Table '3806065178 1' 3-max Seat #1 is the button
Seat 1: Swed58 (630 in chips) 
Seat 2: SirPauli555 (480 in chips) 
Seat 3: Mahu2021 (390 in chips) 
SirPauli555: posts small blind 10
Mahu2021: posts big blind 20
*** HOLE CARDS ***
Dealt to Mahu2021 [2d 9s]
Swed58: calls 20
SirPauli555: raises 60 to 80
Mahu2021: folds 
Swed58: folds 
Uncalled bet (60) returned to SirPauli555
SirPauli555 collected 60 from pot
SirPauli555: doesn't show hand 
*** SUMMARY ***
Total pot 60 | Rake 0 
Seat 1: Swed58 (button) folded before Flop
Seat 2: SirPauli555 (small blind) collected (60)
Seat 3: Mahu2021 (big blind) folded before Flop



PokerStars Hand #252672542110: Tournament #3806065178, $1.84+$0.16 USD Hold'em No Limit - Level I (10/20) - 2024/09/28 18:55:48 CET [2024/09/28 12:55:48 ET]
Table '3806065178 1' 3-max Seat #2 is the button
Seat 1: Swed58 (610 in chips) 
Seat 2: SirPauli555 (520 in chips) 
Seat 3: Mahu2021 (370 in chips) 
Mahu2021: posts small blind 10
Swed58: posts big blind 20
*** HOLE CARDS ***
Dealt to Mahu2021 [5h 6d]
SirPauli555: raises 40 to 60
Mahu2021: folds 
Swed58: calls 40
*** FLOP *** [5c 4d 3d]
Swed58: bets 550 and is all-in
SirPauli555: folds 
Uncalled bet (550) returned to Swed58
Swed58 collected 130 from pot
Swed58: doesn't show hand 
*** SUMMARY ***
Total pot 130 | Rake 0 
Board [5c 4d 3d]
Seat 1: Swed58 (big blind) collected (130)
Seat 2: SirPauli555 (button) folded on the Flop
Seat 3: Mahu2021 (small blind) folded before Flop



PokerStars Hand #252672544715: Tournament #3806065178, $1.84+$0.16 USD Hold'em No Limit - Level I (10/20) - 2024/09/28 18:56:04 CET [2024/09/28 12:56:04 ET]
Table '3806065178 1' 3-max Seat #3 is the button
Seat 1: Swed58 (680 in chips) 
Seat 2: SirPauli555 (460 in chips) 
Seat 3: Mahu2021 (360 in chips) 
Swed58: posts small blind 10
SirPauli555: posts big blind 20
*** HOLE CARDS ***
Dealt to Mahu2021 [5h Js]
Mahu2021: folds 
Swed58: calls 10
SirPauli555: raises 20 to 40
Swed58: calls 20
*** FLOP *** [5d As 7c]
Swed58: checks 
SirPauli555: bets 20
Swed58: calls 20
*** TURN *** [5d As 7c] [9s]
Swed58: checks 
SirPauli555: bets 60
Swed58: calls 60
*** RIVER *** [5d As 7c 9s] [5c]
Swed58: checks 
SirPauli555: bets 340 and is all-in
Swed58: calls 340
*** SHOW DOWN ***
SirPauli555: shows [Ah Ac] (a full house, Aces full of Fives)
Swed58: shows [Kh Kd] (two pair, Kings and Fives)
SirPauli555 collected 920 from pot
*** SUMMARY ***
Total pot 920 | Rake 0 
Board [5d As 7c 9s 5c]
Seat 1: Swed58 (small blind) showed [Kh Kd] and lost with two pair, Kings and Fives
Seat 2: SirPauli555 (big blind) showed [Ah Ac] and won (920) with a full house, Aces full of Fives
Seat 3: Mahu2021 (button) folded before Flop (didn't bet)



PokerStars Hand #252672548996: Tournament #3806065178, $1.84+$0.16 USD Hold'em No Limit - Level I (10/20) - 2024/09/28 18:56:29 CET [2024/09/28 12:56:29 ET]
Table '3806065178 1' 3-max Seat #1 is the button
Seat 1: Swed58 (220 in chips) 
Seat 2: SirPauli555 (920 in chips) 
Seat 3: Mahu2021 (360 in chips) 
SirPauli555: posts small blind 10
Mahu2021: posts big blind 20
*** HOLE CARDS ***
Dealt to Mahu2021 [3d Ah]
Swed58: calls 20
SirPauli555: calls 10
Mahu2021: checks 
*** FLOP *** [2h Ts 4h]
SirPauli555: bets 20
Mahu2021: calls 20
Swed58: calls 20
*** TURN *** [2h Ts 4h] [Td]
SirPauli555: checks 
Mahu2021: checks 
Swed58: bets 40
SirPauli555: folds 
Mahu2021: calls 40
*** RIVER *** [2h Ts 4h Td] [9s]
Mahu2021: checks 
Swed58: checks 
*** SHOW DOWN ***
Mahu2021: shows [3d Ah] (a pair of Tens)
Swed58: shows [8d 2s] (two pair, Tens and Deuces)
Swed58 collected 200 from pot
*** SUMMARY ***
Total pot 200 | Rake 0 
Board [2h Ts 4h Td 9s]
Seat 1: Swed58 (button) showed [8d 2s] and won (200) with two pair, Tens and Deuces
Seat 2: SirPauli555 (small blind) folded on the Turn
Seat 3: Mahu2021 (big blind) showed [3d Ah] and lost with a pair of Tens



PokerStars Hand #252672552623: Tournament #3806065178, $1.84+$0.16 USD Hold'em No Limit - Level I (10/20) - 2024/09/28 18:56:50 CET [2024/09/28 12:56:50 ET]
Table '3806065178 1' 3-max Seat #2 is the button
Seat 1: Swed58 (340 in chips) 
Seat 2: SirPauli555 (880 in chips) 
Seat 3: Mahu2021 (280 in chips) 
Mahu2021: posts small blind 10
Swed58: posts big blind 20
*** HOLE CARDS ***
Dealt to Mahu2021 [Jh Qs]
SirPauli555: raises 20 to 40
Mahu2021: calls 30
Swed58: calls 20
*** FLOP *** [Td Qc 5h]
Mahu2021: bets 40
Swed58: calls 40
SirPauli555: calls 40
*** TURN *** [Td Qc 5h] [9c]
Mahu2021: bets 200 and is all-in
Swed58: calls 200
SirPauli555: calls 200
*** RIVER *** [Td Qc 5h 9c] [8c]
Swed58: bets 60 and is all-in
SirPauli555: calls 60
*** SHOW DOWN ***
Swed58: shows [Ts Qd] (two pair, Queens and Tens)
SirPauli555: shows [Tc Jd] (a straight, Eight to Queen)
SirPauli555 collected 120 from side pot
Mahu2021: shows [Jh Qs] (a straight, Eight to Queen)
Mahu2021 collected 420 from main pot
SirPauli555 collected 420 from main pot
Swed58 finished the tournament in 3rd place
*** SUMMARY ***
Total pot 960 Main pot 840. Side pot 120. | Rake 0 
Board [Td Qc 5h 9c 8c]
Seat 1: Swed58 (big blind) showed [Ts Qd] and lost with two pair, Queens and Tens
Seat 2: SirPauli555 (button) showed [Tc Jd] and won (540) with a straight, Eight to Queen
Seat 3: Mahu2021 (small blind) showed [Jh Qs] and won (420) with a straight, Eight to Queen



PokerStars Hand #252672558619: Tournament #3806065178, $1.84+$0.16 USD Hold'em No Limit - Level II (15/30) - 2024/09/28 18:57:26 CET [2024/09/28 12:57:26 ET]
Table '3806065178 1' 3-max Seat #3 is the button
Seat 2: SirPauli555 (1080 in chips) 
Seat 3: Mahu2021 (420 in chips) 
Mahu2021: posts small blind 15
SirPauli555: posts big blind 30
*** HOLE CARDS ***
Dealt to Mahu2021 [3c As]
Mahu2021: raises 30 to 60
SirPauli555: folds 
Uncalled bet (30) returned to Mahu2021
Mahu2021 collected 60 from pot
Mahu2021: doesn't show hand 
*** SUMMARY ***
Total pot 60 | Rake 0 
Seat 2: SirPauli555 (big blind) folded before Flop
Seat 3: Mahu2021 (button) (small blind) collected (60)



PokerStars Hand #252672559503: Tournament #3806065178, $1.84+$0.16 USD Hold'em No Limit - Level II (15/30) - 2024/09/28 18:57:31 CET [2024/09/28 12:57:31 ET]
Table '3806065178 1' 3-max Seat #2 is the button
Seat 2: SirPauli555 (1050 in chips) 
Seat 3: Mahu2021 (450 in chips) 
SirPauli555: posts small blind 15
Mahu2021: posts big blind 30
*** HOLE CARDS ***
Dealt to Mahu2021 [5h Kd]
SirPauli555: folds 
Uncalled bet (15) returned to Mahu2021
Mahu2021 collected 30 from pot
Mahu2021: doesn't show hand 
*** SUMMARY ***
Total pot 30 | Rake 0 
Seat 2: SirPauli555 (button) (small blind) folded before Flop
Seat 3: Mahu2021 (big blind) collected (30)



PokerStars Hand #252672560275: Tournament #3806065178, $1.84+$0.16 USD Hold'em No Limit - Level II (15/30) - 2024/09/28 18:57:36 CET [2024/09/28 12:57:36 ET]
Table '3806065178 1' 3-max Seat #3 is the button
Seat 2: SirPauli555 (1035 in chips) 
Seat 3: Mahu2021 (465 in chips) 
Mahu2021: posts small blind 15
SirPauli555: posts big blind 30
*** HOLE CARDS ***
Dealt to Mahu2021 [3c 9d]
Mahu2021: folds 
Uncalled bet (15) returned to SirPauli555
SirPauli555 collected 30 from pot
SirPauli555: doesn't show hand 
*** SUMMARY ***
Total pot 30 | Rake 0 
Seat 2: SirPauli555 (big blind) collected (30)
Seat 3: Mahu2021 (button) (small blind) folded before Flop



PokerStars Hand #252672561019: Tournament #3806065178, $1.84+$0.16 USD Hold'em No Limit - Level II (15/30) - 2024/09/28 18:57:40 CET [2024/09/28 12:57:40 ET]
Table '3806065178 1' 3-max Seat #2 is the button
Seat 2: SirPauli555 (1050 in chips) 
Seat 3: Mahu2021 (450 in chips) 
SirPauli555: posts small blind 15
Mahu2021: posts big blind 30
*** HOLE CARDS ***
Dealt to Mahu2021 [6d 2h]
SirPauli555: raises 30 to 60
Mahu2021: folds 
Uncalled bet (30) returned to SirPauli555
SirPauli555 collected 60 from pot
SirPauli555: doesn't show hand 
*** SUMMARY ***
Total pot 60 | Rake 0 
Seat 2: SirPauli555 (button) (small blind) collected (60)
Seat 3: Mahu2021 (big blind) folded before Flop



PokerStars Hand #252672562219: Tournament #3806065178, $1.84+$0.16 USD Hold'em No Limit - Level II (15/30) - 2024/09/28 18:57:47 CET [2024/09/28 12:57:47 ET]
Table '3806065178 1' 3-max Seat #3 is the button
Seat 2: SirPauli555 (1080 in chips) 
Seat 3: Mahu2021 (420 in chips) 
Mahu2021: posts small blind 15
SirPauli555: posts big blind 30
*** HOLE CARDS ***
Dealt to Mahu2021 [Jc 6h]
Mahu2021: calls 15
SirPauli555: checks 
*** FLOP *** [5s Jd 2c]
SirPauli555: bets 30
Mahu2021: calls 30
*** TURN *** [5s Jd 2c] [2h]
SirPauli555: bets 60
Mahu2021: calls 60
*** RIVER *** [5s Jd 2c 2h] [Qh]
SirPauli555: bets 120
Mahu2021: calls 120
*** SHOW DOWN ***
SirPauli555: shows [6s Ts] (a pair of Deuces)
Mahu2021: shows [Jc 6h] (two pair, Jacks and Deuces)
Mahu2021 collected 480 from pot
*** SUMMARY ***
Total pot 480 | Rake 0 
Board [5s Jd 2c 2h Qh]
Seat 2: SirPauli555 (big blind) showed [6s Ts] and lost with a pair of Deuces
Seat 3: Mahu2021 (button) (small blind) showed [Jc 6h] and won (480) with two pair, Jacks and Deuces



PokerStars Hand #252672564723: Tournament #3806065178, $1.84+$0.16 USD Hold'em No Limit - Level II (15/30) - 2024/09/28 18:58:02 CET [2024/09/28 12:58:02 ET]
Table '3806065178 1' 3-max Seat #2 is the button
Seat 2: SirPauli555 (840 in chips) 
Seat 3: Mahu2021 (660 in chips) 
SirPauli555: posts small blind 15
Mahu2021: posts big blind 30
*** HOLE CARDS ***
Dealt to Mahu2021 [Ac 4d]
SirPauli555: raises 30 to 60
Mahu2021: calls 30
*** FLOP *** [Ks Td 5s]
Mahu2021: checks 
SirPauli555: checks 
*** TURN *** [Ks Td 5s] [4h]
Mahu2021: checks 
SirPauli555: checks 
*** RIVER *** [Ks Td 5s 4h] [Jh]
Mahu2021: bets 30
SirPauli555: calls 30
*** SHOW DOWN ***
Mahu2021: shows [Ac 4d] (a pair of Fours)
SirPauli555: mucks hand 
Mahu2021 collected 180 from pot
*** SUMMARY ***
Total pot 180 | Rake 0 
Board [Ks Td 5s 4h Jh]
Seat 2: SirPauli555 (button) (small blind) mucked [As 6d]
Seat 3: Mahu2021 (big blind) showed [Ac 4d] and won (180) with a pair of Fours



PokerStars Hand #252672566716: Tournament #3806065178, $1.84+$0.16 USD Hold'em No Limit - Level II (15/30) - 2024/09/28 18:58:13 CET [2024/09/28 12:58:13 ET]
Table '3806065178 1' 3-max Seat #3 is the button
Seat 2: SirPauli555 (750 in chips) 
Seat 3: Mahu2021 (750 in chips) 
Mahu2021: posts small blind 15
SirPauli555: posts big blind 30
*** HOLE CARDS ***
Dealt to Mahu2021 [4h 2h]
Mahu2021: calls 15
SirPauli555: checks 
*** FLOP *** [4d 8d 9h]
SirPauli555: bets 30
Mahu2021: calls 30
*** TURN *** [4d 8d 9h] [5c]
SirPauli555: bets 60
Mahu2021: folds 
Uncalled bet (60) returned to SirPauli555
SirPauli555 collected 120 from pot
SirPauli555: doesn't show hand 
*** SUMMARY ***
Total pot 120 | Rake 0 
Board [4d 8d 9h 5c]
Seat 2: SirPauli555 (big blind) collected (120)
Seat 3: Mahu2021 (button) (small blind) folded on the Turn



PokerStars Hand #252672568561: Tournament #3806065178, $1.84+$0.16 USD Hold'em No Limit - Level II (15/30) - 2024/09/28 18:58:24 CET [2024/09/28 12:58:24 ET]
Table '3806065178 1' 3-max Seat #2 is the button
Seat 2: SirPauli555 (810 in chips) 
Seat 3: Mahu2021 (690 in chips) 
SirPauli555: posts small blind 15
Mahu2021: posts big blind 30
*** HOLE CARDS ***
Dealt to Mahu2021 [5h Tc]
SirPauli555: raises 30 to 60
Mahu2021: folds 
Uncalled bet (30) returned to SirPauli555
SirPauli555 collected 60 from pot
SirPauli555: doesn't show hand 
*** SUMMARY ***
Total pot 60 | Rake 0 
Seat 2: SirPauli555 (button) (small blind) collected (60)
Seat 3: Mahu2021 (big blind) folded before Flop



PokerStars Hand #252672569604: Tournament #3806065178, $1.84+$0.16 USD Hold'em No Limit - Level II (15/30) - 2024/09/28 18:58:30 CET [2024/09/28 12:58:30 ET]
Table '3806065178 1' 3-max Seat #3 is the button
Seat 2: SirPauli555 (840 in chips) 
Seat 3: Mahu2021 (660 in chips) 
Mahu2021: posts small blind 15
SirPauli555: posts big blind 30
*** HOLE CARDS ***
Dealt to Mahu2021 [2c Qc]
Mahu2021: raises 30 to 60
SirPauli555: raises 120 to 180
Mahu2021: calls 120
*** FLOP *** [8c As 2d]
SirPauli555: bets 660 and is all-in
Mahu2021: folds 
Uncalled bet (660) returned to SirPauli555
SirPauli555 collected 360 from pot
SirPauli555: doesn't show hand 
*** SUMMARY ***
Total pot 360 | Rake 0 
Board [8c As 2d]
Seat 2: SirPauli555 (big blind) collected (360)
Seat 3: Mahu2021 (button) (small blind) folded on the Flop



PokerStars Hand #252672571506: Tournament #3806065178, $1.84+$0.16 USD Hold'em No Limit - Level II (15/30) - 2024/09/28 18:58:41 CET [2024/09/28 12:58:41 ET]
Table '3806065178 1' 3-max Seat #2 is the button
Seat 2: SirPauli555 (1020 in chips) 
Seat 3: Mahu2021 (480 in chips) 
SirPauli555: posts small blind 15
Mahu2021: posts big blind 30
*** HOLE CARDS ***
Dealt to Mahu2021 [Ks 4h]
SirPauli555: raises 30 to 60
Mahu2021: calls 30
*** FLOP *** [6c Td 4d]
Mahu2021: bets 420 and is all-in
SirPauli555: calls 420
*** TURN *** [6c Td 4d] [Ts]
*** RIVER *** [6c Td 4d Ts] [2h]
*** SHOW DOWN ***
Mahu2021: shows [Ks 4h] (two pair, Tens and Fours)
SirPauli555: shows [5h 7h] (a pair of Tens)
Mahu2021 collected 960 from pot
*** SUMMARY ***
Total pot 960 | Rake 0 
Board [6c Td 4d Ts 2h]
Seat 2: SirPauli555 (button) (small blind) showed [5h 7h] and lost with a pair of Tens
Seat 3: Mahu2021 (big blind) showed [Ks 4h] and won (960) with two pair, Tens and Fours



PokerStars Hand #252672574341: Tournament #3806065178, $1.84+$0.16 USD Hold'em No Limit - Level III (20/40) - 2024/09/28 18:58:57 CET [2024/09/28 12:58:57 ET]
Table '3806065178 1' 3-max Seat #3 is the button
Seat 2: SirPauli555 (540 in chips) 
Seat 3: Mahu2021 (960 in chips) 
Mahu2021: posts small blind 20
SirPauli555: posts big blind 40
*** HOLE CARDS ***
Dealt to Mahu2021 [4h 8c]
Mahu2021: folds 
Uncalled bet (20) returned to SirPauli555
SirPauli555 collected 40 from pot
SirPauli555: doesn't show hand 
*** SUMMARY ***
Total pot 40 | Rake 0 
Seat 2: SirPauli555 (big blind) collected (40)
Seat 3: Mahu2021 (button) (small blind) folded before Flop



PokerStars Hand #252672575006: Tournament #3806065178, $1.84+$0.16 USD Hold'em No Limit - Level III (20/40) - 2024/09/28 18:59:01 CET [2024/09/28 12:59:01 ET]
Table '3806065178 1' 3-max Seat #2 is the button
Seat 2: SirPauli555 (560 in chips) 
Seat 3: Mahu2021 (940 in chips) 
SirPauli555: posts small blind 20
Mahu2021: posts big blind 40
*** HOLE CARDS ***
Dealt to Mahu2021 [Td Ah]
SirPauli555: raises 40 to 80
Mahu2021: raises 860 to 940 and is all-in
SirPauli555: calls 480 and is all-in
Uncalled bet (380) returned to Mahu2021
*** FLOP *** [3c 5h 4s]
*** TURN *** [3c 5h 4s] [Th]
*** RIVER *** [3c 5h 4s Th] [Qd]
*** SHOW DOWN ***
Mahu2021: shows [Td Ah] (a pair of Tens)
SirPauli555: shows [5s Kh] (a pair of Fives)
Mahu2021 collected 1120 from pot
SirPauli555 finished the tournament in 2nd place
Mahu2021 wins the tournament and receives $4.00 - congratulations!
*** SUMMARY ***
Total pot 1120 | Rake 0 
Board [3c 5h 4s Th Qd]
Seat 2: SirPauli555 (button) (small blind) showed [5s Kh] and lost with a pair of Fives
Seat 3: Mahu2021 (big blind) showed [Td Ah] and won (1120) with a pair of Tens



