PokerStars Hand #247845867215: Tournament #3690961000, $1.84+$0.16 USD Hold'em No Limit - Level I (10/20) - 2023/12/24 20:26:20 CET [2023/12/24 14:26:20 ET]
Table '3690961000 1' 3-max Seat #1 is the button
Seat 1: JCSUA11 (500 in chips) 
Seat 2: Mahu2021 (500 in chips) 
Seat 3: oleto1 (500 in chips) 
Mahu2021: posts small blind 10
oleto1: posts big blind 20
*** HOLE CARDS ***
Dealt to Mahu2021 [7d 5h]
JCSUA11: folds 
Mahu2021: folds 
Uncalled bet (10) returned to oleto1
oleto1 collected 20 from pot
oleto1: doesn't show hand 
*** SUMMARY ***
Total pot 20 | Rake 0 
Seat 1: JCSUA11 (button) folded before Flop (didn't bet)
Seat 2: Mahu2021 (small blind) folded before Flop
Seat 3: oleto1 (big blind) collected (20)



PokerStars Hand #247845868849: Tournament #3690961000, $1.84+$0.16 USD Hold'em No Limit - Level I (10/20) - 2023/12/24 20:26:26 CET [2023/12/24 14:26:26 ET]
Table '3690961000 1' 3-max Seat #2 is the button
Seat 1: JCSUA11 (500 in chips) 
Seat 2: Mahu2021 (490 in chips) 
Seat 3: oleto1 (510 in chips) 
oleto1: posts small blind 10
JCSUA11: posts big blind 20
*** HOLE CARDS ***
Dealt to Mahu2021 [2d 5d]
Mahu2021: calls 20
oleto1: folds 
JCSUA11: checks 
*** FLOP *** [2h 3c 6s]
JCSUA11: checks 
Mahu2021: bets 20
JCSUA11: calls 20
*** TURN *** [2h 3c 6s] [Ah]
JCSUA11: bets 60
Mahu2021: folds 
Uncalled bet (60) returned to JCSUA11
JCSUA11 collected 90 from pot
*** SUMMARY ***
Total pot 90 | Rake 0 
Board [2h 3c 6s Ah]
Seat 1: JCSUA11 (big blind) collected (90)
Seat 2: Mahu2021 (button) folded on the Turn
Seat 3: oleto1 (small blind) folded before Flop



PokerStars Hand #247845875092: Tournament #3690961000, $1.84+$0.16 USD Hold'em No Limit - Level I (10/20) - 2023/12/24 20:26:49 CET [2023/12/24 14:26:49 ET]
Table '3690961000 1' 3-max Seat #3 is the button
Seat 1: JCSUA11 (550 in chips) 
Seat 2: Mahu2021 (450 in chips) 
Seat 3: oleto1 (500 in chips) 
JCSUA11: posts small blind 10
Mahu2021: posts big blind 20
*** HOLE CARDS ***
Dealt to Mahu2021 [5s 6h]
oleto1: folds 
JCSUA11: calls 10
Mahu2021: checks 
*** FLOP *** [6d 3s 2h]
JCSUA11: bets 20
Mahu2021: calls 20
*** TURN *** [6d 3s 2h] [6c]
JCSUA11: bets 40
Mahu2021: raises 60 to 100
JCSUA11: calls 60
*** RIVER *** [6d 3s 2h 6c] [Ts]
JCSUA11: bets 40
Mahu2021: raises 60 to 100
JCSUA11: folds 
Uncalled bet (60) returned to Mahu2021
Mahu2021 collected 360 from pot
Mahu2021: doesn't show hand 
*** SUMMARY ***
Total pot 360 | Rake 0 
Board [6d 3s 2h 6c Ts]
Seat 1: JCSUA11 (small blind) folded on the River
Seat 2: Mahu2021 (big blind) collected (360)
Seat 3: oleto1 (button) folded before Flop (didn't bet)



PokerStars Hand #247845885637: Tournament #3690961000, $1.84+$0.16 USD Hold'em No Limit - Level I (10/20) - 2023/12/24 20:27:28 CET [2023/12/24 14:27:28 ET]
Table '3690961000 1' 3-max Seat #1 is the button
Seat 1: JCSUA11 (370 in chips) 
Seat 2: Mahu2021 (630 in chips) 
Seat 3: oleto1 (500 in chips) 
Mahu2021: posts small blind 10
oleto1: posts big blind 20
*** HOLE CARDS ***
Dealt to Mahu2021 [7h 3d]
JCSUA11: raises 20 to 40
Mahu2021: folds 
oleto1: calls 20
*** FLOP *** [6s 8h 2s]
oleto1: checks 
JCSUA11: bets 20
oleto1: calls 20
*** TURN *** [6s 8h 2s] [9d]
oleto1: checks 
JCSUA11: bets 85
oleto1: calls 85
*** RIVER *** [6s 8h 2s 9d] [Ad]
oleto1: bets 99
JCSUA11: folds 
Uncalled bet (99) returned to oleto1
oleto1 collected 300 from pot
oleto1: doesn't show hand 
*** SUMMARY ***
Total pot 300 | Rake 0 
Board [6s 8h 2s 9d Ad]
Seat 1: JCSUA11 (button) folded on the River
Seat 2: Mahu2021 (small blind) folded before Flop
Seat 3: oleto1 (big blind) collected (300)



PokerStars Hand #247845894409: Tournament #3690961000, $1.84+$0.16 USD Hold'em No Limit - Level I (10/20) - 2023/12/24 20:28:01 CET [2023/12/24 14:28:01 ET]
Table '3690961000 1' 3-max Seat #2 is the button
Seat 1: JCSUA11 (225 in chips) 
Seat 2: Mahu2021 (620 in chips) 
Seat 3: oleto1 (655 in chips) 
oleto1: posts small blind 10
JCSUA11: posts big blind 20
*** HOLE CARDS ***
Dealt to Mahu2021 [7c Jd]
Mahu2021: folds 
oleto1: calls 10
JCSUA11: checks 
*** FLOP *** [Ks 5h Qh]
oleto1: checks 
JCSUA11: bets 40
oleto1: calls 40
*** TURN *** [Ks 5h Qh] [Ad]
oleto1: checks 
JCSUA11: bets 60
oleto1: folds 
Uncalled bet (60) returned to JCSUA11
JCSUA11 collected 120 from pot
*** SUMMARY ***
Total pot 120 | Rake 0 
Board [Ks 5h Qh Ad]
Seat 1: JCSUA11 (big blind) collected (120)
Seat 2: Mahu2021 (button) folded before Flop (didn't bet)
Seat 3: oleto1 (small blind) folded on the Turn



PokerStars Hand #247845902411: Tournament #3690961000, $1.84+$0.16 USD Hold'em No Limit - Level I (10/20) - 2023/12/24 20:28:32 CET [2023/12/24 14:28:32 ET]
Table '3690961000 1' 3-max Seat #3 is the button
Seat 1: JCSUA11 (285 in chips) 
Seat 2: Mahu2021 (620 in chips) 
Seat 3: oleto1 (595 in chips) 
JCSUA11: posts small blind 10
Mahu2021: posts big blind 20
*** HOLE CARDS ***
Dealt to Mahu2021 [6h 5h]
oleto1: folds 
JCSUA11: calls 10
Mahu2021: checks 
*** FLOP *** [4c Ad Ks]
JCSUA11: bets 60
Mahu2021: folds 
Uncalled bet (60) returned to JCSUA11
JCSUA11 collected 40 from pot
*** SUMMARY ***
Total pot 40 | Rake 0 
Board [4c Ad Ks]
Seat 1: JCSUA11 (small blind) collected (40)
Seat 2: Mahu2021 (big blind) folded on the Flop
Seat 3: oleto1 (button) folded before Flop (didn't bet)



PokerStars Hand #247845906318: Tournament #3690961000, $1.84+$0.16 USD Hold'em No Limit - Level I (10/20) - 2023/12/24 20:28:46 CET [2023/12/24 14:28:46 ET]
Table '3690961000 1' 3-max Seat #1 is the button
Seat 1: JCSUA11 (305 in chips) 
Seat 2: Mahu2021 (600 in chips) 
Seat 3: oleto1 (595 in chips) 
Mahu2021: posts small blind 10
oleto1: posts big blind 20
*** HOLE CARDS ***
Dealt to Mahu2021 [8h Js]
JCSUA11: calls 20
Mahu2021: calls 10
oleto1: checks 
*** FLOP *** [3d 2c Qd]
Mahu2021: checks 
oleto1: checks 
JCSUA11: checks 
*** TURN *** [3d 2c Qd] [8d]
Mahu2021: bets 20
oleto1: folds 
JCSUA11: folds 
Uncalled bet (20) returned to Mahu2021
Mahu2021 collected 60 from pot
Mahu2021: doesn't show hand 
*** SUMMARY ***
Total pot 60 | Rake 0 
Board [3d 2c Qd 8d]
Seat 1: JCSUA11 (button) folded on the Turn
Seat 2: Mahu2021 (small blind) collected (60)
Seat 3: oleto1 (big blind) folded on the Turn



PokerStars Hand #247845912214: Tournament #3690961000, $1.84+$0.16 USD Hold'em No Limit - Level I (10/20) - 2023/12/24 20:29:09 CET [2023/12/24 14:29:09 ET]
Table '3690961000 1' 3-max Seat #2 is the button
Seat 1: JCSUA11 (285 in chips) 
Seat 2: Mahu2021 (640 in chips) 
Seat 3: oleto1 (575 in chips) 
oleto1: posts small blind 10
JCSUA11: posts big blind 20
*** HOLE CARDS ***
Dealt to Mahu2021 [6d Kh]
Mahu2021: folds 
oleto1: raises 30 to 50
JCSUA11: calls 30
*** FLOP *** [9h 2d 5s]
oleto1: checks 
JCSUA11: checks 
*** TURN *** [9h 2d 5s] [2s]
oleto1: checks 
JCSUA11: bets 60
oleto1: folds 
Uncalled bet (60) returned to JCSUA11
JCSUA11 collected 100 from pot
*** SUMMARY ***
Total pot 100 | Rake 0 
Board [9h 2d 5s 2s]
Seat 1: JCSUA11 (big blind) collected (100)
Seat 2: Mahu2021 (button) folded before Flop (didn't bet)
Seat 3: oleto1 (small blind) folded on the Turn



PokerStars Hand #247845919063: Tournament #3690961000, $1.84+$0.16 USD Hold'em No Limit - Level II (15/30) - 2023/12/24 20:29:35 CET [2023/12/24 14:29:35 ET]
Table '3690961000 1' 3-max Seat #3 is the button
Seat 1: JCSUA11 (335 in chips) 
Seat 2: Mahu2021 (640 in chips) 
Seat 3: oleto1 (525 in chips) 
JCSUA11: posts small blind 15
Mahu2021: posts big blind 30
*** HOLE CARDS ***
Dealt to Mahu2021 [2h 3s]
oleto1: raises 30 to 60
JCSUA11: raises 275 to 335 and is all-in
Mahu2021: folds 
oleto1: calls 275
*** FLOP *** [Kd 7c Jd]
*** TURN *** [Kd 7c Jd] [3h]
*** RIVER *** [Kd 7c Jd 3h] [8d]
*** SHOW DOWN ***
JCSUA11: shows [As Qh] (high card Ace)
oleto1: shows [Ad 9d] (a flush, Ace high)
oleto1 collected 700 from pot
JCSUA11 finished the tournament in 3rd place
*** SUMMARY ***
Total pot 700 | Rake 0 
Board [Kd 7c Jd 3h 8d]
Seat 1: JCSUA11 (small blind) showed [As Qh] and lost with high card Ace
Seat 2: Mahu2021 (big blind) folded before Flop
Seat 3: oleto1 (button) showed [Ad 9d] and won (700) with a flush, Ace high



PokerStars Hand #247845924399: Tournament #3690961000, $1.84+$0.16 USD Hold'em No Limit - Level II (15/30) - 2023/12/24 20:29:55 CET [2023/12/24 14:29:55 ET]
Table '3690961000 1' 3-max Seat #2 is the button
Seat 2: Mahu2021 (610 in chips) 
Seat 3: oleto1 (890 in chips) 
Mahu2021: posts small blind 15
oleto1: posts big blind 30
*** HOLE CARDS ***
Dealt to Mahu2021 [2d 9c]
Mahu2021: folds 
Uncalled bet (15) returned to oleto1
oleto1 collected 30 from pot
oleto1: doesn't show hand 
*** SUMMARY ***
Total pot 30 | Rake 0 
Seat 2: Mahu2021 (button) (small blind) folded before Flop
Seat 3: oleto1 (big blind) collected (30)



PokerStars Hand #247845925572: Tournament #3690961000, $1.84+$0.16 USD Hold'em No Limit - Level II (15/30) - 2023/12/24 20:30:00 CET [2023/12/24 14:30:00 ET]
Table '3690961000 1' 3-max Seat #3 is the button
Seat 2: Mahu2021 (595 in chips) 
Seat 3: oleto1 (905 in chips) 
oleto1: posts small blind 15
Mahu2021: posts big blind 30
*** HOLE CARDS ***
Dealt to Mahu2021 [6h 3s]
oleto1: calls 15
Mahu2021: checks 
*** FLOP *** [8d Jh Kh]
Mahu2021: checks 
oleto1: bets 30
Mahu2021: folds 
Uncalled bet (30) returned to oleto1
oleto1 collected 60 from pot
oleto1: doesn't show hand 
*** SUMMARY ***
Total pot 60 | Rake 0 
Board [8d Jh Kh]
Seat 2: Mahu2021 (big blind) folded on the Flop
Seat 3: oleto1 (button) (small blind) collected (60)



PokerStars Hand #247845929884: Tournament #3690961000, $1.84+$0.16 USD Hold'em No Limit - Level II (15/30) - 2023/12/24 20:30:16 CET [2023/12/24 14:30:16 ET]
Table '3690961000 1' 3-max Seat #2 is the button
Seat 2: Mahu2021 (565 in chips) 
Seat 3: oleto1 (935 in chips) 
Mahu2021: posts small blind 15
oleto1: posts big blind 30
*** HOLE CARDS ***
Dealt to Mahu2021 [7h 5h]
Mahu2021: calls 15
oleto1: checks 
*** FLOP *** [5c 8s Kd]
oleto1: checks 
Mahu2021: bets 30
oleto1: calls 30
*** TURN *** [5c 8s Kd] [Qc]
oleto1: checks 
Mahu2021: checks 
*** RIVER *** [5c 8s Kd Qc] [Kc]
oleto1: bets 72
Mahu2021: folds 
Uncalled bet (72) returned to oleto1
oleto1 collected 120 from pot
oleto1: doesn't show hand 
*** SUMMARY ***
Total pot 120 | Rake 0 
Board [5c 8s Kd Qc Kc]
Seat 2: Mahu2021 (button) (small blind) folded on the River
Seat 3: oleto1 (big blind) collected (120)



PokerStars Hand #247845936481: Tournament #3690961000, $1.84+$0.16 USD Hold'em No Limit - Level II (15/30) - 2023/12/24 20:30:41 CET [2023/12/24 14:30:41 ET]
Table '3690961000 1' 3-max Seat #3 is the button
Seat 2: Mahu2021 (505 in chips) 
Seat 3: oleto1 (995 in chips) 
oleto1: posts small blind 15
Mahu2021: posts big blind 30
*** HOLE CARDS ***
Dealt to Mahu2021 [As Qs]
oleto1: raises 30 to 60
Mahu2021: raises 90 to 150
oleto1: folds 
Uncalled bet (90) returned to Mahu2021
Mahu2021 collected 120 from pot
Mahu2021: doesn't show hand 
*** SUMMARY ***
Total pot 120 | Rake 0 
Seat 2: Mahu2021 (big blind) collected (120)
Seat 3: oleto1 (button) (small blind) folded before Flop



PokerStars Hand #247845938918: Tournament #3690961000, $1.84+$0.16 USD Hold'em No Limit - Level II (15/30) - 2023/12/24 20:30:50 CET [2023/12/24 14:30:50 ET]
Table '3690961000 1' 3-max Seat #2 is the button
Seat 2: Mahu2021 (565 in chips) 
Seat 3: oleto1 (935 in chips) 
Mahu2021: posts small blind 15
oleto1: posts big blind 30
*** HOLE CARDS ***
Dealt to Mahu2021 [4s Ah]
Mahu2021: calls 15
oleto1: checks 
*** FLOP *** [Tc 9s Kc]
oleto1: checks 
Mahu2021: bets 30
oleto1: calls 30
*** TURN *** [Tc 9s Kc] [6h]
oleto1: checks 
Mahu2021: checks 
*** RIVER *** [Tc 9s Kc 6h] [Ac]
oleto1: checks 
Mahu2021: bets 120
oleto1: folds 
Uncalled bet (120) returned to Mahu2021
Mahu2021 collected 120 from pot
Mahu2021: doesn't show hand 
*** SUMMARY ***
Total pot 120 | Rake 0 
Board [Tc 9s Kc 6h Ac]
Seat 2: Mahu2021 (button) (small blind) collected (120)
Seat 3: oleto1 (big blind) folded on the River



PokerStars Hand #247845943928: Tournament #3690961000, $1.84+$0.16 USD Hold'em No Limit - Level II (15/30) - 2023/12/24 20:31:09 CET [2023/12/24 14:31:09 ET]
Table '3690961000 1' 3-max Seat #3 is the button
Seat 2: Mahu2021 (625 in chips) 
Seat 3: oleto1 (875 in chips) 
oleto1: posts small blind 15
Mahu2021: posts big blind 30
*** HOLE CARDS ***
Dealt to Mahu2021 [9c As]
oleto1: calls 15
Mahu2021: checks 
*** FLOP *** [5h 7c 6c]
Mahu2021: checks 
oleto1: checks 
*** TURN *** [5h 7c 6c] [5c]
Mahu2021: checks 
oleto1: bets 30
Mahu2021: calls 30
*** RIVER *** [5h 7c 6c 5c] [Td]
Mahu2021: checks 
oleto1: checks 
*** SHOW DOWN ***
Mahu2021: shows [9c As] (a pair of Fives)
oleto1: mucks hand 
Mahu2021 collected 120 from pot
*** SUMMARY ***
Total pot 120 | Rake 0 
Board [5h 7c 6c 5c Td]
Seat 2: Mahu2021 (big blind) showed [9c As] and won (120) with a pair of Fives
Seat 3: oleto1 (button) (small blind) mucked [2h 4c]



PokerStars Hand #247845948666: Tournament #3690961000, $1.84+$0.16 USD Hold'em No Limit - Level II (15/30) - 2023/12/24 20:31:27 CET [2023/12/24 14:31:27 ET]
Table '3690961000 1' 3-max Seat #2 is the button
Seat 2: Mahu2021 (685 in chips) 
Seat 3: oleto1 (815 in chips) 
Mahu2021: posts small blind 15
oleto1: posts big blind 30
*** HOLE CARDS ***
Dealt to Mahu2021 [Qc Th]
Mahu2021: raises 30 to 60
oleto1: raises 90 to 150
Mahu2021: calls 90
*** FLOP *** [8d 4h 2d]
oleto1: checks 
Mahu2021: checks 
*** TURN *** [8d 4h 2d] [Ah]
oleto1: checks 
Mahu2021: checks 
*** RIVER *** [8d 4h 2d Ah] [7c]
oleto1: checks 
Mahu2021: bets 300
oleto1: folds 
Uncalled bet (300) returned to Mahu2021
Mahu2021 collected 300 from pot
Mahu2021: doesn't show hand 
*** SUMMARY ***
Total pot 300 | Rake 0 
Board [8d 4h 2d Ah 7c]
Seat 2: Mahu2021 (button) (small blind) collected (300)
Seat 3: oleto1 (big blind) folded on the River



PokerStars Hand #247845956132: Tournament #3690961000, $1.84+$0.16 USD Hold'em No Limit - Level II (15/30) - 2023/12/24 20:31:55 CET [2023/12/24 14:31:55 ET]
Table '3690961000 1' 3-max Seat #3 is the button
Seat 2: Mahu2021 (835 in chips) 
Seat 3: oleto1 (665 in chips) 
oleto1: posts small blind 15
Mahu2021: posts big blind 30
*** HOLE CARDS ***
Dealt to Mahu2021 [8h 2c]
oleto1: calls 15
Mahu2021: checks 
*** FLOP *** [Kd 2h 9s]
Mahu2021: checks 
oleto1: bets 30
Mahu2021: calls 30
*** TURN *** [Kd 2h 9s] [3c]
Mahu2021: checks 
oleto1: checks 
*** RIVER *** [Kd 2h 9s 3c] [9c]
Mahu2021: bets 30
oleto1: calls 30
*** SHOW DOWN ***
Mahu2021: shows [8h 2c] (two pair, Nines and Deuces)
oleto1: shows [Th 3h] (two pair, Nines and Threes)
oleto1 collected 180 from pot
*** SUMMARY ***
Total pot 180 | Rake 0 
Board [Kd 2h 9s 3c 9c]
Seat 2: Mahu2021 (big blind) showed [8h 2c] and lost with two pair, Nines and Deuces
Seat 3: oleto1 (button) (small blind) showed [Th 3h] and won (180) with two pair, Nines and Threes



PokerStars Hand #247845960438: Tournament #3690961000, $1.84+$0.16 USD Hold'em No Limit - Level II (15/30) - 2023/12/24 20:32:12 CET [2023/12/24 14:32:12 ET]
Table '3690961000 1' 3-max Seat #2 is the button
Seat 2: Mahu2021 (745 in chips) 
Seat 3: oleto1 (755 in chips) 
Mahu2021: posts small blind 15
oleto1: posts big blind 30
*** HOLE CARDS ***
Dealt to Mahu2021 [Kh 7d]
Mahu2021: raises 30 to 60
oleto1: calls 30
*** FLOP *** [Jd 9h Kd]
oleto1: checks 
Mahu2021: bets 60
oleto1: calls 60
*** TURN *** [Jd 9h Kd] [Ac]
oleto1: checks 
Mahu2021: checks 
*** RIVER *** [Jd 9h Kd Ac] [6c]
oleto1: checks 
Mahu2021: checks 
*** SHOW DOWN ***
oleto1: shows [5h Qs] (high card Ace)
Mahu2021: shows [Kh 7d] (a pair of Kings)
Mahu2021 collected 240 from pot
*** SUMMARY ***
Total pot 240 | Rake 0 
Board [Jd 9h Kd Ac 6c]
Seat 2: Mahu2021 (button) (small blind) showed [Kh 7d] and won (240) with a pair of Kings
Seat 3: oleto1 (big blind) showed [5h Qs] and lost with high card Ace



PokerStars Hand #247845966540: Tournament #3690961000, $1.84+$0.16 USD Hold'em No Limit - Level III (20/40) - 2023/12/24 20:32:35 CET [2023/12/24 14:32:35 ET]
Table '3690961000 1' 3-max Seat #3 is the button
Seat 2: Mahu2021 (865 in chips) 
Seat 3: oleto1 (635 in chips) 
oleto1: posts small blind 20
Mahu2021: posts big blind 40
*** HOLE CARDS ***
Dealt to Mahu2021 [9s 8h]
oleto1: calls 20
Mahu2021: checks 
*** FLOP *** [Qc 7s Jh]
Mahu2021: checks 
oleto1: bets 40
Mahu2021: calls 40
*** TURN *** [Qc 7s Jh] [2d]
Mahu2021: checks 
oleto1: checks 
*** RIVER *** [Qc 7s Jh 2d] [3d]
Mahu2021: checks 
oleto1: checks 
*** SHOW DOWN ***
Mahu2021: shows [9s 8h] (high card Queen)
oleto1: shows [Tc 3c] (a pair of Threes)
oleto1 collected 160 from pot
*** SUMMARY ***
Total pot 160 | Rake 0 
Board [Qc 7s Jh 2d 3d]
Seat 2: Mahu2021 (big blind) showed [9s 8h] and lost with high card Queen
Seat 3: oleto1 (button) (small blind) showed [Tc 3c] and won (160) with a pair of Threes



PokerStars Hand #247845971033: Tournament #3690961000, $1.84+$0.16 USD Hold'em No Limit - Level III (20/40) - 2023/12/24 20:32:52 CET [2023/12/24 14:32:52 ET]
Table '3690961000 1' 3-max Seat #2 is the button
Seat 2: Mahu2021 (785 in chips) 
Seat 3: oleto1 (715 in chips) 
Mahu2021: posts small blind 20
oleto1: posts big blind 40
*** HOLE CARDS ***
Dealt to Mahu2021 [9s Qc]
Mahu2021: raises 40 to 80
oleto1: calls 40
*** FLOP *** [9d 3h 7d]
oleto1: checks 
Mahu2021: bets 160
oleto1: folds 
Uncalled bet (160) returned to Mahu2021
Mahu2021 collected 160 from pot
Mahu2021: doesn't show hand 
*** SUMMARY ***
Total pot 160 | Rake 0 
Board [9d 3h 7d]
Seat 2: Mahu2021 (button) (small blind) collected (160)
Seat 3: oleto1 (big blind) folded on the Flop



PokerStars Hand #247845977027: Tournament #3690961000, $1.84+$0.16 USD Hold'em No Limit - Level III (20/40) - 2023/12/24 20:33:15 CET [2023/12/24 14:33:15 ET]
Table '3690961000 1' 3-max Seat #3 is the button
Seat 2: Mahu2021 (865 in chips) 
Seat 3: oleto1 (635 in chips) 
oleto1: posts small blind 20
Mahu2021: posts big blind 40
*** HOLE CARDS ***
Dealt to Mahu2021 [Qs 6c]
oleto1: calls 20
Mahu2021: checks 
*** FLOP *** [9s Jh 8c]
Mahu2021: checks 
oleto1: bets 40
Mahu2021: calls 40
*** TURN *** [9s Jh 8c] [6d]
Mahu2021: checks 
oleto1: checks 
*** RIVER *** [9s Jh 8c 6d] [Jd]
Mahu2021: checks 
oleto1: checks 
*** SHOW DOWN ***
Mahu2021: shows [Qs 6c] (two pair, Jacks and Sixes)
oleto1: shows [9h 5s] (two pair, Jacks and Nines)
oleto1 collected 160 from pot
*** SUMMARY ***
Total pot 160 | Rake 0 
Board [9s Jh 8c 6d Jd]
Seat 2: Mahu2021 (big blind) showed [Qs 6c] and lost with two pair, Jacks and Sixes
Seat 3: oleto1 (button) (small blind) showed [9h 5s] and won (160) with two pair, Jacks and Nines



PokerStars Hand #247845981426: Tournament #3690961000, $1.84+$0.16 USD Hold'em No Limit - Level III (20/40) - 2023/12/24 20:33:32 CET [2023/12/24 14:33:32 ET]
Table '3690961000 1' 3-max Seat #2 is the button
Seat 2: Mahu2021 (785 in chips) 
Seat 3: oleto1 (715 in chips) 
Mahu2021: posts small blind 20
oleto1: posts big blind 40
*** HOLE CARDS ***
Dealt to Mahu2021 [8h 9s]
Mahu2021: calls 20
oleto1: checks 
*** FLOP *** [4h 6h Qs]
oleto1: checks 
Mahu2021: checks 
*** TURN *** [4h 6h Qs] [3d]
oleto1: bets 40
Mahu2021: folds 
Uncalled bet (40) returned to oleto1
oleto1 collected 80 from pot
oleto1: doesn't show hand 
*** SUMMARY ***
Total pot 80 | Rake 0 
Board [4h 6h Qs 3d]
Seat 2: Mahu2021 (button) (small blind) folded on the Turn
Seat 3: oleto1 (big blind) collected (80)



PokerStars Hand #247845984704: Tournament #3690961000, $1.84+$0.16 USD Hold'em No Limit - Level III (20/40) - 2023/12/24 20:33:44 CET [2023/12/24 14:33:44 ET]
Table '3690961000 1' 3-max Seat #3 is the button
Seat 2: Mahu2021 (745 in chips) 
Seat 3: oleto1 (755 in chips) 
oleto1: posts small blind 20
Mahu2021: posts big blind 40
*** HOLE CARDS ***
Dealt to Mahu2021 [2s 4d]
oleto1: raises 40 to 80
Mahu2021: folds 
Uncalled bet (40) returned to oleto1
oleto1 collected 80 from pot
oleto1: doesn't show hand 
*** SUMMARY ***
Total pot 80 | Rake 0 
Seat 2: Mahu2021 (big blind) folded before Flop
Seat 3: oleto1 (button) (small blind) collected (80)



PokerStars Hand #247845985973: Tournament #3690961000, $1.84+$0.16 USD Hold'em No Limit - Level III (20/40) - 2023/12/24 20:33:49 CET [2023/12/24 14:33:49 ET]
Table '3690961000 1' 3-max Seat #2 is the button
Seat 2: Mahu2021 (705 in chips) 
Seat 3: oleto1 (795 in chips) 
Mahu2021: posts small blind 20
oleto1: posts big blind 40
*** HOLE CARDS ***
Dealt to Mahu2021 [5c Kh]
Mahu2021: calls 20
oleto1: checks 
*** FLOP *** [8c 9s 9h]
oleto1: checks 
Mahu2021: bets 40
oleto1: raises 53 to 93
Mahu2021: folds 
Uncalled bet (53) returned to oleto1
oleto1 collected 160 from pot
oleto1: doesn't show hand 
*** SUMMARY ***
Total pot 160 | Rake 0 
Board [8c 9s 9h]
Seat 2: Mahu2021 (button) (small blind) folded on the Flop
Seat 3: oleto1 (big blind) collected (160)



PokerStars Hand #247845990102: Tournament #3690961000, $1.84+$0.16 USD Hold'em No Limit - Level III (20/40) - 2023/12/24 20:34:04 CET [2023/12/24 14:34:04 ET]
Table '3690961000 1' 3-max Seat #3 is the button
Seat 2: Mahu2021 (625 in chips) 
Seat 3: oleto1 (875 in chips) 
oleto1: posts small blind 20
Mahu2021: posts big blind 40
*** HOLE CARDS ***
Dealt to Mahu2021 [6s Ks]
oleto1: raises 40 to 80
Mahu2021: calls 40
*** FLOP *** [2d Jd Kd]
Mahu2021: checks 
oleto1: checks 
*** TURN *** [2d Jd Kd] [4d]
Mahu2021: checks 
oleto1: checks 
*** RIVER *** [2d Jd Kd 4d] [9d]
Mahu2021: checks 
oleto1: bets 80
Mahu2021: calls 80
*** SHOW DOWN ***
oleto1: shows [Qd Ad] (a flush, Ace high)
Mahu2021: mucks hand 
oleto1 collected 320 from pot
*** SUMMARY ***
Total pot 320 | Rake 0 
Board [2d Jd Kd 4d 9d]
Seat 2: Mahu2021 (big blind) mucked [6s Ks]
Seat 3: oleto1 (button) (small blind) showed [Qd Ad] and won (320) with a flush, Ace high



PokerStars Hand #247845994393: Tournament #3690961000, $1.84+$0.16 USD Hold'em No Limit - Level III (20/40) - 2023/12/24 20:34:21 CET [2023/12/24 14:34:21 ET]
Table '3690961000 1' 3-max Seat #2 is the button
Seat 2: Mahu2021 (465 in chips) 
Seat 3: oleto1 (1035 in chips) 
Mahu2021: posts small blind 20
oleto1: posts big blind 40
*** HOLE CARDS ***
Dealt to Mahu2021 [Kd 6c]
Mahu2021: calls 20
oleto1: raises 995 to 1035 and is all-in
Mahu2021: folds 
Uncalled bet (995) returned to oleto1
oleto1 collected 80 from pot
oleto1: doesn't show hand 
*** SUMMARY ***
Total pot 80 | Rake 0 
Seat 2: Mahu2021 (button) (small blind) folded before Flop
Seat 3: oleto1 (big blind) collected (80)



PokerStars Hand #247845996428: Tournament #3690961000, $1.84+$0.16 USD Hold'em No Limit - Level III (20/40) - 2023/12/24 20:34:28 CET [2023/12/24 14:34:28 ET]
Table '3690961000 1' 3-max Seat #3 is the button
Seat 2: Mahu2021 (425 in chips) 
Seat 3: oleto1 (1075 in chips) 
oleto1: posts small blind 20
Mahu2021: posts big blind 40
*** HOLE CARDS ***
Dealt to Mahu2021 [Qc 3s]
oleto1: raises 40 to 80
Mahu2021: calls 40
*** FLOP *** [7d Qs Ah]
Mahu2021: bets 345 and is all-in
oleto1: folds 
Uncalled bet (345) returned to Mahu2021
Mahu2021 collected 160 from pot
Mahu2021: doesn't show hand 
*** SUMMARY ***
Total pot 160 | Rake 0 
Board [7d Qs Ah]
Seat 2: Mahu2021 (big blind) collected (160)
Seat 3: oleto1 (button) (small blind) folded on the Flop



PokerStars Hand #247845999761: Tournament #3690961000, $1.84+$0.16 USD Hold'em No Limit - Level III (20/40) - 2023/12/24 20:34:41 CET [2023/12/24 14:34:41 ET]
Table '3690961000 1' 3-max Seat #2 is the button
Seat 2: Mahu2021 (505 in chips) 
Seat 3: oleto1 (995 in chips) 
Mahu2021: posts small blind 20
oleto1: posts big blind 40
*** HOLE CARDS ***
Dealt to Mahu2021 [4d Qs]
Mahu2021: calls 20
oleto1: checks 
*** FLOP *** [Qc 2c 4c]
oleto1: checks 
Mahu2021: bets 80
oleto1: calls 80
*** TURN *** [Qc 2c 4c] [7s]
oleto1: checks 
Mahu2021: bets 385 and is all-in
oleto1: folds 
Uncalled bet (385) returned to Mahu2021
Mahu2021 collected 240 from pot
Mahu2021: doesn't show hand 
*** SUMMARY ***
Total pot 240 | Rake 0 
Board [Qc 2c 4c 7s]
Seat 2: Mahu2021 (button) (small blind) collected (240)
Seat 3: oleto1 (big blind) folded on the Turn



PokerStars Hand #247846005854: Tournament #3690961000, $1.84+$0.16 USD Hold'em No Limit - Level III (20/40) - 2023/12/24 20:35:04 CET [2023/12/24 14:35:04 ET]
Table '3690961000 1' 3-max Seat #3 is the button
Seat 2: Mahu2021 (625 in chips) 
Seat 3: oleto1 (875 in chips) 
oleto1: posts small blind 20
Mahu2021: posts big blind 40
*** HOLE CARDS ***
Dealt to Mahu2021 [8s Qd]
oleto1: calls 20
Mahu2021: checks 
*** FLOP *** [3h 3s 2d]
Mahu2021: checks 
oleto1: bets 40
Mahu2021: calls 40
*** TURN *** [3h 3s 2d] [2s]
Mahu2021: checks 
oleto1: checks 
*** RIVER *** [3h 3s 2d 2s] [Jc]
Mahu2021: checks 
oleto1: bets 96
Mahu2021: folds 
Uncalled bet (96) returned to oleto1
oleto1 collected 160 from pot
oleto1: doesn't show hand 
*** SUMMARY ***
Total pot 160 | Rake 0 
Board [3h 3s 2d 2s Jc]
Seat 2: Mahu2021 (big blind) folded on the River
Seat 3: oleto1 (button) (small blind) collected (160)



PokerStars Hand #247846012298: Tournament #3690961000, $1.84+$0.16 USD Hold'em No Limit - Level IV (30/60) - 2023/12/24 20:35:29 CET [2023/12/24 14:35:29 ET]
Table '3690961000 1' 3-max Seat #2 is the button
Seat 2: Mahu2021 (545 in chips) 
Seat 3: oleto1 (955 in chips) 
Mahu2021: posts small blind 30
oleto1: posts big blind 60
*** HOLE CARDS ***
Dealt to Mahu2021 [Qd 9h]
Mahu2021: calls 30
oleto1: checks 
*** FLOP *** [Ah 3s 8s]
oleto1: checks 
Mahu2021: bets 60
oleto1: folds 
Uncalled bet (60) returned to Mahu2021
Mahu2021 collected 120 from pot
Mahu2021: doesn't show hand 
*** SUMMARY ***
Total pot 120 | Rake 0 
Board [Ah 3s 8s]
Seat 2: Mahu2021 (button) (small blind) collected (120)
Seat 3: oleto1 (big blind) folded on the Flop



PokerStars Hand #247846015538: Tournament #3690961000, $1.84+$0.16 USD Hold'em No Limit - Level IV (30/60) - 2023/12/24 20:35:41 CET [2023/12/24 14:35:41 ET]
Table '3690961000 1' 3-max Seat #3 is the button
Seat 2: Mahu2021 (605 in chips) 
Seat 3: oleto1 (895 in chips) 
oleto1: posts small blind 30
Mahu2021: posts big blind 60
*** HOLE CARDS ***
Dealt to Mahu2021 [3s 9d]
oleto1: calls 30
Mahu2021: checks 
*** FLOP *** [7d 9c 4c]
Mahu2021: bets 60
oleto1: raises 79 to 139
Mahu2021: raises 406 to 545 and is all-in
oleto1: calls 406
*** TURN *** [7d 9c 4c] [4h]
*** RIVER *** [7d 9c 4c 4h] [Kd]
*** SHOW DOWN ***
Mahu2021: shows [3s 9d] (two pair, Nines and Fours)
oleto1: shows [8c 7c] (two pair, Sevens and Fours)
Mahu2021 collected 1210 from pot
*** SUMMARY ***
Total pot 1210 | Rake 0 
Board [7d 9c 4c 4h Kd]
Seat 2: Mahu2021 (big blind) showed [3s 9d] and won (1210) with two pair, Nines and Fours
Seat 3: oleto1 (button) (small blind) showed [8c 7c] and lost with two pair, Sevens and Fours



PokerStars Hand #247846023066: Tournament #3690961000, $1.84+$0.16 USD Hold'em No Limit - Level IV (30/60) - 2023/12/24 20:36:09 CET [2023/12/24 14:36:09 ET]
Table '3690961000 1' 3-max Seat #2 is the button
Seat 2: Mahu2021 (1210 in chips) 
Seat 3: oleto1 (290 in chips) 
Mahu2021: posts small blind 30
oleto1: posts big blind 60
*** HOLE CARDS ***
Dealt to Mahu2021 [3h 3d]
Mahu2021: raises 1150 to 1210 and is all-in
oleto1: folds 
Uncalled bet (1150) returned to Mahu2021
Mahu2021 collected 120 from pot
Mahu2021: doesn't show hand 
*** SUMMARY ***
Total pot 120 | Rake 0 
Seat 2: Mahu2021 (button) (small blind) collected (120)
Seat 3: oleto1 (big blind) folded before Flop



PokerStars Hand #247846025079: Tournament #3690961000, $1.84+$0.16 USD Hold'em No Limit - Level IV (30/60) - 2023/12/24 20:36:16 CET [2023/12/24 14:36:16 ET]
Table '3690961000 1' 3-max Seat #3 is the button
Seat 2: Mahu2021 (1270 in chips) 
Seat 3: oleto1 (230 in chips) 
oleto1: posts small blind 30
Mahu2021: posts big blind 60
*** HOLE CARDS ***
Dealt to Mahu2021 [7d Ad]
oleto1: raises 170 to 230 and is all-in
Mahu2021: calls 170
*** FLOP *** [Th 7c Ts]
*** TURN *** [Th 7c Ts] [3d]
*** RIVER *** [Th 7c Ts 3d] [9d]
*** SHOW DOWN ***
Mahu2021: shows [7d Ad] (two pair, Tens and Sevens)
oleto1: shows [Qc 9s] (two pair, Tens and Nines)
oleto1 collected 460 from pot
*** SUMMARY ***
Total pot 460 | Rake 0 
Board [Th 7c Ts 3d 9d]
Seat 2: Mahu2021 (big blind) showed [7d Ad] and lost with two pair, Tens and Sevens
Seat 3: oleto1 (button) (small blind) showed [Qc 9s] and won (460) with two pair, Tens and Nines



PokerStars Hand #247846028214: Tournament #3690961000, $1.84+$0.16 USD Hold'em No Limit - Level IV (30/60) - 2023/12/24 20:36:28 CET [2023/12/24 14:36:28 ET]
Table '3690961000 1' 3-max Seat #2 is the button
Seat 2: Mahu2021 (1040 in chips) 
Seat 3: oleto1 (460 in chips) 
Mahu2021: posts small blind 30
oleto1: posts big blind 60
*** HOLE CARDS ***
Dealt to Mahu2021 [As 3d]
Mahu2021: calls 30
oleto1: raises 400 to 460 and is all-in
Mahu2021: folds 
Uncalled bet (400) returned to oleto1
oleto1 collected 120 from pot
oleto1: doesn't show hand 
*** SUMMARY ***
Total pot 120 | Rake 0 
Seat 2: Mahu2021 (button) (small blind) folded before Flop
Seat 3: oleto1 (big blind) collected (120)



PokerStars Hand #247846030674: Tournament #3690961000, $1.84+$0.16 USD Hold'em No Limit - Level IV (30/60) - 2023/12/24 20:36:37 CET [2023/12/24 14:36:37 ET]
Table '3690961000 1' 3-max Seat #3 is the button
Seat 2: Mahu2021 (980 in chips) 
Seat 3: oleto1 (520 in chips) 
oleto1: posts small blind 30
Mahu2021: posts big blind 60
*** HOLE CARDS ***
Dealt to Mahu2021 [5d 4h]
oleto1: calls 30
Mahu2021: checks 
*** FLOP *** [2s 2c Qc]
Mahu2021: checks 
oleto1: bets 60
Mahu2021: folds 
Uncalled bet (60) returned to oleto1
oleto1 collected 120 from pot
oleto1: doesn't show hand 
*** SUMMARY ***
Total pot 120 | Rake 0 
Board [2s 2c Qc]
Seat 2: Mahu2021 (big blind) folded on the Flop
Seat 3: oleto1 (button) (small blind) collected (120)



PokerStars Hand #247846033629: Tournament #3690961000, $1.84+$0.16 USD Hold'em No Limit - Level IV (30/60) - 2023/12/24 20:36:49 CET [2023/12/24 14:36:49 ET]
Table '3690961000 1' 3-max Seat #2 is the button
Seat 2: Mahu2021 (920 in chips) 
Seat 3: oleto1 (580 in chips) 
Mahu2021: posts small blind 30
oleto1: posts big blind 60
*** HOLE CARDS ***
Dealt to Mahu2021 [5s Qh]
Mahu2021: calls 30
oleto1: raises 520 to 580 and is all-in
Mahu2021: folds 
Uncalled bet (520) returned to oleto1
oleto1 collected 120 from pot
oleto1: doesn't show hand 
*** SUMMARY ***
Total pot 120 | Rake 0 
Seat 2: Mahu2021 (button) (small blind) folded before Flop
Seat 3: oleto1 (big blind) collected (120)



PokerStars Hand #247846035590: Tournament #3690961000, $1.84+$0.16 USD Hold'em No Limit - Level IV (30/60) - 2023/12/24 20:36:56 CET [2023/12/24 14:36:56 ET]
Table '3690961000 1' 3-max Seat #3 is the button
Seat 2: Mahu2021 (860 in chips) 
Seat 3: oleto1 (640 in chips) 
oleto1: posts small blind 30
Mahu2021: posts big blind 60
*** HOLE CARDS ***
Dealt to Mahu2021 [9h 2s]
oleto1: raises 580 to 640 and is all-in
Mahu2021: folds 
Uncalled bet (580) returned to oleto1
oleto1 collected 120 from pot
oleto1: doesn't show hand 
*** SUMMARY ***
Total pot 120 | Rake 0 
Seat 2: Mahu2021 (big blind) folded before Flop
Seat 3: oleto1 (button) (small blind) collected (120)



PokerStars Hand #247846037152: Tournament #3690961000, $1.84+$0.16 USD Hold'em No Limit - Level IV (30/60) - 2023/12/24 20:37:02 CET [2023/12/24 14:37:02 ET]
Table '3690961000 1' 3-max Seat #2 is the button
Seat 2: Mahu2021 (800 in chips) 
Seat 3: oleto1 (700 in chips) 
Mahu2021: posts small blind 30
oleto1: posts big blind 60
*** HOLE CARDS ***
Dealt to Mahu2021 [9s 4c]
Mahu2021: folds 
Uncalled bet (30) returned to oleto1
oleto1 collected 60 from pot
oleto1: doesn't show hand 
*** SUMMARY ***
Total pot 60 | Rake 0 
Seat 2: Mahu2021 (button) (small blind) folded before Flop
Seat 3: oleto1 (big blind) collected (60)



PokerStars Hand #247846038348: Tournament #3690961000, $1.84+$0.16 USD Hold'em No Limit - Level IV (30/60) - 2023/12/24 20:37:06 CET [2023/12/24 14:37:06 ET]
Table '3690961000 1' 3-max Seat #3 is the button
Seat 2: Mahu2021 (770 in chips) 
Seat 3: oleto1 (730 in chips) 
oleto1: posts small blind 30
Mahu2021: posts big blind 60
*** HOLE CARDS ***
Dealt to Mahu2021 [Ad Js]
oleto1: raises 670 to 730 and is all-in
Mahu2021: calls 670
*** FLOP *** [8c Ks Jh]
*** TURN *** [8c Ks Jh] [9d]
*** RIVER *** [8c Ks Jh 9d] [2d]
*** SHOW DOWN ***
Mahu2021: shows [Ad Js] (a pair of Jacks)
oleto1: shows [9h Ac] (a pair of Nines)
Mahu2021 collected 1460 from pot
oleto1 finished the tournament in 2nd place
Mahu2021 wins the tournament and receives $8.00 - congratulations!
*** SUMMARY ***
Total pot 1460 | Rake 0 
Board [8c Ks Jh 9d 2d]
Seat 2: Mahu2021 (big blind) showed [Ad Js] and won (1460) with a pair of Jacks
Seat 3: oleto1 (button) (small blind) showed [9h Ac] and lost with a pair of Nines



