PokerStars Hand #248084105766: Tournament #3696609533, $1.84+$0.16 USD Hold'em No Limit - Level I (10/20) - 2024/01/05 20:55:07 CET [2024/01/05 14:55:07 ET]
Table '3696609533 1' 3-max Seat #1 is the button
Seat 1: hboot57 (500 in chips) 
Seat 2: Mahu2021 (500 in chips) 
Seat 3: jcrutke (500 in chips) 
Mahu2021: posts small blind 10
jcrutke: posts big blind 20
*** HOLE CARDS ***
Dealt to Mahu2021 [2s 4c]
hboot57: folds 
Mahu2021: folds 
Uncalled bet (10) returned to jcrutke
jcrutke collected 20 from pot
*** SUMMARY ***
Total pot 20 | Rake 0 
Seat 1: hboot57 (button) folded before Flop (didn't bet)
Seat 2: Mahu2021 (small blind) folded before Flop
Seat 3: jcrutke (big blind) collected (20)



PokerStars Hand #248084108442: Tournament #3696609533, $1.84+$0.16 USD Hold'em No Limit - Level I (10/20) - 2024/01/05 20:55:14 CET [2024/01/05 14:55:14 ET]
Table '3696609533 1' 3-max Seat #2 is the button
Seat 1: hboot57 (500 in chips) 
Seat 2: Mahu2021 (490 in chips) 
Seat 3: jcrutke (510 in chips) 
jcrutke: posts small blind 10
hboot57: posts big blind 20
*** HOLE CARDS ***
Dealt to Mahu2021 [Td 9c]
Mahu2021: raises 20 to 40
jcrutke: calls 30
hboot57: calls 20
*** FLOP *** [5s Ah Ac]
jcrutke: bets 60
hboot57: folds 
Mahu2021: folds 
Uncalled bet (60) returned to jcrutke
jcrutke collected 120 from pot
*** SUMMARY ***
Total pot 120 | Rake 0 
Board [5s Ah Ac]
Seat 1: hboot57 (big blind) folded on the Flop
Seat 2: Mahu2021 (button) folded on the Flop
Seat 3: jcrutke (small blind) collected (120)



PokerStars Hand #248084112580: Tournament #3696609533, $1.84+$0.16 USD Hold'em No Limit - Level I (10/20) - 2024/01/05 20:55:30 CET [2024/01/05 14:55:30 ET]
Table '3696609533 1' 3-max Seat #3 is the button
Seat 1: hboot57 (460 in chips) 
Seat 2: Mahu2021 (450 in chips) 
Seat 3: jcrutke (590 in chips) 
hboot57: posts small blind 10
Mahu2021: posts big blind 20
*** HOLE CARDS ***
Dealt to Mahu2021 [3d Jh]
jcrutke: folds 
hboot57: raises 40 to 60
Mahu2021: folds 
Uncalled bet (40) returned to hboot57
hboot57 collected 40 from pot
hboot57: doesn't show hand 
*** SUMMARY ***
Total pot 40 | Rake 0 
Seat 1: hboot57 (small blind) collected (40)
Seat 2: Mahu2021 (big blind) folded before Flop
Seat 3: jcrutke (button) folded before Flop (didn't bet)



PokerStars Hand #248084115026: Tournament #3696609533, $1.84+$0.16 USD Hold'em No Limit - Level I (10/20) - 2024/01/05 20:55:39 CET [2024/01/05 14:55:39 ET]
Table '3696609533 1' 3-max Seat #1 is the button
Seat 1: hboot57 (480 in chips) 
Seat 2: Mahu2021 (430 in chips) 
Seat 3: jcrutke (590 in chips) 
Mahu2021: posts small blind 10
jcrutke: posts big blind 20
*** HOLE CARDS ***
Dealt to Mahu2021 [4d Tc]
hboot57: folds 
Mahu2021: folds 
Uncalled bet (10) returned to jcrutke
jcrutke collected 20 from pot
*** SUMMARY ***
Total pot 20 | Rake 0 
Seat 1: hboot57 (button) folded before Flop (didn't bet)
Seat 2: Mahu2021 (small blind) folded before Flop
Seat 3: jcrutke (big blind) collected (20)



PokerStars Hand #248084116504: Tournament #3696609533, $1.84+$0.16 USD Hold'em No Limit - Level I (10/20) - 2024/01/05 20:55:44 CET [2024/01/05 14:55:44 ET]
Table '3696609533 1' 3-max Seat #2 is the button
Seat 1: hboot57 (480 in chips) 
Seat 2: Mahu2021 (420 in chips) 
Seat 3: jcrutke (600 in chips) 
jcrutke: posts small blind 10
hboot57: posts big blind 20
*** HOLE CARDS ***
Dealt to Mahu2021 [6s Kc]
Mahu2021: folds 
jcrutke: raises 40 to 60
hboot57: folds 
Uncalled bet (40) returned to jcrutke
jcrutke collected 40 from pot
*** SUMMARY ***
Total pot 40 | Rake 0 
Seat 1: hboot57 (big blind) folded before Flop
Seat 2: Mahu2021 (button) folded before Flop (didn't bet)
Seat 3: jcrutke (small blind) collected (40)



PokerStars Hand #248084118834: Tournament #3696609533, $1.84+$0.16 USD Hold'em No Limit - Level I (10/20) - 2024/01/05 20:55:53 CET [2024/01/05 14:55:53 ET]
Table '3696609533 1' 3-max Seat #3 is the button
Seat 1: hboot57 (460 in chips) 
Seat 2: Mahu2021 (420 in chips) 
Seat 3: jcrutke (620 in chips) 
hboot57: posts small blind 10
Mahu2021: posts big blind 20
*** HOLE CARDS ***
Dealt to Mahu2021 [Kd Qd]
jcrutke: folds 
hboot57: calls 10
Mahu2021: raises 40 to 60
hboot57: folds 
Uncalled bet (40) returned to Mahu2021
Mahu2021 collected 40 from pot
Mahu2021: doesn't show hand 
*** SUMMARY ***
Total pot 40 | Rake 0 
Seat 1: hboot57 (small blind) folded before Flop
Seat 2: Mahu2021 (big blind) collected (40)
Seat 3: jcrutke (button) folded before Flop (didn't bet)



PokerStars Hand #248084122327: Tournament #3696609533, $1.84+$0.16 USD Hold'em No Limit - Level I (10/20) - 2024/01/05 20:56:07 CET [2024/01/05 14:56:07 ET]
Table '3696609533 1' 3-max Seat #1 is the button
Seat 1: hboot57 (440 in chips) 
Seat 2: Mahu2021 (440 in chips) 
Seat 3: jcrutke (620 in chips) 
Mahu2021: posts small blind 10
jcrutke: posts big blind 20
*** HOLE CARDS ***
Dealt to Mahu2021 [4s Td]
hboot57: folds 
Mahu2021: folds 
Uncalled bet (10) returned to jcrutke
jcrutke collected 20 from pot
*** SUMMARY ***
Total pot 20 | Rake 0 
Seat 1: hboot57 (button) folded before Flop (didn't bet)
Seat 2: Mahu2021 (small blind) folded before Flop
Seat 3: jcrutke (big blind) collected (20)



PokerStars Hand #248084123821: Tournament #3696609533, $1.84+$0.16 USD Hold'em No Limit - Level I (10/20) - 2024/01/05 20:56:12 CET [2024/01/05 14:56:12 ET]
Table '3696609533 1' 3-max Seat #2 is the button
Seat 1: hboot57 (440 in chips) 
Seat 2: Mahu2021 (430 in chips) 
Seat 3: jcrutke (630 in chips) 
jcrutke: posts small blind 10
hboot57: posts big blind 20
*** HOLE CARDS ***
Dealt to Mahu2021 [3c 8c]
Mahu2021: folds 
jcrutke: raises 40 to 60
hboot57: calls 40
*** FLOP *** [Ac 7h Ts]
jcrutke: bets 60
hboot57: folds 
Uncalled bet (60) returned to jcrutke
jcrutke collected 120 from pot
*** SUMMARY ***
Total pot 120 | Rake 0 
Board [Ac 7h Ts]
Seat 1: hboot57 (big blind) folded on the Flop
Seat 2: Mahu2021 (button) folded before Flop (didn't bet)
Seat 3: jcrutke (small blind) collected (120)



PokerStars Hand #248084127977: Tournament #3696609533, $1.84+$0.16 USD Hold'em No Limit - Level I (10/20) - 2024/01/05 20:56:28 CET [2024/01/05 14:56:28 ET]
Table '3696609533 1' 3-max Seat #3 is the button
Seat 1: hboot57 (380 in chips) 
Seat 2: Mahu2021 (430 in chips) 
Seat 3: jcrutke (690 in chips) 
hboot57: posts small blind 10
Mahu2021: posts big blind 20
*** HOLE CARDS ***
Dealt to Mahu2021 [8h Kd]
jcrutke: raises 50 to 70
hboot57: folds 
Mahu2021: folds 
Uncalled bet (50) returned to jcrutke
jcrutke collected 50 from pot
*** SUMMARY ***
Total pot 50 | Rake 0 
Seat 1: hboot57 (small blind) folded before Flop
Seat 2: Mahu2021 (big blind) folded before Flop
Seat 3: jcrutke (button) collected (50)



PokerStars Hand #248084131407: Tournament #3696609533, $1.84+$0.16 USD Hold'em No Limit - Level I (10/20) - 2024/01/05 20:56:40 CET [2024/01/05 14:56:40 ET]
Table '3696609533 1' 3-max Seat #1 is the button
Seat 1: hboot57 (370 in chips) 
Seat 2: Mahu2021 (410 in chips) 
Seat 3: jcrutke (720 in chips) 
Mahu2021: posts small blind 10
jcrutke: posts big blind 20
*** HOLE CARDS ***
Dealt to Mahu2021 [5c Ks]
hboot57: folds 
Mahu2021: calls 10
jcrutke: raises 40 to 60
Mahu2021: folds 
Uncalled bet (40) returned to jcrutke
jcrutke collected 40 from pot
*** SUMMARY ***
Total pot 40 | Rake 0 
Seat 1: hboot57 (button) folded before Flop (didn't bet)
Seat 2: Mahu2021 (small blind) folded before Flop
Seat 3: jcrutke (big blind) collected (40)



PokerStars Hand #248084134847: Tournament #3696609533, $1.84+$0.16 USD Hold'em No Limit - Level I (10/20) - 2024/01/05 20:56:53 CET [2024/01/05 14:56:53 ET]
Table '3696609533 1' 3-max Seat #2 is the button
Seat 1: hboot57 (370 in chips) 
Seat 2: Mahu2021 (390 in chips) 
Seat 3: jcrutke (740 in chips) 
jcrutke: posts small blind 10
hboot57: posts big blind 20
*** HOLE CARDS ***
Dealt to Mahu2021 [5d 8d]
Mahu2021: calls 20
jcrutke: folds 
hboot57: checks 
*** FLOP *** [Qc 2s 5s]
hboot57: checks 
Mahu2021: bets 20
hboot57: folds 
Uncalled bet (20) returned to Mahu2021
Mahu2021 collected 50 from pot
Mahu2021: doesn't show hand 
*** SUMMARY ***
Total pot 50 | Rake 0 
Board [Qc 2s 5s]
Seat 1: hboot57 (big blind) folded on the Flop
Seat 2: Mahu2021 (button) collected (50)
Seat 3: jcrutke (small blind) folded before Flop



PokerStars Hand #248084138357: Tournament #3696609533, $1.84+$0.16 USD Hold'em No Limit - Level I (10/20) - 2024/01/05 20:57:06 CET [2024/01/05 14:57:06 ET]
Table '3696609533 1' 3-max Seat #3 is the button
Seat 1: hboot57 (350 in chips) 
Seat 2: Mahu2021 (420 in chips) 
Seat 3: jcrutke (730 in chips) 
hboot57: posts small blind 10
Mahu2021: posts big blind 20
*** HOLE CARDS ***
Dealt to Mahu2021 [2c As]
jcrutke: raises 50 to 70
hboot57: calls 60
Mahu2021: folds 
*** FLOP *** [9d Qs 2h]
hboot57: bets 20
jcrutke: raises 100 to 120
hboot57: calls 100
*** TURN *** [9d Qs 2h] [Tc]
hboot57: bets 20
jcrutke: raises 220 to 240
hboot57: calls 140 and is all-in
Uncalled bet (80) returned to jcrutke
*** RIVER *** [9d Qs 2h Tc] [3d]
*** SHOW DOWN ***
hboot57: shows [Ah 2s] (a pair of Deuces)
jcrutke: shows [Ad 7h] (high card Ace)
hboot57 collected 720 from pot
*** SUMMARY ***
Total pot 720 | Rake 0 
Board [9d Qs 2h Tc 3d]
Seat 1: hboot57 (small blind) showed [Ah 2s] and won (720) with a pair of Deuces
Seat 2: Mahu2021 (big blind) folded before Flop
Seat 3: jcrutke (button) showed [Ad 7h] and lost with high card Ace



PokerStars Hand #248084147512: Tournament #3696609533, $1.84+$0.16 USD Hold'em No Limit - Level II (15/30) - 2024/01/05 20:57:40 CET [2024/01/05 14:57:40 ET]
Table '3696609533 1' 3-max Seat #1 is the button
Seat 1: hboot57 (720 in chips) 
Seat 2: Mahu2021 (400 in chips) 
Seat 3: jcrutke (380 in chips) 
Mahu2021: posts small blind 15
jcrutke: posts big blind 30
*** HOLE CARDS ***
Dealt to Mahu2021 [6c Jh]
hboot57: folds 
Mahu2021: folds 
Uncalled bet (15) returned to jcrutke
jcrutke collected 30 from pot
*** SUMMARY ***
Total pot 30 | Rake 0 
Seat 1: hboot57 (button) folded before Flop (didn't bet)
Seat 2: Mahu2021 (small blind) folded before Flop
Seat 3: jcrutke (big blind) collected (30)



PokerStars Hand #248084149298: Tournament #3696609533, $1.84+$0.16 USD Hold'em No Limit - Level II (15/30) - 2024/01/05 20:57:47 CET [2024/01/05 14:57:47 ET]
Table '3696609533 1' 3-max Seat #2 is the button
Seat 1: hboot57 (720 in chips) 
Seat 2: Mahu2021 (385 in chips) 
Seat 3: jcrutke (395 in chips) 
jcrutke: posts small blind 15
hboot57: posts big blind 30
*** HOLE CARDS ***
Dealt to Mahu2021 [5h 3c]
Mahu2021: folds 
jcrutke: raises 60 to 90
hboot57: folds 
Uncalled bet (60) returned to jcrutke
jcrutke collected 60 from pot
*** SUMMARY ***
Total pot 60 | Rake 0 
Seat 1: hboot57 (big blind) folded before Flop
Seat 2: Mahu2021 (button) folded before Flop (didn't bet)
Seat 3: jcrutke (small blind) collected (60)



PokerStars Hand #248084151916: Tournament #3696609533, $1.84+$0.16 USD Hold'em No Limit - Level II (15/30) - 2024/01/05 20:57:57 CET [2024/01/05 14:57:57 ET]
Table '3696609533 1' 3-max Seat #3 is the button
Seat 1: hboot57 (690 in chips) 
Seat 2: Mahu2021 (385 in chips) 
Seat 3: jcrutke (425 in chips) 
hboot57: posts small blind 15
Mahu2021: posts big blind 30
*** HOLE CARDS ***
Dealt to Mahu2021 [Jh 6c]
jcrutke: folds 
hboot57: folds 
Uncalled bet (15) returned to Mahu2021
Mahu2021 collected 30 from pot
Mahu2021: doesn't show hand 
*** SUMMARY ***
Total pot 30 | Rake 0 
Seat 1: hboot57 (small blind) folded before Flop
Seat 2: Mahu2021 (big blind) collected (30)
Seat 3: jcrutke (button) folded before Flop (didn't bet)



PokerStars Hand #248084153873: Tournament #3696609533, $1.84+$0.16 USD Hold'em No Limit - Level II (15/30) - 2024/01/05 20:58:04 CET [2024/01/05 14:58:04 ET]
Table '3696609533 1' 3-max Seat #1 is the button
Seat 1: hboot57 (675 in chips) 
Seat 2: Mahu2021 (400 in chips) 
Seat 3: jcrutke (425 in chips) 
Mahu2021: posts small blind 15
jcrutke: posts big blind 30
*** HOLE CARDS ***
Dealt to Mahu2021 [Ad Kd]
hboot57: raises 75 to 105
Mahu2021: raises 295 to 400 and is all-in
jcrutke: folds 
hboot57: calls 295
*** FLOP *** [9d 9h 6c]
*** TURN *** [9d 9h 6c] [As]
*** RIVER *** [9d 9h 6c As] [8d]
*** SHOW DOWN ***
Mahu2021: shows [Ad Kd] (two pair, Aces and Nines)
hboot57: shows [4d 6d] (two pair, Nines and Sixes)
Mahu2021 collected 830 from pot
*** SUMMARY ***
Total pot 830 | Rake 0 
Board [9d 9h 6c As 8d]
Seat 1: hboot57 (button) showed [4d 6d] and lost with two pair, Nines and Sixes
Seat 2: Mahu2021 (small blind) showed [Ad Kd] and won (830) with two pair, Aces and Nines
Seat 3: jcrutke (big blind) folded before Flop



PokerStars Hand #248084159065: Tournament #3696609533, $1.84+$0.16 USD Hold'em No Limit - Level II (15/30) - 2024/01/05 20:58:23 CET [2024/01/05 14:58:23 ET]
Table '3696609533 1' 3-max Seat #2 is the button
Seat 1: hboot57 (275 in chips) 
Seat 2: Mahu2021 (830 in chips) 
Seat 3: jcrutke (395 in chips) 
jcrutke: posts small blind 15
hboot57: posts big blind 30
*** HOLE CARDS ***
Dealt to Mahu2021 [Ac Ts]
Mahu2021: calls 30
jcrutke: raises 60 to 90
hboot57: folds 
Mahu2021: raises 740 to 830 and is all-in
jcrutke: calls 305 and is all-in
Uncalled bet (435) returned to Mahu2021
*** FLOP *** [4d Jh 5d]
*** TURN *** [4d Jh 5d] [3s]
*** RIVER *** [4d Jh 5d 3s] [6h]
*** SHOW DOWN ***
jcrutke: shows [9s Ks] (high card King)
Mahu2021: shows [Ac Ts] (high card Ace)
Mahu2021 collected 820 from pot
jcrutke finished the tournament in 3rd place
*** SUMMARY ***
Total pot 820 | Rake 0 
Board [4d Jh 5d 3s 6h]
Seat 1: hboot57 (big blind) folded before Flop
Seat 2: Mahu2021 (button) showed [Ac Ts] and won (820) with high card Ace
Seat 3: jcrutke (small blind) showed [9s Ks] and lost with high card King



PokerStars Hand #248084166302: Tournament #3696609533, $1.84+$0.16 USD Hold'em No Limit - Level II (15/30) - 2024/01/05 20:58:50 CET [2024/01/05 14:58:50 ET]
Table '3696609533 1' 3-max Seat #1 is the button
Seat 1: hboot57 (245 in chips) 
Seat 2: Mahu2021 (1255 in chips) 
hboot57: posts small blind 15
Mahu2021: posts big blind 30
*** HOLE CARDS ***
Dealt to Mahu2021 [8s Jd]
hboot57: raises 215 to 245 and is all-in
Mahu2021: calls 215
*** FLOP *** [9d 2c 8c]
*** TURN *** [9d 2c 8c] [Kd]
*** RIVER *** [9d 2c 8c Kd] [4d]
*** SHOW DOWN ***
Mahu2021: shows [8s Jd] (a pair of Eights)
hboot57: shows [Qd 8h] (a pair of Eights - King+Queen kicker)
hboot57 collected 490 from pot
*** SUMMARY ***
Total pot 490 | Rake 0 
Board [9d 2c 8c Kd 4d]
Seat 1: hboot57 (button) (small blind) showed [Qd 8h] and won (490) with a pair of Eights
Seat 2: Mahu2021 (big blind) showed [8s Jd] and lost with a pair of Eights



PokerStars Hand #248084172797: Tournament #3696609533, $1.84+$0.16 USD Hold'em No Limit - Level III (20/40) - 2024/01/05 20:59:14 CET [2024/01/05 14:59:14 ET]
Table '3696609533 1' 3-max Seat #2 is the button
Seat 1: hboot57 (490 in chips) 
Seat 2: Mahu2021 (1010 in chips) 
Mahu2021: posts small blind 20
hboot57: posts big blind 40
*** HOLE CARDS ***
Dealt to Mahu2021 [7h Kc]
Mahu2021: calls 20
hboot57: checks 
*** FLOP *** [5d 2s 7s]
hboot57: bets 450 and is all-in
Mahu2021: calls 450
*** TURN *** [5d 2s 7s] [5h]
*** RIVER *** [5d 2s 7s 5h] [4s]
*** SHOW DOWN ***
hboot57: shows [7d 9c] (two pair, Sevens and Fives)
Mahu2021: shows [7h Kc] (two pair, Sevens and Fives - King kicker)
Mahu2021 collected 980 from pot
hboot57 finished the tournament in 2nd place
Mahu2021 wins the tournament and receives $4.00 - congratulations!
*** SUMMARY ***
Total pot 980 | Rake 0 
Board [5d 2s 7s 5h 4s]
Seat 1: hboot57 (big blind) showed [7d 9c] and lost with two pair, Sevens and Fives
Seat 2: Mahu2021 (button) (small blind) showed [7h Kc] and won (980) with two pair, Sevens and Fives



