PokerStars Hand #246982109931: Tournament #3669677893, $1.84+$0.16 USD Hold'em No Limit - Level I (10/20) - 2023/11/07 20:01:53 CET [2023/11/07 14:01:53 ET]
Table '3669677893 1' 3-max Seat #1 is the button
Seat 1: Felo1704 (500 in chips) 
Seat 2: Antonioefrajola (500 in chips) 
Seat 3: Mahu2021 (500 in chips) 
Antonioefrajola: posts small blind 10
Mahu2021: posts big blind 20
*** HOLE CARDS ***
Dealt to Mahu2021 [3h 2c]
Felo1704: folds 
Antonioefrajola: calls 10
Mahu2021: checks 
*** FLOP *** [Jh 5h Th]
Antonioefrajola: checks 
Mahu2021: checks 
*** TURN *** [Jh 5h Th] [7h]
Antonioefrajola: checks 
Mahu2021: bets 40
Antonioefrajola: folds 
Uncalled bet (40) returned to Mahu2021
Mahu2021 collected 40 from pot
Mahu2021: doesn't show hand 
*** SUMMARY ***
Total pot 40 | Rake 0 
Board [Jh 5h Th 7h]
Seat 1: Felo1704 (button) folded before Flop (didn't bet)
Seat 2: Antonioefrajola (small blind) folded on the Turn
Seat 3: Mahu2021 (big blind) collected (40)



PokerStars Hand #246982117274: Tournament #3669677893, $1.84+$0.16 USD Hold'em No Limit - Level I (10/20) - 2023/11/07 20:02:17 CET [2023/11/07 14:02:17 ET]
Table '3669677893 1' 3-max Seat #2 is the button
Seat 1: Felo1704 (500 in chips) 
Seat 2: Antonioefrajola (480 in chips) 
Seat 3: Mahu2021 (520 in chips) 
Mahu2021: posts small blind 10
Felo1704: posts big blind 20
*** HOLE CARDS ***
Dealt to Mahu2021 [2d 4h]
Antonioefrajola: raises 20 to 40
Mahu2021: folds 
Felo1704: raises 460 to 500 and is all-in
Antonioefrajola: folds 
Uncalled bet (460) returned to Felo1704
Felo1704 collected 90 from pot
Felo1704: doesn't show hand 
*** SUMMARY ***
Total pot 90 | Rake 0 
Seat 1: Felo1704 (big blind) collected (90)
Seat 2: Antonioefrajola (button) folded before Flop
Seat 3: Mahu2021 (small blind) folded before Flop



PokerStars Hand #246982121376: Tournament #3669677893, $1.84+$0.16 USD Hold'em No Limit - Level I (10/20) - 2023/11/07 20:02:30 CET [2023/11/07 14:02:30 ET]
Table '3669677893 1' 3-max Seat #3 is the button
Seat 1: Felo1704 (550 in chips) 
Seat 2: Antonioefrajola (440 in chips) 
Seat 3: Mahu2021 (510 in chips) 
Felo1704: posts small blind 10
Antonioefrajola: posts big blind 20
*** HOLE CARDS ***
Dealt to Mahu2021 [Js 7s]
Mahu2021: calls 20
Felo1704: calls 10
Antonioefrajola: checks 
*** FLOP *** [Jh 5h Tc]
Felo1704: checks 
Antonioefrajola: checks 
Mahu2021: bets 40
Felo1704: calls 40
Antonioefrajola: folds 
*** TURN *** [Jh 5h Tc] [7h]
Felo1704: checks 
Mahu2021: bets 140
Felo1704: folds 
Uncalled bet (140) returned to Mahu2021
Mahu2021 collected 140 from pot
Mahu2021: doesn't show hand 
*** SUMMARY ***
Total pot 140 | Rake 0 
Board [Jh 5h Tc 7h]
Seat 1: Felo1704 (small blind) folded on the Turn
Seat 2: Antonioefrajola (big blind) folded on the Flop
Seat 3: Mahu2021 (button) collected (140)



PokerStars Hand #246982128324: Tournament #3669677893, $1.84+$0.16 USD Hold'em No Limit - Level I (10/20) - 2023/11/07 20:02:53 CET [2023/11/07 14:02:53 ET]
Table '3669677893 1' 3-max Seat #1 is the button
Seat 1: Felo1704 (490 in chips) 
Seat 2: Antonioefrajola (420 in chips) 
Seat 3: Mahu2021 (590 in chips) 
Antonioefrajola: posts small blind 10
Mahu2021: posts big blind 20
*** HOLE CARDS ***
Dealt to Mahu2021 [Qd Ac]
Felo1704: raises 20 to 40
Antonioefrajola: folds 
Mahu2021: calls 20
*** FLOP *** [Js 7h Qh]
Mahu2021: bets 60
Felo1704: raises 120 to 180
Mahu2021: raises 370 to 550 and is all-in
Felo1704: calls 270 and is all-in
Uncalled bet (100) returned to Mahu2021
*** TURN *** [Js 7h Qh] [9c]
*** RIVER *** [Js 7h Qh 9c] [Ts]
*** SHOW DOWN ***
Mahu2021: shows [Qd Ac] (a pair of Queens)
Felo1704: shows [Qc As] (a pair of Queens)
Mahu2021 collected 495 from pot
Felo1704 collected 495 from pot
*** SUMMARY ***
Total pot 990 | Rake 0 
Board [Js 7h Qh 9c Ts]
Seat 1: Felo1704 (button) showed [Qc As] and won (495) with a pair of Queens
Seat 2: Antonioefrajola (small blind) folded before Flop
Seat 3: Mahu2021 (big blind) showed [Qd Ac] and won (495) with a pair of Queens



PokerStars Hand #246982136149: Tournament #3669677893, $1.84+$0.16 USD Hold'em No Limit - Level I (10/20) - 2023/11/07 20:03:18 CET [2023/11/07 14:03:18 ET]
Table '3669677893 1' 3-max Seat #2 is the button
Seat 1: Felo1704 (495 in chips) 
Seat 2: Antonioefrajola (410 in chips) 
Seat 3: Mahu2021 (595 in chips) 
Mahu2021: posts small blind 10
Felo1704: posts big blind 20
*** HOLE CARDS ***
Dealt to Mahu2021 [5s 3c]
Antonioefrajola: raises 20 to 40
Mahu2021: calls 30
Felo1704: folds 
*** FLOP *** [4h Js Ac]
Mahu2021: checks 
Antonioefrajola: bets 50
Mahu2021: calls 50
*** TURN *** [4h Js Ac] [6h]
Mahu2021: checks 
Antonioefrajola: checks 
*** RIVER *** [4h Js Ac 6h] [Tc]
Mahu2021: checks 
Antonioefrajola: checks 
*** SHOW DOWN ***
Mahu2021: shows [5s 3c] (high card Ace)
Antonioefrajola: shows [Ts 7s] (a pair of Tens)
Antonioefrajola collected 200 from pot
*** SUMMARY ***
Total pot 200 | Rake 0 
Board [4h Js Ac 6h Tc]
Seat 1: Felo1704 (big blind) folded before Flop
Seat 2: Antonioefrajola (button) showed [Ts 7s] and won (200) with a pair of Tens
Seat 3: Mahu2021 (small blind) showed [5s 3c] and lost with high card Ace



PokerStars Hand #246982148026: Tournament #3669677893, $1.84+$0.16 USD Hold'em No Limit - Level I (10/20) - 2023/11/07 20:03:57 CET [2023/11/07 14:03:57 ET]
Table '3669677893 1' 3-max Seat #3 is the button
Seat 1: Felo1704 (475 in chips) 
Seat 2: Antonioefrajola (520 in chips) 
Seat 3: Mahu2021 (505 in chips) 
Felo1704: posts small blind 10
Antonioefrajola: posts big blind 20
*** HOLE CARDS ***
Dealt to Mahu2021 [3s Jh]
Mahu2021: folds 
Felo1704: raises 40 to 60
Antonioefrajola: folds 
Uncalled bet (40) returned to Felo1704
Felo1704 collected 40 from pot
Felo1704: doesn't show hand 
*** SUMMARY ***
Total pot 40 | Rake 0 
Seat 1: Felo1704 (small blind) collected (40)
Seat 2: Antonioefrajola (big blind) folded before Flop
Seat 3: Mahu2021 (button) folded before Flop (didn't bet)



PokerStars Hand #246982150914: Tournament #3669677893, $1.84+$0.16 USD Hold'em No Limit - Level I (10/20) - 2023/11/07 20:04:06 CET [2023/11/07 14:04:06 ET]
Table '3669677893 1' 3-max Seat #1 is the button
Seat 1: Felo1704 (495 in chips) 
Seat 2: Antonioefrajola (500 in chips) 
Seat 3: Mahu2021 (505 in chips) 
Antonioefrajola: posts small blind 10
Mahu2021: posts big blind 20
*** HOLE CARDS ***
Dealt to Mahu2021 [As Ts]
Felo1704: folds 
Antonioefrajola: folds 
Uncalled bet (10) returned to Mahu2021
Mahu2021 collected 20 from pot
Mahu2021: doesn't show hand 
*** SUMMARY ***
Total pot 20 | Rake 0 
Seat 1: Felo1704 (button) folded before Flop (didn't bet)
Seat 2: Antonioefrajola (small blind) folded before Flop
Seat 3: Mahu2021 (big blind) collected (20)



PokerStars Hand #246982152726: Tournament #3669677893, $1.84+$0.16 USD Hold'em No Limit - Level I (10/20) - 2023/11/07 20:04:12 CET [2023/11/07 14:04:12 ET]
Table '3669677893 1' 3-max Seat #2 is the button
Seat 1: Felo1704 (495 in chips) 
Seat 2: Antonioefrajola (490 in chips) 
Seat 3: Mahu2021 (515 in chips) 
Mahu2021: posts small blind 10
Felo1704: posts big blind 20
*** HOLE CARDS ***
Dealt to Mahu2021 [6d 8h]
Antonioefrajola: folds 
Mahu2021: calls 10
Felo1704: checks 
*** FLOP *** [Qs Jh Th]
Mahu2021: checks 
Felo1704: checks 
*** TURN *** [Qs Jh Th] [Jc]
Mahu2021: checks 
Felo1704: bets 30
Mahu2021: folds 
Uncalled bet (30) returned to Felo1704
Felo1704 collected 40 from pot
Felo1704: doesn't show hand 
*** SUMMARY ***
Total pot 40 | Rake 0 
Board [Qs Jh Th Jc]
Seat 1: Felo1704 (big blind) collected (40)
Seat 2: Antonioefrajola (button) folded before Flop (didn't bet)
Seat 3: Mahu2021 (small blind) folded on the Turn



PokerStars Hand #246982159496: Tournament #3669677893, $1.84+$0.16 USD Hold'em No Limit - Level I (10/20) - 2023/11/07 20:04:34 CET [2023/11/07 14:04:34 ET]
Table '3669677893 1' 3-max Seat #3 is the button
Seat 1: Felo1704 (515 in chips) 
Seat 2: Antonioefrajola (490 in chips) 
Seat 3: Mahu2021 (495 in chips) 
Felo1704: posts small blind 10
Antonioefrajola: posts big blind 20
*** HOLE CARDS ***
Dealt to Mahu2021 [3c 9c]
Mahu2021: folds 
Felo1704: raises 40 to 60
Antonioefrajola: folds 
Uncalled bet (40) returned to Felo1704
Felo1704 collected 40 from pot
Felo1704: doesn't show hand 
*** SUMMARY ***
Total pot 40 | Rake 0 
Seat 1: Felo1704 (small blind) collected (40)
Seat 2: Antonioefrajola (big blind) folded before Flop
Seat 3: Mahu2021 (button) folded before Flop (didn't bet)



PokerStars Hand #246982163944: Tournament #3669677893, $1.84+$0.16 USD Hold'em No Limit - Level I (10/20) - 2023/11/07 20:04:48 CET [2023/11/07 14:04:48 ET]
Table '3669677893 1' 3-max Seat #1 is the button
Seat 1: Felo1704 (535 in chips) 
Seat 2: Antonioefrajola (470 in chips) 
Seat 3: Mahu2021 (495 in chips) 
Antonioefrajola: posts small blind 10
Mahu2021: posts big blind 20
*** HOLE CARDS ***
Dealt to Mahu2021 [8d 4d]
Felo1704: folds 
Antonioefrajola: raises 450 to 470 and is all-in
Mahu2021: folds 
Uncalled bet (450) returned to Antonioefrajola
Antonioefrajola collected 40 from pot
*** SUMMARY ***
Total pot 40 | Rake 0 
Seat 1: Felo1704 (button) folded before Flop (didn't bet)
Seat 2: Antonioefrajola (small blind) collected (40)
Seat 3: Mahu2021 (big blind) folded before Flop



PokerStars Hand #246982168422: Tournament #3669677893, $1.84+$0.16 USD Hold'em No Limit - Level II (15/30) - 2023/11/07 20:05:01 CET [2023/11/07 14:05:01 ET]
Table '3669677893 1' 3-max Seat #2 is the button
Seat 1: Felo1704 (535 in chips) 
Seat 2: Antonioefrajola (490 in chips) 
Seat 3: Mahu2021 (475 in chips) 
Mahu2021: posts small blind 15
Felo1704: posts big blind 30
*** HOLE CARDS ***
Dealt to Mahu2021 [3h 6h]
Antonioefrajola: raises 30 to 60
Mahu2021: calls 45
Felo1704: raises 475 to 535 and is all-in
Antonioefrajola: folds 
Mahu2021: folds 
Uncalled bet (475) returned to Felo1704
Felo1704 collected 180 from pot
Felo1704: doesn't show hand 
*** SUMMARY ***
Total pot 180 | Rake 0 
Seat 1: Felo1704 (big blind) collected (180)
Seat 2: Antonioefrajola (button) folded before Flop
Seat 3: Mahu2021 (small blind) folded before Flop



PokerStars Hand #246982172940: Tournament #3669677893, $1.84+$0.16 USD Hold'em No Limit - Level II (15/30) - 2023/11/07 20:05:15 CET [2023/11/07 14:05:15 ET]
Table '3669677893 1' 3-max Seat #3 is the button
Seat 1: Felo1704 (655 in chips) 
Seat 2: Antonioefrajola (430 in chips) 
Seat 3: Mahu2021 (415 in chips) 
Felo1704: posts small blind 15
Antonioefrajola: posts big blind 30
*** HOLE CARDS ***
Dealt to Mahu2021 [Qs 8d]
Mahu2021: calls 30
Felo1704: raises 625 to 655 and is all-in
Antonioefrajola: folds 
Mahu2021: folds 
Uncalled bet (625) returned to Felo1704
Felo1704 collected 90 from pot
Felo1704: doesn't show hand 
*** SUMMARY ***
Total pot 90 | Rake 0 
Seat 1: Felo1704 (small blind) collected (90)
Seat 2: Antonioefrajola (big blind) folded before Flop
Seat 3: Mahu2021 (button) folded before Flop



PokerStars Hand #246982175660: Tournament #3669677893, $1.84+$0.16 USD Hold'em No Limit - Level II (15/30) - 2023/11/07 20:05:24 CET [2023/11/07 14:05:24 ET]
Table '3669677893 1' 3-max Seat #1 is the button
Seat 1: Felo1704 (715 in chips) 
Seat 2: Antonioefrajola (400 in chips) 
Seat 3: Mahu2021 (385 in chips) 
Antonioefrajola: posts small blind 15
Mahu2021: posts big blind 30
*** HOLE CARDS ***
Dealt to Mahu2021 [7d 4c]
Felo1704: raises 30 to 60
Antonioefrajola: raises 340 to 400 and is all-in
Mahu2021: folds 
Felo1704: folds 
Uncalled bet (340) returned to Antonioefrajola
Antonioefrajola collected 150 from pot
*** SUMMARY ***
Total pot 150 | Rake 0 
Seat 1: Felo1704 (button) folded before Flop
Seat 2: Antonioefrajola (small blind) collected (150)
Seat 3: Mahu2021 (big blind) folded before Flop



PokerStars Hand #246982179340: Tournament #3669677893, $1.84+$0.16 USD Hold'em No Limit - Level II (15/30) - 2023/11/07 20:05:35 CET [2023/11/07 14:05:35 ET]
Table '3669677893 1' 3-max Seat #2 is the button
Seat 1: Felo1704 (655 in chips) 
Seat 2: Antonioefrajola (490 in chips) 
Seat 3: Mahu2021 (355 in chips) 
Mahu2021: posts small blind 15
Felo1704: posts big blind 30
*** HOLE CARDS ***
Dealt to Mahu2021 [5c 9s]
Antonioefrajola: raises 30 to 60
Mahu2021: folds 
Felo1704: raises 595 to 655 and is all-in
Antonioefrajola: calls 430 and is all-in
Uncalled bet (165) returned to Felo1704
*** FLOP *** [3d Tc Qd]
*** TURN *** [3d Tc Qd] [Ad]
*** RIVER *** [3d Tc Qd Ad] [2d]
*** SHOW DOWN ***
Felo1704: shows [7c 7h] (a pair of Sevens)
Antonioefrajola: shows [Jh Kc] (a straight, Ten to Ace)
Antonioefrajola collected 995 from pot
*** SUMMARY ***
Total pot 995 | Rake 0 
Board [3d Tc Qd Ad 2d]
Seat 1: Felo1704 (big blind) showed [7c 7h] and lost with a pair of Sevens
Seat 2: Antonioefrajola (button) showed [Jh Kc] and won (995) with a straight, Ten to Ace
Seat 3: Mahu2021 (small blind) folded before Flop



PokerStars Hand #246982184245: Tournament #3669677893, $1.84+$0.16 USD Hold'em No Limit - Level II (15/30) - 2023/11/07 20:05:51 CET [2023/11/07 14:05:51 ET]
Table '3669677893 1' 3-max Seat #3 is the button
Seat 1: Felo1704 (165 in chips) 
Seat 2: Antonioefrajola (995 in chips) 
Seat 3: Mahu2021 (340 in chips) 
Felo1704: posts small blind 15
Antonioefrajola: posts big blind 30
*** HOLE CARDS ***
Dealt to Mahu2021 [Qs 8s]
Mahu2021: calls 30
Felo1704: folds 
Antonioefrajola: checks 
*** FLOP *** [Ks Qh 8d]
Antonioefrajola: checks 
Mahu2021: checks 
*** TURN *** [Ks Qh 8d] [Td]
Antonioefrajola: checks 
Mahu2021: bets 60
Antonioefrajola: folds 
Uncalled bet (60) returned to Mahu2021
Mahu2021 collected 75 from pot
Mahu2021: doesn't show hand 
*** SUMMARY ***
Total pot 75 | Rake 0 
Board [Ks Qh 8d Td]
Seat 1: Felo1704 (small blind) folded before Flop
Seat 2: Antonioefrajola (big blind) folded on the Turn
Seat 3: Mahu2021 (button) collected (75)



PokerStars Hand #246982190698: Tournament #3669677893, $1.84+$0.16 USD Hold'em No Limit - Level II (15/30) - 2023/11/07 20:06:11 CET [2023/11/07 14:06:11 ET]
Table '3669677893 1' 3-max Seat #1 is the button
Seat 1: Felo1704 (150 in chips) 
Seat 2: Antonioefrajola (965 in chips) 
Seat 3: Mahu2021 (385 in chips) 
Antonioefrajola: posts small blind 15
Mahu2021: posts big blind 30
*** HOLE CARDS ***
Dealt to Mahu2021 [6d 5s]
Felo1704: folds 
Antonioefrajola: folds 
Uncalled bet (15) returned to Mahu2021
Mahu2021 collected 30 from pot
Mahu2021: doesn't show hand 
*** SUMMARY ***
Total pot 30 | Rake 0 
Seat 1: Felo1704 (button) folded before Flop (didn't bet)
Seat 2: Antonioefrajola (small blind) folded before Flop
Seat 3: Mahu2021 (big blind) collected (30)



PokerStars Hand #246982192354: Tournament #3669677893, $1.84+$0.16 USD Hold'em No Limit - Level II (15/30) - 2023/11/07 20:06:16 CET [2023/11/07 14:06:16 ET]
Table '3669677893 1' 3-max Seat #2 is the button
Seat 1: Felo1704 (150 in chips) 
Seat 2: Antonioefrajola (950 in chips) 
Seat 3: Mahu2021 (400 in chips) 
Mahu2021: posts small blind 15
Felo1704: posts big blind 30
*** HOLE CARDS ***
Dealt to Mahu2021 [Jc Ad]
Antonioefrajola: folds 
Mahu2021: calls 15
Felo1704: raises 120 to 150 and is all-in
Mahu2021: calls 120
*** FLOP *** [As Ah 8c]
*** TURN *** [As Ah 8c] [4d]
*** RIVER *** [As Ah 8c 4d] [Qd]
*** SHOW DOWN ***
Mahu2021: shows [Jc Ad] (three of a kind, Aces)
Felo1704: shows [Qs 7d] (two pair, Aces and Queens)
Mahu2021 collected 300 from pot
Felo1704 finished the tournament in 3rd place
*** SUMMARY ***
Total pot 300 | Rake 0 
Board [As Ah 8c 4d Qd]
Seat 1: Felo1704 (big blind) showed [Qs 7d] and lost with two pair, Aces and Queens
Seat 2: Antonioefrajola (button) folded before Flop (didn't bet)
Seat 3: Mahu2021 (small blind) showed [Jc Ad] and won (300) with three of a kind, Aces



PokerStars Hand #246982199296: Tournament #3669677893, $1.84+$0.16 USD Hold'em No Limit - Level II (15/30) - 2023/11/07 20:06:37 CET [2023/11/07 14:06:37 ET]
Table '3669677893 1' 3-max Seat #3 is the button
Seat 2: Antonioefrajola (950 in chips) 
Seat 3: Mahu2021 (550 in chips) 
Mahu2021: posts small blind 15
Antonioefrajola: posts big blind 30
*** HOLE CARDS ***
Dealt to Mahu2021 [Kh 6c]
Mahu2021: calls 15
Antonioefrajola: checks 
*** FLOP *** [9c 4h Kd]
Antonioefrajola: checks 
Mahu2021: checks 
*** TURN *** [9c 4h Kd] [2d]
Antonioefrajola: bets 30
Mahu2021: calls 30
*** RIVER *** [9c 4h Kd 2d] [Ks]
Antonioefrajola: bets 30
Mahu2021: raises 90 to 120
Antonioefrajola: folds 
Uncalled bet (90) returned to Mahu2021
Mahu2021 collected 180 from pot
Mahu2021: doesn't show hand 
*** SUMMARY ***
Total pot 180 | Rake 0 
Board [9c 4h Kd 2d Ks]
Seat 2: Antonioefrajola (big blind) folded on the River
Seat 3: Mahu2021 (button) (small blind) collected (180)



PokerStars Hand #246982205996: Tournament #3669677893, $1.84+$0.16 USD Hold'em No Limit - Level II (15/30) - 2023/11/07 20:06:58 CET [2023/11/07 14:06:58 ET]
Table '3669677893 1' 3-max Seat #2 is the button
Seat 2: Antonioefrajola (860 in chips) 
Seat 3: Mahu2021 (640 in chips) 
Antonioefrajola: posts small blind 15
Mahu2021: posts big blind 30
*** HOLE CARDS ***
Dealt to Mahu2021 [Qc 7c]
Antonioefrajola: folds 
Uncalled bet (15) returned to Mahu2021
Mahu2021 collected 30 from pot
Mahu2021: doesn't show hand 
*** SUMMARY ***
Total pot 30 | Rake 0 
Seat 2: Antonioefrajola (button) (small blind) folded before Flop
Seat 3: Mahu2021 (big blind) collected (30)



PokerStars Hand #246982207492: Tournament #3669677893, $1.84+$0.16 USD Hold'em No Limit - Level II (15/30) - 2023/11/07 20:07:03 CET [2023/11/07 14:07:03 ET]
Table '3669677893 1' 3-max Seat #3 is the button
Seat 2: Antonioefrajola (845 in chips) 
Seat 3: Mahu2021 (655 in chips) 
Mahu2021: posts small blind 15
Antonioefrajola: posts big blind 30
*** HOLE CARDS ***
Dealt to Mahu2021 [2h Ts]
Mahu2021: folds 
Uncalled bet (15) returned to Antonioefrajola
Antonioefrajola collected 30 from pot
*** SUMMARY ***
Total pot 30 | Rake 0 
Seat 2: Antonioefrajola (big blind) collected (30)
Seat 3: Mahu2021 (button) (small blind) folded before Flop



PokerStars Hand #246982208934: Tournament #3669677893, $1.84+$0.16 USD Hold'em No Limit - Level II (15/30) - 2023/11/07 20:07:08 CET [2023/11/07 14:07:08 ET]
Table '3669677893 1' 3-max Seat #2 is the button
Seat 2: Antonioefrajola (860 in chips) 
Seat 3: Mahu2021 (640 in chips) 
Antonioefrajola: posts small blind 15
Mahu2021: posts big blind 30
*** HOLE CARDS ***
Dealt to Mahu2021 [2s Js]
Antonioefrajola: raises 30 to 60
Mahu2021: calls 30
*** FLOP *** [3s Kd 6c]
Mahu2021: checks 
Antonioefrajola: bets 60
Mahu2021: folds 
Uncalled bet (60) returned to Antonioefrajola
Antonioefrajola collected 120 from pot
Antonioefrajola: doesn't show hand 
*** SUMMARY ***
Total pot 120 | Rake 0 
Board [3s Kd 6c]
Seat 2: Antonioefrajola (button) (small blind) collected (120)
Seat 3: Mahu2021 (big blind) folded on the Flop



PokerStars Hand #246982213899: Tournament #3669677893, $1.84+$0.16 USD Hold'em No Limit - Level II (15/30) - 2023/11/07 20:07:23 CET [2023/11/07 14:07:23 ET]
Table '3669677893 1' 3-max Seat #3 is the button
Seat 2: Antonioefrajola (920 in chips) 
Seat 3: Mahu2021 (580 in chips) 
Mahu2021: posts small blind 15
Antonioefrajola: posts big blind 30
*** HOLE CARDS ***
Dealt to Mahu2021 [Ks 7h]
Mahu2021: calls 15
Antonioefrajola: checks 
*** FLOP *** [8h 4h 6s]
Antonioefrajola: checks 
Mahu2021: bets 60
Antonioefrajola: calls 60
*** TURN *** [8h 4h 6s] [8d]
Antonioefrajola: checks 
Mahu2021: checks 
*** RIVER *** [8h 4h 6s 8d] [Tc]
Antonioefrajola: bets 90
Mahu2021: folds 
Uncalled bet (90) returned to Antonioefrajola
Antonioefrajola collected 180 from pot
Antonioefrajola: doesn't show hand 
*** SUMMARY ***
Total pot 180 | Rake 0 
Board [8h 4h 6s 8d Tc]
Seat 2: Antonioefrajola (big blind) collected (180)
Seat 3: Mahu2021 (button) (small blind) folded on the River



PokerStars Hand #246982222167: Tournament #3669677893, $1.84+$0.16 USD Hold'em No Limit - Level II (15/30) - 2023/11/07 20:07:49 CET [2023/11/07 14:07:49 ET]
Table '3669677893 1' 3-max Seat #2 is the button
Seat 2: Antonioefrajola (1010 in chips) 
Seat 3: Mahu2021 (490 in chips) 
Antonioefrajola: posts small blind 15
Mahu2021: posts big blind 30
*** HOLE CARDS ***
Dealt to Mahu2021 [6c 8h]
Antonioefrajola: raises 30 to 60
Mahu2021: calls 30
*** FLOP *** [9h Qc Jd]
Mahu2021: checks 
Antonioefrajola: bets 120
Mahu2021: folds 
Uncalled bet (120) returned to Antonioefrajola
Antonioefrajola collected 120 from pot
Antonioefrajola: doesn't show hand 
*** SUMMARY ***
Total pot 120 | Rake 0 
Board [9h Qc Jd]
Seat 2: Antonioefrajola (button) (small blind) collected (120)
Seat 3: Mahu2021 (big blind) folded on the Flop



PokerStars Hand #246982227097: Tournament #3669677893, $1.84+$0.16 USD Hold'em No Limit - Level III (20/40) - 2023/11/07 20:08:04 CET [2023/11/07 14:08:04 ET]
Table '3669677893 1' 3-max Seat #3 is the button
Seat 2: Antonioefrajola (1070 in chips) 
Seat 3: Mahu2021 (430 in chips) 
Mahu2021: posts small blind 20
Antonioefrajola: posts big blind 40
*** HOLE CARDS ***
Dealt to Mahu2021 [Qc 5d]
Mahu2021: calls 20
Antonioefrajola: raises 1030 to 1070 and is all-in
Mahu2021: folds 
Uncalled bet (1030) returned to Antonioefrajola
Antonioefrajola collected 80 from pot
Antonioefrajola: doesn't show hand 
*** SUMMARY ***
Total pot 80 | Rake 0 
Seat 2: Antonioefrajola (big blind) collected (80)
Seat 3: Mahu2021 (button) (small blind) folded before Flop



PokerStars Hand #246982229798: Tournament #3669677893, $1.84+$0.16 USD Hold'em No Limit - Level III (20/40) - 2023/11/07 20:08:12 CET [2023/11/07 14:08:12 ET]
Table '3669677893 1' 3-max Seat #2 is the button
Seat 2: Antonioefrajola (1110 in chips) 
Seat 3: Mahu2021 (390 in chips) 
Antonioefrajola: posts small blind 20
Mahu2021: posts big blind 40
*** HOLE CARDS ***
Dealt to Mahu2021 [8c 3s]
Antonioefrajola: calls 20
Mahu2021: checks 
*** FLOP *** [6s 4h Ts]
Mahu2021: checks 
Antonioefrajola: checks 
*** TURN *** [6s 4h Ts] [7c]
Mahu2021: checks 
Antonioefrajola: checks 
*** RIVER *** [6s 4h Ts 7c] [7s]
Mahu2021: checks 
Antonioefrajola: checks 
*** SHOW DOWN ***
Mahu2021: shows [8c 3s] (a pair of Sevens)
Antonioefrajola: shows [9c 6c] (two pair, Sevens and Sixes)
Antonioefrajola collected 80 from pot
*** SUMMARY ***
Total pot 80 | Rake 0 
Board [6s 4h Ts 7c 7s]
Seat 2: Antonioefrajola (button) (small blind) showed [9c 6c] and won (80) with two pair, Sevens and Sixes
Seat 3: Mahu2021 (big blind) showed [8c 3s] and lost with a pair of Sevens



PokerStars Hand #246982234879: Tournament #3669677893, $1.84+$0.16 USD Hold'em No Limit - Level III (20/40) - 2023/11/07 20:08:28 CET [2023/11/07 14:08:28 ET]
Table '3669677893 1' 3-max Seat #3 is the button
Seat 2: Antonioefrajola (1150 in chips) 
Seat 3: Mahu2021 (350 in chips) 
Mahu2021: posts small blind 20
Antonioefrajola: posts big blind 40
*** HOLE CARDS ***
Dealt to Mahu2021 [5c Qh]
Mahu2021: folds 
Uncalled bet (20) returned to Antonioefrajola
Antonioefrajola collected 40 from pot
Antonioefrajola: doesn't show hand 
*** SUMMARY ***
Total pot 40 | Rake 0 
Seat 2: Antonioefrajola (big blind) collected (40)
Seat 3: Mahu2021 (button) (small blind) folded before Flop



PokerStars Hand #246982236254: Tournament #3669677893, $1.84+$0.16 USD Hold'em No Limit - Level III (20/40) - 2023/11/07 20:08:32 CET [2023/11/07 14:08:32 ET]
Table '3669677893 1' 3-max Seat #2 is the button
Seat 2: Antonioefrajola (1170 in chips) 
Seat 3: Mahu2021 (330 in chips) 
Antonioefrajola: posts small blind 20
Mahu2021: posts big blind 40
*** HOLE CARDS ***
Dealt to Mahu2021 [Ad 2d]
Antonioefrajola: calls 20
Mahu2021: checks 
*** FLOP *** [Tc 6s 8s]
Mahu2021: checks 
Antonioefrajola: checks 
*** TURN *** [Tc 6s 8s] [2h]
Mahu2021: bets 40
Antonioefrajola: folds 
Uncalled bet (40) returned to Mahu2021
Mahu2021 collected 80 from pot
Mahu2021: doesn't show hand 
*** SUMMARY ***
Total pot 80 | Rake 0 
Board [Tc 6s 8s 2h]
Seat 2: Antonioefrajola (button) (small blind) folded on the Turn
Seat 3: Mahu2021 (big blind) collected (80)



PokerStars Hand #246982240359: Tournament #3669677893, $1.84+$0.16 USD Hold'em No Limit - Level III (20/40) - 2023/11/07 20:08:45 CET [2023/11/07 14:08:45 ET]
Table '3669677893 1' 3-max Seat #3 is the button
Seat 2: Antonioefrajola (1130 in chips) 
Seat 3: Mahu2021 (370 in chips) 
Mahu2021: posts small blind 20
Antonioefrajola: posts big blind 40
*** HOLE CARDS ***
Dealt to Mahu2021 [Jh 8c]
Mahu2021: calls 20
Antonioefrajola: checks 
*** FLOP *** [7h 7s Qc]
Antonioefrajola: checks 
Mahu2021: bets 40
Antonioefrajola: folds 
Uncalled bet (40) returned to Mahu2021
Mahu2021 collected 80 from pot
Mahu2021: doesn't show hand 
*** SUMMARY ***
Total pot 80 | Rake 0 
Board [7h 7s Qc]
Seat 2: Antonioefrajola (big blind) folded on the Flop
Seat 3: Mahu2021 (button) (small blind) collected (80)



PokerStars Hand #246982244860: Tournament #3669677893, $1.84+$0.16 USD Hold'em No Limit - Level III (20/40) - 2023/11/07 20:08:59 CET [2023/11/07 14:08:59 ET]
Table '3669677893 1' 3-max Seat #2 is the button
Seat 2: Antonioefrajola (1090 in chips) 
Seat 3: Mahu2021 (410 in chips) 
Antonioefrajola: posts small blind 20
Mahu2021: posts big blind 40
*** HOLE CARDS ***
Dealt to Mahu2021 [2s 8d]
Antonioefrajola: folds 
Uncalled bet (20) returned to Mahu2021
Mahu2021 collected 40 from pot
Mahu2021: doesn't show hand 
*** SUMMARY ***
Total pot 40 | Rake 0 
Seat 2: Antonioefrajola (button) (small blind) folded before Flop
Seat 3: Mahu2021 (big blind) collected (40)



PokerStars Hand #246982246696: Tournament #3669677893, $1.84+$0.16 USD Hold'em No Limit - Level III (20/40) - 2023/11/07 20:09:05 CET [2023/11/07 14:09:05 ET]
Table '3669677893 1' 3-max Seat #3 is the button
Seat 2: Antonioefrajola (1070 in chips) 
Seat 3: Mahu2021 (430 in chips) 
Mahu2021: posts small blind 20
Antonioefrajola: posts big blind 40
*** HOLE CARDS ***
Dealt to Mahu2021 [5s 7s]
Mahu2021: calls 20
Antonioefrajola: raises 1030 to 1070 and is all-in
Mahu2021: folds 
Uncalled bet (1030) returned to Antonioefrajola
Antonioefrajola collected 80 from pot
Antonioefrajola: doesn't show hand 
*** SUMMARY ***
Total pot 80 | Rake 0 
Seat 2: Antonioefrajola (big blind) collected (80)
Seat 3: Mahu2021 (button) (small blind) folded before Flop



PokerStars Hand #246982249986: Tournament #3669677893, $1.84+$0.16 USD Hold'em No Limit - Level III (20/40) - 2023/11/07 20:09:15 CET [2023/11/07 14:09:15 ET]
Table '3669677893 1' 3-max Seat #2 is the button
Seat 2: Antonioefrajola (1110 in chips) 
Seat 3: Mahu2021 (390 in chips) 
Antonioefrajola: posts small blind 20
Mahu2021: posts big blind 40
*** HOLE CARDS ***
Dealt to Mahu2021 [6s 3s]
Antonioefrajola: raises 1070 to 1110 and is all-in
Mahu2021: folds 
Uncalled bet (1070) returned to Antonioefrajola
Antonioefrajola collected 80 from pot
Antonioefrajola: doesn't show hand 
*** SUMMARY ***
Total pot 80 | Rake 0 
Seat 2: Antonioefrajola (button) (small blind) collected (80)
Seat 3: Mahu2021 (big blind) folded before Flop



PokerStars Hand #246982252543: Tournament #3669677893, $1.84+$0.16 USD Hold'em No Limit - Level III (20/40) - 2023/11/07 20:09:23 CET [2023/11/07 14:09:23 ET]
Table '3669677893 1' 3-max Seat #3 is the button
Seat 2: Antonioefrajola (1150 in chips) 
Seat 3: Mahu2021 (350 in chips) 
Mahu2021: posts small blind 20
Antonioefrajola: posts big blind 40
*** HOLE CARDS ***
Dealt to Mahu2021 [4s 7d]
Mahu2021: folds 
Uncalled bet (20) returned to Antonioefrajola
Antonioefrajola collected 40 from pot
Antonioefrajola: doesn't show hand 
*** SUMMARY ***
Total pot 40 | Rake 0 
Seat 2: Antonioefrajola (big blind) collected (40)
Seat 3: Mahu2021 (button) (small blind) folded before Flop



PokerStars Hand #246982253889: Tournament #3669677893, $1.84+$0.16 USD Hold'em No Limit - Level III (20/40) - 2023/11/07 20:09:27 CET [2023/11/07 14:09:27 ET]
Table '3669677893 1' 3-max Seat #2 is the button
Seat 2: Antonioefrajola (1170 in chips) 
Seat 3: Mahu2021 (330 in chips) 
Antonioefrajola: posts small blind 20
Mahu2021: posts big blind 40
*** HOLE CARDS ***
Dealt to Mahu2021 [4h Ac]
Antonioefrajola: raises 1130 to 1170 and is all-in
Mahu2021: calls 290 and is all-in
Uncalled bet (840) returned to Antonioefrajola
*** FLOP *** [Ts 8c 5h]
*** TURN *** [Ts 8c 5h] [6s]
*** RIVER *** [Ts 8c 5h 6s] [5s]
*** SHOW DOWN ***
Mahu2021: shows [4h Ac] (a pair of Fives)
Antonioefrajola: shows [9h Ah] (a pair of Fives - Ace+Ten+Nine kicker)
Antonioefrajola collected 660 from pot
Mahu2021 finished the tournament in 2nd place
Antonioefrajola wins the tournament and receives $6.00 - congratulations!
*** SUMMARY ***
Total pot 660 | Rake 0 
Board [Ts 8c 5h 6s 5s]
Seat 2: Antonioefrajola (button) (small blind) showed [9h Ah] and won (660) with a pair of Fives
Seat 3: Mahu2021 (big blind) showed [4h Ac] and lost with a pair of Fives



