PokerStars Hand #248433695587: Tournament #3704829123, $1.84+$0.16 USD Hold'em No Limit - Level I (10/20) - 2024/01/22 18:44:26 CET [2024/01/22 12:44:26 ET]
Table '3704829123 1' 3-max Seat #1 is the button
Seat 1: Padz001 (500 in chips) 
Seat 2: zehº1000 (500 in chips) 
Seat 3: Mahu2021 (500 in chips) 
zehº1000: posts small blind 10
Mahu2021: posts big blind 20
*** HOLE CARDS ***
Dealt to Mahu2021 [Td Qh]
Padz001: calls 20
zehº1000: raises 40 to 60
Mahu2021: folds 
Padz001: calls 40
*** FLOP *** [2h 4c 6d]
zehº1000: bets 46
Padz001: raises 232 to 278
zehº1000: folds 
Uncalled bet (232) returned to Padz001
Padz001 collected 232 from pot
Padz001: doesn't show hand 
*** SUMMARY ***
Total pot 232 | Rake 0 
Board [2h 4c 6d]
Seat 1: Padz001 (button) collected (232)
Seat 2: zehº1000 (small blind) folded on the Flop
Seat 3: Mahu2021 (big blind) folded before Flop



PokerStars Hand #248433705337: Tournament #3704829123, $1.84+$0.16 USD Hold'em No Limit - Level I (10/20) - 2024/01/22 18:44:57 CET [2024/01/22 12:44:57 ET]
Table '3704829123 1' 3-max Seat #2 is the button
Seat 1: Padz001 (626 in chips) 
Seat 2: zehº1000 (394 in chips) 
Seat 3: Mahu2021 (480 in chips) 
Mahu2021: posts small blind 10
Padz001: posts big blind 20
*** HOLE CARDS ***
Dealt to Mahu2021 [8h Js]
zehº1000: raises 20 to 40
Mahu2021: folds 
Padz001: calls 20
*** FLOP *** [4d 2c 3s]
Padz001: checks 
zehº1000: checks 
*** TURN *** [4d 2c 3s] [Td]
Padz001: bets 20
zehº1000: calls 20
*** RIVER *** [4d 2c 3s Td] [6s]
Padz001: bets 40
zehº1000: calls 40
*** SHOW DOWN ***
Padz001: shows [Qh Jc] (high card Queen)
zehº1000: shows [Kc Ts] (a pair of Tens)
zehº1000 collected 210 from pot
*** SUMMARY ***
Total pot 210 | Rake 0 
Board [4d 2c 3s Td 6s]
Seat 1: Padz001 (big blind) showed [Qh Jc] and lost with high card Queen
Seat 2: zehº1000 (button) showed [Kc Ts] and won (210) with a pair of Tens
Seat 3: Mahu2021 (small blind) folded before Flop



PokerStars Hand #248433711804: Tournament #3704829123, $1.84+$0.16 USD Hold'em No Limit - Level I (10/20) - 2024/01/22 18:45:17 CET [2024/01/22 12:45:17 ET]
Table '3704829123 1' 3-max Seat #3 is the button
Seat 1: Padz001 (526 in chips) 
Seat 2: zehº1000 (504 in chips) 
Seat 3: Mahu2021 (470 in chips) 
Padz001: posts small blind 10
zehº1000: posts big blind 20
*** HOLE CARDS ***
Dealt to Mahu2021 [9s Js]
Mahu2021: calls 20
Padz001: calls 10
zehº1000: checks 
*** FLOP *** [9d Kh 7h]
Padz001: checks 
zehº1000: checks 
Mahu2021: bets 20
Padz001: folds 
zehº1000: folds 
Uncalled bet (20) returned to Mahu2021
Mahu2021 collected 60 from pot
Mahu2021: doesn't show hand 
*** SUMMARY ***
Total pot 60 | Rake 0 
Board [9d Kh 7h]
Seat 1: Padz001 (small blind) folded on the Flop
Seat 2: zehº1000 (big blind) folded on the Flop
Seat 3: Mahu2021 (button) collected (60)



PokerStars Hand #248433716798: Tournament #3704829123, $1.84+$0.16 USD Hold'em No Limit - Level I (10/20) - 2024/01/22 18:45:33 CET [2024/01/22 12:45:33 ET]
Table '3704829123 1' 3-max Seat #1 is the button
Seat 1: Padz001 (506 in chips) 
Seat 2: zehº1000 (484 in chips) 
Seat 3: Mahu2021 (510 in chips) 
zehº1000: posts small blind 10
Mahu2021: posts big blind 20
*** HOLE CARDS ***
Dealt to Mahu2021 [5c Ah]
Padz001: folds 
zehº1000: raises 20 to 40
Mahu2021: calls 20
*** FLOP *** [4h Ks 2c]
zehº1000: bets 22
Mahu2021: calls 22
*** TURN *** [4h Ks 2c] [5s]
zehº1000: bets 33
Mahu2021: calls 33
*** RIVER *** [4h Ks 2c 5s] [6s]
zehº1000: checks 
Mahu2021: checks 
*** SHOW DOWN ***
zehº1000: shows [9d Jc] (high card King)
Mahu2021: shows [5c Ah] (a pair of Fives)
Mahu2021 collected 190 from pot
*** SUMMARY ***
Total pot 190 | Rake 0 
Board [4h Ks 2c 5s 6s]
Seat 1: Padz001 (button) folded before Flop (didn't bet)
Seat 2: zehº1000 (small blind) showed [9d Jc] and lost with high card King
Seat 3: Mahu2021 (big blind) showed [5c Ah] and won (190) with a pair of Fives



PokerStars Hand #248433722913: Tournament #3704829123, $1.84+$0.16 USD Hold'em No Limit - Level I (10/20) - 2024/01/22 18:45:52 CET [2024/01/22 12:45:52 ET]
Table '3704829123 1' 3-max Seat #2 is the button
Seat 1: Padz001 (506 in chips) 
Seat 2: zehº1000 (389 in chips) 
Seat 3: Mahu2021 (605 in chips) 
Mahu2021: posts small blind 10
Padz001: posts big blind 20
*** HOLE CARDS ***
Dealt to Mahu2021 [Kd 2d]
zehº1000: raises 20 to 40
Mahu2021: calls 30
Padz001: folds 
*** FLOP *** [4c 3c Tc]
Mahu2021: checks 
zehº1000: checks 
*** TURN *** [4c 3c Tc] [6s]
Mahu2021: checks 
zehº1000: bets 20
Mahu2021: folds 
Uncalled bet (20) returned to zehº1000
zehº1000 collected 100 from pot
*** SUMMARY ***
Total pot 100 | Rake 0 
Board [4c 3c Tc 6s]
Seat 1: Padz001 (big blind) folded before Flop
Seat 2: zehº1000 (button) collected (100)
Seat 3: Mahu2021 (small blind) folded on the Turn



PokerStars Hand #248433729021: Tournament #3704829123, $1.84+$0.16 USD Hold'em No Limit - Level I (10/20) - 2024/01/22 18:46:12 CET [2024/01/22 12:46:12 ET]
Table '3704829123 1' 3-max Seat #3 is the button
Seat 1: Padz001 (486 in chips) 
Seat 2: zehº1000 (449 in chips) 
Seat 3: Mahu2021 (565 in chips) 
Padz001: posts small blind 10
zehº1000: posts big blind 20
*** HOLE CARDS ***
Dealt to Mahu2021 [2h 9c]
Mahu2021: folds 
Padz001: calls 10
zehº1000: checks 
*** FLOP *** [3d Ah 6s]
Padz001: bets 40
zehº1000: folds 
Uncalled bet (40) returned to Padz001
Padz001 collected 40 from pot
Padz001: doesn't show hand 
*** SUMMARY ***
Total pot 40 | Rake 0 
Board [3d Ah 6s]
Seat 1: Padz001 (small blind) collected (40)
Seat 2: zehº1000 (big blind) folded on the Flop
Seat 3: Mahu2021 (button) folded before Flop (didn't bet)



PokerStars Hand #248433733145: Tournament #3704829123, $1.84+$0.16 USD Hold'em No Limit - Level I (10/20) - 2024/01/22 18:46:24 CET [2024/01/22 12:46:24 ET]
Table '3704829123 1' 3-max Seat #1 is the button
Seat 1: Padz001 (506 in chips) 
Seat 2: zehº1000 (429 in chips) 
Seat 3: Mahu2021 (565 in chips) 
zehº1000: posts small blind 10
Mahu2021: posts big blind 20
*** HOLE CARDS ***
Dealt to Mahu2021 [5d 2h]
Padz001: folds 
zehº1000: raises 20 to 40
Mahu2021: folds 
Uncalled bet (20) returned to zehº1000
zehº1000 collected 40 from pot
*** SUMMARY ***
Total pot 40 | Rake 0 
Seat 1: Padz001 (button) folded before Flop (didn't bet)
Seat 2: zehº1000 (small blind) collected (40)
Seat 3: Mahu2021 (big blind) folded before Flop



PokerStars Hand #248433736703: Tournament #3704829123, $1.84+$0.16 USD Hold'em No Limit - Level II (15/30) - 2024/01/22 18:46:36 CET [2024/01/22 12:46:36 ET]
Table '3704829123 1' 3-max Seat #2 is the button
Seat 1: Padz001 (506 in chips) 
Seat 2: zehº1000 (449 in chips) 
Seat 3: Mahu2021 (545 in chips) 
Mahu2021: posts small blind 15
Padz001: posts big blind 30
*** HOLE CARDS ***
Dealt to Mahu2021 [7h 6c]
zehº1000: folds 
Mahu2021: calls 15
Padz001: checks 
*** FLOP *** [7d 3h Kd]
Mahu2021: checks 
Padz001: bets 30
Mahu2021: calls 30
*** TURN *** [7d 3h Kd] [9c]
Mahu2021: checks 
Padz001: bets 30
Mahu2021: calls 30
*** RIVER *** [7d 3h Kd 9c] [Ac]
Mahu2021: checks 
Padz001: checks 
*** SHOW DOWN ***
Mahu2021: shows [7h 6c] (a pair of Sevens)
Padz001: shows [5c Kh] (a pair of Kings)
Padz001 collected 180 from pot
*** SUMMARY ***
Total pot 180 | Rake 0 
Board [7d 3h Kd 9c Ac]
Seat 1: Padz001 (big blind) showed [5c Kh] and won (180) with a pair of Kings
Seat 2: zehº1000 (button) folded before Flop (didn't bet)
Seat 3: Mahu2021 (small blind) showed [7h 6c] and lost with a pair of Sevens



PokerStars Hand #248433742705: Tournament #3704829123, $1.84+$0.16 USD Hold'em No Limit - Level II (15/30) - 2024/01/22 18:46:55 CET [2024/01/22 12:46:55 ET]
Table '3704829123 1' 3-max Seat #3 is the button
Seat 1: Padz001 (596 in chips) 
Seat 2: zehº1000 (449 in chips) 
Seat 3: Mahu2021 (455 in chips) 
Padz001: posts small blind 15
zehº1000: posts big blind 30
*** HOLE CARDS ***
Dealt to Mahu2021 [8c 2h]
Mahu2021: folds 
Padz001: calls 15
zehº1000: checks 
*** FLOP *** [5d 8s As]
Padz001: checks 
zehº1000: checks 
*** TURN *** [5d 8s As] [6s]
Padz001: bets 30
zehº1000: calls 30
*** RIVER *** [5d 8s As 6s] [4c]
Padz001: checks 
zehº1000: checks 
*** SHOW DOWN ***
Padz001: shows [Kh Th] (high card Ace)
zehº1000: shows [4h 6h] (two pair, Sixes and Fours)
zehº1000 collected 120 from pot
*** SUMMARY ***
Total pot 120 | Rake 0 
Board [5d 8s As 6s 4c]
Seat 1: Padz001 (small blind) showed [Kh Th] and lost with high card Ace
Seat 2: zehº1000 (big blind) showed [4h 6h] and won (120) with two pair, Sixes and Fours
Seat 3: Mahu2021 (button) folded before Flop (didn't bet)



PokerStars Hand #248433750006: Tournament #3704829123, $1.84+$0.16 USD Hold'em No Limit - Level II (15/30) - 2024/01/22 18:47:18 CET [2024/01/22 12:47:18 ET]
Table '3704829123 1' 3-max Seat #1 is the button
Seat 1: Padz001 (536 in chips) 
Seat 2: zehº1000 (509 in chips) 
Seat 3: Mahu2021 (455 in chips) 
zehº1000: posts small blind 15
Mahu2021: posts big blind 30
*** HOLE CARDS ***
Dealt to Mahu2021 [4c 7s]
Padz001: folds 
zehº1000: folds 
Uncalled bet (15) returned to Mahu2021
Mahu2021 collected 30 from pot
Mahu2021: doesn't show hand 
*** SUMMARY ***
Total pot 30 | Rake 0 
Seat 1: Padz001 (button) folded before Flop (didn't bet)
Seat 2: zehº1000 (small blind) folded before Flop
Seat 3: Mahu2021 (big blind) collected (30)



PokerStars Hand #248433752149: Tournament #3704829123, $1.84+$0.16 USD Hold'em No Limit - Level II (15/30) - 2024/01/22 18:47:25 CET [2024/01/22 12:47:25 ET]
Table '3704829123 1' 3-max Seat #2 is the button
Seat 1: Padz001 (536 in chips) 
Seat 2: zehº1000 (494 in chips) 
Seat 3: Mahu2021 (470 in chips) 
Mahu2021: posts small blind 15
Padz001: posts big blind 30
*** HOLE CARDS ***
Dealt to Mahu2021 [9c Js]
zehº1000: folds 
Mahu2021: calls 15
Padz001: checks 
*** FLOP *** [Jd 3d Kh]
Mahu2021: bets 30
Padz001: calls 30
*** TURN *** [Jd 3d Kh] [3h]
Mahu2021: checks 
Padz001: checks 
*** RIVER *** [Jd 3d Kh 3h] [Tc]
Mahu2021: checks 
Padz001: bets 30
Mahu2021: calls 30
*** SHOW DOWN ***
Padz001: shows [6h 5h] (a pair of Threes)
Mahu2021: shows [9c Js] (two pair, Jacks and Threes)
Mahu2021 collected 180 from pot
*** SUMMARY ***
Total pot 180 | Rake 0 
Board [Jd 3d Kh 3h Tc]
Seat 1: Padz001 (big blind) showed [6h 5h] and lost with a pair of Threes
Seat 2: zehº1000 (button) folded before Flop (didn't bet)
Seat 3: Mahu2021 (small blind) showed [9c Js] and won (180) with two pair, Jacks and Threes



PokerStars Hand #248433758113: Tournament #3704829123, $1.84+$0.16 USD Hold'em No Limit - Level II (15/30) - 2024/01/22 18:47:44 CET [2024/01/22 12:47:44 ET]
Table '3704829123 1' 3-max Seat #3 is the button
Seat 1: Padz001 (446 in chips) 
Seat 2: zehº1000 (494 in chips) 
Seat 3: Mahu2021 (560 in chips) 
Padz001: posts small blind 15
zehº1000: posts big blind 30
*** HOLE CARDS ***
Dealt to Mahu2021 [Ad Qc]
Mahu2021: raises 60 to 90
Padz001: folds 
zehº1000: folds 
Uncalled bet (60) returned to Mahu2021
Mahu2021 collected 75 from pot
Mahu2021: doesn't show hand 
*** SUMMARY ***
Total pot 75 | Rake 0 
Seat 1: Padz001 (small blind) folded before Flop
Seat 2: zehº1000 (big blind) folded before Flop
Seat 3: Mahu2021 (button) collected (75)



PokerStars Hand #248433760522: Tournament #3704829123, $1.84+$0.16 USD Hold'em No Limit - Level II (15/30) - 2024/01/22 18:47:51 CET [2024/01/22 12:47:51 ET]
Table '3704829123 1' 3-max Seat #1 is the button
Seat 1: Padz001 (431 in chips) 
Seat 2: zehº1000 (464 in chips) 
Seat 3: Mahu2021 (605 in chips) 
zehº1000: posts small blind 15
Mahu2021: posts big blind 30
*** HOLE CARDS ***
Dealt to Mahu2021 [8d 7h]
Padz001: folds 
zehº1000: raises 30 to 60
Mahu2021: calls 30
*** FLOP *** [2s As Th]
zehº1000: bets 60
Mahu2021: folds 
Uncalled bet (60) returned to zehº1000
zehº1000 collected 120 from pot
*** SUMMARY ***
Total pot 120 | Rake 0 
Board [2s As Th]
Seat 1: Padz001 (button) folded before Flop (didn't bet)
Seat 2: zehº1000 (small blind) collected (120)
Seat 3: Mahu2021 (big blind) folded on the Flop



PokerStars Hand #248433764501: Tournament #3704829123, $1.84+$0.16 USD Hold'em No Limit - Level II (15/30) - 2024/01/22 18:48:04 CET [2024/01/22 12:48:04 ET]
Table '3704829123 1' 3-max Seat #2 is the button
Seat 1: Padz001 (431 in chips) 
Seat 2: zehº1000 (524 in chips) 
Seat 3: Mahu2021 (545 in chips) 
Mahu2021: posts small blind 15
Padz001: posts big blind 30
*** HOLE CARDS ***
Dealt to Mahu2021 [Kh 4d]
zehº1000: raises 30 to 60
Mahu2021: folds 
Padz001: calls 30
*** FLOP *** [Qh 7h Ad]
Padz001: checks 
zehº1000: bets 60
Padz001: calls 60
*** TURN *** [Qh 7h Ad] [2h]
Padz001: checks 
zehº1000: checks 
*** RIVER *** [Qh 7h Ad 2h] [5c]
Padz001: bets 30
zehº1000: calls 30
*** SHOW DOWN ***
Padz001: shows [Ac 8h] (a pair of Aces)
zehº1000: mucks hand 
Padz001 collected 315 from pot
*** SUMMARY ***
Total pot 315 | Rake 0 
Board [Qh 7h Ad 2h 5c]
Seat 1: Padz001 (big blind) showed [Ac 8h] and won (315) with a pair of Aces
Seat 2: zehº1000 (button) mucked [Td Ks]
Seat 3: Mahu2021 (small blind) folded before Flop



PokerStars Hand #248433771375: Tournament #3704829123, $1.84+$0.16 USD Hold'em No Limit - Level II (15/30) - 2024/01/22 18:48:26 CET [2024/01/22 12:48:26 ET]
Table '3704829123 1' 3-max Seat #3 is the button
Seat 1: Padz001 (596 in chips) 
Seat 2: zehº1000 (374 in chips) 
Seat 3: Mahu2021 (530 in chips) 
Padz001: posts small blind 15
zehº1000: posts big blind 30
*** HOLE CARDS ***
Dealt to Mahu2021 [Qs 9d]
Mahu2021: folds 
Padz001: calls 15
zehº1000: checks 
*** FLOP *** [7h 5d 8s]
Padz001: bets 30
zehº1000: raises 40 to 70
Padz001: calls 40
*** TURN *** [7h 5d 8s] [2s]
Padz001: checks 
zehº1000: bets 66
Padz001: calls 66
*** RIVER *** [7h 5d 8s 2s] [8c]
Padz001: checks 
zehº1000: bets 110
Padz001: folds 
Uncalled bet (110) returned to zehº1000
zehº1000 collected 332 from pot
*** SUMMARY ***
Total pot 332 | Rake 0 
Board [7h 5d 8s 2s 8c]
Seat 1: Padz001 (small blind) folded on the River
Seat 2: zehº1000 (big blind) collected (332)
Seat 3: Mahu2021 (button) folded before Flop (didn't bet)



PokerStars Hand #248433784890: Tournament #3704829123, $1.84+$0.16 USD Hold'em No Limit - Level III (20/40) - 2024/01/22 18:49:09 CET [2024/01/22 12:49:09 ET]
Table '3704829123 1' 3-max Seat #1 is the button
Seat 1: Padz001 (430 in chips) 
Seat 2: zehº1000 (540 in chips) 
Seat 3: Mahu2021 (530 in chips) 
zehº1000: posts small blind 20
Mahu2021: posts big blind 40
*** HOLE CARDS ***
Dealt to Mahu2021 [Kd 7h]
Padz001: calls 40
zehº1000: calls 20
Mahu2021: checks 
*** FLOP *** [Td 3h 6h]
zehº1000: checks 
Mahu2021: checks 
Padz001: bets 40
zehº1000: calls 40
Mahu2021: folds 
*** TURN *** [Td 3h 6h] [Qs]
zehº1000: checks 
Padz001: checks 
*** RIVER *** [Td 3h 6h Qs] [6s]
zehº1000: bets 40
Padz001: raises 80 to 120
zehº1000: calls 80
*** SHOW DOWN ***
Padz001: shows [6c 8c] (three of a kind, Sixes)
zehº1000: mucks hand 
Padz001 collected 440 from pot
*** SUMMARY ***
Total pot 440 | Rake 0 
Board [Td 3h 6h Qs 6s]
Seat 1: Padz001 (button) showed [6c 8c] and won (440) with three of a kind, Sixes
Seat 2: zehº1000 (small blind) mucked [Th Kh]
Seat 3: Mahu2021 (big blind) folded on the Flop



PokerStars Hand #248433793193: Tournament #3704829123, $1.84+$0.16 USD Hold'em No Limit - Level III (20/40) - 2024/01/22 18:49:35 CET [2024/01/22 12:49:35 ET]
Table '3704829123 1' 3-max Seat #2 is the button
Seat 1: Padz001 (670 in chips) 
Seat 2: zehº1000 (340 in chips) 
Seat 3: Mahu2021 (490 in chips) 
Mahu2021: posts small blind 20
Padz001: posts big blind 40
*** HOLE CARDS ***
Dealt to Mahu2021 [2c 3s]
zehº1000: folds 
Mahu2021: folds 
Uncalled bet (20) returned to Padz001
Padz001 collected 40 from pot
Padz001: doesn't show hand 
*** SUMMARY ***
Total pot 40 | Rake 0 
Seat 1: Padz001 (big blind) collected (40)
Seat 2: zehº1000 (button) folded before Flop (didn't bet)
Seat 3: Mahu2021 (small blind) folded before Flop



PokerStars Hand #248433795467: Tournament #3704829123, $1.84+$0.16 USD Hold'em No Limit - Level III (20/40) - 2024/01/22 18:49:42 CET [2024/01/22 12:49:42 ET]
Table '3704829123 1' 3-max Seat #3 is the button
Seat 1: Padz001 (690 in chips) 
Seat 2: zehº1000 (340 in chips) 
Seat 3: Mahu2021 (470 in chips) 
Padz001: posts small blind 20
zehº1000: posts big blind 40
*** HOLE CARDS ***
Dealt to Mahu2021 [Ah 3s]
Mahu2021: folds 
Padz001: calls 20
zehº1000: checks 
*** FLOP *** [Tc 5c Ts]
Padz001: checks 
zehº1000: checks 
*** TURN *** [Tc 5c Ts] [8s]
Padz001: bets 40
zehº1000: raises 80 to 120
Padz001: calls 80
*** RIVER *** [Tc 5c Ts 8s] [9h]
Padz001: bets 80
zehº1000: calls 80
*** SHOW DOWN ***
Padz001: shows [6h 8h] (two pair, Tens and Eights)
zehº1000: shows [Jc 9s] (two pair, Tens and Nines)
zehº1000 collected 480 from pot
*** SUMMARY ***
Total pot 480 | Rake 0 
Board [Tc 5c Ts 8s 9h]
Seat 1: Padz001 (small blind) showed [6h 8h] and lost with two pair, Tens and Eights
Seat 2: zehº1000 (big blind) showed [Jc 9s] and won (480) with two pair, Tens and Nines
Seat 3: Mahu2021 (button) folded before Flop (didn't bet)



PokerStars Hand #248433803605: Tournament #3704829123, $1.84+$0.16 USD Hold'em No Limit - Level III (20/40) - 2024/01/22 18:50:08 CET [2024/01/22 12:50:08 ET]
Table '3704829123 1' 3-max Seat #1 is the button
Seat 1: Padz001 (450 in chips) 
Seat 2: zehº1000 (580 in chips) 
Seat 3: Mahu2021 (470 in chips) 
zehº1000: posts small blind 20
Mahu2021: posts big blind 40
*** HOLE CARDS ***
Dealt to Mahu2021 [2d 2h]
Padz001: folds 
zehº1000: raises 540 to 580 and is all-in
Mahu2021: folds 
Uncalled bet (540) returned to zehº1000
zehº1000 collected 80 from pot
*** SUMMARY ***
Total pot 80 | Rake 0 
Seat 1: Padz001 (button) folded before Flop (didn't bet)
Seat 2: zehº1000 (small blind) collected (80)
Seat 3: Mahu2021 (big blind) folded before Flop



PokerStars Hand #248433808088: Tournament #3704829123, $1.84+$0.16 USD Hold'em No Limit - Level III (20/40) - 2024/01/22 18:50:22 CET [2024/01/22 12:50:22 ET]
Table '3704829123 1' 3-max Seat #2 is the button
Seat 1: Padz001 (450 in chips) 
Seat 2: zehº1000 (620 in chips) 
Seat 3: Mahu2021 (430 in chips) 
Mahu2021: posts small blind 20
Padz001: posts big blind 40
*** HOLE CARDS ***
Dealt to Mahu2021 [2h Jd]
zehº1000: raises 40 to 80
Mahu2021: folds 
Padz001: folds 
Uncalled bet (40) returned to zehº1000
zehº1000 collected 100 from pot
*** SUMMARY ***
Total pot 100 | Rake 0 
Seat 1: Padz001 (big blind) folded before Flop
Seat 2: zehº1000 (button) collected (100)
Seat 3: Mahu2021 (small blind) folded before Flop



PokerStars Hand #248433811229: Tournament #3704829123, $1.84+$0.16 USD Hold'em No Limit - Level IV (30/60) - 2024/01/22 18:50:32 CET [2024/01/22 12:50:32 ET]
Table '3704829123 1' 3-max Seat #3 is the button
Seat 1: Padz001 (410 in chips) 
Seat 2: zehº1000 (680 in chips) 
Seat 3: Mahu2021 (410 in chips) 
Padz001: posts small blind 30
zehº1000: posts big blind 60
*** HOLE CARDS ***
Dealt to Mahu2021 [Kd 7s]
Mahu2021: calls 60
Padz001: calls 30
zehº1000: checks 
*** FLOP *** [Jc 2h Ks]
Padz001: checks 
zehº1000: checks 
Mahu2021: bets 350 and is all-in
Padz001: folds 
zehº1000: calls 350
*** TURN *** [Jc 2h Ks] [3s]
*** RIVER *** [Jc 2h Ks 3s] [9s]
*** SHOW DOWN ***
zehº1000: shows [Jd 6c] (a pair of Jacks)
Mahu2021: shows [Kd 7s] (a pair of Kings)
Mahu2021 collected 880 from pot
*** SUMMARY ***
Total pot 880 | Rake 0 
Board [Jc 2h Ks 3s 9s]
Seat 1: Padz001 (small blind) folded on the Flop
Seat 2: zehº1000 (big blind) showed [Jd 6c] and lost with a pair of Jacks
Seat 3: Mahu2021 (button) showed [Kd 7s] and won (880) with a pair of Kings



PokerStars Hand #248433819384: Tournament #3704829123, $1.84+$0.16 USD Hold'em No Limit - Level IV (30/60) - 2024/01/22 18:50:58 CET [2024/01/22 12:50:58 ET]
Table '3704829123 1' 3-max Seat #1 is the button
Seat 1: Padz001 (350 in chips) 
Seat 2: zehº1000 (270 in chips) 
Seat 3: Mahu2021 (880 in chips) 
zehº1000: posts small blind 30
Mahu2021: posts big blind 60
*** HOLE CARDS ***
Dealt to Mahu2021 [7s 4h]
Padz001: folds 
zehº1000: folds 
Uncalled bet (30) returned to Mahu2021
Mahu2021 collected 60 from pot
Mahu2021: doesn't show hand 
*** SUMMARY ***
Total pot 60 | Rake 0 
Seat 1: Padz001 (button) folded before Flop (didn't bet)
Seat 2: zehº1000 (small blind) folded before Flop
Seat 3: Mahu2021 (big blind) collected (60)



PokerStars Hand #248433821532: Tournament #3704829123, $1.84+$0.16 USD Hold'em No Limit - Level IV (30/60) - 2024/01/22 18:51:05 CET [2024/01/22 12:51:05 ET]
Table '3704829123 1' 3-max Seat #2 is the button
Seat 1: Padz001 (350 in chips) 
Seat 2: zehº1000 (240 in chips) 
Seat 3: Mahu2021 (910 in chips) 
Mahu2021: posts small blind 30
Padz001: posts big blind 60
*** HOLE CARDS ***
Dealt to Mahu2021 [Qh 8d]
zehº1000: folds 
Mahu2021: calls 30
Padz001: checks 
*** FLOP *** [Tc Js Jd]
Mahu2021: bets 60
Padz001: calls 60
*** TURN *** [Tc Js Jd] [9h]
Mahu2021: bets 60
Padz001: calls 60
*** RIVER *** [Tc Js Jd 9h] [9d]
Mahu2021: bets 60
Padz001: raises 110 to 170 and is all-in
Mahu2021: calls 110
*** SHOW DOWN ***
Padz001: shows [9c Ks] (a full house, Nines full of Jacks)
Mahu2021: shows [Qh 8d] (a straight, Eight to Queen)
Padz001 collected 700 from pot
*** SUMMARY ***
Total pot 700 | Rake 0 
Board [Tc Js Jd 9h 9d]
Seat 1: Padz001 (big blind) showed [9c Ks] and won (700) with a full house, Nines full of Jacks
Seat 2: zehº1000 (button) folded before Flop (didn't bet)
Seat 3: Mahu2021 (small blind) showed [Qh 8d] and lost with a straight, Eight to Queen



PokerStars Hand #248433828856: Tournament #3704829123, $1.84+$0.16 USD Hold'em No Limit - Level IV (30/60) - 2024/01/22 18:51:28 CET [2024/01/22 12:51:28 ET]
Table '3704829123 1' 3-max Seat #3 is the button
Seat 1: Padz001 (700 in chips) 
Seat 2: zehº1000 (240 in chips) 
Seat 3: Mahu2021 (560 in chips) 
Padz001: posts small blind 30
zehº1000: posts big blind 60
*** HOLE CARDS ***
Dealt to Mahu2021 [4s Ac]
Mahu2021: folds 
Padz001: calls 30
zehº1000: raises 180 to 240 and is all-in
Padz001: calls 180
*** FLOP *** [5c 5d Ah]
*** TURN *** [5c 5d Ah] [Qc]
*** RIVER *** [5c 5d Ah Qc] [Ad]
*** SHOW DOWN ***
Padz001: shows [Td Js] (two pair, Aces and Fives)
zehº1000: shows [Jc Qd] (two pair, Aces and Queens)
zehº1000 collected 480 from pot
*** SUMMARY ***
Total pot 480 | Rake 0 
Board [5c 5d Ah Qc Ad]
Seat 1: Padz001 (small blind) showed [Td Js] and lost with two pair, Aces and Fives
Seat 2: zehº1000 (big blind) showed [Jc Qd] and won (480) with two pair, Aces and Queens
Seat 3: Mahu2021 (button) folded before Flop (didn't bet)



PokerStars Hand #248433834979: Tournament #3704829123, $1.84+$0.16 USD Hold'em No Limit - Level IV (30/60) - 2024/01/22 18:51:47 CET [2024/01/22 12:51:47 ET]
Table '3704829123 1' 3-max Seat #1 is the button
Seat 1: Padz001 (460 in chips) 
Seat 2: zehº1000 (480 in chips) 
Seat 3: Mahu2021 (560 in chips) 
zehº1000: posts small blind 30
Mahu2021: posts big blind 60
*** HOLE CARDS ***
Dealt to Mahu2021 [3c Jh]
Padz001: calls 60
zehº1000: calls 30
Mahu2021: checks 
*** FLOP *** [6h 4c 7c]
zehº1000: checks 
Mahu2021: checks 
Padz001: checks 
*** TURN *** [6h 4c 7c] [8s]
zehº1000: checks 
Mahu2021: checks 
Padz001: bets 90
zehº1000: calls 90
Mahu2021: folds 
*** RIVER *** [6h 4c 7c 8s] [5s]
zehº1000: checks 
Padz001: bets 120
zehº1000: calls 120
*** SHOW DOWN ***
Padz001: shows [Kh 9d] (a straight, Five to Nine)
zehº1000: mucks hand 
Padz001 collected 600 from pot
*** SUMMARY ***
Total pot 600 | Rake 0 
Board [6h 4c 7c 8s 5s]
Seat 1: Padz001 (button) showed [Kh 9d] and won (600) with a straight, Five to Nine
Seat 2: zehº1000 (small blind) mucked [3d Ts]
Seat 3: Mahu2021 (big blind) folded on the Turn



PokerStars Hand #248433846735: Tournament #3704829123, $1.84+$0.16 USD Hold'em No Limit - Level IV (30/60) - 2024/01/22 18:52:24 CET [2024/01/22 12:52:24 ET]
Table '3704829123 1' 3-max Seat #2 is the button
Seat 1: Padz001 (790 in chips) 
Seat 2: zehº1000 (210 in chips) 
Seat 3: Mahu2021 (500 in chips) 
Mahu2021: posts small blind 30
Padz001: posts big blind 60
*** HOLE CARDS ***
Dealt to Mahu2021 [7h 5d]
zehº1000: folds 
Mahu2021: folds 
Uncalled bet (30) returned to Padz001
Padz001 collected 60 from pot
Padz001: doesn't show hand 
*** SUMMARY ***
Total pot 60 | Rake 0 
Seat 1: Padz001 (big blind) collected (60)
Seat 2: zehº1000 (button) folded before Flop (didn't bet)
Seat 3: Mahu2021 (small blind) folded before Flop



PokerStars Hand #248433849259: Tournament #3704829123, $1.84+$0.16 USD Hold'em No Limit - Level V (40/80) - 2024/01/22 18:52:32 CET [2024/01/22 12:52:32 ET]
Table '3704829123 1' 3-max Seat #3 is the button
Seat 1: Padz001 (820 in chips) 
Seat 2: zehº1000 (210 in chips) 
Seat 3: Mahu2021 (470 in chips) 
Padz001: posts small blind 40
zehº1000: posts big blind 80
*** HOLE CARDS ***
Dealt to Mahu2021 [7h 8d]
Mahu2021: folds 
Padz001: folds 
Uncalled bet (40) returned to zehº1000
zehº1000 collected 80 from pot
*** SUMMARY ***
Total pot 80 | Rake 0 
Seat 1: Padz001 (small blind) folded before Flop
Seat 2: zehº1000 (big blind) collected (80)
Seat 3: Mahu2021 (button) folded before Flop (didn't bet)



PokerStars Hand #248433852583: Tournament #3704829123, $1.84+$0.16 USD Hold'em No Limit - Level V (40/80) - 2024/01/22 18:52:42 CET [2024/01/22 12:52:42 ET]
Table '3704829123 1' 3-max Seat #1 is the button
Seat 1: Padz001 (780 in chips) 
Seat 2: zehº1000 (250 in chips) 
Seat 3: Mahu2021 (470 in chips) 
zehº1000: posts small blind 40
Mahu2021: posts big blind 80
*** HOLE CARDS ***
Dealt to Mahu2021 [9h 4c]
Padz001: raises 80 to 160
zehº1000: raises 90 to 250 and is all-in
Mahu2021: folds 
Padz001: calls 90
*** FLOP *** [7c 4h 6h]
*** TURN *** [7c 4h 6h] [2c]
*** RIVER *** [7c 4h 6h 2c] [7h]
*** SHOW DOWN ***
zehº1000: shows [Qh 6c] (two pair, Sevens and Sixes)
Padz001: shows [Kc Jh] (a pair of Sevens)
zehº1000 collected 580 from pot
*** SUMMARY ***
Total pot 580 | Rake 0 
Board [7c 4h 6h 2c 7h]
Seat 1: Padz001 (button) showed [Kc Jh] and lost with a pair of Sevens
Seat 2: zehº1000 (small blind) showed [Qh 6c] and won (580) with two pair, Sevens and Sixes
Seat 3: Mahu2021 (big blind) folded before Flop



PokerStars Hand #248433857992: Tournament #3704829123, $1.84+$0.16 USD Hold'em No Limit - Level V (40/80) - 2024/01/22 18:53:00 CET [2024/01/22 12:53:00 ET]
Table '3704829123 1' 3-max Seat #2 is the button
Seat 1: Padz001 (530 in chips) 
Seat 2: zehº1000 (580 in chips) 
Seat 3: Mahu2021 (390 in chips) 
Mahu2021: posts small blind 40
Padz001: posts big blind 80
*** HOLE CARDS ***
Dealt to Mahu2021 [4h Qc]
zehº1000: folds 
Mahu2021: folds 
Uncalled bet (40) returned to Padz001
Padz001 collected 80 from pot
Padz001: doesn't show hand 
*** SUMMARY ***
Total pot 80 | Rake 0 
Seat 1: Padz001 (big blind) collected (80)
Seat 2: zehº1000 (button) folded before Flop (didn't bet)
Seat 3: Mahu2021 (small blind) folded before Flop



PokerStars Hand #248433859462: Tournament #3704829123, $1.84+$0.16 USD Hold'em No Limit - Level V (40/80) - 2024/01/22 18:53:04 CET [2024/01/22 12:53:04 ET]
Table '3704829123 1' 3-max Seat #3 is the button
Seat 1: Padz001 (570 in chips) 
Seat 2: zehº1000 (580 in chips) 
Seat 3: Mahu2021 (350 in chips) 
Padz001: posts small blind 40
zehº1000: posts big blind 80
*** HOLE CARDS ***
Dealt to Mahu2021 [As 9d]
Mahu2021: raises 270 to 350 and is all-in
Padz001: folds 
zehº1000: calls 270
*** FLOP *** [Ac 4c 3s]
*** TURN *** [Ac 4c 3s] [5c]
*** RIVER *** [Ac 4c 3s 5c] [5d]
*** SHOW DOWN ***
zehº1000: shows [5s 6s] (three of a kind, Fives)
Mahu2021: shows [As 9d] (two pair, Aces and Fives)
zehº1000 collected 740 from pot
Mahu2021 finished the tournament in 3rd place
*** SUMMARY ***
Total pot 740 | Rake 0 
Board [Ac 4c 3s 5c 5d]
Seat 1: Padz001 (small blind) folded before Flop
Seat 2: zehº1000 (big blind) showed [5s 6s] and won (740) with three of a kind, Fives
Seat 3: Mahu2021 (button) showed [As 9d] and lost with two pair, Aces and Fives



