PokerStars Hand #253283895148: Tournament #3820751324, $0.46+$0.04 USD Hold'em No Limit - Level I (10/20) - 2024/11/06 19:58:26 CET [2024/11/06 13:58:26 ET]
Table '3820751324 1' 3-max Seat #1 is the button
Seat 1: Emassao (500 in chips) 
Seat 2: laribum78 (500 in chips) 
Seat 3: Mahu2021 (500 in chips) 
laribum78: posts small blind 10
Mahu2021: posts big blind 20
*** HOLE CARDS ***
Dealt to Mahu2021 [Qd Ah]
Emassao: calls 20
laribum78: calls 10
Mahu2021: raises 60 to 80
Emassao: calls 60
laribum78: folds 
*** FLOP *** [Ad Js 9c]
Mahu2021: bets 80
Emassao: calls 80
*** TURN *** [Ad Js 9c] [Ts]
Mahu2021: bets 340 and is all-in
Emassao: calls 340 and is all-in
*** RIVER *** [Ad Js 9c Ts] [7s]
*** SHOW DOWN ***
Mahu2021: shows [Qd Ah] (a pair of Aces)
Emassao: shows [As Th] (two pair, Aces and Tens)
Emassao collected 1020 from pot
Mahu2021 finished the tournament in 3rd place
*** SUMMARY ***
Total pot 1020 | Rake 0 
Board [Ad Js 9c Ts 7s]
Seat 1: Emassao (button) showed [As Th] and won (1020) with two pair, Aces and Tens
Seat 2: laribum78 (small blind) folded before Flop
Seat 3: Mahu2021 (big blind) showed [Qd Ah] and lost with a pair of Aces



