PokerStars Hand #249052463375: Tournament #3720282430, $4.60+$0.40 USD Hold'em No Limit - Level I (10/20) - 2024/02/23 22:27:54 CET [2024/02/23 16:27:54 ET]
Table '3720282430 1' 3-max Seat #1 is the button
Seat 1: oldedboy (500 in chips) 
Seat 2: Mahu2021 (500 in chips) 
Seat 3: MANEA-MARIAN-M (500 in chips) 
Mahu2021: posts small blind 10
MANEA-MARIAN-M: posts big blind 20
*** HOLE CARDS ***
Dealt to Mahu2021 [Th 5d]
oldedboy: raises 20 to 40
Mahu2021: folds 
MANEA-MARIAN-M: calls 20
*** FLOP *** [6d 6c 8d]
MANEA-MARIAN-M: checks 
oldedboy: bets 20
MANEA-MARIAN-M: calls 20
*** TURN *** [6d 6c 8d] [Js]
MANEA-MARIAN-M: checks 
oldedboy: bets 65
MANEA-MARIAN-M: calls 65
*** RIVER *** [6d 6c 8d Js] [9s]
MANEA-MARIAN-M: checks 
oldedboy: checks 
*** SHOW DOWN ***
MANEA-MARIAN-M: shows [6h Kh] (three of a kind, Sixes)
oldedboy: mucks hand 
MANEA-MARIAN-M collected 260 from pot
*** SUMMARY ***
Total pot 260 | Rake 0 
Board [6d 6c 8d Js 9s]
Seat 1: oldedboy (button) mucked [9h Jc]
Seat 2: Mahu2021 (small blind) folded before Flop
Seat 3: MANEA-MARIAN-M (big blind) showed [6h Kh] and won (260) with three of a kind, Sixes



PokerStars Hand #249052478508: Tournament #3720282430, $4.60+$0.40 USD Hold'em No Limit - Level I (10/20) - 2024/02/23 22:28:35 CET [2024/02/23 16:28:35 ET]
Table '3720282430 1' 3-max Seat #2 is the button
Seat 1: oldedboy (375 in chips) 
Seat 2: Mahu2021 (490 in chips) 
Seat 3: MANEA-MARIAN-M (635 in chips) 
MANEA-MARIAN-M: posts small blind 10
oldedboy: posts big blind 20
*** HOLE CARDS ***
Dealt to Mahu2021 [2d 7s]
Mahu2021: folds 
MANEA-MARIAN-M: folds 
Uncalled bet (10) returned to oldedboy
oldedboy collected 20 from pot
oldedboy: doesn't show hand 
*** SUMMARY ***
Total pot 20 | Rake 0 
Seat 1: oldedboy (big blind) collected (20)
Seat 2: Mahu2021 (button) folded before Flop (didn't bet)
Seat 3: MANEA-MARIAN-M (small blind) folded before Flop



PokerStars Hand #249052481248: Tournament #3720282430, $4.60+$0.40 USD Hold'em No Limit - Level I (10/20) - 2024/02/23 22:28:43 CET [2024/02/23 16:28:43 ET]
Table '3720282430 1' 3-max Seat #3 is the button
Seat 1: oldedboy (385 in chips) 
Seat 2: Mahu2021 (490 in chips) 
Seat 3: MANEA-MARIAN-M (625 in chips) 
oldedboy: posts small blind 10
Mahu2021: posts big blind 20
*** HOLE CARDS ***
Dealt to Mahu2021 [2s 9h]
MANEA-MARIAN-M: folds 
oldedboy: folds 
Uncalled bet (10) returned to Mahu2021
Mahu2021 collected 20 from pot
Mahu2021: doesn't show hand 
*** SUMMARY ***
Total pot 20 | Rake 0 
Seat 1: oldedboy (small blind) folded before Flop
Seat 2: Mahu2021 (big blind) collected (20)
Seat 3: MANEA-MARIAN-M (button) folded before Flop (didn't bet)



PokerStars Hand #249052484182: Tournament #3720282430, $4.60+$0.40 USD Hold'em No Limit - Level I (10/20) - 2024/02/23 22:28:51 CET [2024/02/23 16:28:51 ET]
Table '3720282430 1' 3-max Seat #1 is the button
Seat 1: oldedboy (375 in chips) 
Seat 2: Mahu2021 (500 in chips) 
Seat 3: MANEA-MARIAN-M (625 in chips) 
Mahu2021: posts small blind 10
MANEA-MARIAN-M: posts big blind 20
*** HOLE CARDS ***
Dealt to Mahu2021 [8d Qc]
oldedboy: folds 
Mahu2021: folds 
Uncalled bet (10) returned to MANEA-MARIAN-M
MANEA-MARIAN-M collected 20 from pot
MANEA-MARIAN-M: doesn't show hand 
*** SUMMARY ***
Total pot 20 | Rake 0 
Seat 1: oldedboy (button) folded before Flop (didn't bet)
Seat 2: Mahu2021 (small blind) folded before Flop
Seat 3: MANEA-MARIAN-M (big blind) collected (20)



PokerStars Hand #249052485935: Tournament #3720282430, $4.60+$0.40 USD Hold'em No Limit - Level I (10/20) - 2024/02/23 22:28:56 CET [2024/02/23 16:28:56 ET]
Table '3720282430 1' 3-max Seat #2 is the button
Seat 1: oldedboy (375 in chips) 
Seat 2: Mahu2021 (490 in chips) 
Seat 3: MANEA-MARIAN-M (635 in chips) 
MANEA-MARIAN-M: posts small blind 10
oldedboy: posts big blind 20
*** HOLE CARDS ***
Dealt to Mahu2021 [Kc 4h]
Mahu2021: folds 
MANEA-MARIAN-M: raises 20 to 40
oldedboy: raises 335 to 375 and is all-in
MANEA-MARIAN-M: folds 
Uncalled bet (335) returned to oldedboy
oldedboy collected 80 from pot
oldedboy: doesn't show hand 
*** SUMMARY ***
Total pot 80 | Rake 0 
Seat 1: oldedboy (big blind) collected (80)
Seat 2: Mahu2021 (button) folded before Flop (didn't bet)
Seat 3: MANEA-MARIAN-M (small blind) folded before Flop



PokerStars Hand #249052490344: Tournament #3720282430, $4.60+$0.40 USD Hold'em No Limit - Level I (10/20) - 2024/02/23 22:29:08 CET [2024/02/23 16:29:08 ET]
Table '3720282430 1' 3-max Seat #3 is the button
Seat 1: oldedboy (415 in chips) 
Seat 2: Mahu2021 (490 in chips) 
Seat 3: MANEA-MARIAN-M (595 in chips) 
oldedboy: posts small blind 10
Mahu2021: posts big blind 20
*** HOLE CARDS ***
Dealt to Mahu2021 [2c 8d]
MANEA-MARIAN-M: folds 
oldedboy: raises 395 to 415 and is all-in
Mahu2021: folds 
Uncalled bet (395) returned to oldedboy
oldedboy collected 40 from pot
oldedboy: doesn't show hand 
*** SUMMARY ***
Total pot 40 | Rake 0 
Seat 1: oldedboy (small blind) collected (40)
Seat 2: Mahu2021 (big blind) folded before Flop
Seat 3: MANEA-MARIAN-M (button) folded before Flop (didn't bet)



PokerStars Hand #249052494277: Tournament #3720282430, $4.60+$0.40 USD Hold'em No Limit - Level I (10/20) - 2024/02/23 22:29:19 CET [2024/02/23 16:29:19 ET]
Table '3720282430 1' 3-max Seat #1 is the button
Seat 1: oldedboy (435 in chips) 
Seat 2: Mahu2021 (470 in chips) 
Seat 3: MANEA-MARIAN-M (595 in chips) 
Mahu2021: posts small blind 10
MANEA-MARIAN-M: posts big blind 20
*** HOLE CARDS ***
Dealt to Mahu2021 [4h 3d]
oldedboy: folds 
Mahu2021: folds 
Uncalled bet (10) returned to MANEA-MARIAN-M
MANEA-MARIAN-M collected 20 from pot
MANEA-MARIAN-M: doesn't show hand 
*** SUMMARY ***
Total pot 20 | Rake 0 
Seat 1: oldedboy (button) folded before Flop (didn't bet)
Seat 2: Mahu2021 (small blind) folded before Flop
Seat 3: MANEA-MARIAN-M (big blind) collected (20)



PokerStars Hand #249052496806: Tournament #3720282430, $4.60+$0.40 USD Hold'em No Limit - Level I (10/20) - 2024/02/23 22:29:26 CET [2024/02/23 16:29:26 ET]
Table '3720282430 1' 3-max Seat #2 is the button
Seat 1: oldedboy (435 in chips) 
Seat 2: Mahu2021 (460 in chips) 
Seat 3: MANEA-MARIAN-M (605 in chips) 
MANEA-MARIAN-M: posts small blind 10
oldedboy: posts big blind 20
*** HOLE CARDS ***
Dealt to Mahu2021 [Qh 2h]
Mahu2021: raises 20 to 40
MANEA-MARIAN-M: calls 30
oldedboy: folds 
*** FLOP *** [6h Ac 2d]
MANEA-MARIAN-M: checks 
Mahu2021: checks 
*** TURN *** [6h Ac 2d] [7h]
MANEA-MARIAN-M: checks 
Mahu2021: bets 100
MANEA-MARIAN-M: raises 150 to 250
Mahu2021: calls 150
*** RIVER *** [6h Ac 2d 7h] [8d]
MANEA-MARIAN-M: bets 315 and is all-in
Mahu2021: folds 
Uncalled bet (315) returned to MANEA-MARIAN-M
MANEA-MARIAN-M collected 600 from pot
MANEA-MARIAN-M: doesn't show hand 
*** SUMMARY ***
Total pot 600 | Rake 0 
Board [6h Ac 2d 7h 8d]
Seat 1: oldedboy (big blind) folded before Flop
Seat 2: Mahu2021 (button) folded on the River
Seat 3: MANEA-MARIAN-M (small blind) collected (600)



PokerStars Hand #249052506373: Tournament #3720282430, $4.60+$0.40 USD Hold'em No Limit - Level I (10/20) - 2024/02/23 22:29:52 CET [2024/02/23 16:29:52 ET]
Table '3720282430 1' 3-max Seat #3 is the button
Seat 1: oldedboy (415 in chips) 
Seat 2: Mahu2021 (170 in chips) 
Seat 3: MANEA-MARIAN-M (915 in chips) 
oldedboy: posts small blind 10
Mahu2021: posts big blind 20
*** HOLE CARDS ***
Dealt to Mahu2021 [Js 6h]
MANEA-MARIAN-M: calls 20
oldedboy: folds 
Mahu2021: raises 150 to 170 and is all-in
MANEA-MARIAN-M: calls 150
*** FLOP *** [7d 8d 4c]
*** TURN *** [7d 8d 4c] [9d]
*** RIVER *** [7d 8d 4c 9d] [5h]
*** SHOW DOWN ***
Mahu2021: shows [Js 6h] (a straight, Five to Nine)
MANEA-MARIAN-M: shows [Jh Td] (a straight, Seven to Jack)
MANEA-MARIAN-M collected 350 from pot
Mahu2021 finished the tournament in 3rd place
*** SUMMARY ***
Total pot 350 | Rake 0 
Board [7d 8d 4c 9d 5h]
Seat 1: oldedboy (small blind) folded before Flop
Seat 2: Mahu2021 (big blind) showed [Js 6h] and lost with a straight, Five to Nine
Seat 3: MANEA-MARIAN-M (button) showed [Jh Td] and won (350) with a straight, Seven to Jack



