PokerStars Hand #244030407462: Tournament #3598847719, $0.92+$0.08 USD Hold'em No Limit - Level I (10/20) - 2023/06/01 16:43:39 CET [2023/06/01 10:43:39 ET]
Table '3598847719 1' 3-max Seat #1 is the button
Seat 1: Zowla796 (500 in chips) 
Seat 2: Mahu2021 (500 in chips) 
Seat 3: Willi28an (500 in chips) 
Mahu2021: posts small blind 10
Willi28an: posts big blind 20
*** HOLE CARDS ***
Dealt to Mahu2021 [3h 8c]
Zowla796: raises 480 to 500 and is all-in
Mahu2021: folds 
Willi28an: calls 480 and is all-in
*** FLOP *** [Ad 2d Th]
*** TURN *** [Ad 2d Th] [3s]
*** RIVER *** [Ad 2d Th 3s] [8s]
*** SHOW DOWN ***
Willi28an: shows [Tc Ac] (two pair, Aces and Tens)
Zowla796: shows [Qs Kh] (high card Ace)
Willi28an collected 1010 from pot
Zowla796 finished the tournament in 3rd place
*** SUMMARY ***
Total pot 1010 | Rake 0 
Board [Ad 2d Th 3s 8s]
Seat 1: Zowla796 (button) showed [Qs Kh] and lost with high card Ace
Seat 2: Mahu2021 (small blind) folded before Flop
Seat 3: Willi28an (big blind) showed [Tc Ac] and won (1010) with two pair, Aces and Tens



PokerStars Hand #244030411128: Tournament #3598847719, $0.92+$0.08 USD Hold'em No Limit - Level I (10/20) - 2023/06/01 16:43:56 CET [2023/06/01 10:43:56 ET]
Table '3598847719 1' 3-max Seat #3 is the button
Seat 2: Mahu2021 (490 in chips) 
Seat 3: Willi28an (1010 in chips) 
Willi28an: posts small blind 10
Mahu2021: posts big blind 20
*** HOLE CARDS ***
Dealt to Mahu2021 [As 3d]
Willi28an: raises 20 to 40
Mahu2021: calls 20
*** FLOP *** [7c Td 9c]
Mahu2021: checks 
Willi28an: checks 
*** TURN *** [7c Td 9c] [4h]
Mahu2021: checks 
Willi28an: checks 
*** RIVER *** [7c Td 9c 4h] [8s]
Mahu2021: checks 
Willi28an: bets 40
Mahu2021: folds 
Uncalled bet (40) returned to Willi28an
Willi28an collected 80 from pot
Willi28an: doesn't show hand 
*** SUMMARY ***
Total pot 80 | Rake 0 
Board [7c Td 9c 4h 8s]
Seat 2: Mahu2021 (big blind) folded on the River
Seat 3: Willi28an (button) (small blind) collected (80)



PokerStars Hand #244030415237: Tournament #3598847719, $0.92+$0.08 USD Hold'em No Limit - Level I (10/20) - 2023/06/01 16:44:14 CET [2023/06/01 10:44:14 ET]
Table '3598847719 1' 3-max Seat #2 is the button
Seat 2: Mahu2021 (450 in chips) 
Seat 3: Willi28an (1050 in chips) 
Mahu2021: posts small blind 10
Willi28an: posts big blind 20
*** HOLE CARDS ***
Dealt to Mahu2021 [4d 5s]
Mahu2021: calls 10
Willi28an: checks 
*** FLOP *** [8h 5h 9c]
Willi28an: bets 60
Mahu2021: calls 60
*** TURN *** [8h 5h 9c] [Ah]
Willi28an: bets 106
Mahu2021: folds 
Uncalled bet (106) returned to Willi28an
Willi28an collected 160 from pot
Willi28an: doesn't show hand 
*** SUMMARY ***
Total pot 160 | Rake 0 
Board [8h 5h 9c Ah]
Seat 2: Mahu2021 (button) (small blind) folded on the Turn
Seat 3: Willi28an (big blind) collected (160)



PokerStars Hand #244030418805: Tournament #3598847719, $0.92+$0.08 USD Hold'em No Limit - Level I (10/20) - 2023/06/01 16:44:31 CET [2023/06/01 10:44:31 ET]
Table '3598847719 1' 3-max Seat #3 is the button
Seat 2: Mahu2021 (370 in chips) 
Seat 3: Willi28an (1130 in chips) 
Willi28an: posts small blind 10
Mahu2021: posts big blind 20
*** HOLE CARDS ***
Dealt to Mahu2021 [6d Jc]
Willi28an: folds 
Uncalled bet (10) returned to Mahu2021
Mahu2021 collected 20 from pot
Mahu2021: doesn't show hand 
*** SUMMARY ***
Total pot 20 | Rake 0 
Seat 2: Mahu2021 (big blind) collected (20)
Seat 3: Willi28an (button) (small blind) folded before Flop



PokerStars Hand #244030419834: Tournament #3598847719, $0.92+$0.08 USD Hold'em No Limit - Level I (10/20) - 2023/06/01 16:44:35 CET [2023/06/01 10:44:35 ET]
Table '3598847719 1' 3-max Seat #2 is the button
Seat 2: Mahu2021 (380 in chips) 
Seat 3: Willi28an (1120 in chips) 
Mahu2021: posts small blind 10
Willi28an: posts big blind 20
*** HOLE CARDS ***
Dealt to Mahu2021 [3d 5s]
Mahu2021: calls 10
Willi28an: checks 
*** FLOP *** [Tc 6s Jc]
Willi28an: checks 
Mahu2021: bets 20
Willi28an: folds 
Uncalled bet (20) returned to Mahu2021
Mahu2021 collected 40 from pot
Mahu2021: doesn't show hand 
*** SUMMARY ***
Total pot 40 | Rake 0 
Board [Tc 6s Jc]
Seat 2: Mahu2021 (button) (small blind) collected (40)
Seat 3: Willi28an (big blind) folded on the Flop



PokerStars Hand #244030423305: Tournament #3598847719, $0.92+$0.08 USD Hold'em No Limit - Level I (10/20) - 2023/06/01 16:44:51 CET [2023/06/01 10:44:51 ET]
Table '3598847719 1' 3-max Seat #3 is the button
Seat 2: Mahu2021 (400 in chips) 
Seat 3: Willi28an (1100 in chips) 
Willi28an: posts small blind 10
Mahu2021: posts big blind 20
*** HOLE CARDS ***
Dealt to Mahu2021 [Ah 4d]
Willi28an: calls 10
Mahu2021: checks 
*** FLOP *** [6d 3s 7d]
Mahu2021: checks 
Willi28an: checks 
*** TURN *** [6d 3s 7d] [Ad]
Mahu2021: bets 20
Willi28an: calls 20
*** RIVER *** [6d 3s 7d Ad] [Js]
Mahu2021: bets 20
Willi28an: calls 20
*** SHOW DOWN ***
Mahu2021: shows [Ah 4d] (a pair of Aces)
Willi28an: mucks hand 
Mahu2021 collected 120 from pot
*** SUMMARY ***
Total pot 120 | Rake 0 
Board [6d 3s 7d Ad Js]
Seat 2: Mahu2021 (big blind) showed [Ah 4d] and won (120) with a pair of Aces
Seat 3: Willi28an (button) (small blind) mucked [8c 3c]



PokerStars Hand #244030428850: Tournament #3598847719, $0.92+$0.08 USD Hold'em No Limit - Level I (10/20) - 2023/06/01 16:45:16 CET [2023/06/01 10:45:16 ET]
Table '3598847719 1' 3-max Seat #2 is the button
Seat 2: Mahu2021 (460 in chips) 
Seat 3: Willi28an (1040 in chips) 
Mahu2021: posts small blind 10
Willi28an: posts big blind 20
*** HOLE CARDS ***
Dealt to Mahu2021 [Ad Td]
Mahu2021: raises 20 to 40
Willi28an: calls 20
*** FLOP *** [4s Ah Qs]
Willi28an: checks 
Mahu2021: bets 80
Willi28an: folds 
Uncalled bet (80) returned to Mahu2021
Mahu2021 collected 80 from pot
Mahu2021: doesn't show hand 
*** SUMMARY ***
Total pot 80 | Rake 0 
Board [4s Ah Qs]
Seat 2: Mahu2021 (button) (small blind) collected (80)
Seat 3: Willi28an (big blind) folded on the Flop



PokerStars Hand #244030433679: Tournament #3598847719, $0.92+$0.08 USD Hold'em No Limit - Level I (10/20) - 2023/06/01 16:45:39 CET [2023/06/01 10:45:39 ET]
Table '3598847719 1' 3-max Seat #3 is the button
Seat 2: Mahu2021 (500 in chips) 
Seat 3: Willi28an (1000 in chips) 
Willi28an: posts small blind 10
Mahu2021: posts big blind 20
*** HOLE CARDS ***
Dealt to Mahu2021 [8d 4s]
Willi28an: calls 10
Mahu2021: checks 
*** FLOP *** [6d Ts Ac]
Mahu2021: checks 
Willi28an: bets 20
Mahu2021: folds 
Uncalled bet (20) returned to Willi28an
Willi28an collected 40 from pot
Willi28an: doesn't show hand 
*** SUMMARY ***
Total pot 40 | Rake 0 
Board [6d Ts Ac]
Seat 2: Mahu2021 (big blind) folded on the Flop
Seat 3: Willi28an (button) (small blind) collected (40)



PokerStars Hand #244030436864: Tournament #3598847719, $0.92+$0.08 USD Hold'em No Limit - Level II (15/30) - 2023/06/01 16:45:53 CET [2023/06/01 10:45:53 ET]
Table '3598847719 1' 3-max Seat #2 is the button
Seat 2: Mahu2021 (480 in chips) 
Seat 3: Willi28an (1020 in chips) 
Mahu2021: posts small blind 15
Willi28an: posts big blind 30
*** HOLE CARDS ***
Dealt to Mahu2021 [9c 9h]
Mahu2021: raises 30 to 60
Willi28an: folds 
Uncalled bet (30) returned to Mahu2021
Mahu2021 collected 60 from pot
Mahu2021: doesn't show hand 
*** SUMMARY ***
Total pot 60 | Rake 0 
Seat 2: Mahu2021 (button) (small blind) collected (60)
Seat 3: Willi28an (big blind) folded before Flop



PokerStars Hand #244030438216: Tournament #3598847719, $0.92+$0.08 USD Hold'em No Limit - Level II (15/30) - 2023/06/01 16:46:00 CET [2023/06/01 10:46:00 ET]
Table '3598847719 1' 3-max Seat #3 is the button
Seat 2: Mahu2021 (510 in chips) 
Seat 3: Willi28an (990 in chips) 
Willi28an: posts small blind 15
Mahu2021: posts big blind 30
*** HOLE CARDS ***
Dealt to Mahu2021 [Qc 3s]
Willi28an: calls 15
Mahu2021: checks 
*** FLOP *** [5s Ad Kh]
Mahu2021: checks 
Willi28an: bets 30
Mahu2021: folds 
Uncalled bet (30) returned to Willi28an
Willi28an collected 60 from pot
Willi28an: doesn't show hand 
*** SUMMARY ***
Total pot 60 | Rake 0 
Board [5s Ad Kh]
Seat 2: Mahu2021 (big blind) folded on the Flop
Seat 3: Willi28an (button) (small blind) collected (60)



PokerStars Hand #244030440927: Tournament #3598847719, $0.92+$0.08 USD Hold'em No Limit - Level II (15/30) - 2023/06/01 16:46:12 CET [2023/06/01 10:46:12 ET]
Table '3598847719 1' 3-max Seat #2 is the button
Seat 2: Mahu2021 (480 in chips) 
Seat 3: Willi28an (1020 in chips) 
Mahu2021: posts small blind 15
Willi28an: posts big blind 30
*** HOLE CARDS ***
Dealt to Mahu2021 [Qs 7c]
Mahu2021: calls 15
Willi28an: raises 990 to 1020 and is all-in
Mahu2021: folds 
Uncalled bet (990) returned to Willi28an
Willi28an collected 60 from pot
Willi28an: doesn't show hand 
*** SUMMARY ***
Total pot 60 | Rake 0 
Seat 2: Mahu2021 (button) (small blind) folded before Flop
Seat 3: Willi28an (big blind) collected (60)



PokerStars Hand #244030442879: Tournament #3598847719, $0.92+$0.08 USD Hold'em No Limit - Level II (15/30) - 2023/06/01 16:46:21 CET [2023/06/01 10:46:21 ET]
Table '3598847719 1' 3-max Seat #3 is the button
Seat 2: Mahu2021 (450 in chips) 
Seat 3: Willi28an (1050 in chips) 
Willi28an: posts small blind 15
Mahu2021: posts big blind 30
*** HOLE CARDS ***
Dealt to Mahu2021 [6h 9d]
Willi28an: folds 
Uncalled bet (15) returned to Mahu2021
Mahu2021 collected 30 from pot
Mahu2021: doesn't show hand 
*** SUMMARY ***
Total pot 30 | Rake 0 
Seat 2: Mahu2021 (big blind) collected (30)
Seat 3: Willi28an (button) (small blind) folded before Flop



PokerStars Hand #244030444137: Tournament #3598847719, $0.92+$0.08 USD Hold'em No Limit - Level II (15/30) - 2023/06/01 16:46:27 CET [2023/06/01 10:46:27 ET]
Table '3598847719 1' 3-max Seat #2 is the button
Seat 2: Mahu2021 (465 in chips) 
Seat 3: Willi28an (1035 in chips) 
Mahu2021: posts small blind 15
Willi28an: posts big blind 30
*** HOLE CARDS ***
Dealt to Mahu2021 [6h Qh]
Mahu2021: calls 15
Willi28an: checks 
*** FLOP *** [Ad 2c 7s]
Willi28an: checks 
Mahu2021: checks 
*** TURN *** [Ad 2c 7s] [As]
Willi28an: checks 
Mahu2021: bets 30
Willi28an: calls 30
*** RIVER *** [Ad 2c 7s As] [9c]
Willi28an: bets 120
Mahu2021: folds 
Uncalled bet (120) returned to Willi28an
Willi28an collected 120 from pot
Willi28an: doesn't show hand 
*** SUMMARY ***
Total pot 120 | Rake 0 
Board [Ad 2c 7s As 9c]
Seat 2: Mahu2021 (button) (small blind) folded on the River
Seat 3: Willi28an (big blind) collected (120)



PokerStars Hand #244030448989: Tournament #3598847719, $0.92+$0.08 USD Hold'em No Limit - Level II (15/30) - 2023/06/01 16:46:49 CET [2023/06/01 10:46:49 ET]
Table '3598847719 1' 3-max Seat #3 is the button
Seat 2: Mahu2021 (405 in chips) 
Seat 3: Willi28an (1095 in chips) 
Willi28an: posts small blind 15
Mahu2021: posts big blind 30
*** HOLE CARDS ***
Dealt to Mahu2021 [Qs Tc]
Willi28an: folds 
Uncalled bet (15) returned to Mahu2021
Mahu2021 collected 30 from pot
Mahu2021: doesn't show hand 
*** SUMMARY ***
Total pot 30 | Rake 0 
Seat 2: Mahu2021 (big blind) collected (30)
Seat 3: Willi28an (button) (small blind) folded before Flop



PokerStars Hand #244030449958: Tournament #3598847719, $0.92+$0.08 USD Hold'em No Limit - Level II (15/30) - 2023/06/01 16:46:53 CET [2023/06/01 10:46:53 ET]
Table '3598847719 1' 3-max Seat #2 is the button
Seat 2: Mahu2021 (420 in chips) 
Seat 3: Willi28an (1080 in chips) 
Mahu2021: posts small blind 15
Willi28an: posts big blind 30
*** HOLE CARDS ***
Dealt to Mahu2021 [5s 9c]
Mahu2021: folds 
Uncalled bet (15) returned to Willi28an
Willi28an collected 30 from pot
Willi28an: doesn't show hand 
*** SUMMARY ***
Total pot 30 | Rake 0 
Seat 2: Mahu2021 (button) (small blind) folded before Flop
Seat 3: Willi28an (big blind) collected (30)



PokerStars Hand #244030450978: Tournament #3598847719, $0.92+$0.08 USD Hold'em No Limit - Level II (15/30) - 2023/06/01 16:46:58 CET [2023/06/01 10:46:58 ET]
Table '3598847719 1' 3-max Seat #3 is the button
Seat 2: Mahu2021 (405 in chips) 
Seat 3: Willi28an (1095 in chips) 
Willi28an: posts small blind 15
Mahu2021: posts big blind 30
*** HOLE CARDS ***
Dealt to Mahu2021 [Kc Jh]
Willi28an: folds 
Uncalled bet (15) returned to Mahu2021
Mahu2021 collected 30 from pot
Mahu2021: doesn't show hand 
*** SUMMARY ***
Total pot 30 | Rake 0 
Seat 2: Mahu2021 (big blind) collected (30)
Seat 3: Willi28an (button) (small blind) folded before Flop



PokerStars Hand #244030451973: Tournament #3598847719, $0.92+$0.08 USD Hold'em No Limit - Level II (15/30) - 2023/06/01 16:47:03 CET [2023/06/01 10:47:03 ET]
Table '3598847719 1' 3-max Seat #2 is the button
Seat 2: Mahu2021 (420 in chips) 
Seat 3: Willi28an (1080 in chips) 
Mahu2021: posts small blind 15
Willi28an: posts big blind 30
*** HOLE CARDS ***
Dealt to Mahu2021 [2c 9s]
Mahu2021: folds 
Uncalled bet (15) returned to Willi28an
Willi28an collected 30 from pot
Willi28an: doesn't show hand 
*** SUMMARY ***
Total pot 30 | Rake 0 
Seat 2: Mahu2021 (button) (small blind) folded before Flop
Seat 3: Willi28an (big blind) collected (30)



PokerStars Hand #244030452991: Tournament #3598847719, $0.92+$0.08 USD Hold'em No Limit - Level II (15/30) - 2023/06/01 16:47:07 CET [2023/06/01 10:47:07 ET]
Table '3598847719 1' 3-max Seat #3 is the button
Seat 2: Mahu2021 (405 in chips) 
Seat 3: Willi28an (1095 in chips) 
Willi28an: posts small blind 15
Mahu2021: posts big blind 30
*** HOLE CARDS ***
Dealt to Mahu2021 [8d 7c]
Willi28an: calls 15
Mahu2021: checks 
*** FLOP *** [4s Js 5c]
Mahu2021: checks 
Willi28an: bets 40
Mahu2021: folds 
Uncalled bet (40) returned to Willi28an
Willi28an collected 60 from pot
Willi28an: doesn't show hand 
*** SUMMARY ***
Total pot 60 | Rake 0 
Board [4s Js 5c]
Seat 2: Mahu2021 (big blind) folded on the Flop
Seat 3: Willi28an (button) (small blind) collected (60)



PokerStars Hand #244030456679: Tournament #3598847719, $0.92+$0.08 USD Hold'em No Limit - Level II (15/30) - 2023/06/01 16:47:24 CET [2023/06/01 10:47:24 ET]
Table '3598847719 1' 3-max Seat #2 is the button
Seat 2: Mahu2021 (375 in chips) 
Seat 3: Willi28an (1125 in chips) 
Mahu2021: posts small blind 15
Willi28an: posts big blind 30
*** HOLE CARDS ***
Dealt to Mahu2021 [Ad Tc]
Mahu2021: raises 30 to 60
Willi28an: calls 30
*** FLOP *** [Jh Ac 8s]
Willi28an: checks 
Mahu2021: bets 120
Willi28an: folds 
Uncalled bet (120) returned to Mahu2021
Mahu2021 collected 120 from pot
Mahu2021: doesn't show hand 
*** SUMMARY ***
Total pot 120 | Rake 0 
Board [Jh Ac 8s]
Seat 2: Mahu2021 (button) (small blind) collected (120)
Seat 3: Willi28an (big blind) folded on the Flop



PokerStars Hand #244030459733: Tournament #3598847719, $0.92+$0.08 USD Hold'em No Limit - Level II (15/30) - 2023/06/01 16:47:38 CET [2023/06/01 10:47:38 ET]
Table '3598847719 1' 3-max Seat #3 is the button
Seat 2: Mahu2021 (435 in chips) 
Seat 3: Willi28an (1065 in chips) 
Willi28an: posts small blind 15
Mahu2021: posts big blind 30
*** HOLE CARDS ***
Dealt to Mahu2021 [9d Jd]
Willi28an: calls 15
Mahu2021: checks 
*** FLOP *** [7h 7d Ts]
Mahu2021: checks 
Willi28an: bets 30
Mahu2021: calls 30
*** TURN *** [7h 7d Ts] [Qd]
Mahu2021: checks 
Willi28an: checks 
*** RIVER *** [7h 7d Ts Qd] [5s]
Mahu2021: bets 90
Willi28an: folds 
Uncalled bet (90) returned to Mahu2021
Mahu2021 collected 120 from pot
Mahu2021: doesn't show hand 
*** SUMMARY ***
Total pot 120 | Rake 0 
Board [7h 7d Ts Qd 5s]
Seat 2: Mahu2021 (big blind) collected (120)
Seat 3: Willi28an (button) (small blind) folded on the River



PokerStars Hand #244030464834: Tournament #3598847719, $0.92+$0.08 USD Hold'em No Limit - Level III (20/40) - 2023/06/01 16:48:02 CET [2023/06/01 10:48:02 ET]
Table '3598847719 1' 3-max Seat #2 is the button
Seat 2: Mahu2021 (495 in chips) 
Seat 3: Willi28an (1005 in chips) 
Mahu2021: posts small blind 20
Willi28an: posts big blind 40
*** HOLE CARDS ***
Dealt to Mahu2021 [9c 8h]
Mahu2021: calls 20
Willi28an: checks 
*** FLOP *** [Jc 4h Kh]
Willi28an: bets 40
Mahu2021: folds 
Uncalled bet (40) returned to Willi28an
Willi28an collected 80 from pot
Willi28an: doesn't show hand 
*** SUMMARY ***
Total pot 80 | Rake 0 
Board [Jc 4h Kh]
Seat 2: Mahu2021 (button) (small blind) folded on the Flop
Seat 3: Willi28an (big blind) collected (80)



PokerStars Hand #244030468746: Tournament #3598847719, $0.92+$0.08 USD Hold'em No Limit - Level III (20/40) - 2023/06/01 16:48:20 CET [2023/06/01 10:48:20 ET]
Table '3598847719 1' 3-max Seat #3 is the button
Seat 2: Mahu2021 (455 in chips) 
Seat 3: Willi28an (1045 in chips) 
Willi28an: posts small blind 20
Mahu2021: posts big blind 40
*** HOLE CARDS ***
Dealt to Mahu2021 [7s 4c]
Willi28an: calls 20
Mahu2021: checks 
*** FLOP *** [Qs 4s 9h]
Mahu2021: checks 
Willi28an: checks 
*** TURN *** [Qs 4s 9h] [5s]
Mahu2021: checks 
Willi28an: checks 
*** RIVER *** [Qs 4s 9h 5s] [5d]
Mahu2021: checks 
Willi28an: bets 40
Mahu2021: calls 40
*** SHOW DOWN ***
Willi28an: shows [8h Ts] (a pair of Fives)
Mahu2021: shows [7s 4c] (two pair, Fives and Fours)
Mahu2021 collected 160 from pot
*** SUMMARY ***
Total pot 160 | Rake 0 
Board [Qs 4s 9h 5s 5d]
Seat 2: Mahu2021 (big blind) showed [7s 4c] and won (160) with two pair, Fives and Fours
Seat 3: Willi28an (button) (small blind) showed [8h Ts] and lost with a pair of Fives



PokerStars Hand #244030474168: Tournament #3598847719, $0.92+$0.08 USD Hold'em No Limit - Level III (20/40) - 2023/06/01 16:48:45 CET [2023/06/01 10:48:45 ET]
Table '3598847719 1' 3-max Seat #2 is the button
Seat 2: Mahu2021 (535 in chips) 
Seat 3: Willi28an (965 in chips) 
Mahu2021: posts small blind 20
Willi28an: posts big blind 40
*** HOLE CARDS ***
Dealt to Mahu2021 [Ad Td]
Mahu2021: raises 40 to 80
Willi28an: raises 885 to 965 and is all-in
Mahu2021: calls 455 and is all-in
Uncalled bet (430) returned to Willi28an
*** FLOP *** [9h 6c Ts]
*** TURN *** [9h 6c Ts] [As]
*** RIVER *** [9h 6c Ts As] [Js]
*** SHOW DOWN ***
Willi28an: shows [Ah 2h] (a pair of Aces)
Mahu2021: shows [Ad Td] (two pair, Aces and Tens)
Mahu2021 collected 1070 from pot
*** SUMMARY ***
Total pot 1070 | Rake 0 
Board [9h 6c Ts As Js]
Seat 2: Mahu2021 (button) (small blind) showed [Ad Td] and won (1070) with two pair, Aces and Tens
Seat 3: Willi28an (big blind) showed [Ah 2h] and lost with a pair of Aces



PokerStars Hand #244030478821: Tournament #3598847719, $0.92+$0.08 USD Hold'em No Limit - Level III (20/40) - 2023/06/01 16:49:07 CET [2023/06/01 10:49:07 ET]
Table '3598847719 1' 3-max Seat #3 is the button
Seat 2: Mahu2021 (1070 in chips) 
Seat 3: Willi28an (430 in chips) 
Willi28an: posts small blind 20
Mahu2021: posts big blind 40
*** HOLE CARDS ***
Dealt to Mahu2021 [5s 5c]
Willi28an: folds 
Uncalled bet (20) returned to Mahu2021
Mahu2021 collected 40 from pot
Mahu2021: doesn't show hand 
*** SUMMARY ***
Total pot 40 | Rake 0 
Seat 2: Mahu2021 (big blind) collected (40)
Seat 3: Willi28an (button) (small blind) folded before Flop



PokerStars Hand #244030482251: Tournament #3598847719, $0.92+$0.08 USD Hold'em No Limit - Level III (20/40) - 2023/06/01 16:49:23 CET [2023/06/01 10:49:23 ET]
Table '3598847719 1' 3-max Seat #2 is the button
Seat 2: Mahu2021 (1090 in chips) 
Seat 3: Willi28an (410 in chips) 
Mahu2021: posts small blind 20
Willi28an: posts big blind 40
*** HOLE CARDS ***
Dealt to Mahu2021 [As 9c]
Mahu2021: raises 40 to 80
Willi28an: calls 40
*** FLOP *** [9h 6s Qc]
Willi28an: checks 
Mahu2021: bets 160
Willi28an: calls 160
*** TURN *** [9h 6s Qc] [7h]
Willi28an: checks 
Mahu2021: bets 850 and is all-in
Willi28an: calls 170 and is all-in
Uncalled bet (680) returned to Mahu2021
*** RIVER *** [9h 6s Qc 7h] [6c]
*** SHOW DOWN ***
Willi28an: shows [Tc 8h] (a straight, Six to Ten)
Mahu2021: shows [As 9c] (two pair, Nines and Sixes)
Willi28an collected 820 from pot
*** SUMMARY ***
Total pot 820 | Rake 0 
Board [9h 6s Qc 7h 6c]
Seat 2: Mahu2021 (button) (small blind) showed [As 9c] and lost with two pair, Nines and Sixes
Seat 3: Willi28an (big blind) showed [Tc 8h] and won (820) with a straight, Six to Ten



PokerStars Hand #244030497436: Tournament #3598847719, $0.92+$0.08 USD Hold'em No Limit - Level IV (30/60) - 2023/06/01 16:50:34 CET [2023/06/01 10:50:34 ET]
Table '3598847719 1' 3-max Seat #3 is the button
Seat 2: Mahu2021 (680 in chips) 
Seat 3: Willi28an (820 in chips) 
Willi28an: posts small blind 30
Mahu2021: posts big blind 60
*** HOLE CARDS ***
Dealt to Mahu2021 [3h 9h]
Willi28an: folds 
Uncalled bet (30) returned to Mahu2021
Mahu2021 collected 60 from pot
Mahu2021: doesn't show hand 
*** SUMMARY ***
Total pot 60 | Rake 0 
Seat 2: Mahu2021 (big blind) collected (60)
Seat 3: Willi28an (button) (small blind) folded before Flop



PokerStars Hand #244030501158: Tournament #3598847719, $0.92+$0.08 USD Hold'em No Limit - Level IV (30/60) - 2023/06/01 16:50:51 CET [2023/06/01 10:50:51 ET]
Table '3598847719 1' 3-max Seat #2 is the button
Seat 2: Mahu2021 (710 in chips) 
Seat 3: Willi28an (790 in chips) 
Mahu2021: posts small blind 30
Willi28an: posts big blind 60
*** HOLE CARDS ***
Dealt to Mahu2021 [Qd Ts]
Mahu2021: calls 30
Willi28an has timed out
Willi28an: checks 
*** FLOP *** [7s 9c 2s]
Willi28an: checks 
Mahu2021: bets 60
Willi28an: calls 60
*** TURN *** [7s 9c 2s] [5h]
Willi28an: checks 
Mahu2021: checks 
*** RIVER *** [7s 9c 2s 5h] [4d]
Willi28an: checks 
Mahu2021: bets 590 and is all-in
Willi28an: calls 590
*** SHOW DOWN ***
Mahu2021: shows [Qd Ts] (high card Queen)
Willi28an: shows [4c Ks] (a pair of Fours)
Willi28an collected 1420 from pot
Mahu2021 finished the tournament in 2nd place
Willi28an wins the tournament and receives $2.00 - congratulations!
*** SUMMARY ***
Total pot 1420 | Rake 0 
Board [7s 9c 2s 5h 4d]
Seat 2: Mahu2021 (button) (small blind) showed [Qd Ts] and lost with high card Queen
Seat 3: Willi28an (big blind) showed [4c Ks] and won (1420) with a pair of Fours



