PokerStars Hand #249086019531: Tournament #3721058338, $4.60+$0.40 USD Hold'em No Limit - Level I (10/20) - 2024/02/25 17:00:11 CET [2024/02/25 11:00:11 ET]
Table '3721058338 1' 3-max Seat #1 is the button
Seat 1: isdasstier (500 in chips) 
Seat 2: Mahu2021 (500 in chips) 
Seat 3: kennedy9498 (500 in chips) 
Mahu2021: posts small blind 10
kennedy9498: posts big blind 20
*** HOLE CARDS ***
Dealt to Mahu2021 [Qh Ah]
isdasstier: raises 40 to 60
Mahu2021: calls 50
kennedy9498: folds 
*** FLOP *** [Jh 7h 4s]
Mahu2021: checks 
isdasstier: checks 
*** TURN *** [Jh 7h 4s] [2d]
Mahu2021: checks 
isdasstier: checks 
*** RIVER *** [Jh 7h 4s 2d] [9c]
Mahu2021: checks 
isdasstier: bets 70
Mahu2021: calls 70
*** SHOW DOWN ***
isdasstier: shows [Kc 6h] (high card King)
Mahu2021: shows [Qh Ah] (high card Ace)
Mahu2021 collected 280 from pot
*** SUMMARY ***
Total pot 280 | Rake 0 
Board [Jh 7h 4s 2d 9c]
Seat 1: isdasstier (button) showed [Kc 6h] and lost with high card King
Seat 2: Mahu2021 (small blind) showed [Qh Ah] and won (280) with high card Ace
Seat 3: kennedy9498 (big blind) folded before Flop



PokerStars Hand #249086023341: Tournament #3721058338, $4.60+$0.40 USD Hold'em No Limit - Level I (10/20) - 2024/02/25 17:00:28 CET [2024/02/25 11:00:28 ET]
Table '3721058338 1' 3-max Seat #2 is the button
Seat 1: isdasstier (370 in chips) 
Seat 2: Mahu2021 (650 in chips) 
Seat 3: kennedy9498 (480 in chips) 
kennedy9498: posts small blind 10
isdasstier: posts big blind 20
*** HOLE CARDS ***
Dealt to Mahu2021 [4s Js]
Mahu2021: calls 20
kennedy9498: calls 10
isdasstier: raises 60 to 80
Mahu2021: folds 
kennedy9498: calls 60
*** FLOP *** [7c 3c 8c]
kennedy9498: bets 400 and is all-in
isdasstier: calls 290 and is all-in
Uncalled bet (110) returned to kennedy9498
*** TURN *** [7c 3c 8c] [9c]
*** RIVER *** [7c 3c 8c 9c] [Qd]
*** SHOW DOWN ***
kennedy9498: shows [Ad Jh] (high card Ace)
isdasstier: shows [9d Tc] (a flush, Ten high)
isdasstier collected 760 from pot
*** SUMMARY ***
Total pot 760 | Rake 0 
Board [7c 3c 8c 9c Qd]
Seat 1: isdasstier (big blind) showed [9d Tc] and won (760) with a flush, Ten high
Seat 2: Mahu2021 (button) folded before Flop
Seat 3: kennedy9498 (small blind) showed [Ad Jh] and lost with high card Ace



PokerStars Hand #249086028923: Tournament #3721058338, $4.60+$0.40 USD Hold'em No Limit - Level I (10/20) - 2024/02/25 17:00:51 CET [2024/02/25 11:00:51 ET]
Table '3721058338 1' 3-max Seat #3 is the button
Seat 1: isdasstier (760 in chips) 
Seat 2: Mahu2021 (630 in chips) 
Seat 3: kennedy9498 (110 in chips) 
isdasstier: posts small blind 10
Mahu2021: posts big blind 20
*** HOLE CARDS ***
Dealt to Mahu2021 [Qh Qs]
kennedy9498: raises 90 to 110 and is all-in
isdasstier: folds 
Mahu2021: calls 90
*** FLOP *** [2c 8h 5s]
*** TURN *** [2c 8h 5s] [Qd]
*** RIVER *** [2c 8h 5s Qd] [8c]
*** SHOW DOWN ***
Mahu2021: shows [Qh Qs] (a full house, Queens full of Eights)
kennedy9498: shows [Ad 5d] (two pair, Eights and Fives)
Mahu2021 collected 230 from pot
kennedy9498 finished the tournament in 3rd place
*** SUMMARY ***
Total pot 230 | Rake 0 
Board [2c 8h 5s Qd 8c]
Seat 1: isdasstier (small blind) folded before Flop
Seat 2: Mahu2021 (big blind) showed [Qh Qs] and won (230) with a full house, Queens full of Eights
Seat 3: kennedy9498 (button) showed [Ad 5d] and lost with two pair, Eights and Fives



PokerStars Hand #249086033783: Tournament #3721058338, $4.60+$0.40 USD Hold'em No Limit - Level I (10/20) - 2024/02/25 17:01:09 CET [2024/02/25 11:01:09 ET]
Table '3721058338 1' 3-max Seat #2 is the button
Seat 1: isdasstier (750 in chips) 
Seat 2: Mahu2021 (750 in chips) 
Mahu2021: posts small blind 10
isdasstier: posts big blind 20
*** HOLE CARDS ***
Dealt to Mahu2021 [Ad Ts]
Mahu2021: raises 40 to 60
isdasstier: folds 
Uncalled bet (40) returned to Mahu2021
Mahu2021 collected 40 from pot
Mahu2021: doesn't show hand 
*** SUMMARY ***
Total pot 40 | Rake 0 
Seat 1: isdasstier (big blind) folded before Flop
Seat 2: Mahu2021 (button) (small blind) collected (40)



PokerStars Hand #249086036102: Tournament #3721058338, $4.60+$0.40 USD Hold'em No Limit - Level I (10/20) - 2024/02/25 17:01:17 CET [2024/02/25 11:01:17 ET]
Table '3721058338 1' 3-max Seat #1 is the button
Seat 1: isdasstier (730 in chips) 
Seat 2: Mahu2021 (770 in chips) 
isdasstier: posts small blind 10
Mahu2021: posts big blind 20
*** HOLE CARDS ***
Dealt to Mahu2021 [As Js]
isdasstier: calls 10
Mahu2021: raises 60 to 80
isdasstier: folds 
Uncalled bet (60) returned to Mahu2021
Mahu2021 collected 40 from pot
Mahu2021: doesn't show hand 
*** SUMMARY ***
Total pot 40 | Rake 0 
Seat 1: isdasstier (button) (small blind) folded before Flop
Seat 2: Mahu2021 (big blind) collected (40)



PokerStars Hand #249086038626: Tournament #3721058338, $4.60+$0.40 USD Hold'em No Limit - Level I (10/20) - 2024/02/25 17:01:26 CET [2024/02/25 11:01:26 ET]
Table '3721058338 1' 3-max Seat #2 is the button
Seat 1: isdasstier (710 in chips) 
Seat 2: Mahu2021 (790 in chips) 
Mahu2021: posts small blind 10
isdasstier: posts big blind 20
*** HOLE CARDS ***
Dealt to Mahu2021 [9h 7s]
Mahu2021: folds 
Uncalled bet (10) returned to isdasstier
isdasstier collected 20 from pot
*** SUMMARY ***
Total pot 20 | Rake 0 
Seat 1: isdasstier (big blind) collected (20)
Seat 2: Mahu2021 (button) (small blind) folded before Flop



PokerStars Hand #249086040238: Tournament #3721058338, $4.60+$0.40 USD Hold'em No Limit - Level I (10/20) - 2024/02/25 17:01:31 CET [2024/02/25 11:01:31 ET]
Table '3721058338 1' 3-max Seat #1 is the button
Seat 1: isdasstier (720 in chips) 
Seat 2: Mahu2021 (780 in chips) 
isdasstier: posts small blind 10
Mahu2021: posts big blind 20
*** HOLE CARDS ***
Dealt to Mahu2021 [Ts 6h]
isdasstier: raises 40 to 60
Mahu2021: folds 
Uncalled bet (40) returned to isdasstier
isdasstier collected 40 from pot
*** SUMMARY ***
Total pot 40 | Rake 0 
Seat 1: isdasstier (button) (small blind) collected (40)
Seat 2: Mahu2021 (big blind) folded before Flop



PokerStars Hand #249086042901: Tournament #3721058338, $4.60+$0.40 USD Hold'em No Limit - Level I (10/20) - 2024/02/25 17:01:40 CET [2024/02/25 11:01:40 ET]
Table '3721058338 1' 3-max Seat #2 is the button
Seat 1: isdasstier (740 in chips) 
Seat 2: Mahu2021 (760 in chips) 
Mahu2021: posts small blind 10
isdasstier: posts big blind 20
*** HOLE CARDS ***
Dealt to Mahu2021 [Qh 7s]
Mahu2021: raises 20 to 40
isdasstier: calls 20
*** FLOP *** [3d 6d 8h]
isdasstier: checks 
Mahu2021: checks 
*** TURN *** [3d 6d 8h] [6s]
isdasstier: checks 
Mahu2021: checks 
*** RIVER *** [3d 6d 8h 6s] [Qs]
isdasstier: bets 80
Mahu2021: calls 80
*** SHOW DOWN ***
isdasstier: shows [9d Kh] (a pair of Sixes)
Mahu2021: shows [Qh 7s] (two pair, Queens and Sixes)
Mahu2021 collected 240 from pot
*** SUMMARY ***
Total pot 240 | Rake 0 
Board [3d 6d 8h 6s Qs]
Seat 1: isdasstier (big blind) showed [9d Kh] and lost with a pair of Sixes
Seat 2: Mahu2021 (button) (small blind) showed [Qh 7s] and won (240) with two pair, Queens and Sixes



PokerStars Hand #249086047237: Tournament #3721058338, $4.60+$0.40 USD Hold'em No Limit - Level I (10/20) - 2024/02/25 17:01:55 CET [2024/02/25 11:01:55 ET]
Table '3721058338 1' 3-max Seat #1 is the button
Seat 1: isdasstier (620 in chips) 
Seat 2: Mahu2021 (880 in chips) 
isdasstier: posts small blind 10
Mahu2021: posts big blind 20
*** HOLE CARDS ***
Dealt to Mahu2021 [8d 4d]
isdasstier: folds 
Uncalled bet (10) returned to Mahu2021
Mahu2021 collected 20 from pot
Mahu2021: doesn't show hand 
*** SUMMARY ***
Total pot 20 | Rake 0 
Seat 1: isdasstier (button) (small blind) folded before Flop
Seat 2: Mahu2021 (big blind) collected (20)



PokerStars Hand #249086048547: Tournament #3721058338, $4.60+$0.40 USD Hold'em No Limit - Level I (10/20) - 2024/02/25 17:02:00 CET [2024/02/25 11:02:00 ET]
Table '3721058338 1' 3-max Seat #2 is the button
Seat 1: isdasstier (610 in chips) 
Seat 2: Mahu2021 (890 in chips) 
Mahu2021: posts small blind 10
isdasstier: posts big blind 20
*** HOLE CARDS ***
Dealt to Mahu2021 [6c 2h]
Mahu2021: folds 
Uncalled bet (10) returned to isdasstier
isdasstier collected 20 from pot
*** SUMMARY ***
Total pot 20 | Rake 0 
Seat 1: isdasstier (big blind) collected (20)
Seat 2: Mahu2021 (button) (small blind) folded before Flop



PokerStars Hand #249086050034: Tournament #3721058338, $4.60+$0.40 USD Hold'em No Limit - Level I (10/20) - 2024/02/25 17:02:04 CET [2024/02/25 11:02:04 ET]
Table '3721058338 1' 3-max Seat #1 is the button
Seat 1: isdasstier (620 in chips) 
Seat 2: Mahu2021 (880 in chips) 
isdasstier: posts small blind 10
Mahu2021: posts big blind 20
*** HOLE CARDS ***
Dealt to Mahu2021 [Qs 9s]
isdasstier: raises 40 to 60
Mahu2021: calls 40
*** FLOP *** [4d Kc 8h]
Mahu2021: checks 
isdasstier: bets 60
Mahu2021: folds 
Uncalled bet (60) returned to isdasstier
isdasstier collected 120 from pot
*** SUMMARY ***
Total pot 120 | Rake 0 
Board [4d Kc 8h]
Seat 1: isdasstier (button) (small blind) collected (120)
Seat 2: Mahu2021 (big blind) folded on the Flop



PokerStars Hand #249086054526: Tournament #3721058338, $4.60+$0.40 USD Hold'em No Limit - Level II (15/30) - 2024/02/25 17:02:19 CET [2024/02/25 11:02:19 ET]
Table '3721058338 1' 3-max Seat #2 is the button
Seat 1: isdasstier (680 in chips) 
Seat 2: Mahu2021 (820 in chips) 
Mahu2021: posts small blind 15
isdasstier: posts big blind 30
*** HOLE CARDS ***
Dealt to Mahu2021 [Qs Ah]
Mahu2021: raises 60 to 90
isdasstier: calls 60
*** FLOP *** [Kd Qh Jh]
isdasstier: checks 
Mahu2021: bets 90
isdasstier: raises 180 to 270
Mahu2021: raises 460 to 730 and is all-in
isdasstier: calls 320 and is all-in
Uncalled bet (140) returned to Mahu2021
*** TURN *** [Kd Qh Jh] [5s]
*** RIVER *** [Kd Qh Jh 5s] [7d]
*** SHOW DOWN ***
isdasstier: shows [Kc 8h] (a pair of Kings)
Mahu2021: shows [Qs Ah] (a pair of Queens)
isdasstier collected 1360 from pot
*** SUMMARY ***
Total pot 1360 | Rake 0 
Board [Kd Qh Jh 5s 7d]
Seat 1: isdasstier (big blind) showed [Kc 8h] and won (1360) with a pair of Kings
Seat 2: Mahu2021 (button) (small blind) showed [Qs Ah] and lost with a pair of Queens



PokerStars Hand #249086061809: Tournament #3721058338, $4.60+$0.40 USD Hold'em No Limit - Level II (15/30) - 2024/02/25 17:02:43 CET [2024/02/25 11:02:43 ET]
Table '3721058338 1' 3-max Seat #1 is the button
Seat 1: isdasstier (1360 in chips) 
Seat 2: Mahu2021 (140 in chips) 
isdasstier: posts small blind 15
Mahu2021: posts big blind 30
*** HOLE CARDS ***
Dealt to Mahu2021 [6h 9c]
isdasstier: raises 60 to 90
Mahu2021: calls 60
*** FLOP *** [5d 8s 7c]
Mahu2021: bets 50 and is all-in
isdasstier: calls 50
*** TURN *** [5d 8s 7c] [4d]
*** RIVER *** [5d 8s 7c 4d] [Ks]
*** SHOW DOWN ***
Mahu2021: shows [6h 9c] (a straight, Five to Nine)
isdasstier: shows [8d Qd] (a pair of Eights)
Mahu2021 collected 280 from pot
*** SUMMARY ***
Total pot 280 | Rake 0 
Board [5d 8s 7c 4d Ks]
Seat 1: isdasstier (button) (small blind) showed [8d Qd] and lost with a pair of Eights
Seat 2: Mahu2021 (big blind) showed [6h 9c] and won (280) with a straight, Five to Nine



PokerStars Hand #249086068843: Tournament #3721058338, $4.60+$0.40 USD Hold'em No Limit - Level II (15/30) - 2024/02/25 17:03:05 CET [2024/02/25 11:03:05 ET]
Table '3721058338 1' 3-max Seat #2 is the button
Seat 1: isdasstier (1220 in chips) 
Seat 2: Mahu2021 (280 in chips) 
Mahu2021: posts small blind 15
isdasstier: posts big blind 30
*** HOLE CARDS ***
Dealt to Mahu2021 [7c 3s]
Mahu2021: folds 
Uncalled bet (15) returned to isdasstier
isdasstier collected 30 from pot
*** SUMMARY ***
Total pot 30 | Rake 0 
Seat 1: isdasstier (big blind) collected (30)
Seat 2: Mahu2021 (button) (small blind) folded before Flop



PokerStars Hand #249086070524: Tournament #3721058338, $4.60+$0.40 USD Hold'em No Limit - Level II (15/30) - 2024/02/25 17:03:10 CET [2024/02/25 11:03:10 ET]
Table '3721058338 1' 3-max Seat #1 is the button
Seat 1: isdasstier (1235 in chips) 
Seat 2: Mahu2021 (265 in chips) 
isdasstier: posts small blind 15
Mahu2021: posts big blind 30
*** HOLE CARDS ***
Dealt to Mahu2021 [Tc 2c]
isdasstier: raises 60 to 90
Mahu2021: folds 
Uncalled bet (60) returned to isdasstier
isdasstier collected 60 from pot
*** SUMMARY ***
Total pot 60 | Rake 0 
Seat 1: isdasstier (button) (small blind) collected (60)
Seat 2: Mahu2021 (big blind) folded before Flop



PokerStars Hand #249086072280: Tournament #3721058338, $4.60+$0.40 USD Hold'em No Limit - Level II (15/30) - 2024/02/25 17:03:16 CET [2024/02/25 11:03:16 ET]
Table '3721058338 1' 3-max Seat #2 is the button
Seat 1: isdasstier (1265 in chips) 
Seat 2: Mahu2021 (235 in chips) 
Mahu2021: posts small blind 15
isdasstier: posts big blind 30
*** HOLE CARDS ***
Dealt to Mahu2021 [8h 8d]
Mahu2021: raises 205 to 235 and is all-in
isdasstier: calls 205
*** FLOP *** [Td 6h Th]
*** TURN *** [Td 6h Th] [7d]
*** RIVER *** [Td 6h Th 7d] [9h]
*** SHOW DOWN ***
isdasstier: shows [Ac 2d] (a pair of Tens)
Mahu2021: shows [8h 8d] (a straight, Six to Ten)
Mahu2021 collected 470 from pot
*** SUMMARY ***
Total pot 470 | Rake 0 
Board [Td 6h Th 7d 9h]
Seat 1: isdasstier (big blind) showed [Ac 2d] and lost with a pair of Tens
Seat 2: Mahu2021 (button) (small blind) showed [8h 8d] and won (470) with a straight, Six to Ten



PokerStars Hand #249086075936: Tournament #3721058338, $4.60+$0.40 USD Hold'em No Limit - Level II (15/30) - 2024/02/25 17:03:28 CET [2024/02/25 11:03:28 ET]
Table '3721058338 1' 3-max Seat #1 is the button
Seat 1: isdasstier (1030 in chips) 
Seat 2: Mahu2021 (470 in chips) 
isdasstier: posts small blind 15
Mahu2021: posts big blind 30
*** HOLE CARDS ***
Dealt to Mahu2021 [9s 2s]
isdasstier: calls 15
Mahu2021: checks 
*** FLOP *** [3s 6h Tc]
Mahu2021: checks 
isdasstier: checks 
*** TURN *** [3s 6h Tc] [6s]
Mahu2021: bets 30
isdasstier: folds 
Uncalled bet (30) returned to Mahu2021
Mahu2021 collected 60 from pot
Mahu2021: doesn't show hand 
*** SUMMARY ***
Total pot 60 | Rake 0 
Board [3s 6h Tc 6s]
Seat 1: isdasstier (button) (small blind) folded on the Turn
Seat 2: Mahu2021 (big blind) collected (60)



PokerStars Hand #249086082685: Tournament #3721058338, $4.60+$0.40 USD Hold'em No Limit - Level II (15/30) - 2024/02/25 17:03:49 CET [2024/02/25 11:03:49 ET]
Table '3721058338 1' 3-max Seat #2 is the button
Seat 1: isdasstier (1000 in chips) 
Seat 2: Mahu2021 (500 in chips) 
Mahu2021: posts small blind 15
isdasstier: posts big blind 30
*** HOLE CARDS ***
Dealt to Mahu2021 [Tc 6c]
Mahu2021: calls 15
isdasstier: raises 60 to 90
Mahu2021: folds 
Uncalled bet (60) returned to isdasstier
isdasstier collected 60 from pot
*** SUMMARY ***
Total pot 60 | Rake 0 
Seat 1: isdasstier (big blind) collected (60)
Seat 2: Mahu2021 (button) (small blind) folded before Flop



PokerStars Hand #249086087224: Tournament #3721058338, $4.60+$0.40 USD Hold'em No Limit - Level II (15/30) - 2024/02/25 17:04:03 CET [2024/02/25 11:04:03 ET]
Table '3721058338 1' 3-max Seat #1 is the button
Seat 1: isdasstier (1030 in chips) 
Seat 2: Mahu2021 (470 in chips) 
isdasstier: posts small blind 15
Mahu2021: posts big blind 30
*** HOLE CARDS ***
Dealt to Mahu2021 [3h 9s]
isdasstier: calls 15
Mahu2021: checks 
*** FLOP *** [7s 7c 5h]
Mahu2021: checks 
isdasstier: bets 30
Mahu2021: folds 
Uncalled bet (30) returned to isdasstier
isdasstier collected 60 from pot
*** SUMMARY ***
Total pot 60 | Rake 0 
Board [7s 7c 5h]
Seat 1: isdasstier (button) (small blind) collected (60)
Seat 2: Mahu2021 (big blind) folded on the Flop



PokerStars Hand #249086091411: Tournament #3721058338, $4.60+$0.40 USD Hold'em No Limit - Level III (20/40) - 2024/02/25 17:04:17 CET [2024/02/25 11:04:17 ET]
Table '3721058338 1' 3-max Seat #2 is the button
Seat 1: isdasstier (1060 in chips) 
Seat 2: Mahu2021 (440 in chips) 
Mahu2021: posts small blind 20
isdasstier: posts big blind 40
*** HOLE CARDS ***
Dealt to Mahu2021 [9d 4c]
Mahu2021: folds 
Uncalled bet (20) returned to isdasstier
isdasstier collected 40 from pot
*** SUMMARY ***
Total pot 40 | Rake 0 
Seat 1: isdasstier (big blind) collected (40)
Seat 2: Mahu2021 (button) (small blind) folded before Flop



PokerStars Hand #249086092790: Tournament #3721058338, $4.60+$0.40 USD Hold'em No Limit - Level III (20/40) - 2024/02/25 17:04:21 CET [2024/02/25 11:04:21 ET]
Table '3721058338 1' 3-max Seat #1 is the button
Seat 1: isdasstier (1080 in chips) 
Seat 2: Mahu2021 (420 in chips) 
isdasstier: posts small blind 20
Mahu2021: posts big blind 40
*** HOLE CARDS ***
Dealt to Mahu2021 [4d Qs]
isdasstier: raises 40 to 80
Mahu2021: calls 40
*** FLOP *** [Qd 9s Th]
Mahu2021: bets 340 and is all-in
isdasstier: folds 
Uncalled bet (340) returned to Mahu2021
Mahu2021 collected 160 from pot
Mahu2021: doesn't show hand 
*** SUMMARY ***
Total pot 160 | Rake 0 
Board [Qd 9s Th]
Seat 1: isdasstier (button) (small blind) folded on the Flop
Seat 2: Mahu2021 (big blind) collected (160)



PokerStars Hand #249086098191: Tournament #3721058338, $4.60+$0.40 USD Hold'em No Limit - Level III (20/40) - 2024/02/25 17:04:38 CET [2024/02/25 11:04:38 ET]
Table '3721058338 1' 3-max Seat #2 is the button
Seat 1: isdasstier (1000 in chips) 
Seat 2: Mahu2021 (500 in chips) 
Mahu2021: posts small blind 20
isdasstier: posts big blind 40
*** HOLE CARDS ***
Dealt to Mahu2021 [Th Kh]
Mahu2021: raises 460 to 500 and is all-in
isdasstier: calls 460
*** FLOP *** [Ts 3s Td]
*** TURN *** [Ts 3s Td] [9c]
*** RIVER *** [Ts 3s Td 9c] [5s]
*** SHOW DOWN ***
isdasstier: shows [5c Ad] (two pair, Tens and Fives)
Mahu2021: shows [Th Kh] (three of a kind, Tens)
Mahu2021 collected 1000 from pot
*** SUMMARY ***
Total pot 1000 | Rake 0 
Board [Ts 3s Td 9c 5s]
Seat 1: isdasstier (big blind) showed [5c Ad] and lost with two pair, Tens and Fives
Seat 2: Mahu2021 (button) (small blind) showed [Th Kh] and won (1000) with three of a kind, Tens



PokerStars Hand #249086102765: Tournament #3721058338, $4.60+$0.40 USD Hold'em No Limit - Level III (20/40) - 2024/02/25 17:04:52 CET [2024/02/25 11:04:52 ET]
Table '3721058338 1' 3-max Seat #1 is the button
Seat 1: isdasstier (500 in chips) 
Seat 2: Mahu2021 (1000 in chips) 
isdasstier: posts small blind 20
Mahu2021: posts big blind 40
*** HOLE CARDS ***
Dealt to Mahu2021 [8c 9d]
isdasstier: raises 460 to 500 and is all-in
Mahu2021: folds 
Uncalled bet (460) returned to isdasstier
isdasstier collected 80 from pot
*** SUMMARY ***
Total pot 80 | Rake 0 
Seat 1: isdasstier (button) (small blind) collected (80)
Seat 2: Mahu2021 (big blind) folded before Flop



PokerStars Hand #249086105012: Tournament #3721058338, $4.60+$0.40 USD Hold'em No Limit - Level III (20/40) - 2024/02/25 17:04:59 CET [2024/02/25 11:04:59 ET]
Table '3721058338 1' 3-max Seat #2 is the button
Seat 1: isdasstier (540 in chips) 
Seat 2: Mahu2021 (960 in chips) 
Mahu2021: posts small blind 20
isdasstier: posts big blind 40
*** HOLE CARDS ***
Dealt to Mahu2021 [Qd Ac]
Mahu2021: raises 80 to 120
isdasstier: raises 420 to 540 and is all-in
Mahu2021: calls 420
*** FLOP *** [Qs 8s Qc]
*** TURN *** [Qs 8s Qc] [Kc]
*** RIVER *** [Qs 8s Qc Kc] [9d]
*** SHOW DOWN ***
isdasstier: shows [Ah 4s] (a pair of Queens)
Mahu2021: shows [Qd Ac] (three of a kind, Queens)
Mahu2021 collected 1080 from pot
isdasstier finished the tournament in 2nd place
Mahu2021 wins the tournament and receives $10.00 - congratulations!
*** SUMMARY ***
Total pot 1080 | Rake 0 
Board [Qs 8s Qc Kc 9d]
Seat 1: isdasstier (big blind) showed [Ah 4s] and lost with a pair of Queens
Seat 2: Mahu2021 (button) (small blind) showed [Qd Ac] and won (1080) with three of a kind, Queens



