PokerStars Hand #242900249796: Tournament #3572569729, $0.92+$0.08 USD Hold'em No Limit - Level I (10/20) - 2023/04/05 15:46:51 CET [2023/04/05 9:46:51 ET]
Table '3572569729 1' 3-max Seat #1 is the button
Seat 1: Mahu2021 (500 in chips) 
Seat 2: AlexAlx48 (500 in chips) 
Seat 3: ray vosa (500 in chips) 
AlexAlx48: posts small blind 10
ray vosa: posts big blind 20
*** HOLE CARDS ***
Dealt to Mahu2021 [7d As]
Mahu2021: folds 
AlexAlx48: raises 40 to 60
ray vosa: calls 40
*** FLOP *** [6c Kd Ts]
AlexAlx48: bets 120
ray vosa: folds 
Uncalled bet (120) returned to AlexAlx48
AlexAlx48 collected 120 from pot
*** SUMMARY ***
Total pot 120 | Rake 0 
Board [6c Kd Ts]
Seat 1: Mahu2021 (button) folded before Flop (didn't bet)
Seat 2: AlexAlx48 (small blind) collected (120)
Seat 3: ray vosa (big blind) folded on the Flop



PokerStars Hand #242900252681: Tournament #3572569729, $0.92+$0.08 USD Hold'em No Limit - Level I (10/20) - 2023/04/05 15:47:03 CET [2023/04/05 9:47:03 ET]
Table '3572569729 1' 3-max Seat #2 is the button
Seat 1: Mahu2021 (500 in chips) 
Seat 2: AlexAlx48 (560 in chips) 
Seat 3: ray vosa (440 in chips) 
ray vosa: posts small blind 10
Mahu2021: posts big blind 20
*** HOLE CARDS ***
Dealt to Mahu2021 [5c Td]
AlexAlx48: calls 20
ray vosa: folds 
Mahu2021: checks 
*** FLOP *** [7h Ts 6h]
Mahu2021: checks 
AlexAlx48: bets 540 and is all-in
Mahu2021: calls 480 and is all-in
Uncalled bet (60) returned to AlexAlx48
*** TURN *** [7h Ts 6h] [7s]
*** RIVER *** [7h Ts 6h 7s] [Qd]
*** SHOW DOWN ***
Mahu2021: shows [5c Td] (two pair, Tens and Sevens)
AlexAlx48: shows [Tc Qh] (two pair, Queens and Tens)
AlexAlx48 collected 1010 from pot
Mahu2021 finished the tournament in 3rd place
*** SUMMARY ***
Total pot 1010 | Rake 0 
Board [7h Ts 6h 7s Qd]
Seat 1: Mahu2021 (big blind) showed [5c Td] and lost with two pair, Tens and Sevens
Seat 2: AlexAlx48 (button) showed [Tc Qh] and won (1010) with two pair, Queens and Tens
Seat 3: ray vosa (small blind) folded before Flop



