PokerStars Hand #253205873293: Tournament #3818938567, $1.84+$0.16 USD Hold'em No Limit - Level I (10/20) - 2024/11/01 20:50:16 CET [2024/11/01 15:50:16 ET]
Table '3818938567 1' 3-max Seat #1 is the button
Seat 1: I_AM_THE_LEG (500 in chips) 
Seat 2: Mahu2021 (500 in chips) 
Seat 3: pok3rm3t4l (500 in chips) 
Mahu2021: posts small blind 10
pok3rm3t4l: posts big blind 20
*** HOLE CARDS ***
Dealt to Mahu2021 [Kc Ks]
I_AM_THE_LEG: folds 
Mahu2021: raises 20 to 40
pok3rm3t4l: calls 20
*** FLOP *** [6c 8d 5d]
Mahu2021: bets 40
pok3rm3t4l: raises 96 to 136
Mahu2021: raises 324 to 460 and is all-in
pok3rm3t4l: calls 324 and is all-in
*** TURN *** [6c 8d 5d] [Qd]
*** RIVER *** [6c 8d 5d Qd] [Th]
*** SHOW DOWN ***
Mahu2021: shows [Kc Ks] (a pair of Kings)
pok3rm3t4l: shows [5c 7d] (a pair of Fives)
Mahu2021 collected 1000 from pot
pok3rm3t4l finished the tournament in 3rd place
*** SUMMARY ***
Total pot 1000 | Rake 0 
Board [6c 8d 5d Qd Th]
Seat 1: I_AM_THE_LEG (button) folded before Flop (didn't bet)
Seat 2: Mahu2021 (small blind) showed [Kc Ks] and won (1000) with a pair of Kings
Seat 3: pok3rm3t4l (big blind) showed [5c 7d] and lost with a pair of Fives



PokerStars Hand #253205883259: Tournament #3818938567, $1.84+$0.16 USD Hold'em No Limit - Level I (10/20) - 2024/11/01 20:50:51 CET [2024/11/01 15:50:51 ET]
Table '3818938567 1' 3-max Seat #2 is the button
Seat 1: I_AM_THE_LEG (500 in chips) 
Seat 2: Mahu2021 (1000 in chips) 
Mahu2021: posts small blind 10
I_AM_THE_LEG: posts big blind 20
*** HOLE CARDS ***
Dealt to Mahu2021 [8c 4d]
Mahu2021: raises 20 to 40
I_AM_THE_LEG: calls 20
*** FLOP *** [6c Ah 3h]
I_AM_THE_LEG: bets 20
Mahu2021: folds 
Uncalled bet (20) returned to I_AM_THE_LEG
I_AM_THE_LEG collected 80 from pot
*** SUMMARY ***
Total pot 80 | Rake 0 
Board [6c Ah 3h]
Seat 1: I_AM_THE_LEG (big blind) collected (80)
Seat 2: Mahu2021 (button) (small blind) folded on the Flop



PokerStars Hand #253205886116: Tournament #3818938567, $1.84+$0.16 USD Hold'em No Limit - Level I (10/20) - 2024/11/01 20:51:01 CET [2024/11/01 15:51:01 ET]
Table '3818938567 1' 3-max Seat #1 is the button
Seat 1: I_AM_THE_LEG (540 in chips) 
Seat 2: Mahu2021 (960 in chips) 
I_AM_THE_LEG: posts small blind 10
Mahu2021: posts big blind 20
*** HOLE CARDS ***
Dealt to Mahu2021 [Kh 5c]
I_AM_THE_LEG: calls 10
Mahu2021: checks 
*** FLOP *** [Jd Kd 2c]
Mahu2021: bets 20
I_AM_THE_LEG: calls 20
*** TURN *** [Jd Kd 2c] [5d]
Mahu2021: bets 20
I_AM_THE_LEG: raises 40 to 60
Mahu2021: calls 40
*** RIVER *** [Jd Kd 2c 5d] [4h]
Mahu2021: checks 
I_AM_THE_LEG: checks 
*** SHOW DOWN ***
Mahu2021: shows [Kh 5c] (two pair, Kings and Fives)
I_AM_THE_LEG: mucks hand 
Mahu2021 collected 200 from pot
*** SUMMARY ***
Total pot 200 | Rake 0 
Board [Jd Kd 2c 5d 4h]
Seat 1: I_AM_THE_LEG (button) (small blind) mucked [5s 2s]
Seat 2: Mahu2021 (big blind) showed [Kh 5c] and won (200) with two pair, Kings and Fives



PokerStars Hand #253205891615: Tournament #3818938567, $1.84+$0.16 USD Hold'em No Limit - Level I (10/20) - 2024/11/01 20:51:20 CET [2024/11/01 15:51:20 ET]
Table '3818938567 1' 3-max Seat #2 is the button
Seat 1: I_AM_THE_LEG (440 in chips) 
Seat 2: Mahu2021 (1060 in chips) 
Mahu2021: posts small blind 10
I_AM_THE_LEG: posts big blind 20
*** HOLE CARDS ***
Dealt to Mahu2021 [6s 4d]
Mahu2021: raises 20 to 40
I_AM_THE_LEG: calls 20
*** FLOP *** [Qd Kc 7d]
I_AM_THE_LEG: checks 
Mahu2021: bets 40
I_AM_THE_LEG: calls 40
*** TURN *** [Qd Kc 7d] [Jc]
I_AM_THE_LEG: checks 
Mahu2021: bets 160
I_AM_THE_LEG: folds 
Uncalled bet (160) returned to Mahu2021
Mahu2021 collected 160 from pot
Mahu2021: doesn't show hand 
*** SUMMARY ***
Total pot 160 | Rake 0 
Board [Qd Kc 7d Jc]
Seat 1: I_AM_THE_LEG (big blind) folded on the Turn
Seat 2: Mahu2021 (button) (small blind) collected (160)



PokerStars Hand #253205896543: Tournament #3818938567, $1.84+$0.16 USD Hold'em No Limit - Level I (10/20) - 2024/11/01 20:51:38 CET [2024/11/01 15:51:38 ET]
Table '3818938567 1' 3-max Seat #1 is the button
Seat 1: I_AM_THE_LEG (360 in chips) 
Seat 2: Mahu2021 (1140 in chips) 
I_AM_THE_LEG: posts small blind 10
Mahu2021: posts big blind 20
*** HOLE CARDS ***
Dealt to Mahu2021 [8s Ac]
I_AM_THE_LEG: calls 10
Mahu2021: checks 
*** FLOP *** [Jc Ad Qd]
Mahu2021: checks 
I_AM_THE_LEG: checks 
*** TURN *** [Jc Ad Qd] [9h]
Mahu2021: checks 
I_AM_THE_LEG: checks 
*** RIVER *** [Jc Ad Qd 9h] [6d]
Mahu2021: bets 20
I_AM_THE_LEG: folds 
Uncalled bet (20) returned to Mahu2021
Mahu2021 collected 40 from pot
Mahu2021: doesn't show hand 
*** SUMMARY ***
Total pot 40 | Rake 0 
Board [Jc Ad Qd 9h 6d]
Seat 1: I_AM_THE_LEG (button) (small blind) folded on the River
Seat 2: Mahu2021 (big blind) collected (40)



PokerStars Hand #253205900069: Tournament #3818938567, $1.84+$0.16 USD Hold'em No Limit - Level I (10/20) - 2024/11/01 20:51:50 CET [2024/11/01 15:51:50 ET]
Table '3818938567 1' 3-max Seat #2 is the button
Seat 1: I_AM_THE_LEG (340 in chips) 
Seat 2: Mahu2021 (1160 in chips) 
Mahu2021: posts small blind 10
I_AM_THE_LEG: posts big blind 20
*** HOLE CARDS ***
Dealt to Mahu2021 [6h 8d]
Mahu2021: raises 20 to 40
I_AM_THE_LEG: folds 
Uncalled bet (20) returned to Mahu2021
Mahu2021 collected 40 from pot
Mahu2021: doesn't show hand 
*** SUMMARY ***
Total pot 40 | Rake 0 
Seat 1: I_AM_THE_LEG (big blind) folded before Flop
Seat 2: Mahu2021 (button) (small blind) collected (40)



PokerStars Hand #253205901685: Tournament #3818938567, $1.84+$0.16 USD Hold'em No Limit - Level I (10/20) - 2024/11/01 20:51:56 CET [2024/11/01 15:51:56 ET]
Table '3818938567 1' 3-max Seat #1 is the button
Seat 1: I_AM_THE_LEG (320 in chips) 
Seat 2: Mahu2021 (1180 in chips) 
I_AM_THE_LEG: posts small blind 10
Mahu2021: posts big blind 20
*** HOLE CARDS ***
Dealt to Mahu2021 [Tc Jc]
I_AM_THE_LEG: calls 10
Mahu2021: checks 
*** FLOP *** [Ac 3s 5h]
Mahu2021: checks 
I_AM_THE_LEG: checks 
*** TURN *** [Ac 3s 5h] [Jd]
Mahu2021: checks 
I_AM_THE_LEG: checks 
*** RIVER *** [Ac 3s 5h Jd] [Js]
Mahu2021: bets 40
I_AM_THE_LEG: folds 
Uncalled bet (40) returned to Mahu2021
Mahu2021 collected 40 from pot
Mahu2021: doesn't show hand 
*** SUMMARY ***
Total pot 40 | Rake 0 
Board [Ac 3s 5h Jd Js]
Seat 1: I_AM_THE_LEG (button) (small blind) folded on the River
Seat 2: Mahu2021 (big blind) collected (40)



PokerStars Hand #253205905804: Tournament #3818938567, $1.84+$0.16 USD Hold'em No Limit - Level I (10/20) - 2024/11/01 20:52:10 CET [2024/11/01 15:52:10 ET]
Table '3818938567 1' 3-max Seat #2 is the button
Seat 1: I_AM_THE_LEG (300 in chips) 
Seat 2: Mahu2021 (1200 in chips) 
Mahu2021: posts small blind 10
I_AM_THE_LEG: posts big blind 20
*** HOLE CARDS ***
Dealt to Mahu2021 [9c 4h]
Mahu2021: folds 
Uncalled bet (10) returned to I_AM_THE_LEG
I_AM_THE_LEG collected 20 from pot
*** SUMMARY ***
Total pot 20 | Rake 0 
Seat 1: I_AM_THE_LEG (big blind) collected (20)
Seat 2: Mahu2021 (button) (small blind) folded before Flop



PokerStars Hand #253205906980: Tournament #3818938567, $1.84+$0.16 USD Hold'em No Limit - Level I (10/20) - 2024/11/01 20:52:15 CET [2024/11/01 15:52:15 ET]
Table '3818938567 1' 3-max Seat #1 is the button
Seat 1: I_AM_THE_LEG (310 in chips) 
Seat 2: Mahu2021 (1190 in chips) 
I_AM_THE_LEG: posts small blind 10
Mahu2021: posts big blind 20
*** HOLE CARDS ***
Dealt to Mahu2021 [Qs 2c]
I_AM_THE_LEG: calls 10
Mahu2021: checks 
*** FLOP *** [Jd 8s 3s]
Mahu2021: checks 
I_AM_THE_LEG: bets 20
Mahu2021: folds 
Uncalled bet (20) returned to I_AM_THE_LEG
I_AM_THE_LEG collected 40 from pot
*** SUMMARY ***
Total pot 40 | Rake 0 
Board [Jd 8s 3s]
Seat 1: I_AM_THE_LEG (button) (small blind) collected (40)
Seat 2: Mahu2021 (big blind) folded on the Flop



PokerStars Hand #253205909853: Tournament #3818938567, $1.84+$0.16 USD Hold'em No Limit - Level I (10/20) - 2024/11/01 20:52:24 CET [2024/11/01 15:52:24 ET]
Table '3818938567 1' 3-max Seat #2 is the button
Seat 1: I_AM_THE_LEG (330 in chips) 
Seat 2: Mahu2021 (1170 in chips) 
Mahu2021: posts small blind 10
I_AM_THE_LEG: posts big blind 20
*** HOLE CARDS ***
Dealt to Mahu2021 [Th Jh]
Mahu2021: raises 20 to 40
I_AM_THE_LEG: calls 20
*** FLOP *** [Ts 4c 9h]
I_AM_THE_LEG: checks 
Mahu2021: bets 40
I_AM_THE_LEG: folds 
Uncalled bet (40) returned to Mahu2021
Mahu2021 collected 80 from pot
Mahu2021: doesn't show hand 
*** SUMMARY ***
Total pot 80 | Rake 0 
Board [Ts 4c 9h]
Seat 1: I_AM_THE_LEG (big blind) folded on the Flop
Seat 2: Mahu2021 (button) (small blind) collected (80)



PokerStars Hand #253205913215: Tournament #3818938567, $1.84+$0.16 USD Hold'em No Limit - Level I (10/20) - 2024/11/01 20:52:37 CET [2024/11/01 15:52:37 ET]
Table '3818938567 1' 3-max Seat #1 is the button
Seat 1: I_AM_THE_LEG (290 in chips) 
Seat 2: Mahu2021 (1210 in chips) 
I_AM_THE_LEG: posts small blind 10
Mahu2021: posts big blind 20
*** HOLE CARDS ***
Dealt to Mahu2021 [Th 3c]
I_AM_THE_LEG: calls 10
Mahu2021: checks 
*** FLOP *** [8c Tc 6d]
Mahu2021: bets 20
I_AM_THE_LEG: calls 20
*** TURN *** [8c Tc 6d] [8h]
Mahu2021: bets 20
I_AM_THE_LEG: raises 20 to 40
Mahu2021: calls 20
*** RIVER *** [8c Tc 6d 8h] [Qs]
Mahu2021: checks 
I_AM_THE_LEG: bets 100
Mahu2021: folds 
Uncalled bet (100) returned to I_AM_THE_LEG
I_AM_THE_LEG collected 160 from pot
*** SUMMARY ***
Total pot 160 | Rake 0 
Board [8c Tc 6d 8h Qs]
Seat 1: I_AM_THE_LEG (button) (small blind) collected (160)
Seat 2: Mahu2021 (big blind) folded on the River



PokerStars Hand #253205918473: Tournament #3818938567, $1.84+$0.16 USD Hold'em No Limit - Level I (10/20) - 2024/11/01 20:52:55 CET [2024/11/01 15:52:55 ET]
Table '3818938567 1' 3-max Seat #2 is the button
Seat 1: I_AM_THE_LEG (370 in chips) 
Seat 2: Mahu2021 (1130 in chips) 
Mahu2021: posts small blind 10
I_AM_THE_LEG: posts big blind 20
*** HOLE CARDS ***
Dealt to Mahu2021 [8s Th]
Mahu2021: calls 10
I_AM_THE_LEG: checks 
*** FLOP *** [Ad 5h Jc]
I_AM_THE_LEG: checks 
Mahu2021: checks 
*** TURN *** [Ad 5h Jc] [Js]
I_AM_THE_LEG: checks 
Mahu2021: bets 20
I_AM_THE_LEG: folds 
Uncalled bet (20) returned to Mahu2021
Mahu2021 collected 40 from pot
Mahu2021: doesn't show hand 
*** SUMMARY ***
Total pot 40 | Rake 0 
Board [Ad 5h Jc Js]
Seat 1: I_AM_THE_LEG (big blind) folded on the Turn
Seat 2: Mahu2021 (button) (small blind) collected (40)



PokerStars Hand #253205922264: Tournament #3818938567, $1.84+$0.16 USD Hold'em No Limit - Level I (10/20) - 2024/11/01 20:53:09 CET [2024/11/01 15:53:09 ET]
Table '3818938567 1' 3-max Seat #1 is the button
Seat 1: I_AM_THE_LEG (350 in chips) 
Seat 2: Mahu2021 (1150 in chips) 
I_AM_THE_LEG: posts small blind 10
Mahu2021: posts big blind 20
*** HOLE CARDS ***
Dealt to Mahu2021 [8d 8c]
I_AM_THE_LEG: calls 10
Mahu2021: raises 1130 to 1150 and is all-in
I_AM_THE_LEG: folds 
Uncalled bet (1130) returned to Mahu2021
Mahu2021 collected 40 from pot
Mahu2021: doesn't show hand 
*** SUMMARY ***
Total pot 40 | Rake 0 
Seat 1: I_AM_THE_LEG (button) (small blind) folded before Flop
Seat 2: Mahu2021 (big blind) collected (40)



PokerStars Hand #253205925972: Tournament #3818938567, $1.84+$0.16 USD Hold'em No Limit - Level II (15/30) - 2024/11/01 20:53:22 CET [2024/11/01 15:53:22 ET]
Table '3818938567 1' 3-max Seat #2 is the button
Seat 1: I_AM_THE_LEG (330 in chips) 
Seat 2: Mahu2021 (1170 in chips) 
Mahu2021: posts small blind 15
I_AM_THE_LEG: posts big blind 30
*** HOLE CARDS ***
Dealt to Mahu2021 [5c Qh]
Mahu2021: calls 15
I_AM_THE_LEG: checks 
*** FLOP *** [3d 9h 6c]
I_AM_THE_LEG: checks 
Mahu2021: checks 
*** TURN *** [3d 9h 6c] [Qc]
I_AM_THE_LEG: checks 
Mahu2021: bets 30
I_AM_THE_LEG: raises 30 to 60
Mahu2021: calls 30
*** RIVER *** [3d 9h 6c Qc] [4d]
I_AM_THE_LEG: bets 30
Mahu2021: calls 30
*** SHOW DOWN ***
I_AM_THE_LEG: shows [Qs Jh] (a pair of Queens)
Mahu2021: mucks hand 
I_AM_THE_LEG collected 240 from pot
*** SUMMARY ***
Total pot 240 | Rake 0 
Board [3d 9h 6c Qc 4d]
Seat 1: I_AM_THE_LEG (big blind) showed [Qs Jh] and won (240) with a pair of Queens
Seat 2: Mahu2021 (button) (small blind) mucked [5c Qh]



PokerStars Hand #253205930721: Tournament #3818938567, $1.84+$0.16 USD Hold'em No Limit - Level II (15/30) - 2024/11/01 20:53:39 CET [2024/11/01 15:53:39 ET]
Table '3818938567 1' 3-max Seat #1 is the button
Seat 1: I_AM_THE_LEG (450 in chips) 
Seat 2: Mahu2021 (1050 in chips) 
I_AM_THE_LEG: posts small blind 15
Mahu2021: posts big blind 30
*** HOLE CARDS ***
Dealt to Mahu2021 [3c Kh]
I_AM_THE_LEG: raises 30 to 60
Mahu2021: calls 30
*** FLOP *** [6c 9h 4c]
Mahu2021: checks 
I_AM_THE_LEG: bets 90
Mahu2021: folds 
Uncalled bet (90) returned to I_AM_THE_LEG
I_AM_THE_LEG collected 120 from pot
*** SUMMARY ***
Total pot 120 | Rake 0 
Board [6c 9h 4c]
Seat 1: I_AM_THE_LEG (button) (small blind) collected (120)
Seat 2: Mahu2021 (big blind) folded on the Flop



PokerStars Hand #253205935324: Tournament #3818938567, $1.84+$0.16 USD Hold'em No Limit - Level II (15/30) - 2024/11/01 20:53:56 CET [2024/11/01 15:53:56 ET]
Table '3818938567 1' 3-max Seat #2 is the button
Seat 1: I_AM_THE_LEG (510 in chips) 
Seat 2: Mahu2021 (990 in chips) 
Mahu2021: posts small blind 15
I_AM_THE_LEG: posts big blind 30
*** HOLE CARDS ***
Dealt to Mahu2021 [9s Tc]
Mahu2021: calls 15
I_AM_THE_LEG: checks 
*** FLOP *** [4c Ah Js]
I_AM_THE_LEG: bets 30
Mahu2021: folds 
Uncalled bet (30) returned to I_AM_THE_LEG
I_AM_THE_LEG collected 60 from pot
*** SUMMARY ***
Total pot 60 | Rake 0 
Board [4c Ah Js]
Seat 1: I_AM_THE_LEG (big blind) collected (60)
Seat 2: Mahu2021 (button) (small blind) folded on the Flop



PokerStars Hand #253205938908: Tournament #3818938567, $1.84+$0.16 USD Hold'em No Limit - Level II (15/30) - 2024/11/01 20:54:09 CET [2024/11/01 15:54:09 ET]
Table '3818938567 1' 3-max Seat #1 is the button
Seat 1: I_AM_THE_LEG (540 in chips) 
Seat 2: Mahu2021 (960 in chips) 
I_AM_THE_LEG: posts small blind 15
Mahu2021: posts big blind 30
*** HOLE CARDS ***
Dealt to Mahu2021 [8c 5s]
I_AM_THE_LEG: folds 
Uncalled bet (15) returned to Mahu2021
Mahu2021 collected 30 from pot
Mahu2021: doesn't show hand 
*** SUMMARY ***
Total pot 30 | Rake 0 
Seat 1: I_AM_THE_LEG (button) (small blind) folded before Flop
Seat 2: Mahu2021 (big blind) collected (30)



PokerStars Hand #253205940249: Tournament #3818938567, $1.84+$0.16 USD Hold'em No Limit - Level II (15/30) - 2024/11/01 20:54:13 CET [2024/11/01 15:54:13 ET]
Table '3818938567 1' 3-max Seat #2 is the button
Seat 1: I_AM_THE_LEG (525 in chips) 
Seat 2: Mahu2021 (975 in chips) 
Mahu2021: posts small blind 15
I_AM_THE_LEG: posts big blind 30
*** HOLE CARDS ***
Dealt to Mahu2021 [Ks 8c]
Mahu2021: raises 30 to 60
I_AM_THE_LEG: calls 30
*** FLOP *** [Qs Tc 3s]
I_AM_THE_LEG: checks 
Mahu2021: bets 60
I_AM_THE_LEG: calls 60
*** TURN *** [Qs Tc 3s] [2h]
I_AM_THE_LEG: checks 
Mahu2021: checks 
*** RIVER *** [Qs Tc 3s 2h] [3c]
I_AM_THE_LEG: checks 
Mahu2021: bets 240
I_AM_THE_LEG: calls 240
*** SHOW DOWN ***
Mahu2021: shows [Ks 8c] (a pair of Threes)
I_AM_THE_LEG: shows [Qd 7c] (two pair, Queens and Threes)
I_AM_THE_LEG collected 720 from pot
*** SUMMARY ***
Total pot 720 | Rake 0 
Board [Qs Tc 3s 2h 3c]
Seat 1: I_AM_THE_LEG (big blind) showed [Qd 7c] and won (720) with two pair, Queens and Threes
Seat 2: Mahu2021 (button) (small blind) showed [Ks 8c] and lost with a pair of Threes



PokerStars Hand #253205951308: Tournament #3818938567, $1.84+$0.16 USD Hold'em No Limit - Level II (15/30) - 2024/11/01 20:54:53 CET [2024/11/01 15:54:53 ET]
Table '3818938567 1' 3-max Seat #1 is the button
Seat 1: I_AM_THE_LEG (885 in chips) 
Seat 2: Mahu2021 (615 in chips) 
I_AM_THE_LEG: posts small blind 15
Mahu2021: posts big blind 30
*** HOLE CARDS ***
Dealt to Mahu2021 [6c Tc]
I_AM_THE_LEG: folds 
Uncalled bet (15) returned to Mahu2021
Mahu2021 collected 30 from pot
Mahu2021: doesn't show hand 
*** SUMMARY ***
Total pot 30 | Rake 0 
Seat 1: I_AM_THE_LEG (button) (small blind) folded before Flop
Seat 2: Mahu2021 (big blind) collected (30)



PokerStars Hand #253205952675: Tournament #3818938567, $1.84+$0.16 USD Hold'em No Limit - Level II (15/30) - 2024/11/01 20:54:58 CET [2024/11/01 15:54:58 ET]
Table '3818938567 1' 3-max Seat #2 is the button
Seat 1: I_AM_THE_LEG (870 in chips) 
Seat 2: Mahu2021 (630 in chips) 
Mahu2021: posts small blind 15
I_AM_THE_LEG: posts big blind 30
*** HOLE CARDS ***
Dealt to Mahu2021 [9d Ad]
Mahu2021: raises 30 to 60
I_AM_THE_LEG: raises 30 to 90
Mahu2021: calls 30
*** FLOP *** [6h 3h Ts]
I_AM_THE_LEG: bets 30
Mahu2021: calls 30
*** TURN *** [6h 3h Ts] [Kc]
I_AM_THE_LEG: bets 30
Mahu2021: calls 30
*** RIVER *** [6h 3h Ts Kc] [Th]
I_AM_THE_LEG: bets 30
Mahu2021: calls 30
*** SHOW DOWN ***
I_AM_THE_LEG: shows [Qs Ks] (two pair, Kings and Tens)
Mahu2021: mucks hand 
I_AM_THE_LEG collected 360 from pot
*** SUMMARY ***
Total pot 360 | Rake 0 
Board [6h 3h Ts Kc Th]
Seat 1: I_AM_THE_LEG (big blind) showed [Qs Ks] and won (360) with two pair, Kings and Tens
Seat 2: Mahu2021 (button) (small blind) mucked [9d Ad]



PokerStars Hand #253205959279: Tournament #3818938567, $1.84+$0.16 USD Hold'em No Limit - Level II (15/30) - 2024/11/01 20:55:25 CET [2024/11/01 15:55:25 ET]
Table '3818938567 1' 3-max Seat #1 is the button
Seat 1: I_AM_THE_LEG (1050 in chips) 
Seat 2: Mahu2021 (450 in chips) 
I_AM_THE_LEG: posts small blind 15
Mahu2021: posts big blind 30
*** HOLE CARDS ***
Dealt to Mahu2021 [8h Tc]
I_AM_THE_LEG: calls 15
Mahu2021: checks 
*** FLOP *** [Ks Jh 6c]
Mahu2021: checks 
I_AM_THE_LEG: checks 
*** TURN *** [Ks Jh 6c] [2c]
Mahu2021: checks 
I_AM_THE_LEG: checks 
*** RIVER *** [Ks Jh 6c 2c] [9c]
Mahu2021: checks 
I_AM_THE_LEG: checks 
*** SHOW DOWN ***
Mahu2021: shows [8h Tc] (high card King)
I_AM_THE_LEG: shows [6s 3d] (a pair of Sixes)
I_AM_THE_LEG collected 60 from pot
*** SUMMARY ***
Total pot 60 | Rake 0 
Board [Ks Jh 6c 2c 9c]
Seat 1: I_AM_THE_LEG (button) (small blind) showed [6s 3d] and won (60) with a pair of Sixes
Seat 2: Mahu2021 (big blind) showed [8h Tc] and lost with high card King



PokerStars Hand #253205962195: Tournament #3818938567, $1.84+$0.16 USD Hold'em No Limit - Level II (15/30) - 2024/11/01 20:55:39 CET [2024/11/01 15:55:39 ET]
Table '3818938567 1' 3-max Seat #2 is the button
Seat 1: I_AM_THE_LEG (1080 in chips) 
Seat 2: Mahu2021 (420 in chips) 
Mahu2021: posts small blind 15
I_AM_THE_LEG: posts big blind 30
*** HOLE CARDS ***
Dealt to Mahu2021 [9c 2c]
Mahu2021: folds 
Uncalled bet (15) returned to I_AM_THE_LEG
I_AM_THE_LEG collected 30 from pot
*** SUMMARY ***
Total pot 30 | Rake 0 
Seat 1: I_AM_THE_LEG (big blind) collected (30)
Seat 2: Mahu2021 (button) (small blind) folded before Flop



PokerStars Hand #253205963000: Tournament #3818938567, $1.84+$0.16 USD Hold'em No Limit - Level II (15/30) - 2024/11/01 20:55:44 CET [2024/11/01 15:55:44 ET]
Table '3818938567 1' 3-max Seat #1 is the button
Seat 1: I_AM_THE_LEG (1095 in chips) 
Seat 2: Mahu2021 (405 in chips) 
I_AM_THE_LEG: posts small blind 15
Mahu2021: posts big blind 30
*** HOLE CARDS ***
Dealt to Mahu2021 [7d 3d]
I_AM_THE_LEG: calls 15
Mahu2021: checks 
*** FLOP *** [8d Ah 7s]
Mahu2021: bets 30
I_AM_THE_LEG: folds 
Uncalled bet (30) returned to Mahu2021
Mahu2021 collected 60 from pot
Mahu2021: doesn't show hand 
*** SUMMARY ***
Total pot 60 | Rake 0 
Board [8d Ah 7s]
Seat 1: I_AM_THE_LEG (button) (small blind) folded on the Flop
Seat 2: Mahu2021 (big blind) collected (60)



PokerStars Hand #253205965922: Tournament #3818938567, $1.84+$0.16 USD Hold'em No Limit - Level II (15/30) - 2024/11/01 20:55:58 CET [2024/11/01 15:55:58 ET]
Table '3818938567 1' 3-max Seat #2 is the button
Seat 1: I_AM_THE_LEG (1065 in chips) 
Seat 2: Mahu2021 (435 in chips) 
Mahu2021: posts small blind 15
I_AM_THE_LEG: posts big blind 30
*** HOLE CARDS ***
Dealt to Mahu2021 [7c 9c]
Mahu2021: raises 30 to 60
I_AM_THE_LEG: calls 30
*** FLOP *** [7s Th Jh]
I_AM_THE_LEG: checks 
Mahu2021: bets 60
I_AM_THE_LEG: folds 
Uncalled bet (60) returned to Mahu2021
Mahu2021 collected 120 from pot
Mahu2021: doesn't show hand 
*** SUMMARY ***
Total pot 120 | Rake 0 
Board [7s Th Jh]
Seat 1: I_AM_THE_LEG (big blind) folded on the Flop
Seat 2: Mahu2021 (button) (small blind) collected (120)



PokerStars Hand #253205971058: Tournament #3818938567, $1.84+$0.16 USD Hold'em No Limit - Level III (20/40) - 2024/11/01 20:56:24 CET [2024/11/01 15:56:24 ET]
Table '3818938567 1' 3-max Seat #1 is the button
Seat 1: I_AM_THE_LEG (1005 in chips) 
Seat 2: Mahu2021 (495 in chips) 
I_AM_THE_LEG: posts small blind 20
Mahu2021: posts big blind 40
*** HOLE CARDS ***
Dealt to Mahu2021 [Td 3s]
I_AM_THE_LEG: calls 20
Mahu2021: checks 
*** FLOP *** [Ah Jd Tc]
Mahu2021: checks 
I_AM_THE_LEG: checks 
*** TURN *** [Ah Jd Tc] [6s]
Mahu2021: checks 
I_AM_THE_LEG: checks 
*** RIVER *** [Ah Jd Tc 6s] [Jc]
Mahu2021: bets 80
I_AM_THE_LEG: folds 
Uncalled bet (80) returned to Mahu2021
Mahu2021 collected 80 from pot
Mahu2021: doesn't show hand 
*** SUMMARY ***
Total pot 80 | Rake 0 
Board [Ah Jd Tc 6s Jc]
Seat 1: I_AM_THE_LEG (button) (small blind) folded on the River
Seat 2: Mahu2021 (big blind) collected (80)



PokerStars Hand #253205976766: Tournament #3818938567, $1.84+$0.16 USD Hold'em No Limit - Level III (20/40) - 2024/11/01 20:56:53 CET [2024/11/01 15:56:53 ET]
Table '3818938567 1' 3-max Seat #2 is the button
Seat 1: I_AM_THE_LEG (965 in chips) 
Seat 2: Mahu2021 (535 in chips) 
Mahu2021: posts small blind 20
I_AM_THE_LEG: posts big blind 40
*** HOLE CARDS ***
Dealt to Mahu2021 [Js 4s]
Mahu2021: raises 40 to 80
I_AM_THE_LEG: calls 40
*** FLOP *** [5c 2h 3h]
I_AM_THE_LEG: checks 
Mahu2021: checks 
*** TURN *** [5c 2h 3h] [6h]
I_AM_THE_LEG: bets 40
Mahu2021: raises 120 to 160
I_AM_THE_LEG: calls 120
*** RIVER *** [5c 2h 3h 6h] [3s]
I_AM_THE_LEG: checks 
Mahu2021: bets 295 and is all-in
I_AM_THE_LEG: folds 
Uncalled bet (295) returned to Mahu2021
Mahu2021 collected 480 from pot
Mahu2021: doesn't show hand 
*** SUMMARY ***
Total pot 480 | Rake 0 
Board [5c 2h 3h 6h 3s]
Seat 1: I_AM_THE_LEG (big blind) folded on the River
Seat 2: Mahu2021 (button) (small blind) collected (480)



PokerStars Hand #253205980514: Tournament #3818938567, $1.84+$0.16 USD Hold'em No Limit - Level III (20/40) - 2024/11/01 20:57:12 CET [2024/11/01 15:57:12 ET]
Table '3818938567 1' 3-max Seat #1 is the button
Seat 1: I_AM_THE_LEG (725 in chips) 
Seat 2: Mahu2021 (775 in chips) 
I_AM_THE_LEG: posts small blind 20
Mahu2021: posts big blind 40
*** HOLE CARDS ***
Dealt to Mahu2021 [Jd 2d]
I_AM_THE_LEG: calls 20
Mahu2021: checks 
*** FLOP *** [Ac 2h 9h]
Mahu2021: checks 
I_AM_THE_LEG: checks 
*** TURN *** [Ac 2h 9h] [4h]
Mahu2021: checks 
I_AM_THE_LEG: checks 
*** RIVER *** [Ac 2h 9h 4h] [6c]
Mahu2021: checks 
I_AM_THE_LEG: checks 
*** SHOW DOWN ***
Mahu2021: shows [Jd 2d] (a pair of Deuces)
I_AM_THE_LEG: mucks hand 
Mahu2021 collected 80 from pot
*** SUMMARY ***
Total pot 80 | Rake 0 
Board [Ac 2h 9h 4h 6c]
Seat 1: I_AM_THE_LEG (button) (small blind) mucked [5h Ks]
Seat 2: Mahu2021 (big blind) showed [Jd 2d] and won (80) with a pair of Deuces



PokerStars Hand #253205983275: Tournament #3818938567, $1.84+$0.16 USD Hold'em No Limit - Level III (20/40) - 2024/11/01 20:57:26 CET [2024/11/01 15:57:26 ET]
Table '3818938567 1' 3-max Seat #2 is the button
Seat 1: I_AM_THE_LEG (685 in chips) 
Seat 2: Mahu2021 (815 in chips) 
Mahu2021: posts small blind 20
I_AM_THE_LEG: posts big blind 40
*** HOLE CARDS ***
Dealt to Mahu2021 [Th 4d]
Mahu2021: folds 
Uncalled bet (20) returned to I_AM_THE_LEG
I_AM_THE_LEG collected 40 from pot
*** SUMMARY ***
Total pot 40 | Rake 0 
Seat 1: I_AM_THE_LEG (big blind) collected (40)
Seat 2: Mahu2021 (button) (small blind) folded before Flop



PokerStars Hand #253205984155: Tournament #3818938567, $1.84+$0.16 USD Hold'em No Limit - Level III (20/40) - 2024/11/01 20:57:30 CET [2024/11/01 15:57:30 ET]
Table '3818938567 1' 3-max Seat #1 is the button
Seat 1: I_AM_THE_LEG (705 in chips) 
Seat 2: Mahu2021 (795 in chips) 
I_AM_THE_LEG: posts small blind 20
Mahu2021: posts big blind 40
*** HOLE CARDS ***
Dealt to Mahu2021 [9h 6h]
I_AM_THE_LEG: calls 20
Mahu2021: checks 
*** FLOP *** [5d 6d Jh]
Mahu2021: checks 
I_AM_THE_LEG: checks 
*** TURN *** [5d 6d Jh] [2c]
Mahu2021: checks 
I_AM_THE_LEG: checks 
*** RIVER *** [5d 6d Jh 2c] [Kc]
Mahu2021: checks 
I_AM_THE_LEG: checks 
*** SHOW DOWN ***
Mahu2021: shows [9h 6h] (a pair of Sixes)
I_AM_THE_LEG: mucks hand 
Mahu2021 collected 80 from pot
*** SUMMARY ***
Total pot 80 | Rake 0 
Board [5d 6d Jh 2c Kc]
Seat 1: I_AM_THE_LEG (button) (small blind) mucked [9d 8s]
Seat 2: Mahu2021 (big blind) showed [9h 6h] and won (80) with a pair of Sixes



PokerStars Hand #253205987388: Tournament #3818938567, $1.84+$0.16 USD Hold'em No Limit - Level III (20/40) - 2024/11/01 20:57:46 CET [2024/11/01 15:57:46 ET]
Table '3818938567 1' 3-max Seat #2 is the button
Seat 1: I_AM_THE_LEG (665 in chips) 
Seat 2: Mahu2021 (835 in chips) 
Mahu2021: posts small blind 20
I_AM_THE_LEG: posts big blind 40
*** HOLE CARDS ***
Dealt to Mahu2021 [7h 5h]
Mahu2021: raises 40 to 80
I_AM_THE_LEG: raises 40 to 120
Mahu2021: calls 40
*** FLOP *** [3s 5c Kd]
I_AM_THE_LEG: bets 40
Mahu2021: calls 40
*** TURN *** [3s 5c Kd] [2d]
I_AM_THE_LEG: bets 80
Mahu2021: calls 80
*** RIVER *** [3s 5c Kd 2d] [Ks]
I_AM_THE_LEG: checks 
Mahu2021: bets 595 and is all-in
I_AM_THE_LEG: calls 425 and is all-in
Uncalled bet (170) returned to Mahu2021
*** SHOW DOWN ***
Mahu2021: shows [7h 5h] (two pair, Kings and Fives)
I_AM_THE_LEG: shows [4s Ac] (a straight, Ace to Five)
I_AM_THE_LEG collected 1330 from pot
*** SUMMARY ***
Total pot 1330 | Rake 0 
Board [3s 5c Kd 2d Ks]
Seat 1: I_AM_THE_LEG (big blind) showed [4s Ac] and won (1330) with a straight, Ace to Five
Seat 2: Mahu2021 (button) (small blind) showed [7h 5h] and lost with two pair, Kings and Fives



PokerStars Hand #253205991202: Tournament #3818938567, $1.84+$0.16 USD Hold'em No Limit - Level III (20/40) - 2024/11/01 20:58:05 CET [2024/11/01 15:58:05 ET]
Table '3818938567 1' 3-max Seat #1 is the button
Seat 1: I_AM_THE_LEG (1330 in chips) 
Seat 2: Mahu2021 (170 in chips) 
I_AM_THE_LEG: posts small blind 20
Mahu2021: posts big blind 40
*** HOLE CARDS ***
Dealt to Mahu2021 [5c Qs]
I_AM_THE_LEG: calls 20
Mahu2021: checks 
*** FLOP *** [6c 3c 7h]
Mahu2021: checks 
I_AM_THE_LEG: bets 40
Mahu2021: calls 40
*** TURN *** [6c 3c 7h] [Ts]
Mahu2021: checks 
I_AM_THE_LEG: bets 40
Mahu2021: folds 
Uncalled bet (40) returned to I_AM_THE_LEG
I_AM_THE_LEG collected 160 from pot
*** SUMMARY ***
Total pot 160 | Rake 0 
Board [6c 3c 7h Ts]
Seat 1: I_AM_THE_LEG (button) (small blind) collected (160)
Seat 2: Mahu2021 (big blind) folded on the Turn



PokerStars Hand #253205993800: Tournament #3818938567, $1.84+$0.16 USD Hold'em No Limit - Level III (20/40) - 2024/11/01 20:58:19 CET [2024/11/01 15:58:19 ET]
Table '3818938567 1' 3-max Seat #2 is the button
Seat 1: I_AM_THE_LEG (1410 in chips) 
Seat 2: Mahu2021 (90 in chips) 
Mahu2021: posts small blind 20
I_AM_THE_LEG: posts big blind 40
*** HOLE CARDS ***
Dealt to Mahu2021 [4h Th]
Mahu2021: folds 
Uncalled bet (20) returned to I_AM_THE_LEG
I_AM_THE_LEG collected 40 from pot
*** SUMMARY ***
Total pot 40 | Rake 0 
Seat 1: I_AM_THE_LEG (big blind) collected (40)
Seat 2: Mahu2021 (button) (small blind) folded before Flop



PokerStars Hand #253205994733: Tournament #3818938567, $1.84+$0.16 USD Hold'em No Limit - Level III (20/40) - 2024/11/01 20:58:23 CET [2024/11/01 15:58:23 ET]
Table '3818938567 1' 3-max Seat #1 is the button
Seat 1: I_AM_THE_LEG (1430 in chips) 
Seat 2: Mahu2021 (70 in chips) 
I_AM_THE_LEG: posts small blind 20
Mahu2021: posts big blind 40
*** HOLE CARDS ***
Dealt to Mahu2021 [Td Jc]
I_AM_THE_LEG: calls 20
Mahu2021: raises 30 to 70 and is all-in
I_AM_THE_LEG: calls 30
*** FLOP *** [4s 8s 6h]
*** TURN *** [4s 8s 6h] [Kh]
*** RIVER *** [4s 8s 6h Kh] [Qd]
*** SHOW DOWN ***
Mahu2021: shows [Td Jc] (high card King)
I_AM_THE_LEG: shows [2d Jd] (high card King - lower kicker)
Mahu2021 collected 140 from pot
*** SUMMARY ***
Total pot 140 | Rake 0 
Board [4s 8s 6h Kh Qd]
Seat 1: I_AM_THE_LEG (button) (small blind) showed [2d Jd] and lost with high card King
Seat 2: Mahu2021 (big blind) showed [Td Jc] and won (140) with high card King



PokerStars Hand #253205997291: Tournament #3818938567, $1.84+$0.16 USD Hold'em No Limit - Level III (20/40) - 2024/11/01 20:58:36 CET [2024/11/01 15:58:36 ET]
Table '3818938567 1' 3-max Seat #2 is the button
Seat 1: I_AM_THE_LEG (1360 in chips) 
Seat 2: Mahu2021 (140 in chips) 
Mahu2021: posts small blind 20
I_AM_THE_LEG: posts big blind 40
*** HOLE CARDS ***
Dealt to Mahu2021 [4h 3s]
Mahu2021: folds 
Uncalled bet (20) returned to I_AM_THE_LEG
I_AM_THE_LEG collected 40 from pot
*** SUMMARY ***
Total pot 40 | Rake 0 
Seat 1: I_AM_THE_LEG (big blind) collected (40)
Seat 2: Mahu2021 (button) (small blind) folded before Flop



PokerStars Hand #253205998694: Tournament #3818938567, $1.84+$0.16 USD Hold'em No Limit - Level III (20/40) - 2024/11/01 20:58:43 CET [2024/11/01 15:58:43 ET]
Table '3818938567 1' 3-max Seat #1 is the button
Seat 1: I_AM_THE_LEG (1380 in chips) 
Seat 2: Mahu2021 (120 in chips) 
I_AM_THE_LEG: posts small blind 20
Mahu2021: posts big blind 40
*** HOLE CARDS ***
Dealt to Mahu2021 [Qc 3d]
I_AM_THE_LEG: calls 20
Mahu2021: raises 80 to 120 and is all-in
I_AM_THE_LEG: calls 80
*** FLOP *** [8h As 7c]
*** TURN *** [8h As 7c] [2d]
*** RIVER *** [8h As 7c 2d] [Ts]
*** SHOW DOWN ***
Mahu2021: shows [Qc 3d] (high card Ace)
I_AM_THE_LEG: shows [3s 4d] (high card Ace - lower kicker)
Mahu2021 collected 240 from pot
*** SUMMARY ***
Total pot 240 | Rake 0 
Board [8h As 7c 2d Ts]
Seat 1: I_AM_THE_LEG (button) (small blind) showed [3s 4d] and lost with high card Ace
Seat 2: Mahu2021 (big blind) showed [Qc 3d] and won (240) with high card Ace



PokerStars Hand #253206001364: Tournament #3818938567, $1.84+$0.16 USD Hold'em No Limit - Level III (20/40) - 2024/11/01 20:58:56 CET [2024/11/01 15:58:56 ET]
Table '3818938567 1' 3-max Seat #2 is the button
Seat 1: I_AM_THE_LEG (1260 in chips) 
Seat 2: Mahu2021 (240 in chips) 
Mahu2021: posts small blind 20
I_AM_THE_LEG: posts big blind 40
*** HOLE CARDS ***
Dealt to Mahu2021 [4h Tc]
Mahu2021: folds 
Uncalled bet (20) returned to I_AM_THE_LEG
I_AM_THE_LEG collected 40 from pot
*** SUMMARY ***
Total pot 40 | Rake 0 
Seat 1: I_AM_THE_LEG (big blind) collected (40)
Seat 2: Mahu2021 (button) (small blind) folded before Flop



PokerStars Hand #253206002258: Tournament #3818938567, $1.84+$0.16 USD Hold'em No Limit - Level III (20/40) - 2024/11/01 20:59:00 CET [2024/11/01 15:59:00 ET]
Table '3818938567 1' 3-max Seat #1 is the button
Seat 1: I_AM_THE_LEG (1280 in chips) 
Seat 2: Mahu2021 (220 in chips) 
I_AM_THE_LEG: posts small blind 20
Mahu2021: posts big blind 40
*** HOLE CARDS ***
Dealt to Mahu2021 [5c 3c]
I_AM_THE_LEG: raises 40 to 80
Mahu2021: folds 
Uncalled bet (40) returned to I_AM_THE_LEG
I_AM_THE_LEG collected 80 from pot
*** SUMMARY ***
Total pot 80 | Rake 0 
Seat 1: I_AM_THE_LEG (button) (small blind) collected (80)
Seat 2: Mahu2021 (big blind) folded before Flop



PokerStars Hand #253206003352: Tournament #3818938567, $1.84+$0.16 USD Hold'em No Limit - Level III (20/40) - 2024/11/01 20:59:06 CET [2024/11/01 15:59:06 ET]
Table '3818938567 1' 3-max Seat #2 is the button
Seat 1: I_AM_THE_LEG (1320 in chips) 
Seat 2: Mahu2021 (180 in chips) 
Mahu2021: posts small blind 20
I_AM_THE_LEG: posts big blind 40
*** HOLE CARDS ***
Dealt to Mahu2021 [Kh Ks]
Mahu2021: raises 140 to 180 and is all-in
I_AM_THE_LEG: folds 
Uncalled bet (140) returned to Mahu2021
Mahu2021 collected 80 from pot
Mahu2021: doesn't show hand 
*** SUMMARY ***
Total pot 80 | Rake 0 
Seat 1: I_AM_THE_LEG (big blind) folded before Flop
Seat 2: Mahu2021 (button) (small blind) collected (80)



PokerStars Hand #253206004666: Tournament #3818938567, $1.84+$0.16 USD Hold'em No Limit - Level III (20/40) - 2024/11/01 20:59:13 CET [2024/11/01 15:59:13 ET]
Table '3818938567 1' 3-max Seat #1 is the button
Seat 1: I_AM_THE_LEG (1280 in chips) 
Seat 2: Mahu2021 (220 in chips) 
I_AM_THE_LEG: posts small blind 20
Mahu2021: posts big blind 40
*** HOLE CARDS ***
Dealt to Mahu2021 [Ac 5c]
I_AM_THE_LEG: calls 20
Mahu2021: raises 180 to 220 and is all-in
I_AM_THE_LEG: folds 
Uncalled bet (180) returned to Mahu2021
Mahu2021 collected 80 from pot
Mahu2021: doesn't show hand 
*** SUMMARY ***
Total pot 80 | Rake 0 
Seat 1: I_AM_THE_LEG (button) (small blind) folded before Flop
Seat 2: Mahu2021 (big blind) collected (80)



PokerStars Hand #253206006755: Tournament #3818938567, $1.84+$0.16 USD Hold'em No Limit - Level IV (30/60) - 2024/11/01 20:59:23 CET [2024/11/01 15:59:23 ET]
Table '3818938567 1' 3-max Seat #2 is the button
Seat 1: I_AM_THE_LEG (1240 in chips) 
Seat 2: Mahu2021 (260 in chips) 
Mahu2021: posts small blind 30
I_AM_THE_LEG: posts big blind 60
*** HOLE CARDS ***
Dealt to Mahu2021 [Ah 7h]
Mahu2021: raises 200 to 260 and is all-in
I_AM_THE_LEG: calls 200
*** FLOP *** [2c 5h 4d]
*** TURN *** [2c 5h 4d] [7d]
*** RIVER *** [2c 5h 4d 7d] [3s]
*** SHOW DOWN ***
I_AM_THE_LEG: shows [9h Qs] (high card Queen)
Mahu2021: shows [Ah 7h] (a straight, Ace to Five)
Mahu2021 collected 520 from pot
*** SUMMARY ***
Total pot 520 | Rake 0 
Board [2c 5h 4d 7d 3s]
Seat 1: I_AM_THE_LEG (big blind) showed [9h Qs] and lost with high card Queen
Seat 2: Mahu2021 (button) (small blind) showed [Ah 7h] and won (520) with a straight, Ace to Five



PokerStars Hand #253206009231: Tournament #3818938567, $1.84+$0.16 USD Hold'em No Limit - Level IV (30/60) - 2024/11/01 20:59:35 CET [2024/11/01 15:59:35 ET]
Table '3818938567 1' 3-max Seat #1 is the button
Seat 1: I_AM_THE_LEG (980 in chips) 
Seat 2: Mahu2021 (520 in chips) 
I_AM_THE_LEG: posts small blind 30
Mahu2021: posts big blind 60
*** HOLE CARDS ***
Dealt to Mahu2021 [5h 4s]
I_AM_THE_LEG: raises 60 to 120
Mahu2021: folds 
Uncalled bet (60) returned to I_AM_THE_LEG
I_AM_THE_LEG collected 120 from pot
*** SUMMARY ***
Total pot 120 | Rake 0 
Seat 1: I_AM_THE_LEG (button) (small blind) collected (120)
Seat 2: Mahu2021 (big blind) folded before Flop



PokerStars Hand #253206010426: Tournament #3818938567, $1.84+$0.16 USD Hold'em No Limit - Level IV (30/60) - 2024/11/01 20:59:41 CET [2024/11/01 15:59:41 ET]
Table '3818938567 1' 3-max Seat #2 is the button
Seat 1: I_AM_THE_LEG (1040 in chips) 
Seat 2: Mahu2021 (460 in chips) 
Mahu2021: posts small blind 30
I_AM_THE_LEG: posts big blind 60
*** HOLE CARDS ***
Dealt to Mahu2021 [Ac 2s]
Mahu2021: raises 60 to 120
I_AM_THE_LEG: calls 60
*** FLOP *** [Kd 2h Ad]
I_AM_THE_LEG: checks 
Mahu2021: checks 
*** TURN *** [Kd 2h Ad] [Qc]
I_AM_THE_LEG: bets 60
Mahu2021: raises 280 to 340 and is all-in
I_AM_THE_LEG: calls 280
*** RIVER *** [Kd 2h Ad Qc] [As]
*** SHOW DOWN ***
I_AM_THE_LEG: shows [Ks Th] (two pair, Aces and Kings)
Mahu2021: shows [Ac 2s] (a full house, Aces full of Deuces)
Mahu2021 collected 920 from pot
*** SUMMARY ***
Total pot 920 | Rake 0 
Board [Kd 2h Ad Qc As]
Seat 1: I_AM_THE_LEG (big blind) showed [Ks Th] and lost with two pair, Aces and Kings
Seat 2: Mahu2021 (button) (small blind) showed [Ac 2s] and won (920) with a full house, Aces full of Deuces



PokerStars Hand #253206013764: Tournament #3818938567, $1.84+$0.16 USD Hold'em No Limit - Level IV (30/60) - 2024/11/01 20:59:57 CET [2024/11/01 15:59:57 ET]
Table '3818938567 1' 3-max Seat #1 is the button
Seat 1: I_AM_THE_LEG (580 in chips) 
Seat 2: Mahu2021 (920 in chips) 
I_AM_THE_LEG: posts small blind 30
Mahu2021: posts big blind 60
*** HOLE CARDS ***
Dealt to Mahu2021 [9s 5d]
I_AM_THE_LEG: raises 60 to 120
Mahu2021: folds 
Uncalled bet (60) returned to I_AM_THE_LEG
I_AM_THE_LEG collected 120 from pot
*** SUMMARY ***
Total pot 120 | Rake 0 
Seat 1: I_AM_THE_LEG (button) (small blind) collected (120)
Seat 2: Mahu2021 (big blind) folded before Flop



PokerStars Hand #253206014953: Tournament #3818938567, $1.84+$0.16 USD Hold'em No Limit - Level IV (30/60) - 2024/11/01 21:00:03 CET [2024/11/01 16:00:03 ET]
Table '3818938567 1' 3-max Seat #2 is the button
Seat 1: I_AM_THE_LEG (640 in chips) 
Seat 2: Mahu2021 (860 in chips) 
Mahu2021: posts small blind 30
I_AM_THE_LEG: posts big blind 60
*** HOLE CARDS ***
Dealt to Mahu2021 [3h 9d]
Mahu2021: folds 
Uncalled bet (30) returned to I_AM_THE_LEG
I_AM_THE_LEG collected 60 from pot
*** SUMMARY ***
Total pot 60 | Rake 0 
Seat 1: I_AM_THE_LEG (big blind) collected (60)
Seat 2: Mahu2021 (button) (small blind) folded before Flop



PokerStars Hand #253206015808: Tournament #3818938567, $1.84+$0.16 USD Hold'em No Limit - Level IV (30/60) - 2024/11/01 21:00:07 CET [2024/11/01 16:00:07 ET]
Table '3818938567 1' 3-max Seat #1 is the button
Seat 1: I_AM_THE_LEG (670 in chips) 
Seat 2: Mahu2021 (830 in chips) 
I_AM_THE_LEG: posts small blind 30
Mahu2021: posts big blind 60
*** HOLE CARDS ***
Dealt to Mahu2021 [3h 2c]
I_AM_THE_LEG: calls 30
Mahu2021: checks 
*** FLOP *** [As Qd 5s]
Mahu2021: checks 
I_AM_THE_LEG: checks 
*** TURN *** [As Qd 5s] [Tc]
Mahu2021: bets 60
I_AM_THE_LEG: folds 
Uncalled bet (60) returned to Mahu2021
Mahu2021 collected 120 from pot
Mahu2021: doesn't show hand 
*** SUMMARY ***
Total pot 120 | Rake 0 
Board [As Qd 5s Tc]
Seat 1: I_AM_THE_LEG (button) (small blind) folded on the Turn
Seat 2: Mahu2021 (big blind) collected (120)



PokerStars Hand #253206017987: Tournament #3818938567, $1.84+$0.16 USD Hold'em No Limit - Level IV (30/60) - 2024/11/01 21:00:18 CET [2024/11/01 16:00:18 ET]
Table '3818938567 1' 3-max Seat #2 is the button
Seat 1: I_AM_THE_LEG (610 in chips) 
Seat 2: Mahu2021 (890 in chips) 
Mahu2021: posts small blind 30
I_AM_THE_LEG: posts big blind 60
*** HOLE CARDS ***
Dealt to Mahu2021 [2d 2c]
Mahu2021: raises 830 to 890 and is all-in
I_AM_THE_LEG: calls 550 and is all-in
Uncalled bet (280) returned to Mahu2021
*** FLOP *** [4h 8d 3s]
*** TURN *** [4h 8d 3s] [Jc]
*** RIVER *** [4h 8d 3s Jc] [7s]
*** SHOW DOWN ***
I_AM_THE_LEG: shows [As 5d] (high card Ace)
Mahu2021: shows [2d 2c] (a pair of Deuces)
Mahu2021 collected 1220 from pot
I_AM_THE_LEG finished the tournament in 2nd place
Mahu2021 wins the tournament and receives $6.00 - congratulations!
*** SUMMARY ***
Total pot 1220 | Rake 0 
Board [4h 8d 3s Jc 7s]
Seat 1: I_AM_THE_LEG (big blind) showed [As 5d] and lost with high card Ace
Seat 2: Mahu2021 (button) (small blind) showed [2d 2c] and won (1220) with a pair of Deuces



