PokerStars Hand #253217445041: Tournament #3819206774, $0.96+$0.04 USD Hold'em No Limit - Match Round I, Level I (25/50) - 2024/11/02 15:00:46 CET [2024/11/02 10:00:46 ET]
Table '3819206774 1' 4-max Seat #1 is the button
Seat 1: iacolui (500 in chips) 
Seat 2: Mahu2021 (500 in chips) 
Seat 3: oXotniK3ayga4ei (500 in chips) 
Seat 4: kzYAMAHA (500 in chips) 
iacolui: posts the ante 10
Mahu2021: posts the ante 10
oXotniK3ayga4ei: posts the ante 10
kzYAMAHA: posts the ante 10
Mahu2021: posts small blind 25
oXotniK3ayga4ei: posts big blind 50
*** HOLE CARDS ***
Dealt to Mahu2021 [7s 9s]
kzYAMAHA: calls 50
iacolui: folds 
Mahu2021: calls 25
oXotniK3ayga4ei: checks 
*** FLOP *** [8c 5h 6s]
Mahu2021: checks 
oXotniK3ayga4ei: checks 
kzYAMAHA: checks 
*** TURN *** [8c 5h 6s] [2s]
Mahu2021: checks 
oXotniK3ayga4ei: bets 50
kzYAMAHA: calls 50
Mahu2021: raises 100 to 150
oXotniK3ayga4ei: folds 
kzYAMAHA: folds 
Uncalled bet (100) returned to Mahu2021
Mahu2021 collected 340 from pot
Mahu2021: doesn't show hand 
*** SUMMARY ***
Total pot 340 | Rake 0 
Board [8c 5h 6s 2s]
Seat 1: iacolui (button) folded before Flop (didn't bet)
Seat 2: Mahu2021 (small blind) collected (340)
Seat 3: oXotniK3ayga4ei (big blind) folded on the Turn
Seat 4: kzYAMAHA folded on the Turn



PokerStars Hand #253217453380: Tournament #3819206774, $0.96+$0.04 USD Hold'em No Limit - Match Round I, Level I (25/50) - 2024/11/02 15:01:35 CET [2024/11/02 10:01:35 ET]
Table '3819206774 1' 4-max Seat #2 is the button
Seat 1: iacolui (490 in chips) 
Seat 2: Mahu2021 (730 in chips) 
Seat 3: oXotniK3ayga4ei (390 in chips) 
Seat 4: kzYAMAHA (390 in chips) 
iacolui: posts the ante 10
Mahu2021: posts the ante 10
oXotniK3ayga4ei: posts the ante 10
kzYAMAHA: posts the ante 10
oXotniK3ayga4ei: posts small blind 25
kzYAMAHA: posts big blind 50
*** HOLE CARDS ***
Dealt to Mahu2021 [4d 9h]
iacolui: folds 
Mahu2021: folds 
oXotniK3ayga4ei: folds 
Uncalled bet (25) returned to kzYAMAHA
kzYAMAHA collected 90 from pot
*** SUMMARY ***
Total pot 90 | Rake 0 
Seat 1: iacolui folded before Flop (didn't bet)
Seat 2: Mahu2021 (button) folded before Flop (didn't bet)
Seat 3: oXotniK3ayga4ei (small blind) folded before Flop
Seat 4: kzYAMAHA (big blind) collected (90)



PokerStars Hand #253217454547: Tournament #3819206774, $0.96+$0.04 USD Hold'em No Limit - Match Round I, Level I (25/50) - 2024/11/02 15:01:42 CET [2024/11/02 10:01:42 ET]
Table '3819206774 1' 4-max Seat #3 is the button
Seat 1: iacolui (480 in chips) 
Seat 2: Mahu2021 (720 in chips) 
Seat 3: oXotniK3ayga4ei (355 in chips) 
Seat 4: kzYAMAHA (445 in chips) 
iacolui: posts the ante 10
Mahu2021: posts the ante 10
oXotniK3ayga4ei: posts the ante 10
kzYAMAHA: posts the ante 10
kzYAMAHA: posts small blind 25
iacolui: posts big blind 50
*** HOLE CARDS ***
Dealt to Mahu2021 [7c 7d]
Mahu2021: raises 660 to 710 and is all-in
oXotniK3ayga4ei: calls 345 and is all-in
kzYAMAHA: calls 410 and is all-in
iacolui: calls 420 and is all-in
Uncalled bet (240) returned to Mahu2021
*** FLOP *** [6d Td 7h]
*** TURN *** [6d Td 7h] [Jh]
*** RIVER *** [6d Td 7h Jh] [8d]
*** SHOW DOWN ***
iacolui: shows [Ad Tc] (a pair of Tens)
Mahu2021: shows [7c 7d] (three of a kind, Sevens)
Mahu2021 collected 70 from side pot-2 
kzYAMAHA: shows [Ks 7s] (a pair of Sevens)
Mahu2021 collected 270 from side pot-1 
oXotniK3ayga4ei: shows [6s 6h] (three of a kind, Sixes)
Mahu2021 collected 1420 from main pot
iacolui finished the tournament in 13th place
kzYAMAHA finished the tournament in 14th place
oXotniK3ayga4ei finished the tournament in 15th place
*** SUMMARY ***
Total pot 1760 Main pot 1420. Side pot-1 270. Side pot-2 70. | Rake 0 
Board [6d Td 7h Jh 8d]
Seat 1: iacolui (big blind) showed [Ad Tc] and lost with a pair of Tens
Seat 2: Mahu2021 showed [7c 7d] and won (1760) with three of a kind, Sevens
Seat 3: oXotniK3ayga4ei (button) showed [6s 6h] and lost with three of a kind, Sixes
Seat 4: kzYAMAHA (small blind) showed [Ks 7s] and lost with a pair of Sevens



PokerStars Hand #253217540350: Tournament #3819206774, $0.96+$0.04 USD Hold'em No Limit - Match Round II, Level I (25/50) - 2024/11/02 15:09:28 CET [2024/11/02 10:09:28 ET]
Table '3819206774 1' 4-max Seat #4 is the button
Seat 1: Mahu2021 (500 in chips) 
Seat 2: joaopastel (500 in chips) 
Seat 3: LealJPm (500 in chips) 
Seat 4: Lbusch34 (500 in chips) 
Mahu2021: posts the ante 10
joaopastel: posts the ante 10
LealJPm: posts the ante 10
Lbusch34: posts the ante 10
Mahu2021: posts small blind 25
joaopastel: posts big blind 50
*** HOLE CARDS ***
Dealt to Mahu2021 [Kc Td]
LealJPm: folds 
Lbusch34: folds 
Mahu2021: raises 440 to 490 and is all-in
joaopastel: folds 
Uncalled bet (440) returned to Mahu2021
Mahu2021 collected 140 from pot
Mahu2021: doesn't show hand 
*** SUMMARY ***
Total pot 140 | Rake 0 
Seat 1: Mahu2021 (small blind) collected (140)
Seat 2: joaopastel (big blind) folded before Flop
Seat 3: LealJPm folded before Flop (didn't bet)
Seat 4: Lbusch34 (button) folded before Flop (didn't bet)



PokerStars Hand #253217543862: Tournament #3819206774, $0.96+$0.04 USD Hold'em No Limit - Match Round II, Level I (25/50) - 2024/11/02 15:09:47 CET [2024/11/02 10:09:47 ET]
Table '3819206774 1' 4-max Seat #1 is the button
Seat 1: Mahu2021 (580 in chips) 
Seat 2: joaopastel (440 in chips) 
Seat 3: LealJPm (490 in chips) 
Seat 4: Lbusch34 (490 in chips) 
Mahu2021: posts the ante 10
joaopastel: posts the ante 10
LealJPm: posts the ante 10
Lbusch34: posts the ante 10
joaopastel: posts small blind 25
LealJPm: posts big blind 50
*** HOLE CARDS ***
Dealt to Mahu2021 [Jd 6d]
Lbusch34: folds 
Mahu2021: raises 520 to 570 and is all-in
joaopastel: folds 
LealJPm: folds 
Uncalled bet (520) returned to Mahu2021
Mahu2021 collected 165 from pot
Mahu2021: doesn't show hand 
*** SUMMARY ***
Total pot 165 | Rake 0 
Seat 1: Mahu2021 (button) collected (165)
Seat 2: joaopastel (small blind) folded before Flop
Seat 3: LealJPm (big blind) folded before Flop
Seat 4: Lbusch34 folded before Flop (didn't bet)



PokerStars Hand #253217546439: Tournament #3819206774, $0.96+$0.04 USD Hold'em No Limit - Match Round II, Level I (25/50) - 2024/11/02 15:10:01 CET [2024/11/02 10:10:01 ET]
Table '3819206774 1' 4-max Seat #2 is the button
Seat 1: Mahu2021 (685 in chips) 
Seat 2: joaopastel (405 in chips) 
Seat 3: LealJPm (430 in chips) 
Seat 4: Lbusch34 (480 in chips) 
Mahu2021: posts the ante 10
joaopastel: posts the ante 10
LealJPm: posts the ante 10
Lbusch34: posts the ante 10
LealJPm: posts small blind 25
Lbusch34: posts big blind 50
*** HOLE CARDS ***
Dealt to Mahu2021 [7s Kc]
Mahu2021: raises 625 to 675 and is all-in
joaopastel: calls 395 and is all-in
LealJPm: folds 
Lbusch34: folds 
Uncalled bet (280) returned to Mahu2021
*** FLOP *** [Kd 8s 9s]
*** TURN *** [Kd 8s 9s] [6s]
*** RIVER *** [Kd 8s 9s 6s] [Qc]
*** SHOW DOWN ***
Mahu2021: shows [7s Kc] (a pair of Kings)
joaopastel: shows [Ah 2s] (high card Ace)
Mahu2021 collected 905 from pot
joaopastel finished the tournament in 4th place and received $1.36.
*** SUMMARY ***
Total pot 905 | Rake 0 
Board [Kd 8s 9s 6s Qc]
Seat 1: Mahu2021 showed [7s Kc] and won (905) with a pair of Kings
Seat 2: joaopastel (button) showed [Ah 2s] and lost with high card Ace
Seat 3: LealJPm (small blind) folded before Flop
Seat 4: Lbusch34 (big blind) folded before Flop



PokerStars Hand #253217549461: Tournament #3819206774, $0.96+$0.04 USD Hold'em No Limit - Match Round II, Level I (25/50) - 2024/11/02 15:10:18 CET [2024/11/02 10:10:18 ET]
Table '3819206774 1' 4-max Seat #3 is the button
Seat 1: Mahu2021 (1185 in chips) 
Seat 3: LealJPm (395 in chips) 
Seat 4: Lbusch34 (420 in chips) 
Mahu2021: posts the ante 10
LealJPm: posts the ante 10
Lbusch34: posts the ante 10
Lbusch34: posts small blind 25
Mahu2021: posts big blind 50
*** HOLE CARDS ***
Dealt to Mahu2021 [Qd Qs]
LealJPm: folds 
Lbusch34: folds 
Uncalled bet (25) returned to Mahu2021
Mahu2021 collected 80 from pot
Mahu2021: doesn't show hand 
*** SUMMARY ***
Total pot 80 | Rake 0 
Seat 1: Mahu2021 (big blind) collected (80)
Seat 3: LealJPm (button) folded before Flop (didn't bet)
Seat 4: Lbusch34 (small blind) folded before Flop



PokerStars Hand #253217551149: Tournament #3819206774, $0.96+$0.04 USD Hold'em No Limit - Match Round II, Level I (25/50) - 2024/11/02 15:10:27 CET [2024/11/02 10:10:27 ET]
Table '3819206774 1' 4-max Seat #4 is the button
Seat 1: Mahu2021 (1230 in chips) 
Seat 3: LealJPm (385 in chips) 
Seat 4: Lbusch34 (385 in chips) 
Mahu2021: posts the ante 10
LealJPm: posts the ante 10
Lbusch34: posts the ante 10
Mahu2021: posts small blind 25
LealJPm: posts big blind 50
*** HOLE CARDS ***
Dealt to Mahu2021 [4d 7d]
Lbusch34: folds 
Mahu2021: folds 
Uncalled bet (25) returned to LealJPm
LealJPm collected 80 from pot
*** SUMMARY ***
Total pot 80 | Rake 0 
Seat 1: Mahu2021 (small blind) folded before Flop
Seat 3: LealJPm (big blind) collected (80)
Seat 4: Lbusch34 (button) folded before Flop (didn't bet)



PokerStars Hand #253217552197: Tournament #3819206774, $0.96+$0.04 USD Hold'em No Limit - Match Round II, Level I (25/50) - 2024/11/02 15:10:33 CET [2024/11/02 10:10:33 ET]
Table '3819206774 1' 4-max Seat #1 is the button
Seat 1: Mahu2021 (1195 in chips) 
Seat 3: LealJPm (430 in chips) 
Seat 4: Lbusch34 (375 in chips) 
Mahu2021: posts the ante 10
LealJPm: posts the ante 10
Lbusch34: posts the ante 10
LealJPm: posts small blind 25
Lbusch34: posts big blind 50
*** HOLE CARDS ***
Dealt to Mahu2021 [7h Jh]
Mahu2021: calls 50
LealJPm: calls 25
Lbusch34: checks 
*** FLOP *** [4s Ad Qh]
LealJPm: checks 
Lbusch34: checks 
Mahu2021: bets 50
LealJPm: folds 
Lbusch34: folds 
Uncalled bet (50) returned to Mahu2021
Mahu2021 collected 180 from pot
Mahu2021: doesn't show hand 
*** SUMMARY ***
Total pot 180 | Rake 0 
Board [4s Ad Qh]
Seat 1: Mahu2021 (button) collected (180)
Seat 3: LealJPm (small blind) folded on the Flop
Seat 4: Lbusch34 (big blind) folded on the Flop



PokerStars Hand #253217557018: Tournament #3819206774, $0.96+$0.04 USD Hold'em No Limit - Match Round II, Level I (25/50) - 2024/11/02 15:10:59 CET [2024/11/02 10:10:59 ET]
Table '3819206774 1' 4-max Seat #3 is the button
Seat 1: Mahu2021 (1315 in chips) 
Seat 3: LealJPm (370 in chips) 
Seat 4: Lbusch34 (315 in chips) 
Mahu2021: posts the ante 10
LealJPm: posts the ante 10
Lbusch34: posts the ante 10
Lbusch34: posts small blind 25
Mahu2021: posts big blind 50
*** HOLE CARDS ***
Dealt to Mahu2021 [2c 9s]
LealJPm: calls 50
Lbusch34: folds 
Mahu2021: checks 
*** FLOP *** [Ks 4d 6h]
Mahu2021: checks 
LealJPm: checks 
*** TURN *** [Ks 4d 6h] [5h]
Mahu2021: checks 
LealJPm: checks 
*** RIVER *** [Ks 4d 6h 5h] [Js]
Mahu2021: checks 
LealJPm: checks 
*** SHOW DOWN ***
Mahu2021: shows [2c 9s] (high card King)
LealJPm: shows [6c 8s] (a pair of Sixes)
LealJPm collected 155 from pot
*** SUMMARY ***
Total pot 155 | Rake 0 
Board [Ks 4d 6h 5h Js]
Seat 1: Mahu2021 (big blind) showed [2c 9s] and lost with high card King
Seat 3: LealJPm (button) showed [6c 8s] and won (155) with a pair of Sixes
Seat 4: Lbusch34 (small blind) folded before Flop



PokerStars Hand #253217561968: Tournament #3819206774, $0.96+$0.04 USD Hold'em No Limit - Match Round II, Level I (25/50) - 2024/11/02 15:11:26 CET [2024/11/02 10:11:26 ET]
Table '3819206774 1' 4-max Seat #4 is the button
Seat 1: Mahu2021 (1255 in chips) 
Seat 3: LealJPm (465 in chips) 
Seat 4: Lbusch34 (280 in chips) 
Mahu2021: posts the ante 10
LealJPm: posts the ante 10
Lbusch34: posts the ante 10
Mahu2021: posts small blind 25
LealJPm: posts big blind 50
*** HOLE CARDS ***
Dealt to Mahu2021 [Kd 6h]
Lbusch34: folds 
Mahu2021: raises 1195 to 1245 and is all-in
LealJPm: folds 
Uncalled bet (1195) returned to Mahu2021
Mahu2021 collected 130 from pot
Mahu2021: doesn't show hand 
*** SUMMARY ***
Total pot 130 | Rake 0 
Seat 1: Mahu2021 (small blind) collected (130)
Seat 3: LealJPm (big blind) folded before Flop
Seat 4: Lbusch34 (button) folded before Flop (didn't bet)



PokerStars Hand #253217563765: Tournament #3819206774, $0.96+$0.04 USD Hold'em No Limit - Match Round II, Level I (25/50) - 2024/11/02 15:11:36 CET [2024/11/02 10:11:36 ET]
Table '3819206774 1' 4-max Seat #1 is the button
Seat 1: Mahu2021 (1325 in chips) 
Seat 3: LealJPm (405 in chips) 
Seat 4: Lbusch34 (270 in chips) 
Mahu2021: posts the ante 10
LealJPm: posts the ante 10
Lbusch34: posts the ante 10
LealJPm: posts small blind 25
Lbusch34: posts big blind 50
*** HOLE CARDS ***
Dealt to Mahu2021 [4h Th]
Mahu2021: folds 
LealJPm: calls 25
Lbusch34: checks 
*** FLOP *** [6c Tc 2c]
LealJPm: checks 
Lbusch34: bets 210 and is all-in
LealJPm: folds 
Uncalled bet (210) returned to Lbusch34
Lbusch34 collected 130 from pot
Lbusch34: doesn't show hand 
*** SUMMARY ***
Total pot 130 | Rake 0 
Board [6c Tc 2c]
Seat 1: Mahu2021 (button) folded before Flop (didn't bet)
Seat 3: LealJPm (small blind) folded on the Flop
Seat 4: Lbusch34 (big blind) collected (130)



PokerStars Hand #253217566779: Tournament #3819206774, $0.96+$0.04 USD Hold'em No Limit - Match Round II, Level I (25/50) - 2024/11/02 15:11:52 CET [2024/11/02 10:11:52 ET]
Table '3819206774 1' 4-max Seat #3 is the button
Seat 1: Mahu2021 (1315 in chips) 
Seat 3: LealJPm (345 in chips) 
Seat 4: Lbusch34 (340 in chips) 
Mahu2021: posts the ante 10
LealJPm: posts the ante 10
Lbusch34: posts the ante 10
Lbusch34: posts small blind 25
Mahu2021: posts big blind 50
*** HOLE CARDS ***
Dealt to Mahu2021 [2c Ad]
LealJPm: calls 50
Lbusch34: folds 
Mahu2021: checks 
*** FLOP *** [Qd 7c 2d]
Mahu2021: checks 
LealJPm: checks 
*** TURN *** [Qd 7c 2d] [Th]
Mahu2021: checks 
LealJPm: checks 
*** RIVER *** [Qd 7c 2d Th] [9h]
Mahu2021: bets 50
LealJPm: raises 100 to 150
Mahu2021: folds 
Uncalled bet (100) returned to LealJPm
LealJPm collected 255 from pot
*** SUMMARY ***
Total pot 255 | Rake 0 
Board [Qd 7c 2d Th 9h]
Seat 1: Mahu2021 (big blind) folded on the River
Seat 3: LealJPm (button) collected (255)
Seat 4: Lbusch34 (small blind) folded before Flop



PokerStars Hand #253217570274: Tournament #3819206774, $0.96+$0.04 USD Hold'em No Limit - Match Round II, Level I (25/50) - 2024/11/02 15:12:12 CET [2024/11/02 10:12:12 ET]
Table '3819206774 1' 4-max Seat #4 is the button
Seat 1: Mahu2021 (1205 in chips) 
Seat 3: LealJPm (490 in chips) 
Seat 4: Lbusch34 (305 in chips) 
Mahu2021: posts the ante 10
LealJPm: posts the ante 10
Lbusch34: posts the ante 10
Mahu2021: posts small blind 25
LealJPm: posts big blind 50
*** HOLE CARDS ***
Dealt to Mahu2021 [7s Kd]
Lbusch34: folds 
Mahu2021: raises 1145 to 1195 and is all-in
LealJPm: folds 
Uncalled bet (1145) returned to Mahu2021
Mahu2021 collected 130 from pot
Mahu2021: doesn't show hand 
*** SUMMARY ***
Total pot 130 | Rake 0 
Seat 1: Mahu2021 (small blind) collected (130)
Seat 3: LealJPm (big blind) folded before Flop
Seat 4: Lbusch34 (button) folded before Flop (didn't bet)



PokerStars Hand #253217571833: Tournament #3819206774, $0.96+$0.04 USD Hold'em No Limit - Match Round II, Level I (25/50) - 2024/11/02 15:12:20 CET [2024/11/02 10:12:20 ET]
Table '3819206774 1' 4-max Seat #1 is the button
Seat 1: Mahu2021 (1275 in chips) 
Seat 3: LealJPm (430 in chips) 
Seat 4: Lbusch34 (295 in chips) 
Mahu2021: posts the ante 10
LealJPm: posts the ante 10
Lbusch34: posts the ante 10
LealJPm: posts small blind 25
Lbusch34: posts big blind 50
*** HOLE CARDS ***
Dealt to Mahu2021 [Ac 2c]
Mahu2021: calls 50
LealJPm: calls 25
Lbusch34: checks 
*** FLOP *** [Tc 5c 9h]
LealJPm: checks 
Lbusch34: bets 235 and is all-in
Mahu2021: calls 235
LealJPm: folds 
*** TURN *** [Tc 5c 9h] [3d]
*** RIVER *** [Tc 5c 9h 3d] [9d]
*** SHOW DOWN ***
Lbusch34: shows [Js 8d] (a pair of Nines)
Mahu2021: shows [Ac 2c] (a pair of Nines - Ace kicker)
Mahu2021 collected 650 from pot
Lbusch34 finished the tournament in 3rd place
Lbusch34 wins a '$1.50 Step 2 - Power Path' ticket
*** SUMMARY ***
Total pot 650 | Rake 0 
Board [Tc 5c 9h 3d 9d]
Seat 1: Mahu2021 (button) showed [Ac 2c] and won (650) with a pair of Nines
Seat 3: LealJPm (small blind) folded on the Flop
Seat 4: Lbusch34 (big blind) showed [Js 8d] and lost with a pair of Nines



PokerStars Hand #253217576670: Tournament #3819206774, $0.96+$0.04 USD Hold'em No Limit - Match Round II, Level II (50/100) - 2024/11/02 15:12:47 CET [2024/11/02 10:12:47 ET]
Table '3819206774 1' 4-max Seat #3 is the button
Seat 1: Mahu2021 (1630 in chips) 
Seat 3: LealJPm (370 in chips) 
Mahu2021: posts the ante 20
LealJPm: posts the ante 20
LealJPm: posts small blind 50
Mahu2021: posts big blind 100
*** HOLE CARDS ***
Dealt to Mahu2021 [Ac Ts]
LealJPm: calls 50
Mahu2021: raises 200 to 300
LealJPm: calls 200
*** FLOP *** [6d 7d Kd]
Mahu2021: bets 100
LealJPm: calls 50 and is all-in
Uncalled bet (50) returned to Mahu2021
*** TURN *** [6d 7d Kd] [2s]
*** RIVER *** [6d 7d Kd 2s] [As]
*** SHOW DOWN ***
Mahu2021: shows [Ac Ts] (a pair of Aces)
LealJPm: shows [7s 8d] (a pair of Sevens)
Mahu2021 collected 740 from pot
LealJPm finished the tournament in 2nd place
LealJPm wins a '$1.50 Step 2 - Power Path' ticket
Mahu2021 wins the tournament - congratulations!
Mahu2021 wins a '$11 Step 3 - Power Path' ticket
*** SUMMARY ***
Total pot 740 | Rake 0 
Board [6d 7d Kd 2s As]
Seat 1: Mahu2021 (big blind) showed [Ac Ts] and won (740) with a pair of Aces
Seat 3: LealJPm (button) (small blind) showed [7s 8d] and lost with a pair of Sevens



