PokerStars Hand #243026956334: Tournament #3576004024, $0.92+$0.08 USD Hold'em No Limit - Level I (10/20) - 2023/04/11 17:56:37 CET [2023/04/11 11:56:37 ET]
Table '3576004024 1' 3-max Seat #1 is the button
Seat 1: Mahu2021 (500 in chips) 
Seat 2: kai pirinha (500 in chips) 
Seat 3: 4sharp (500 in chips) 
kai pirinha: posts small blind 10
4sharp: posts big blind 20
*** HOLE CARDS ***
Dealt to Mahu2021 [8d 8h]
Mahu2021: raises 480 to 500 and is all-in
kai pirinha: folds 
4sharp: folds 
Uncalled bet (480) returned to Mahu2021
Mahu2021 collected 50 from pot
Mahu2021: doesn't show hand 
*** SUMMARY ***
Total pot 50 | Rake 0 
Seat 1: Mahu2021 (button) collected (50)
Seat 2: kai pirinha (small blind) folded before Flop
Seat 3: 4sharp (big blind) folded before Flop



PokerStars Hand #243026959193: Tournament #3576004024, $0.92+$0.08 USD Hold'em No Limit - Level I (10/20) - 2023/04/11 17:56:50 CET [2023/04/11 11:56:50 ET]
Table '3576004024 1' 3-max Seat #2 is the button
Seat 1: Mahu2021 (530 in chips) 
Seat 2: kai pirinha (490 in chips) 
Seat 3: 4sharp (480 in chips) 
4sharp: posts small blind 10
Mahu2021: posts big blind 20
*** HOLE CARDS ***
Dealt to Mahu2021 [6c Qs]
kai pirinha: folds 
4sharp: calls 10
Mahu2021: checks 
*** FLOP *** [6h 5h 2d]
4sharp: bets 20
Mahu2021: calls 20
*** TURN *** [6h 5h 2d] [9d]
4sharp: bets 60
Mahu2021: calls 60
*** RIVER *** [6h 5h 2d 9d] [9h]
4sharp: bets 120
Mahu2021: folds 
Uncalled bet (120) returned to 4sharp
4sharp collected 200 from pot
*** SUMMARY ***
Total pot 200 | Rake 0 
Board [6h 5h 2d 9d 9h]
Seat 1: Mahu2021 (big blind) folded on the River
Seat 2: kai pirinha (button) folded before Flop (didn't bet)
Seat 3: 4sharp (small blind) collected (200)



PokerStars Hand #243026966835: Tournament #3576004024, $0.92+$0.08 USD Hold'em No Limit - Level I (10/20) - 2023/04/11 17:57:23 CET [2023/04/11 11:57:23 ET]
Table '3576004024 1' 3-max Seat #3 is the button
Seat 1: Mahu2021 (430 in chips) 
Seat 2: kai pirinha (490 in chips) 
Seat 3: 4sharp (580 in chips) 
Mahu2021: posts small blind 10
kai pirinha: posts big blind 20
*** HOLE CARDS ***
Dealt to Mahu2021 [5d 2d]
4sharp: raises 20 to 40
Mahu2021: folds 
kai pirinha: calls 20
*** FLOP *** [2s 2h 9s]
kai pirinha: checks 
4sharp: bets 30
kai pirinha: raises 30 to 60
4sharp: calls 30
*** TURN *** [2s 2h 9s] [Qc]
kai pirinha: bets 80
4sharp: calls 80
*** RIVER *** [2s 2h 9s Qc] [8d]
kai pirinha: bets 180
4sharp: raises 180 to 360
kai pirinha: calls 130 and is all-in
Uncalled bet (50) returned to 4sharp
*** SHOW DOWN ***
4sharp: shows [2c Ac] (three of a kind, Deuces)
kai pirinha: shows [Ks Ts] (a pair of Deuces)
4sharp collected 990 from pot
kai pirinha finished the tournament in 3rd place
*** SUMMARY ***
Total pot 990 | Rake 0 
Board [2s 2h 9s Qc 8d]
Seat 1: Mahu2021 (small blind) folded before Flop
Seat 2: kai pirinha (big blind) showed [Ks Ts] and lost with a pair of Deuces
Seat 3: 4sharp (button) showed [2c Ac] and won (990) with three of a kind, Deuces



PokerStars Hand #243026979514: Tournament #3576004024, $0.92+$0.08 USD Hold'em No Limit - Level I (10/20) - 2023/04/11 17:58:18 CET [2023/04/11 11:58:18 ET]
Table '3576004024 1' 3-max Seat #1 is the button
Seat 1: Mahu2021 (420 in chips) 
Seat 3: 4sharp (1080 in chips) 
Mahu2021: posts small blind 10
4sharp: posts big blind 20
*** HOLE CARDS ***
Dealt to Mahu2021 [5d 7s]
Mahu2021: folds 
Uncalled bet (10) returned to 4sharp
4sharp collected 20 from pot
*** SUMMARY ***
Total pot 20 | Rake 0 
Seat 1: Mahu2021 (button) (small blind) folded before Flop
Seat 3: 4sharp (big blind) collected (20)



PokerStars Hand #243026980552: Tournament #3576004024, $0.92+$0.08 USD Hold'em No Limit - Level I (10/20) - 2023/04/11 17:58:23 CET [2023/04/11 11:58:23 ET]
Table '3576004024 1' 3-max Seat #3 is the button
Seat 1: Mahu2021 (410 in chips) 
Seat 3: 4sharp (1090 in chips) 
4sharp: posts small blind 10
Mahu2021: posts big blind 20
*** HOLE CARDS ***
Dealt to Mahu2021 [9c 2c]
4sharp: raises 20 to 40
Mahu2021: calls 20
*** FLOP *** [Ad 9h Jh]
Mahu2021: checks 
4sharp: bets 20
Mahu2021: calls 20
*** TURN *** [Ad 9h Jh] [Jd]
Mahu2021: checks 
4sharp: bets 60
Mahu2021: folds 
Uncalled bet (60) returned to 4sharp
4sharp collected 120 from pot
*** SUMMARY ***
Total pot 120 | Rake 0 
Board [Ad 9h Jh Jd]
Seat 1: Mahu2021 (big blind) folded on the Turn
Seat 3: 4sharp (button) (small blind) collected (120)



PokerStars Hand #243026985040: Tournament #3576004024, $0.92+$0.08 USD Hold'em No Limit - Level II (15/30) - 2023/04/11 17:58:42 CET [2023/04/11 11:58:42 ET]
Table '3576004024 1' 3-max Seat #1 is the button
Seat 1: Mahu2021 (350 in chips) 
Seat 3: 4sharp (1150 in chips) 
Mahu2021: posts small blind 15
4sharp: posts big blind 30
*** HOLE CARDS ***
Dealt to Mahu2021 [Qc Qh]
Mahu2021: raises 320 to 350 and is all-in
4sharp: calls 320
*** FLOP *** [Kc 9d 3h]
*** TURN *** [Kc 9d 3h] [Th]
*** RIVER *** [Kc 9d 3h Th] [8d]
*** SHOW DOWN ***
4sharp: shows [Td Ac] (a pair of Tens)
Mahu2021: shows [Qc Qh] (a pair of Queens)
Mahu2021 collected 700 from pot
*** SUMMARY ***
Total pot 700 | Rake 0 
Board [Kc 9d 3h Th 8d]
Seat 1: Mahu2021 (button) (small blind) showed [Qc Qh] and won (700) with a pair of Queens
Seat 3: 4sharp (big blind) showed [Td Ac] and lost with a pair of Tens



PokerStars Hand #243026987987: Tournament #3576004024, $0.92+$0.08 USD Hold'em No Limit - Level II (15/30) - 2023/04/11 17:58:55 CET [2023/04/11 11:58:55 ET]
Table '3576004024 1' 3-max Seat #3 is the button
Seat 1: Mahu2021 (700 in chips) 
Seat 3: 4sharp (800 in chips) 
4sharp: posts small blind 15
Mahu2021: posts big blind 30
*** HOLE CARDS ***
Dealt to Mahu2021 [3d Tc]
4sharp: folds 
Uncalled bet (15) returned to Mahu2021
Mahu2021 collected 30 from pot
Mahu2021: doesn't show hand 
*** SUMMARY ***
Total pot 30 | Rake 0 
Seat 1: Mahu2021 (big blind) collected (30)
Seat 3: 4sharp (button) (small blind) folded before Flop



PokerStars Hand #243026989396: Tournament #3576004024, $0.92+$0.08 USD Hold'em No Limit - Level II (15/30) - 2023/04/11 17:59:01 CET [2023/04/11 11:59:01 ET]
Table '3576004024 1' 3-max Seat #1 is the button
Seat 1: Mahu2021 (715 in chips) 
Seat 3: 4sharp (785 in chips) 
Mahu2021: posts small blind 15
4sharp: posts big blind 30
*** HOLE CARDS ***
Dealt to Mahu2021 [8s Js]
Mahu2021: raises 30 to 60
4sharp: calls 30
*** FLOP *** [7d Ks 2c]
4sharp: checks 
Mahu2021: bets 60
4sharp: folds 
Uncalled bet (60) returned to Mahu2021
Mahu2021 collected 120 from pot
Mahu2021: doesn't show hand 
*** SUMMARY ***
Total pot 120 | Rake 0 
Board [7d Ks 2c]
Seat 1: Mahu2021 (button) (small blind) collected (120)
Seat 3: 4sharp (big blind) folded on the Flop



PokerStars Hand #243026992105: Tournament #3576004024, $0.92+$0.08 USD Hold'em No Limit - Level II (15/30) - 2023/04/11 17:59:12 CET [2023/04/11 11:59:12 ET]
Table '3576004024 1' 3-max Seat #3 is the button
Seat 1: Mahu2021 (775 in chips) 
Seat 3: 4sharp (725 in chips) 
4sharp: posts small blind 15
Mahu2021: posts big blind 30
*** HOLE CARDS ***
Dealt to Mahu2021 [3c As]
4sharp: calls 15
Mahu2021: checks 
*** FLOP *** [Td 4d 3s]
Mahu2021: checks 
4sharp: checks 
*** TURN *** [Td 4d 3s] [Th]
Mahu2021: checks 
4sharp: bets 30
Mahu2021: calls 30
*** RIVER *** [Td 4d 3s Th] [9s]
Mahu2021: checks 
4sharp: bets 75
Mahu2021: calls 75
*** SHOW DOWN ***
4sharp: shows [6s Jc] (a pair of Tens)
Mahu2021: shows [3c As] (two pair, Tens and Threes)
Mahu2021 collected 270 from pot
*** SUMMARY ***
Total pot 270 | Rake 0 
Board [Td 4d 3s Th 9s]
Seat 1: Mahu2021 (big blind) showed [3c As] and won (270) with two pair, Tens and Threes
Seat 3: 4sharp (button) (small blind) showed [6s Jc] and lost with a pair of Tens



PokerStars Hand #243026996790: Tournament #3576004024, $0.92+$0.08 USD Hold'em No Limit - Level II (15/30) - 2023/04/11 17:59:32 CET [2023/04/11 11:59:32 ET]
Table '3576004024 1' 3-max Seat #1 is the button
Seat 1: Mahu2021 (910 in chips) 
Seat 3: 4sharp (590 in chips) 
Mahu2021: posts small blind 15
4sharp: posts big blind 30
*** HOLE CARDS ***
Dealt to Mahu2021 [7d 7h]
Mahu2021: raises 880 to 910 and is all-in
4sharp: folds 
Uncalled bet (880) returned to Mahu2021
Mahu2021 collected 60 from pot
Mahu2021: doesn't show hand 
*** SUMMARY ***
Total pot 60 | Rake 0 
Seat 1: Mahu2021 (button) (small blind) collected (60)
Seat 3: 4sharp (big blind) folded before Flop



PokerStars Hand #243026998233: Tournament #3576004024, $0.92+$0.08 USD Hold'em No Limit - Level II (15/30) - 2023/04/11 17:59:39 CET [2023/04/11 11:59:39 ET]
Table '3576004024 1' 3-max Seat #3 is the button
Seat 1: Mahu2021 (940 in chips) 
Seat 3: 4sharp (560 in chips) 
4sharp: posts small blind 15
Mahu2021: posts big blind 30
*** HOLE CARDS ***
Dealt to Mahu2021 [Js 3h]
4sharp: calls 15
Mahu2021: checks 
*** FLOP *** [9h Qd 3d]
Mahu2021: checks 
4sharp: checks 
*** TURN *** [9h Qd 3d] [7s]
Mahu2021: checks 
4sharp: bets 30
Mahu2021: calls 30
*** RIVER *** [9h Qd 3d 7s] [Jh]
Mahu2021: checks 
4sharp: bets 75
Mahu2021: raises 805 to 880 and is all-in
4sharp: folds 
Uncalled bet (805) returned to Mahu2021
Mahu2021 collected 270 from pot
Mahu2021: doesn't show hand 
*** SUMMARY ***
Total pot 270 | Rake 0 
Board [9h Qd 3d 7s Jh]
Seat 1: Mahu2021 (big blind) collected (270)
Seat 3: 4sharp (button) (small blind) folded on the River



PokerStars Hand #243027003040: Tournament #3576004024, $0.92+$0.08 USD Hold'em No Limit - Level II (15/30) - 2023/04/11 17:59:59 CET [2023/04/11 11:59:59 ET]
Table '3576004024 1' 3-max Seat #1 is the button
Seat 1: Mahu2021 (1075 in chips) 
Seat 3: 4sharp (425 in chips) 
Mahu2021: posts small blind 15
4sharp: posts big blind 30
*** HOLE CARDS ***
Dealt to Mahu2021 [Tc 7s]
Mahu2021: folds 
Uncalled bet (15) returned to 4sharp
4sharp collected 30 from pot
*** SUMMARY ***
Total pot 30 | Rake 0 
Seat 1: Mahu2021 (button) (small blind) folded before Flop
Seat 3: 4sharp (big blind) collected (30)



PokerStars Hand #243027004103: Tournament #3576004024, $0.92+$0.08 USD Hold'em No Limit - Level II (15/30) - 2023/04/11 18:00:04 CET [2023/04/11 12:00:04 ET]
Table '3576004024 1' 3-max Seat #3 is the button
Seat 1: Mahu2021 (1060 in chips) 
Seat 3: 4sharp (440 in chips) 
4sharp: posts small blind 15
Mahu2021: posts big blind 30
*** HOLE CARDS ***
Dealt to Mahu2021 [Ts 2h]
4sharp: calls 15
Mahu2021: checks 
*** FLOP *** [2d 9d 9c]
Mahu2021: checks 
4sharp: checks 
*** TURN *** [2d 9d 9c] [6h]
Mahu2021: bets 30
4sharp: calls 30
*** RIVER *** [2d 9d 9c 6h] [8d]
Mahu2021: checks 
4sharp: checks 
*** SHOW DOWN ***
Mahu2021: shows [Ts 2h] (two pair, Nines and Deuces)
4sharp: mucks hand 
Mahu2021 collected 120 from pot
*** SUMMARY ***
Total pot 120 | Rake 0 
Board [2d 9d 9c 6h 8d]
Seat 1: Mahu2021 (big blind) showed [Ts 2h] and won (120) with two pair, Nines and Deuces
Seat 3: 4sharp (button) (small blind) mucked [Jc 3c]



PokerStars Hand #243027007437: Tournament #3576004024, $0.92+$0.08 USD Hold'em No Limit - Level II (15/30) - 2023/04/11 18:00:17 CET [2023/04/11 12:00:17 ET]
Table '3576004024 1' 3-max Seat #1 is the button
Seat 1: Mahu2021 (1120 in chips) 
Seat 3: 4sharp (380 in chips) 
Mahu2021: posts small blind 15
4sharp: posts big blind 30
*** HOLE CARDS ***
Dealt to Mahu2021 [3s Ad]
Mahu2021: raises 30 to 60
4sharp: calls 30
*** FLOP *** [Jc Kd Ac]
4sharp: checks 
Mahu2021: checks 
*** TURN *** [Jc Kd Ac] [5c]
4sharp: checks 
Mahu2021: checks 
*** RIVER *** [Jc Kd Ac 5c] [As]
4sharp: checks 
Mahu2021: bets 60
4sharp: calls 60
*** SHOW DOWN ***
Mahu2021: shows [3s Ad] (three of a kind, Aces)
4sharp: mucks hand 
Mahu2021 collected 240 from pot
*** SUMMARY ***
Total pot 240 | Rake 0 
Board [Jc Kd Ac 5c As]
Seat 1: Mahu2021 (button) (small blind) showed [3s Ad] and won (240) with three of a kind, Aces
Seat 3: 4sharp (big blind) mucked [2d Jd]



PokerStars Hand #243027011187: Tournament #3576004024, $0.92+$0.08 USD Hold'em No Limit - Level II (15/30) - 2023/04/11 18:00:33 CET [2023/04/11 12:00:33 ET]
Table '3576004024 1' 3-max Seat #3 is the button
Seat 1: Mahu2021 (1240 in chips) 
Seat 3: 4sharp (260 in chips) 
4sharp: posts small blind 15
Mahu2021: posts big blind 30
*** HOLE CARDS ***
Dealt to Mahu2021 [Th 5c]
4sharp: raises 230 to 260 and is all-in
Mahu2021: folds 
Uncalled bet (230) returned to 4sharp
4sharp collected 60 from pot
*** SUMMARY ***
Total pot 60 | Rake 0 
Seat 1: Mahu2021 (big blind) folded before Flop
Seat 3: 4sharp (button) (small blind) collected (60)



PokerStars Hand #243027013916: Tournament #3576004024, $0.92+$0.08 USD Hold'em No Limit - Level III (20/40) - 2023/04/11 18:00:44 CET [2023/04/11 12:00:44 ET]
Table '3576004024 1' 3-max Seat #1 is the button
Seat 1: Mahu2021 (1210 in chips) 
Seat 3: 4sharp (290 in chips) 
Mahu2021: posts small blind 20
4sharp: posts big blind 40
*** HOLE CARDS ***
Dealt to Mahu2021 [Th Qh]
Mahu2021: raises 40 to 80
4sharp: calls 40
*** FLOP *** [Qd Ts 8s]
4sharp: bets 210 and is all-in
Mahu2021: calls 210
*** TURN *** [Qd Ts 8s] [Jd]
*** RIVER *** [Qd Ts 8s Jd] [6h]
*** SHOW DOWN ***
4sharp: shows [2c Tc] (a pair of Tens)
Mahu2021: shows [Th Qh] (two pair, Queens and Tens)
Mahu2021 collected 580 from pot
4sharp finished the tournament in 2nd place
Mahu2021 wins the tournament and receives $2.00 - congratulations!
*** SUMMARY ***
Total pot 580 | Rake 0 
Board [Qd Ts 8s Jd 6h]
Seat 1: Mahu2021 (button) (small blind) showed [Th Qh] and won (580) with two pair, Queens and Tens
Seat 3: 4sharp (big blind) showed [2c Tc] and lost with a pair of Tens



