PokerStars Hand #246012931113: Tournament #3646195558, $0.92+$0.08 USD Hold'em No Limit - Level I (10/20) - 2023/09/17 13:02:10 CET [2023/09/17 7:02:10 ET]
Table '3646195558 1' 3-max Seat #1 is the button
Seat 1: Billahblah (500 in chips) 
Seat 2: Bakiboku (500 in chips) 
Seat 3: Mahu2021 (500 in chips) 
Bakiboku: posts small blind 10
Mahu2021: posts big blind 20
*** HOLE CARDS ***
Dealt to Mahu2021 [5h 9c]
Billahblah: folds 
Bakiboku: folds 
Uncalled bet (10) returned to Mahu2021
Mahu2021 collected 20 from pot
Mahu2021: doesn't show hand 
*** SUMMARY ***
Total pot 20 | Rake 0 
Seat 1: Billahblah (button) folded before Flop (didn't bet)
Seat 2: Bakiboku (small blind) folded before Flop
Seat 3: Mahu2021 (big blind) collected (20)



PokerStars Hand #246012932173: Tournament #3646195558, $0.92+$0.08 USD Hold'em No Limit - Level I (10/20) - 2023/09/17 13:02:16 CET [2023/09/17 7:02:16 ET]
Table '3646195558 1' 3-max Seat #2 is the button
Seat 1: Billahblah (500 in chips) 
Seat 2: Bakiboku (490 in chips) 
Seat 3: Mahu2021 (510 in chips) 
Mahu2021: posts small blind 10
Billahblah: posts big blind 20
*** HOLE CARDS ***
Dealt to Mahu2021 [8h 5h]
Bakiboku: raises 40 to 60
Mahu2021: folds 
Billahblah: folds 
Uncalled bet (40) returned to Bakiboku
Bakiboku collected 50 from pot
Bakiboku: doesn't show hand 
*** SUMMARY ***
Total pot 50 | Rake 0 
Seat 1: Billahblah (big blind) folded before Flop
Seat 2: Bakiboku (button) collected (50)
Seat 3: Mahu2021 (small blind) folded before Flop



PokerStars Hand #246012933946: Tournament #3646195558, $0.92+$0.08 USD Hold'em No Limit - Level I (10/20) - 2023/09/17 13:02:26 CET [2023/09/17 7:02:26 ET]
Table '3646195558 1' 3-max Seat #3 is the button
Seat 1: Billahblah (480 in chips) 
Seat 2: Bakiboku (520 in chips) 
Seat 3: Mahu2021 (500 in chips) 
Billahblah: posts small blind 10
Bakiboku: posts big blind 20
*** HOLE CARDS ***
Dealt to Mahu2021 [Ac 9d]
Mahu2021: calls 20
Billahblah: raises 60 to 80
Bakiboku: folds 
Mahu2021: folds 
Uncalled bet (60) returned to Billahblah
Billahblah collected 60 from pot
*** SUMMARY ***
Total pot 60 | Rake 0 
Seat 1: Billahblah (small blind) collected (60)
Seat 2: Bakiboku (big blind) folded before Flop
Seat 3: Mahu2021 (button) folded before Flop



PokerStars Hand #246012935944: Tournament #3646195558, $0.92+$0.08 USD Hold'em No Limit - Level I (10/20) - 2023/09/17 13:02:37 CET [2023/09/17 7:02:37 ET]
Table '3646195558 1' 3-max Seat #1 is the button
Seat 1: Billahblah (520 in chips) 
Seat 2: Bakiboku (500 in chips) 
Seat 3: Mahu2021 (480 in chips) 
Bakiboku: posts small blind 10
Mahu2021: posts big blind 20
*** HOLE CARDS ***
Dealt to Mahu2021 [5s Qh]
Billahblah: folds 
Bakiboku: folds 
Uncalled bet (10) returned to Mahu2021
Mahu2021 collected 20 from pot
Mahu2021: doesn't show hand 
*** SUMMARY ***
Total pot 20 | Rake 0 
Seat 1: Billahblah (button) folded before Flop (didn't bet)
Seat 2: Bakiboku (small blind) folded before Flop
Seat 3: Mahu2021 (big blind) collected (20)



PokerStars Hand #246012937301: Tournament #3646195558, $0.92+$0.08 USD Hold'em No Limit - Level I (10/20) - 2023/09/17 13:02:44 CET [2023/09/17 7:02:44 ET]
Table '3646195558 1' 3-max Seat #2 is the button
Seat 1: Billahblah (520 in chips) 
Seat 2: Bakiboku (490 in chips) 
Seat 3: Mahu2021 (490 in chips) 
Mahu2021: posts small blind 10
Billahblah: posts big blind 20
*** HOLE CARDS ***
Dealt to Mahu2021 [7d 2s]
Bakiboku: folds 
Mahu2021: folds 
Uncalled bet (10) returned to Billahblah
Billahblah collected 20 from pot
*** SUMMARY ***
Total pot 20 | Rake 0 
Seat 1: Billahblah (big blind) collected (20)
Seat 2: Bakiboku (button) folded before Flop (didn't bet)
Seat 3: Mahu2021 (small blind) folded before Flop



PokerStars Hand #246012938370: Tournament #3646195558, $0.92+$0.08 USD Hold'em No Limit - Level I (10/20) - 2023/09/17 13:02:50 CET [2023/09/17 7:02:50 ET]
Table '3646195558 1' 3-max Seat #3 is the button
Seat 1: Billahblah (530 in chips) 
Seat 2: Bakiboku (490 in chips) 
Seat 3: Mahu2021 (480 in chips) 
Billahblah: posts small blind 10
Bakiboku: posts big blind 20
*** HOLE CARDS ***
Dealt to Mahu2021 [6s 3d]
Mahu2021: folds 
Billahblah: raises 40 to 60
Bakiboku: calls 40
*** FLOP *** [Td 5s 9c]
Billahblah: bets 80
Bakiboku: calls 80
*** TURN *** [Td 5s 9c] [4h]
Billahblah: checks 
Bakiboku: bets 140
Billahblah: folds 
Uncalled bet (140) returned to Bakiboku
Bakiboku collected 280 from pot
Bakiboku: doesn't show hand 
*** SUMMARY ***
Total pot 280 | Rake 0 
Board [Td 5s 9c 4h]
Seat 1: Billahblah (small blind) folded on the Turn
Seat 2: Bakiboku (big blind) collected (280)
Seat 3: Mahu2021 (button) folded before Flop (didn't bet)



PokerStars Hand #246012943691: Tournament #3646195558, $0.92+$0.08 USD Hold'em No Limit - Level I (10/20) - 2023/09/17 13:03:20 CET [2023/09/17 7:03:20 ET]
Table '3646195558 1' 3-max Seat #1 is the button
Seat 1: Billahblah (390 in chips) 
Seat 2: Bakiboku (630 in chips) 
Seat 3: Mahu2021 (480 in chips) 
Bakiboku: posts small blind 10
Mahu2021: posts big blind 20
*** HOLE CARDS ***
Dealt to Mahu2021 [3d Jc]
Billahblah: folds 
Bakiboku: folds 
Uncalled bet (10) returned to Mahu2021
Mahu2021 collected 20 from pot
Mahu2021: doesn't show hand 
*** SUMMARY ***
Total pot 20 | Rake 0 
Seat 1: Billahblah (button) folded before Flop (didn't bet)
Seat 2: Bakiboku (small blind) folded before Flop
Seat 3: Mahu2021 (big blind) collected (20)



PokerStars Hand #246012944754: Tournament #3646195558, $0.92+$0.08 USD Hold'em No Limit - Level I (10/20) - 2023/09/17 13:03:25 CET [2023/09/17 7:03:25 ET]
Table '3646195558 1' 3-max Seat #2 is the button
Seat 1: Billahblah (390 in chips) 
Seat 2: Bakiboku (620 in chips) 
Seat 3: Mahu2021 (490 in chips) 
Mahu2021: posts small blind 10
Billahblah: posts big blind 20
*** HOLE CARDS ***
Dealt to Mahu2021 [8s 3s]
Bakiboku: folds 
Mahu2021: folds 
Uncalled bet (10) returned to Billahblah
Billahblah collected 20 from pot
*** SUMMARY ***
Total pot 20 | Rake 0 
Seat 1: Billahblah (big blind) collected (20)
Seat 2: Bakiboku (button) folded before Flop (didn't bet)
Seat 3: Mahu2021 (small blind) folded before Flop



PokerStars Hand #246012945629: Tournament #3646195558, $0.92+$0.08 USD Hold'em No Limit - Level I (10/20) - 2023/09/17 13:03:30 CET [2023/09/17 7:03:30 ET]
Table '3646195558 1' 3-max Seat #3 is the button
Seat 1: Billahblah (400 in chips) 
Seat 2: Bakiboku (620 in chips) 
Seat 3: Mahu2021 (480 in chips) 
Billahblah: posts small blind 10
Bakiboku: posts big blind 20
*** HOLE CARDS ***
Dealt to Mahu2021 [6d 3s]
Mahu2021: folds 
Billahblah: folds 
Uncalled bet (10) returned to Bakiboku
Bakiboku collected 20 from pot
Bakiboku: doesn't show hand 
*** SUMMARY ***
Total pot 20 | Rake 0 
Seat 1: Billahblah (small blind) folded before Flop
Seat 2: Bakiboku (big blind) collected (20)
Seat 3: Mahu2021 (button) folded before Flop (didn't bet)



PokerStars Hand #246012947324: Tournament #3646195558, $0.92+$0.08 USD Hold'em No Limit - Level I (10/20) - 2023/09/17 13:03:40 CET [2023/09/17 7:03:40 ET]
Table '3646195558 1' 3-max Seat #1 is the button
Seat 1: Billahblah (390 in chips) 
Seat 2: Bakiboku (630 in chips) 
Seat 3: Mahu2021 (480 in chips) 
Bakiboku: posts small blind 10
Mahu2021: posts big blind 20
*** HOLE CARDS ***
Dealt to Mahu2021 [5d Ks]
Billahblah: raises 40 to 60
Bakiboku: folds 
Mahu2021: folds 
Uncalled bet (40) returned to Billahblah
Billahblah collected 50 from pot
*** SUMMARY ***
Total pot 50 | Rake 0 
Seat 1: Billahblah (button) collected (50)
Seat 2: Bakiboku (small blind) folded before Flop
Seat 3: Mahu2021 (big blind) folded before Flop



PokerStars Hand #246012948644: Tournament #3646195558, $0.92+$0.08 USD Hold'em No Limit - Level I (10/20) - 2023/09/17 13:03:47 CET [2023/09/17 7:03:47 ET]
Table '3646195558 1' 3-max Seat #2 is the button
Seat 1: Billahblah (420 in chips) 
Seat 2: Bakiboku (620 in chips) 
Seat 3: Mahu2021 (460 in chips) 
Mahu2021: posts small blind 10
Billahblah: posts big blind 20
*** HOLE CARDS ***
Dealt to Mahu2021 [3d 3h]
Bakiboku: folds 
Mahu2021: raises 20 to 40
Billahblah: folds 
Uncalled bet (20) returned to Mahu2021
Mahu2021 collected 40 from pot
Mahu2021: doesn't show hand 
*** SUMMARY ***
Total pot 40 | Rake 0 
Seat 1: Billahblah (big blind) folded before Flop
Seat 2: Bakiboku (button) folded before Flop (didn't bet)
Seat 3: Mahu2021 (small blind) collected (40)



PokerStars Hand #246012950871: Tournament #3646195558, $0.92+$0.08 USD Hold'em No Limit - Level I (10/20) - 2023/09/17 13:03:59 CET [2023/09/17 7:03:59 ET]
Table '3646195558 1' 3-max Seat #3 is the button
Seat 1: Billahblah (400 in chips) 
Seat 2: Bakiboku (620 in chips) 
Seat 3: Mahu2021 (480 in chips) 
Billahblah: posts small blind 10
Bakiboku: posts big blind 20
*** HOLE CARDS ***
Dealt to Mahu2021 [7h Ad]
Mahu2021: calls 20
Billahblah: calls 10
Bakiboku: checks 
*** FLOP *** [Qh 5s 4d]
Billahblah: checks 
Bakiboku: checks 
Mahu2021: bets 20
Billahblah: calls 20
Bakiboku: calls 20
*** TURN *** [Qh 5s 4d] [Qd]
Billahblah: checks 
Bakiboku: checks 
Mahu2021: checks 
*** RIVER *** [Qh 5s 4d Qd] [3h]
Billahblah: checks 
Bakiboku: checks 
Mahu2021: checks 
*** SHOW DOWN ***
Billahblah: shows [Ac 3s] (two pair, Queens and Threes)
Bakiboku: shows [Ts 4h] (two pair, Queens and Fours)
Mahu2021: mucks hand 
Bakiboku collected 120 from pot
*** SUMMARY ***
Total pot 120 | Rake 0 
Board [Qh 5s 4d Qd 3h]
Seat 1: Billahblah (small blind) showed [Ac 3s] and lost with two pair, Queens and Threes
Seat 2: Bakiboku (big blind) showed [Ts 4h] and won (120) with two pair, Queens and Fours
Seat 3: Mahu2021 (button) mucked [7h Ad]



PokerStars Hand #246012957214: Tournament #3646195558, $0.92+$0.08 USD Hold'em No Limit - Level I (10/20) - 2023/09/17 13:04:34 CET [2023/09/17 7:04:34 ET]
Table '3646195558 1' 3-max Seat #1 is the button
Seat 1: Billahblah (360 in chips) 
Seat 2: Bakiboku (700 in chips) 
Seat 3: Mahu2021 (440 in chips) 
Bakiboku: posts small blind 10
Mahu2021: posts big blind 20
*** HOLE CARDS ***
Dealt to Mahu2021 [Th 2c]
Billahblah: raises 20 to 40
Bakiboku: folds 
Mahu2021: folds 
Uncalled bet (20) returned to Billahblah
Billahblah collected 50 from pot
*** SUMMARY ***
Total pot 50 | Rake 0 
Seat 1: Billahblah (button) collected (50)
Seat 2: Bakiboku (small blind) folded before Flop
Seat 3: Mahu2021 (big blind) folded before Flop



PokerStars Hand #246012958876: Tournament #3646195558, $0.92+$0.08 USD Hold'em No Limit - Level I (10/20) - 2023/09/17 13:04:43 CET [2023/09/17 7:04:43 ET]
Table '3646195558 1' 3-max Seat #2 is the button
Seat 1: Billahblah (390 in chips) 
Seat 2: Bakiboku (690 in chips) 
Seat 3: Mahu2021 (420 in chips) 
Mahu2021: posts small blind 10
Billahblah: posts big blind 20
*** HOLE CARDS ***
Dealt to Mahu2021 [Ac 3c]
Bakiboku: folds 
Mahu2021: calls 10
Billahblah: checks 
*** FLOP *** [Kh 5s 8h]
Mahu2021: checks 
Billahblah: checks 
*** TURN *** [Kh 5s 8h] [Kd]
Mahu2021: checks 
Billahblah: checks 
*** RIVER *** [Kh 5s 8h Kd] [Jd]
Mahu2021: checks 
Billahblah: checks 
*** SHOW DOWN ***
Mahu2021: shows [Ac 3c] (a pair of Kings)
Billahblah: shows [Ad 3d] (a pair of Kings)
Mahu2021 collected 20 from pot
Billahblah collected 20 from pot
*** SUMMARY ***
Total pot 40 | Rake 0 
Board [Kh 5s 8h Kd Jd]
Seat 1: Billahblah (big blind) showed [Ad 3d] and won (20) with a pair of Kings
Seat 2: Bakiboku (button) folded before Flop (didn't bet)
Seat 3: Mahu2021 (small blind) showed [Ac 3c] and won (20) with a pair of Kings



PokerStars Hand #246012961841: Tournament #3646195558, $0.92+$0.08 USD Hold'em No Limit - Level I (10/20) - 2023/09/17 13:04:59 CET [2023/09/17 7:04:59 ET]
Table '3646195558 1' 3-max Seat #3 is the button
Seat 1: Billahblah (390 in chips) 
Seat 2: Bakiboku (690 in chips) 
Seat 3: Mahu2021 (420 in chips) 
Billahblah: posts small blind 10
Bakiboku: posts big blind 20
*** HOLE CARDS ***
Dealt to Mahu2021 [Ah 4h]
Mahu2021: raises 20 to 40
Billahblah: folds 
Bakiboku: calls 20
*** FLOP *** [8c 5s 6s]
Bakiboku: checks 
Mahu2021: checks 
*** TURN *** [8c 5s 6s] [Qs]
Bakiboku: checks 
Mahu2021: checks 
*** RIVER *** [8c 5s 6s Qs] [Ts]
Bakiboku: checks 
Mahu2021: checks 
*** SHOW DOWN ***
Bakiboku: shows [4d Ac] (high card Ace)
Mahu2021: shows [Ah 4h] (high card Ace)
Bakiboku collected 45 from pot
Mahu2021 collected 45 from pot
*** SUMMARY ***
Total pot 90 | Rake 0 
Board [8c 5s 6s Qs Ts]
Seat 1: Billahblah (small blind) folded before Flop
Seat 2: Bakiboku (big blind) showed [4d Ac] and won (45) with high card Ace
Seat 3: Mahu2021 (button) showed [Ah 4h] and won (45) with high card Ace



PokerStars Hand #246012966492: Tournament #3646195558, $0.92+$0.08 USD Hold'em No Limit - Level II (15/30) - 2023/09/17 13:05:24 CET [2023/09/17 7:05:24 ET]
Table '3646195558 1' 3-max Seat #1 is the button
Seat 1: Billahblah (380 in chips) 
Seat 2: Bakiboku (695 in chips) 
Seat 3: Mahu2021 (425 in chips) 
Bakiboku: posts small blind 15
Mahu2021: posts big blind 30
*** HOLE CARDS ***
Dealt to Mahu2021 [9h Kh]
Billahblah: folds 
Bakiboku: folds 
Uncalled bet (15) returned to Mahu2021
Mahu2021 collected 30 from pot
Mahu2021: doesn't show hand 
*** SUMMARY ***
Total pot 30 | Rake 0 
Seat 1: Billahblah (button) folded before Flop (didn't bet)
Seat 2: Bakiboku (small blind) folded before Flop
Seat 3: Mahu2021 (big blind) collected (30)



PokerStars Hand #246012967667: Tournament #3646195558, $0.92+$0.08 USD Hold'em No Limit - Level II (15/30) - 2023/09/17 13:05:31 CET [2023/09/17 7:05:31 ET]
Table '3646195558 1' 3-max Seat #2 is the button
Seat 1: Billahblah (380 in chips) 
Seat 2: Bakiboku (680 in chips) 
Seat 3: Mahu2021 (440 in chips) 
Mahu2021: posts small blind 15
Billahblah: posts big blind 30
*** HOLE CARDS ***
Dealt to Mahu2021 [9c 7c]
Bakiboku: folds 
Mahu2021: calls 15
Billahblah: checks 
*** FLOP *** [Ks Kd Ah]
Mahu2021: bets 30
Billahblah: folds 
Uncalled bet (30) returned to Mahu2021
Mahu2021 collected 60 from pot
Mahu2021: doesn't show hand 
*** SUMMARY ***
Total pot 60 | Rake 0 
Board [Ks Kd Ah]
Seat 1: Billahblah (big blind) folded on the Flop
Seat 2: Bakiboku (button) folded before Flop (didn't bet)
Seat 3: Mahu2021 (small blind) collected (60)



PokerStars Hand #246012970155: Tournament #3646195558, $0.92+$0.08 USD Hold'em No Limit - Level II (15/30) - 2023/09/17 13:05:44 CET [2023/09/17 7:05:44 ET]
Table '3646195558 1' 3-max Seat #3 is the button
Seat 1: Billahblah (350 in chips) 
Seat 2: Bakiboku (680 in chips) 
Seat 3: Mahu2021 (470 in chips) 
Billahblah: posts small blind 15
Bakiboku: posts big blind 30
*** HOLE CARDS ***
Dealt to Mahu2021 [Jh 3c]
Mahu2021: folds 
Billahblah: calls 15
Bakiboku: checks 
*** FLOP *** [Tc 9c 4d]
Billahblah: checks 
Bakiboku: bets 60
Billahblah: folds 
Uncalled bet (60) returned to Bakiboku
Bakiboku collected 60 from pot
Bakiboku: doesn't show hand 
*** SUMMARY ***
Total pot 60 | Rake 0 
Board [Tc 9c 4d]
Seat 1: Billahblah (small blind) folded on the Flop
Seat 2: Bakiboku (big blind) collected (60)
Seat 3: Mahu2021 (button) folded before Flop (didn't bet)



PokerStars Hand #246012973051: Tournament #3646195558, $0.92+$0.08 USD Hold'em No Limit - Level II (15/30) - 2023/09/17 13:06:00 CET [2023/09/17 7:06:00 ET]
Table '3646195558 1' 3-max Seat #1 is the button
Seat 1: Billahblah (320 in chips) 
Seat 2: Bakiboku (710 in chips) 
Seat 3: Mahu2021 (470 in chips) 
Bakiboku: posts small blind 15
Mahu2021: posts big blind 30
*** HOLE CARDS ***
Dealt to Mahu2021 [Kh 6d]
Billahblah: raises 30 to 60
Bakiboku: folds 
Mahu2021: folds 
Uncalled bet (30) returned to Billahblah
Billahblah collected 75 from pot
*** SUMMARY ***
Total pot 75 | Rake 0 
Seat 1: Billahblah (button) collected (75)
Seat 2: Bakiboku (small blind) folded before Flop
Seat 3: Mahu2021 (big blind) folded before Flop



PokerStars Hand #246012975185: Tournament #3646195558, $0.92+$0.08 USD Hold'em No Limit - Level II (15/30) - 2023/09/17 13:06:12 CET [2023/09/17 7:06:12 ET]
Table '3646195558 1' 3-max Seat #2 is the button
Seat 1: Billahblah (365 in chips) 
Seat 2: Bakiboku (695 in chips) 
Seat 3: Mahu2021 (440 in chips) 
Mahu2021: posts small blind 15
Billahblah: posts big blind 30
*** HOLE CARDS ***
Dealt to Mahu2021 [Qd 4h]
Bakiboku: folds 
Mahu2021: folds 
Uncalled bet (15) returned to Billahblah
Billahblah collected 30 from pot
*** SUMMARY ***
Total pot 30 | Rake 0 
Seat 1: Billahblah (big blind) collected (30)
Seat 2: Bakiboku (button) folded before Flop (didn't bet)
Seat 3: Mahu2021 (small blind) folded before Flop



PokerStars Hand #246012976137: Tournament #3646195558, $0.92+$0.08 USD Hold'em No Limit - Level II (15/30) - 2023/09/17 13:06:18 CET [2023/09/17 7:06:18 ET]
Table '3646195558 1' 3-max Seat #3 is the button
Seat 1: Billahblah (380 in chips) 
Seat 2: Bakiboku (695 in chips) 
Seat 3: Mahu2021 (425 in chips) 
Billahblah: posts small blind 15
Bakiboku: posts big blind 30
*** HOLE CARDS ***
Dealt to Mahu2021 [Qd Qh]
Mahu2021: raises 60 to 90
Billahblah: folds 
Bakiboku: folds 
Uncalled bet (60) returned to Mahu2021
Mahu2021 collected 75 from pot
Mahu2021: doesn't show hand 
*** SUMMARY ***
Total pot 75 | Rake 0 
Seat 1: Billahblah (small blind) folded before Flop
Seat 2: Bakiboku (big blind) folded before Flop
Seat 3: Mahu2021 (button) collected (75)



PokerStars Hand #246012977481: Tournament #3646195558, $0.92+$0.08 USD Hold'em No Limit - Level II (15/30) - 2023/09/17 13:06:26 CET [2023/09/17 7:06:26 ET]
Table '3646195558 1' 3-max Seat #1 is the button
Seat 1: Billahblah (365 in chips) 
Seat 2: Bakiboku (665 in chips) 
Seat 3: Mahu2021 (470 in chips) 
Bakiboku: posts small blind 15
Mahu2021: posts big blind 30
*** HOLE CARDS ***
Dealt to Mahu2021 [9s Td]
Billahblah: raises 30 to 60
Bakiboku: folds 
Mahu2021: calls 30
*** FLOP *** [Kh Jh 9d]
Mahu2021: checks 
Billahblah: bets 305 and is all-in
Mahu2021: folds 
Uncalled bet (305) returned to Billahblah
Billahblah collected 135 from pot
*** SUMMARY ***
Total pot 135 | Rake 0 
Board [Kh Jh 9d]
Seat 1: Billahblah (button) collected (135)
Seat 2: Bakiboku (small blind) folded before Flop
Seat 3: Mahu2021 (big blind) folded on the Flop



PokerStars Hand #246012980304: Tournament #3646195558, $0.92+$0.08 USD Hold'em No Limit - Level II (15/30) - 2023/09/17 13:06:42 CET [2023/09/17 7:06:42 ET]
Table '3646195558 1' 3-max Seat #2 is the button
Seat 1: Billahblah (440 in chips) 
Seat 2: Bakiboku (650 in chips) 
Seat 3: Mahu2021 (410 in chips) 
Mahu2021: posts small blind 15
Billahblah: posts big blind 30
*** HOLE CARDS ***
Dealt to Mahu2021 [4s 6d]
Bakiboku: raises 30 to 60
Mahu2021: folds 
Billahblah: calls 30
*** FLOP *** [9c 7h Ac]
Billahblah: checks 
Bakiboku: bets 90
Billahblah: calls 90
*** TURN *** [9c 7h Ac] [Ad]
Billahblah: checks 
Bakiboku: bets 315
Billahblah: calls 290 and is all-in
Uncalled bet (25) returned to Bakiboku
*** RIVER *** [9c 7h Ac Ad] [9h]
*** SHOW DOWN ***
Billahblah: shows [Qd 9d] (a full house, Nines full of Aces)
Bakiboku: shows [Ah 6s] (a full house, Aces full of Nines)
Bakiboku collected 895 from pot
Billahblah finished the tournament in 3rd place
*** SUMMARY ***
Total pot 895 | Rake 0 
Board [9c 7h Ac Ad 9h]
Seat 1: Billahblah (big blind) showed [Qd 9d] and lost with a full house, Nines full of Aces
Seat 2: Bakiboku (button) showed [Ah 6s] and won (895) with a full house, Aces full of Nines
Seat 3: Mahu2021 (small blind) folded before Flop



PokerStars Hand #246012988087: Tournament #3646195558, $0.92+$0.08 USD Hold'em No Limit - Level II (15/30) - 2023/09/17 13:07:25 CET [2023/09/17 7:07:25 ET]
Table '3646195558 1' 3-max Seat #3 is the button
Seat 2: Bakiboku (1105 in chips) 
Seat 3: Mahu2021 (395 in chips) 
Mahu2021: posts small blind 15
Bakiboku: posts big blind 30
*** HOLE CARDS ***
Dealt to Mahu2021 [7h 8h]
Mahu2021: calls 15
Bakiboku: checks 
*** FLOP *** [As 3c 7d]
Bakiboku: checks 
Mahu2021: bets 30
Bakiboku: calls 30
*** TURN *** [As 3c 7d] [5s]
Bakiboku: checks 
Mahu2021: checks 
*** RIVER *** [As 3c 7d 5s] [2s]
Bakiboku: bets 60
Mahu2021: calls 60
*** SHOW DOWN ***
Bakiboku: shows [Js 3d] (a pair of Threes)
Mahu2021: shows [7h 8h] (a pair of Sevens)
Mahu2021 collected 240 from pot
*** SUMMARY ***
Total pot 240 | Rake 0 
Board [As 3c 7d 5s 2s]
Seat 2: Bakiboku (big blind) showed [Js 3d] and lost with a pair of Threes
Seat 3: Mahu2021 (button) (small blind) showed [7h 8h] and won (240) with a pair of Sevens



PokerStars Hand #246012991457: Tournament #3646195558, $0.92+$0.08 USD Hold'em No Limit - Level II (15/30) - 2023/09/17 13:07:44 CET [2023/09/17 7:07:44 ET]
Table '3646195558 1' 3-max Seat #2 is the button
Seat 2: Bakiboku (985 in chips) 
Seat 3: Mahu2021 (515 in chips) 
Bakiboku: posts small blind 15
Mahu2021: posts big blind 30
*** HOLE CARDS ***
Dealt to Mahu2021 [Kc 4c]
Bakiboku: raises 30 to 60
Mahu2021: calls 30
*** FLOP *** [Ks 2c 5h]
Mahu2021: checks 
Bakiboku: bets 60
Mahu2021: calls 60
*** TURN *** [Ks 2c 5h] [3d]
Mahu2021: checks 
Bakiboku: bets 150
Mahu2021: raises 245 to 395 and is all-in
Bakiboku: calls 245
*** RIVER *** [Ks 2c 5h 3d] [2h]
*** SHOW DOWN ***
Mahu2021: shows [Kc 4c] (two pair, Kings and Deuces)
Bakiboku: shows [Kd 9s] (two pair, Kings and Deuces - Nine kicker)
Bakiboku collected 1030 from pot
Mahu2021 finished the tournament in 2nd place
Bakiboku wins the tournament and receives $5.00 - congratulations!
*** SUMMARY ***
Total pot 1030 | Rake 0 
Board [Ks 2c 5h 3d 2h]
Seat 2: Bakiboku (button) (small blind) showed [Kd 9s] and won (1030) with two pair, Kings and Deuces
Seat 3: Mahu2021 (big blind) showed [Kc 4c] and lost with two pair, Kings and Deuces



