PokerStars Hand #247475860987: Tournament #3681974833, $1.84+$0.16 USD Hold'em No Limit - Level I (10/20) - 2023/12/04 17:23:24 CET [2023/12/04 11:23:24 ET]
Table '3681974833 1' 3-max Seat #1 is the button
Seat 1: M1ND4G41NST (500 in chips) 
Seat 2: susiexxx (500 in chips) 
Seat 3: Mahu2021 (500 in chips) 
susiexxx: posts small blind 10
Mahu2021: posts big blind 20
*** HOLE CARDS ***
Dealt to Mahu2021 [9c 5d]
M1ND4G41NST: folds 
susiexxx: calls 10
Mahu2021: checks 
*** FLOP *** [9d Js 6c]
susiexxx: bets 20
Mahu2021: calls 20
*** TURN *** [9d Js 6c] [8c]
susiexxx: bets 20
Mahu2021: calls 20
*** RIVER *** [9d Js 6c 8c] [8h]
susiexxx: checks 
Mahu2021: checks 
*** SHOW DOWN ***
susiexxx: shows [7d 6s] (two pair, Eights and Sixes)
Mahu2021: shows [9c 5d] (two pair, Nines and Eights)
Mahu2021 collected 120 from pot
*** SUMMARY ***
Total pot 120 | Rake 0 
Board [9d Js 6c 8c 8h]
Seat 1: M1ND4G41NST (button) folded before Flop (didn't bet)
Seat 2: susiexxx (small blind) showed [7d 6s] and lost with two pair, Eights and Sixes
Seat 3: Mahu2021 (big blind) showed [9c 5d] and won (120) with two pair, Nines and Eights



PokerStars Hand #247475864981: Tournament #3681974833, $1.84+$0.16 USD Hold'em No Limit - Level I (10/20) - 2023/12/04 17:23:39 CET [2023/12/04 11:23:39 ET]
Table '3681974833 1' 3-max Seat #2 is the button
Seat 1: M1ND4G41NST (500 in chips) 
Seat 2: susiexxx (440 in chips) 
Seat 3: Mahu2021 (560 in chips) 
Mahu2021: posts small blind 10
M1ND4G41NST: posts big blind 20
*** HOLE CARDS ***
Dealt to Mahu2021 [3c 2h]
susiexxx: calls 20
Mahu2021: folds 
M1ND4G41NST: checks 
*** FLOP *** [Kd Qh 7c]
M1ND4G41NST: checks 
susiexxx: bets 20
M1ND4G41NST: calls 20
*** TURN *** [Kd Qh 7c] [4c]
M1ND4G41NST: checks 
susiexxx: bets 40
M1ND4G41NST: calls 40
*** RIVER *** [Kd Qh 7c 4c] [9d]
M1ND4G41NST: checks 
susiexxx: checks 
*** SHOW DOWN ***
M1ND4G41NST: shows [2d Kc] (a pair of Kings)
susiexxx: shows [9s Qs] (two pair, Queens and Nines)
susiexxx collected 170 from pot
*** SUMMARY ***
Total pot 170 | Rake 0 
Board [Kd Qh 7c 4c 9d]
Seat 1: M1ND4G41NST (big blind) showed [2d Kc] and lost with a pair of Kings
Seat 2: susiexxx (button) showed [9s Qs] and won (170) with two pair, Queens and Nines
Seat 3: Mahu2021 (small blind) folded before Flop



PokerStars Hand #247475873390: Tournament #3681974833, $1.84+$0.16 USD Hold'em No Limit - Level I (10/20) - 2023/12/04 17:24:11 CET [2023/12/04 11:24:11 ET]
Table '3681974833 1' 3-max Seat #3 is the button
Seat 1: M1ND4G41NST (420 in chips) 
Seat 2: susiexxx (530 in chips) 
Seat 3: Mahu2021 (550 in chips) 
M1ND4G41NST: posts small blind 10
susiexxx: posts big blind 20
*** HOLE CARDS ***
Dealt to Mahu2021 [2d Ks]
Mahu2021: folds 
M1ND4G41NST: calls 10
susiexxx: checks 
*** FLOP *** [Ts 9c 4d]
M1ND4G41NST: bets 20
susiexxx: calls 20
*** TURN *** [Ts 9c 4d] [Ad]
M1ND4G41NST: bets 40
susiexxx: folds 
Uncalled bet (40) returned to M1ND4G41NST
M1ND4G41NST collected 80 from pot
*** SUMMARY ***
Total pot 80 | Rake 0 
Board [Ts 9c 4d Ad]
Seat 1: M1ND4G41NST (small blind) collected (80)
Seat 2: susiexxx (big blind) folded on the Turn
Seat 3: Mahu2021 (button) folded before Flop (didn't bet)



PokerStars Hand #247475880845: Tournament #3681974833, $1.84+$0.16 USD Hold'em No Limit - Level I (10/20) - 2023/12/04 17:24:40 CET [2023/12/04 11:24:40 ET]
Table '3681974833 1' 3-max Seat #1 is the button
Seat 1: M1ND4G41NST (460 in chips) 
Seat 2: susiexxx (490 in chips) 
Seat 3: Mahu2021 (550 in chips) 
susiexxx: posts small blind 10
Mahu2021: posts big blind 20
*** HOLE CARDS ***
Dealt to Mahu2021 [Ks 5h]
M1ND4G41NST: folds 
susiexxx: folds 
Uncalled bet (10) returned to Mahu2021
Mahu2021 collected 20 from pot
Mahu2021: doesn't show hand 
*** SUMMARY ***
Total pot 20 | Rake 0 
Seat 1: M1ND4G41NST (button) folded before Flop (didn't bet)
Seat 2: susiexxx (small blind) folded before Flop
Seat 3: Mahu2021 (big blind) collected (20)



PokerStars Hand #247475882085: Tournament #3681974833, $1.84+$0.16 USD Hold'em No Limit - Level I (10/20) - 2023/12/04 17:24:44 CET [2023/12/04 11:24:44 ET]
Table '3681974833 1' 3-max Seat #2 is the button
Seat 1: M1ND4G41NST (460 in chips) 
Seat 2: susiexxx (480 in chips) 
Seat 3: Mahu2021 (560 in chips) 
Mahu2021: posts small blind 10
M1ND4G41NST: posts big blind 20
*** HOLE CARDS ***
Dealt to Mahu2021 [7h 2s]
susiexxx: folds 
Mahu2021: folds 
Uncalled bet (10) returned to M1ND4G41NST
M1ND4G41NST collected 20 from pot
*** SUMMARY ***
Total pot 20 | Rake 0 
Seat 1: M1ND4G41NST (big blind) collected (20)
Seat 2: susiexxx (button) folded before Flop (didn't bet)
Seat 3: Mahu2021 (small blind) folded before Flop



PokerStars Hand #247475884185: Tournament #3681974833, $1.84+$0.16 USD Hold'em No Limit - Level I (10/20) - 2023/12/04 17:24:52 CET [2023/12/04 11:24:52 ET]
Table '3681974833 1' 3-max Seat #3 is the button
Seat 1: M1ND4G41NST (470 in chips) 
Seat 2: susiexxx (480 in chips) 
Seat 3: Mahu2021 (550 in chips) 
M1ND4G41NST: posts small blind 10
susiexxx: posts big blind 20
*** HOLE CARDS ***
Dealt to Mahu2021 [7d 6h]
Mahu2021: folds 
M1ND4G41NST: raises 20 to 40
susiexxx: calls 20
*** FLOP *** [5d 9c Kd]
M1ND4G41NST: bets 24
susiexxx: calls 24
*** TURN *** [5d 9c Kd] [8s]
M1ND4G41NST: checks 
susiexxx: bets 40
M1ND4G41NST: folds 
Uncalled bet (40) returned to susiexxx
susiexxx collected 128 from pot
susiexxx: doesn't show hand 
*** SUMMARY ***
Total pot 128 | Rake 0 
Board [5d 9c Kd 8s]
Seat 1: M1ND4G41NST (small blind) folded on the Turn
Seat 2: susiexxx (big blind) collected (128)
Seat 3: Mahu2021 (button) folded before Flop (didn't bet)



PokerStars Hand #247475896673: Tournament #3681974833, $1.84+$0.16 USD Hold'em No Limit - Level I (10/20) - 2023/12/04 17:25:40 CET [2023/12/04 11:25:40 ET]
Table '3681974833 1' 3-max Seat #1 is the button
Seat 1: M1ND4G41NST (406 in chips) 
Seat 2: susiexxx (544 in chips) 
Seat 3: Mahu2021 (550 in chips) 
susiexxx: posts small blind 10
Mahu2021: posts big blind 20
*** HOLE CARDS ***
Dealt to Mahu2021 [9h 8s]
M1ND4G41NST: folds 
susiexxx: calls 10
Mahu2021: checks 
*** FLOP *** [6c Jh 7s]
susiexxx: bets 40
Mahu2021: calls 40
*** TURN *** [6c Jh 7s] [8c]
susiexxx: bets 60
Mahu2021: calls 60
*** RIVER *** [6c Jh 7s 8c] [4d]
susiexxx: bets 80
Mahu2021: calls 80
*** SHOW DOWN ***
susiexxx: shows [Jc 5c] (a straight, Four to Eight)
Mahu2021: mucks hand 
susiexxx collected 400 from pot
*** SUMMARY ***
Total pot 400 | Rake 0 
Board [6c Jh 7s 8c 4d]
Seat 1: M1ND4G41NST (button) folded before Flop (didn't bet)
Seat 2: susiexxx (small blind) showed [Jc 5c] and won (400) with a straight, Four to Eight
Seat 3: Mahu2021 (big blind) mucked [9h 8s]



PokerStars Hand #247475908290: Tournament #3681974833, $1.84+$0.16 USD Hold'em No Limit - Level I (10/20) - 2023/12/04 17:26:24 CET [2023/12/04 11:26:24 ET]
Table '3681974833 1' 3-max Seat #2 is the button
Seat 1: M1ND4G41NST (406 in chips) 
Seat 2: susiexxx (744 in chips) 
Seat 3: Mahu2021 (350 in chips) 
Mahu2021: posts small blind 10
M1ND4G41NST: posts big blind 20
*** HOLE CARDS ***
Dealt to Mahu2021 [Kh Kd]
susiexxx: folds 
Mahu2021: raises 330 to 350 and is all-in
M1ND4G41NST: folds 
Uncalled bet (330) returned to Mahu2021
Mahu2021 collected 40 from pot
Mahu2021: doesn't show hand 
*** SUMMARY ***
Total pot 40 | Rake 0 
Seat 1: M1ND4G41NST (big blind) folded before Flop
Seat 2: susiexxx (button) folded before Flop (didn't bet)
Seat 3: Mahu2021 (small blind) collected (40)



PokerStars Hand #247475913430: Tournament #3681974833, $1.84+$0.16 USD Hold'em No Limit - Level II (15/30) - 2023/12/04 17:26:43 CET [2023/12/04 11:26:43 ET]
Table '3681974833 1' 3-max Seat #3 is the button
Seat 1: M1ND4G41NST (386 in chips) 
Seat 2: susiexxx (744 in chips) 
Seat 3: Mahu2021 (370 in chips) 
M1ND4G41NST: posts small blind 15
susiexxx: posts big blind 30
*** HOLE CARDS ***
Dealt to Mahu2021 [8h 7h]
Mahu2021: calls 30
M1ND4G41NST: folds 
susiexxx: checks 
*** FLOP *** [Qc Td Tc]
susiexxx: checks 
Mahu2021: checks 
*** TURN *** [Qc Td Tc] [5c]
susiexxx: checks 
Mahu2021: checks 
*** RIVER *** [Qc Td Tc 5c] [Ts]
susiexxx: checks 
Mahu2021: checks 
*** SHOW DOWN ***
susiexxx: shows [Ac 3h] (three of a kind, Tens)
Mahu2021: mucks hand 
susiexxx collected 75 from pot
*** SUMMARY ***
Total pot 75 | Rake 0 
Board [Qc Td Tc 5c Ts]
Seat 1: M1ND4G41NST (small blind) folded before Flop
Seat 2: susiexxx (big blind) showed [Ac 3h] and won (75) with three of a kind, Tens
Seat 3: Mahu2021 (button) mucked [8h 7h]



PokerStars Hand #247475921697: Tournament #3681974833, $1.84+$0.16 USD Hold'em No Limit - Level II (15/30) - 2023/12/04 17:27:15 CET [2023/12/04 11:27:15 ET]
Table '3681974833 1' 3-max Seat #1 is the button
Seat 1: M1ND4G41NST (371 in chips) 
Seat 2: susiexxx (789 in chips) 
Seat 3: Mahu2021 (340 in chips) 
susiexxx: posts small blind 15
Mahu2021: posts big blind 30
*** HOLE CARDS ***
Dealt to Mahu2021 [Ts 8s]
M1ND4G41NST: raises 30 to 60
susiexxx: folds 
Mahu2021: calls 30
*** FLOP *** [Qs 4s Ad]
Mahu2021: checks 
M1ND4G41NST: bets 41
Mahu2021: calls 41
*** TURN *** [Qs 4s Ad] [6s]
Mahu2021: checks 
M1ND4G41NST: checks 
*** RIVER *** [Qs 4s Ad 6s] [4c]
Mahu2021: bets 90
M1ND4G41NST: calls 90
*** SHOW DOWN ***
Mahu2021: shows [Ts 8s] (a flush, Queen high)
M1ND4G41NST: mucks hand 
Mahu2021 collected 397 from pot
*** SUMMARY ***
Total pot 397 | Rake 0 
Board [Qs 4s Ad 6s 4c]
Seat 1: M1ND4G41NST (button) mucked [2c Ac]
Seat 2: susiexxx (small blind) folded before Flop
Seat 3: Mahu2021 (big blind) showed [Ts 8s] and won (397) with a flush, Queen high



PokerStars Hand #247475934383: Tournament #3681974833, $1.84+$0.16 USD Hold'em No Limit - Level II (15/30) - 2023/12/04 17:28:03 CET [2023/12/04 11:28:03 ET]
Table '3681974833 1' 3-max Seat #2 is the button
Seat 1: M1ND4G41NST (180 in chips) 
Seat 2: susiexxx (774 in chips) 
Seat 3: Mahu2021 (546 in chips) 
Mahu2021: posts small blind 15
M1ND4G41NST: posts big blind 30
*** HOLE CARDS ***
Dealt to Mahu2021 [Ac 7s]
susiexxx: folds 
Mahu2021: calls 15
M1ND4G41NST: checks 
*** FLOP *** [6h 3h Jc]
Mahu2021: checks 
M1ND4G41NST: checks 
*** TURN *** [6h 3h Jc] [Qh]
Mahu2021: checks 
M1ND4G41NST: bets 30
Mahu2021: folds 
Uncalled bet (30) returned to M1ND4G41NST
M1ND4G41NST collected 60 from pot
*** SUMMARY ***
Total pot 60 | Rake 0 
Board [6h 3h Jc Qh]
Seat 1: M1ND4G41NST (big blind) collected (60)
Seat 2: susiexxx (button) folded before Flop (didn't bet)
Seat 3: Mahu2021 (small blind) folded on the Turn



PokerStars Hand #247475943250: Tournament #3681974833, $1.84+$0.16 USD Hold'em No Limit - Level II (15/30) - 2023/12/04 17:28:37 CET [2023/12/04 11:28:37 ET]
Table '3681974833 1' 3-max Seat #3 is the button
Seat 1: M1ND4G41NST (210 in chips) 
Seat 2: susiexxx (774 in chips) 
Seat 3: Mahu2021 (516 in chips) 
M1ND4G41NST: posts small blind 15
susiexxx: posts big blind 30
*** HOLE CARDS ***
Dealt to Mahu2021 [6c 8h]
Mahu2021: folds 
M1ND4G41NST: raises 180 to 210 and is all-in
susiexxx: calls 180
*** FLOP *** [2h 4s 7h]
*** TURN *** [2h 4s 7h] [Jd]
*** RIVER *** [2h 4s 7h Jd] [9s]
*** SHOW DOWN ***
M1ND4G41NST: shows [4d Qc] (a pair of Fours)
susiexxx: shows [Jh As] (a pair of Jacks)
susiexxx collected 420 from pot
M1ND4G41NST finished the tournament in 3rd place
*** SUMMARY ***
Total pot 420 | Rake 0 
Board [2h 4s 7h Jd 9s]
Seat 1: M1ND4G41NST (small blind) showed [4d Qc] and lost with a pair of Fours
Seat 2: susiexxx (big blind) showed [Jh As] and won (420) with a pair of Jacks
Seat 3: Mahu2021 (button) folded before Flop (didn't bet)



PokerStars Hand #247475950573: Tournament #3681974833, $1.84+$0.16 USD Hold'em No Limit - Level II (15/30) - 2023/12/04 17:29:04 CET [2023/12/04 11:29:04 ET]
Table '3681974833 1' 3-max Seat #2 is the button
Seat 2: susiexxx (984 in chips) 
Seat 3: Mahu2021 (516 in chips) 
susiexxx: posts small blind 15
Mahu2021: posts big blind 30
*** HOLE CARDS ***
Dealt to Mahu2021 [9d 7s]
susiexxx: calls 15
Mahu2021: checks 
*** FLOP *** [Jd Th Jc]
Mahu2021: checks 
susiexxx: checks 
*** TURN *** [Jd Th Jc] [4c]
Mahu2021: bets 30
susiexxx: folds 
Uncalled bet (30) returned to Mahu2021
Mahu2021 collected 60 from pot
Mahu2021: doesn't show hand 
*** SUMMARY ***
Total pot 60 | Rake 0 
Board [Jd Th Jc 4c]
Seat 2: susiexxx (button) (small blind) folded on the Turn
Seat 3: Mahu2021 (big blind) collected (60)



PokerStars Hand #247475955415: Tournament #3681974833, $1.84+$0.16 USD Hold'em No Limit - Level II (15/30) - 2023/12/04 17:29:23 CET [2023/12/04 11:29:23 ET]
Table '3681974833 1' 3-max Seat #3 is the button
Seat 2: susiexxx (954 in chips) 
Seat 3: Mahu2021 (546 in chips) 
Mahu2021: posts small blind 15
susiexxx: posts big blind 30
*** HOLE CARDS ***
Dealt to Mahu2021 [5h Jc]
Mahu2021: calls 15
susiexxx: checks 
*** FLOP *** [3d Ad 4s]
susiexxx: checks 
Mahu2021: bets 30
susiexxx: calls 30
*** TURN *** [3d Ad 4s] [6h]
susiexxx: checks 
Mahu2021: checks 
*** RIVER *** [3d Ad 4s 6h] [7h]
susiexxx: bets 30
Mahu2021: raises 90 to 120
susiexxx: folds 
Uncalled bet (90) returned to Mahu2021
Mahu2021 collected 180 from pot
Mahu2021: doesn't show hand 
*** SUMMARY ***
Total pot 180 | Rake 0 
Board [3d Ad 4s 6h 7h]
Seat 2: susiexxx (big blind) folded on the River
Seat 3: Mahu2021 (button) (small blind) collected (180)



PokerStars Hand #247475961310: Tournament #3681974833, $1.84+$0.16 USD Hold'em No Limit - Level III (20/40) - 2023/12/04 17:29:46 CET [2023/12/04 11:29:46 ET]
Table '3681974833 1' 3-max Seat #2 is the button
Seat 2: susiexxx (864 in chips) 
Seat 3: Mahu2021 (636 in chips) 
susiexxx: posts small blind 20
Mahu2021: posts big blind 40
*** HOLE CARDS ***
Dealt to Mahu2021 [2d 6d]
susiexxx: calls 20
Mahu2021: checks 
*** FLOP *** [4c 2c Ah]
Mahu2021: checks 
susiexxx: checks 
*** TURN *** [4c 2c Ah] [7c]
Mahu2021: checks 
susiexxx: checks 
*** RIVER *** [4c 2c Ah 7c] [7s]
Mahu2021: checks 
susiexxx: checks 
*** SHOW DOWN ***
Mahu2021: shows [2d 6d] (two pair, Sevens and Deuces)
susiexxx: mucks hand 
Mahu2021 collected 80 from pot
*** SUMMARY ***
Total pot 80 | Rake 0 
Board [4c 2c Ah 7c 7s]
Seat 2: susiexxx (button) (small blind) mucked [5c Th]
Seat 3: Mahu2021 (big blind) showed [2d 6d] and won (80) with two pair, Sevens and Deuces



PokerStars Hand #247475966088: Tournament #3681974833, $1.84+$0.16 USD Hold'em No Limit - Level III (20/40) - 2023/12/04 17:30:04 CET [2023/12/04 11:30:04 ET]
Table '3681974833 1' 3-max Seat #3 is the button
Seat 2: susiexxx (824 in chips) 
Seat 3: Mahu2021 (676 in chips) 
Mahu2021: posts small blind 20
susiexxx: posts big blind 40
*** HOLE CARDS ***
Dealt to Mahu2021 [9c Tc]
Mahu2021: raises 40 to 80
susiexxx: folds 
Uncalled bet (40) returned to Mahu2021
Mahu2021 collected 80 from pot
Mahu2021: doesn't show hand 
*** SUMMARY ***
Total pot 80 | Rake 0 
Seat 2: susiexxx (big blind) folded before Flop
Seat 3: Mahu2021 (button) (small blind) collected (80)



PokerStars Hand #247475967601: Tournament #3681974833, $1.84+$0.16 USD Hold'em No Limit - Level III (20/40) - 2023/12/04 17:30:09 CET [2023/12/04 11:30:09 ET]
Table '3681974833 1' 3-max Seat #2 is the button
Seat 2: susiexxx (784 in chips) 
Seat 3: Mahu2021 (716 in chips) 
susiexxx: posts small blind 20
Mahu2021: posts big blind 40
*** HOLE CARDS ***
Dealt to Mahu2021 [4h 3h]
susiexxx: calls 20
Mahu2021: checks 
*** FLOP *** [5h 2s Qs]
Mahu2021: checks 
susiexxx: checks 
*** TURN *** [5h 2s Qs] [5c]
Mahu2021: checks 
susiexxx: checks 
*** RIVER *** [5h 2s Qs 5c] [As]
Mahu2021: bets 80
susiexxx: calls 80
*** SHOW DOWN ***
Mahu2021: shows [4h 3h] (a straight, Ace to Five)
susiexxx: mucks hand 
Mahu2021 collected 240 from pot
*** SUMMARY ***
Total pot 240 | Rake 0 
Board [5h 2s Qs 5c As]
Seat 2: susiexxx (button) (small blind) mucked [Qh 4d]
Seat 3: Mahu2021 (big blind) showed [4h 3h] and won (240) with a straight, Ace to Five



PokerStars Hand #247475971568: Tournament #3681974833, $1.84+$0.16 USD Hold'em No Limit - Level III (20/40) - 2023/12/04 17:30:24 CET [2023/12/04 11:30:24 ET]
Table '3681974833 1' 3-max Seat #3 is the button
Seat 2: susiexxx (664 in chips) 
Seat 3: Mahu2021 (836 in chips) 
Mahu2021: posts small blind 20
susiexxx: posts big blind 40
*** HOLE CARDS ***
Dealt to Mahu2021 [Qd 6c]
Mahu2021: calls 20
susiexxx: checks 
*** FLOP *** [Kc Ad Qc]
susiexxx: checks 
Mahu2021: bets 40
susiexxx: folds 
Uncalled bet (40) returned to Mahu2021
Mahu2021 collected 80 from pot
Mahu2021: doesn't show hand 
*** SUMMARY ***
Total pot 80 | Rake 0 
Board [Kc Ad Qc]
Seat 2: susiexxx (big blind) folded on the Flop
Seat 3: Mahu2021 (button) (small blind) collected (80)



PokerStars Hand #247475974379: Tournament #3681974833, $1.84+$0.16 USD Hold'em No Limit - Level III (20/40) - 2023/12/04 17:30:35 CET [2023/12/04 11:30:35 ET]
Table '3681974833 1' 3-max Seat #2 is the button
Seat 2: susiexxx (624 in chips) 
Seat 3: Mahu2021 (876 in chips) 
susiexxx: posts small blind 20
Mahu2021: posts big blind 40
*** HOLE CARDS ***
Dealt to Mahu2021 [7h 3c]
susiexxx: calls 20
Mahu2021: checks 
*** FLOP *** [6h Ad 6d]
Mahu2021: checks 
susiexxx: checks 
*** TURN *** [6h Ad 6d] [Js]
Mahu2021: checks 
susiexxx: checks 
*** RIVER *** [6h Ad 6d Js] [8d]
Mahu2021: checks 
susiexxx: bets 40
Mahu2021: folds 
Uncalled bet (40) returned to susiexxx
susiexxx collected 80 from pot
susiexxx: doesn't show hand 
*** SUMMARY ***
Total pot 80 | Rake 0 
Board [6h Ad 6d Js 8d]
Seat 2: susiexxx (button) (small blind) collected (80)
Seat 3: Mahu2021 (big blind) folded on the River



PokerStars Hand #247475978085: Tournament #3681974833, $1.84+$0.16 USD Hold'em No Limit - Level III (20/40) - 2023/12/04 17:30:49 CET [2023/12/04 11:30:49 ET]
Table '3681974833 1' 3-max Seat #3 is the button
Seat 2: susiexxx (664 in chips) 
Seat 3: Mahu2021 (836 in chips) 
Mahu2021: posts small blind 20
susiexxx: posts big blind 40
*** HOLE CARDS ***
Dealt to Mahu2021 [Ts 7s]
Mahu2021: calls 20
susiexxx: raises 80 to 120
Mahu2021: folds 
Uncalled bet (80) returned to susiexxx
susiexxx collected 80 from pot
susiexxx: doesn't show hand 
*** SUMMARY ***
Total pot 80 | Rake 0 
Seat 2: susiexxx (big blind) collected (80)
Seat 3: Mahu2021 (button) (small blind) folded before Flop



PokerStars Hand #247475980158: Tournament #3681974833, $1.84+$0.16 USD Hold'em No Limit - Level III (20/40) - 2023/12/04 17:30:56 CET [2023/12/04 11:30:56 ET]
Table '3681974833 1' 3-max Seat #2 is the button
Seat 2: susiexxx (704 in chips) 
Seat 3: Mahu2021 (796 in chips) 
susiexxx: posts small blind 20
Mahu2021: posts big blind 40
*** HOLE CARDS ***
Dealt to Mahu2021 [Th 4s]
susiexxx: calls 20
Mahu2021: checks 
*** FLOP *** [5d 9s 5c]
Mahu2021: checks 
susiexxx: checks 
*** TURN *** [5d 9s 5c] [9c]
Mahu2021: checks 
susiexxx: checks 
*** RIVER *** [5d 9s 5c 9c] [As]
Mahu2021: checks 
susiexxx: checks 
*** SHOW DOWN ***
Mahu2021: shows [Th 4s] (two pair, Nines and Fives)
susiexxx: shows [8h Jh] (two pair, Nines and Fives)
Mahu2021 collected 40 from pot
susiexxx collected 40 from pot
*** SUMMARY ***
Total pot 80 | Rake 0 
Board [5d 9s 5c 9c As]
Seat 2: susiexxx (button) (small blind) showed [8h Jh] and won (40) with two pair, Nines and Fives
Seat 3: Mahu2021 (big blind) showed [Th 4s] and won (40) with two pair, Nines and Fives



PokerStars Hand #247475983484: Tournament #3681974833, $1.84+$0.16 USD Hold'em No Limit - Level III (20/40) - 2023/12/04 17:31:08 CET [2023/12/04 11:31:08 ET]
Table '3681974833 1' 3-max Seat #3 is the button
Seat 2: susiexxx (704 in chips) 
Seat 3: Mahu2021 (796 in chips) 
Mahu2021: posts small blind 20
susiexxx: posts big blind 40
*** HOLE CARDS ***
Dealt to Mahu2021 [5h 8d]
Mahu2021: folds 
Uncalled bet (20) returned to susiexxx
susiexxx collected 40 from pot
susiexxx: doesn't show hand 
*** SUMMARY ***
Total pot 40 | Rake 0 
Seat 2: susiexxx (big blind) collected (40)
Seat 3: Mahu2021 (button) (small blind) folded before Flop



PokerStars Hand #247475984657: Tournament #3681974833, $1.84+$0.16 USD Hold'em No Limit - Level III (20/40) - 2023/12/04 17:31:12 CET [2023/12/04 11:31:12 ET]
Table '3681974833 1' 3-max Seat #2 is the button
Seat 2: susiexxx (724 in chips) 
Seat 3: Mahu2021 (776 in chips) 
susiexxx: posts small blind 20
Mahu2021: posts big blind 40
*** HOLE CARDS ***
Dealt to Mahu2021 [7h Ks]
susiexxx: calls 20
Mahu2021: checks 
*** FLOP *** [4h 2h Ah]
Mahu2021: checks 
susiexxx: checks 
*** TURN *** [4h 2h Ah] [8s]
Mahu2021: checks 
susiexxx: checks 
*** RIVER *** [4h 2h Ah 8s] [3h]
Mahu2021: checks 
susiexxx: checks 
*** SHOW DOWN ***
Mahu2021: shows [7h Ks] (a flush, Ace high)
susiexxx: mucks hand 
Mahu2021 collected 80 from pot
*** SUMMARY ***
Total pot 80 | Rake 0 
Board [4h 2h Ah 8s 3h]
Seat 2: susiexxx (button) (small blind) mucked [Jc Qd]
Seat 3: Mahu2021 (big blind) showed [7h Ks] and won (80) with a flush, Ace high



PokerStars Hand #247475988552: Tournament #3681974833, $1.84+$0.16 USD Hold'em No Limit - Level III (20/40) - 2023/12/04 17:31:27 CET [2023/12/04 11:31:27 ET]
Table '3681974833 1' 3-max Seat #3 is the button
Seat 2: susiexxx (684 in chips) 
Seat 3: Mahu2021 (816 in chips) 
Mahu2021: posts small blind 20
susiexxx: posts big blind 40
*** HOLE CARDS ***
Dealt to Mahu2021 [5h Jd]
Mahu2021: calls 20
susiexxx: checks 
*** FLOP *** [Qs 6s 4s]
susiexxx: checks 
Mahu2021: bets 40
susiexxx: calls 40
*** TURN *** [Qs 6s 4s] [4h]
susiexxx: checks 
Mahu2021: checks 
*** RIVER *** [Qs 6s 4s 4h] [Ac]
susiexxx: checks 
Mahu2021: bets 120
susiexxx: folds 
Uncalled bet (120) returned to Mahu2021
Mahu2021 collected 160 from pot
Mahu2021: doesn't show hand 
*** SUMMARY ***
Total pot 160 | Rake 0 
Board [Qs 6s 4s 4h Ac]
Seat 2: susiexxx (big blind) folded on the River
Seat 3: Mahu2021 (button) (small blind) collected (160)



PokerStars Hand #247475993483: Tournament #3681974833, $1.84+$0.16 USD Hold'em No Limit - Level III (20/40) - 2023/12/04 17:31:45 CET [2023/12/04 11:31:45 ET]
Table '3681974833 1' 3-max Seat #2 is the button
Seat 2: susiexxx (604 in chips) 
Seat 3: Mahu2021 (896 in chips) 
susiexxx: posts small blind 20
Mahu2021: posts big blind 40
*** HOLE CARDS ***
Dealt to Mahu2021 [Qh Kh]
susiexxx: calls 20
Mahu2021: raises 80 to 120
susiexxx: folds 
Uncalled bet (80) returned to Mahu2021
Mahu2021 collected 80 from pot
Mahu2021: doesn't show hand 
*** SUMMARY ***
Total pot 80 | Rake 0 
Seat 2: susiexxx (button) (small blind) folded before Flop
Seat 3: Mahu2021 (big blind) collected (80)



PokerStars Hand #247475995365: Tournament #3681974833, $1.84+$0.16 USD Hold'em No Limit - Level III (20/40) - 2023/12/04 17:31:52 CET [2023/12/04 11:31:52 ET]
Table '3681974833 1' 3-max Seat #3 is the button
Seat 2: susiexxx (564 in chips) 
Seat 3: Mahu2021 (936 in chips) 
Mahu2021: posts small blind 20
susiexxx: posts big blind 40
*** HOLE CARDS ***
Dealt to Mahu2021 [9c 3d]
Mahu2021: folds 
Uncalled bet (20) returned to susiexxx
susiexxx collected 40 from pot
susiexxx: doesn't show hand 
*** SUMMARY ***
Total pot 40 | Rake 0 
Seat 2: susiexxx (big blind) collected (40)
Seat 3: Mahu2021 (button) (small blind) folded before Flop



PokerStars Hand #247475996570: Tournament #3681974833, $1.84+$0.16 USD Hold'em No Limit - Level III (20/40) - 2023/12/04 17:31:56 CET [2023/12/04 11:31:56 ET]
Table '3681974833 1' 3-max Seat #2 is the button
Seat 2: susiexxx (584 in chips) 
Seat 3: Mahu2021 (916 in chips) 
susiexxx: posts small blind 20
Mahu2021: posts big blind 40
*** HOLE CARDS ***
Dealt to Mahu2021 [6d Jc]
susiexxx: calls 20
Mahu2021: checks 
*** FLOP *** [9h 3c Ts]
Mahu2021: checks 
susiexxx: checks 
*** TURN *** [9h 3c Ts] [3s]
Mahu2021: checks 
susiexxx: checks 
*** RIVER *** [9h 3c Ts 3s] [7h]
Mahu2021: checks 
susiexxx: checks 
*** SHOW DOWN ***
Mahu2021: shows [6d Jc] (a pair of Threes)
susiexxx: shows [Qs 6h] (a pair of Threes - Queen kicker)
susiexxx collected 80 from pot
*** SUMMARY ***
Total pot 80 | Rake 0 
Board [9h 3c Ts 3s 7h]
Seat 2: susiexxx (button) (small blind) showed [Qs 6h] and won (80) with a pair of Threes
Seat 3: Mahu2021 (big blind) showed [6d Jc] and lost with a pair of Threes



PokerStars Hand #247476000236: Tournament #3681974833, $1.84+$0.16 USD Hold'em No Limit - Level III (20/40) - 2023/12/04 17:32:10 CET [2023/12/04 11:32:10 ET]
Table '3681974833 1' 3-max Seat #3 is the button
Seat 2: susiexxx (624 in chips) 
Seat 3: Mahu2021 (876 in chips) 
Mahu2021: posts small blind 20
susiexxx: posts big blind 40
*** HOLE CARDS ***
Dealt to Mahu2021 [8d Qh]
Mahu2021: calls 20
susiexxx: checks 
*** FLOP *** [As 6h 3s]
susiexxx: checks 
Mahu2021: bets 40
susiexxx: folds 
Uncalled bet (40) returned to Mahu2021
Mahu2021 collected 80 from pot
Mahu2021: doesn't show hand 
*** SUMMARY ***
Total pot 80 | Rake 0 
Board [As 6h 3s]
Seat 2: susiexxx (big blind) folded on the Flop
Seat 3: Mahu2021 (button) (small blind) collected (80)



PokerStars Hand #247476004138: Tournament #3681974833, $1.84+$0.16 USD Hold'em No Limit - Level III (20/40) - 2023/12/04 17:32:24 CET [2023/12/04 11:32:24 ET]
Table '3681974833 1' 3-max Seat #2 is the button
Seat 2: susiexxx (584 in chips) 
Seat 3: Mahu2021 (916 in chips) 
susiexxx: posts small blind 20
Mahu2021: posts big blind 40
*** HOLE CARDS ***
Dealt to Mahu2021 [Ac 4c]
susiexxx: calls 20
Mahu2021: raises 80 to 120
susiexxx: folds 
Uncalled bet (80) returned to Mahu2021
Mahu2021 collected 80 from pot
Mahu2021: doesn't show hand 
*** SUMMARY ***
Total pot 80 | Rake 0 
Seat 2: susiexxx (button) (small blind) folded before Flop
Seat 3: Mahu2021 (big blind) collected (80)



PokerStars Hand #247476006875: Tournament #3681974833, $1.84+$0.16 USD Hold'em No Limit - Level IV (30/60) - 2023/12/04 17:32:34 CET [2023/12/04 11:32:34 ET]
Table '3681974833 1' 3-max Seat #3 is the button
Seat 2: susiexxx (544 in chips) 
Seat 3: Mahu2021 (956 in chips) 
Mahu2021: posts small blind 30
susiexxx: posts big blind 60
*** HOLE CARDS ***
Dealt to Mahu2021 [Qc Qs]
Mahu2021: raises 120 to 180
susiexxx: folds 
Uncalled bet (120) returned to Mahu2021
Mahu2021 collected 120 from pot
Mahu2021: doesn't show hand 
*** SUMMARY ***
Total pot 120 | Rake 0 
Seat 2: susiexxx (big blind) folded before Flop
Seat 3: Mahu2021 (button) (small blind) collected (120)



PokerStars Hand #247476008747: Tournament #3681974833, $1.84+$0.16 USD Hold'em No Limit - Level IV (30/60) - 2023/12/04 17:32:41 CET [2023/12/04 11:32:41 ET]
Table '3681974833 1' 3-max Seat #2 is the button
Seat 2: susiexxx (484 in chips) 
Seat 3: Mahu2021 (1016 in chips) 
susiexxx: posts small blind 30
Mahu2021: posts big blind 60
*** HOLE CARDS ***
Dealt to Mahu2021 [Jh 5h]
susiexxx: calls 30
Mahu2021: checks 
*** FLOP *** [6d 3d Kh]
Mahu2021: checks 
susiexxx: bets 60
Mahu2021: folds 
Uncalled bet (60) returned to susiexxx
susiexxx collected 120 from pot
susiexxx: doesn't show hand 
*** SUMMARY ***
Total pot 120 | Rake 0 
Board [6d 3d Kh]
Seat 2: susiexxx (button) (small blind) collected (120)
Seat 3: Mahu2021 (big blind) folded on the Flop



PokerStars Hand #247476011493: Tournament #3681974833, $1.84+$0.16 USD Hold'em No Limit - Level IV (30/60) - 2023/12/04 17:32:51 CET [2023/12/04 11:32:51 ET]
Table '3681974833 1' 3-max Seat #3 is the button
Seat 2: susiexxx (544 in chips) 
Seat 3: Mahu2021 (956 in chips) 
Mahu2021: posts small blind 30
susiexxx: posts big blind 60
*** HOLE CARDS ***
Dealt to Mahu2021 [Jd Js]
Mahu2021: raises 120 to 180
susiexxx: calls 120
*** FLOP *** [Th Jc 7h]
susiexxx: checks 
Mahu2021: bets 120
susiexxx: folds 
Uncalled bet (120) returned to Mahu2021
Mahu2021 collected 360 from pot
Mahu2021: doesn't show hand 
*** SUMMARY ***
Total pot 360 | Rake 0 
Board [Th Jc 7h]
Seat 2: susiexxx (big blind) folded on the Flop
Seat 3: Mahu2021 (button) (small blind) collected (360)



PokerStars Hand #247476015403: Tournament #3681974833, $1.84+$0.16 USD Hold'em No Limit - Level IV (30/60) - 2023/12/04 17:33:05 CET [2023/12/04 11:33:05 ET]
Table '3681974833 1' 3-max Seat #2 is the button
Seat 2: susiexxx (364 in chips) 
Seat 3: Mahu2021 (1136 in chips) 
susiexxx: posts small blind 30
Mahu2021: posts big blind 60
*** HOLE CARDS ***
Dealt to Mahu2021 [3h 7d]
susiexxx: raises 60 to 120
Mahu2021: folds 
Uncalled bet (60) returned to susiexxx
susiexxx collected 120 from pot
susiexxx: doesn't show hand 
*** SUMMARY ***
Total pot 120 | Rake 0 
Seat 2: susiexxx (button) (small blind) collected (120)
Seat 3: Mahu2021 (big blind) folded before Flop



PokerStars Hand #247476017114: Tournament #3681974833, $1.84+$0.16 USD Hold'em No Limit - Level IV (30/60) - 2023/12/04 17:33:12 CET [2023/12/04 11:33:12 ET]
Table '3681974833 1' 3-max Seat #3 is the button
Seat 2: susiexxx (424 in chips) 
Seat 3: Mahu2021 (1076 in chips) 
Mahu2021: posts small blind 30
susiexxx: posts big blind 60
*** HOLE CARDS ***
Dealt to Mahu2021 [Th Kh]
Mahu2021: raises 120 to 180
susiexxx: calls 120
*** FLOP *** [8d 8h Ks]
susiexxx: checks 
Mahu2021: bets 60
susiexxx: folds 
Uncalled bet (60) returned to Mahu2021
Mahu2021 collected 360 from pot
Mahu2021: doesn't show hand 
*** SUMMARY ***
Total pot 360 | Rake 0 
Board [8d 8h Ks]
Seat 2: susiexxx (big blind) folded on the Flop
Seat 3: Mahu2021 (button) (small blind) collected (360)



PokerStars Hand #247476020771: Tournament #3681974833, $1.84+$0.16 USD Hold'em No Limit - Level IV (30/60) - 2023/12/04 17:33:25 CET [2023/12/04 11:33:25 ET]
Table '3681974833 1' 3-max Seat #2 is the button
Seat 2: susiexxx (244 in chips) 
Seat 3: Mahu2021 (1256 in chips) 
susiexxx: posts small blind 30
Mahu2021: posts big blind 60
*** HOLE CARDS ***
Dealt to Mahu2021 [Qh 2s]
susiexxx: folds 
Uncalled bet (30) returned to Mahu2021
Mahu2021 collected 60 from pot
Mahu2021: doesn't show hand 
*** SUMMARY ***
Total pot 60 | Rake 0 
Seat 2: susiexxx (button) (small blind) folded before Flop
Seat 3: Mahu2021 (big blind) collected (60)



PokerStars Hand #247476021948: Tournament #3681974833, $1.84+$0.16 USD Hold'em No Limit - Level IV (30/60) - 2023/12/04 17:33:30 CET [2023/12/04 11:33:30 ET]
Table '3681974833 1' 3-max Seat #3 is the button
Seat 2: susiexxx (214 in chips) 
Seat 3: Mahu2021 (1286 in chips) 
Mahu2021: posts small blind 30
susiexxx: posts big blind 60
*** HOLE CARDS ***
Dealt to Mahu2021 [4c Ad]
Mahu2021: raises 1226 to 1286 and is all-in
susiexxx: calls 154 and is all-in
Uncalled bet (1072) returned to Mahu2021
*** FLOP *** [Qd Ts Qh]
*** TURN *** [Qd Ts Qh] [Ks]
*** RIVER *** [Qd Ts Qh Ks] [7s]
*** SHOW DOWN ***
susiexxx: shows [Jh 9d] (a straight, Nine to King)
Mahu2021: shows [4c Ad] (a pair of Queens)
susiexxx collected 428 from pot
*** SUMMARY ***
Total pot 428 | Rake 0 
Board [Qd Ts Qh Ks 7s]
Seat 2: susiexxx (big blind) showed [Jh 9d] and won (428) with a straight, Nine to King
Seat 3: Mahu2021 (button) (small blind) showed [4c Ad] and lost with a pair of Queens



PokerStars Hand #247476025301: Tournament #3681974833, $1.84+$0.16 USD Hold'em No Limit - Level IV (30/60) - 2023/12/04 17:33:42 CET [2023/12/04 11:33:42 ET]
Table '3681974833 1' 3-max Seat #2 is the button
Seat 2: susiexxx (428 in chips) 
Seat 3: Mahu2021 (1072 in chips) 
susiexxx: posts small blind 30
Mahu2021: posts big blind 60
*** HOLE CARDS ***
Dealt to Mahu2021 [5c 3h]
susiexxx: calls 30
Mahu2021: checks 
*** FLOP *** [9s 4c 7h]
Mahu2021: checks 
susiexxx: checks 
*** TURN *** [9s 4c 7h] [8s]
Mahu2021: bets 60
susiexxx: folds 
Uncalled bet (60) returned to Mahu2021
Mahu2021 collected 120 from pot
Mahu2021: doesn't show hand 
*** SUMMARY ***
Total pot 120 | Rake 0 
Board [9s 4c 7h 8s]
Seat 2: susiexxx (button) (small blind) folded on the Turn
Seat 3: Mahu2021 (big blind) collected (120)



PokerStars Hand #247476028331: Tournament #3681974833, $1.84+$0.16 USD Hold'em No Limit - Level IV (30/60) - 2023/12/04 17:33:53 CET [2023/12/04 11:33:53 ET]
Table '3681974833 1' 3-max Seat #3 is the button
Seat 2: susiexxx (368 in chips) 
Seat 3: Mahu2021 (1132 in chips) 
Mahu2021: posts small blind 30
susiexxx: posts big blind 60
*** HOLE CARDS ***
Dealt to Mahu2021 [5h Tc]
Mahu2021: folds 
Uncalled bet (30) returned to susiexxx
susiexxx collected 60 from pot
susiexxx: doesn't show hand 
*** SUMMARY ***
Total pot 60 | Rake 0 
Seat 2: susiexxx (big blind) collected (60)
Seat 3: Mahu2021 (button) (small blind) folded before Flop



PokerStars Hand #247476029472: Tournament #3681974833, $1.84+$0.16 USD Hold'em No Limit - Level IV (30/60) - 2023/12/04 17:33:57 CET [2023/12/04 11:33:57 ET]
Table '3681974833 1' 3-max Seat #2 is the button
Seat 2: susiexxx (398 in chips) 
Seat 3: Mahu2021 (1102 in chips) 
susiexxx: posts small blind 30
Mahu2021: posts big blind 60
*** HOLE CARDS ***
Dealt to Mahu2021 [3c Ac]
susiexxx: calls 30
Mahu2021: raises 1042 to 1102 and is all-in
susiexxx: folds 
Uncalled bet (1042) returned to Mahu2021
Mahu2021 collected 120 from pot
Mahu2021: doesn't show hand 
*** SUMMARY ***
Total pot 120 | Rake 0 
Seat 2: susiexxx (button) (small blind) folded before Flop
Seat 3: Mahu2021 (big blind) collected (120)



PokerStars Hand #247476031514: Tournament #3681974833, $1.84+$0.16 USD Hold'em No Limit - Level IV (30/60) - 2023/12/04 17:34:05 CET [2023/12/04 11:34:05 ET]
Table '3681974833 1' 3-max Seat #3 is the button
Seat 2: susiexxx (338 in chips) 
Seat 3: Mahu2021 (1162 in chips) 
Mahu2021: posts small blind 30
susiexxx: posts big blind 60
*** HOLE CARDS ***
Dealt to Mahu2021 [Qc Kc]
Mahu2021: raises 120 to 180
susiexxx: raises 158 to 338 and is all-in
Mahu2021: calls 158
*** FLOP *** [6s 8h 8c]
*** TURN *** [6s 8h 8c] [Kd]
*** RIVER *** [6s 8h 8c Kd] [5d]
*** SHOW DOWN ***
susiexxx: shows [As Tc] (a pair of Eights)
Mahu2021: shows [Qc Kc] (two pair, Kings and Eights)
Mahu2021 collected 676 from pot
susiexxx finished the tournament in 2nd place
Mahu2021 wins the tournament and receives $6.00 - congratulations!
*** SUMMARY ***
Total pot 676 | Rake 0 
Board [6s 8h 8c Kd 5d]
Seat 2: susiexxx (big blind) showed [As Tc] and lost with a pair of Eights
Seat 3: Mahu2021 (button) (small blind) showed [Qc Kc] and won (676) with two pair, Kings and Eights



