PokerStars Hand #248146414900: Tournament #3698014479, $1.84+$0.16 USD Hold'em No Limit - Level I (10/20) - 2024/01/08 18:35:43 CET [2024/01/08 12:35:43 ET]
Table '3698014479 1' 3-max Seat #1 is the button
Seat 1: Patsy1997 (500 in chips) 
Seat 2: BlariKing (500 in chips) 
Seat 3: Mahu2021 (500 in chips) 
BlariKing: posts small blind 10
Mahu2021: posts big blind 20
*** HOLE CARDS ***
Dealt to Mahu2021 [Qh 2c]
Patsy1997: folds 
BlariKing: calls 10
Mahu2021: checks 
*** FLOP *** [Td 8s 7h]
BlariKing: bets 20
Mahu2021: folds 
Uncalled bet (20) returned to BlariKing
BlariKing collected 40 from pot
BlariKing: doesn't show hand 
*** SUMMARY ***
Total pot 40 | Rake 0 
Board [Td 8s 7h]
Seat 1: Patsy1997 (button) folded before Flop (didn't bet)
Seat 2: BlariKing (small blind) collected (40)
Seat 3: Mahu2021 (big blind) folded on the Flop



PokerStars Hand #248146419789: Tournament #3698014479, $1.84+$0.16 USD Hold'em No Limit - Level I (10/20) - 2024/01/08 18:35:57 CET [2024/01/08 12:35:57 ET]
Table '3698014479 1' 3-max Seat #2 is the button
Seat 1: Patsy1997 (500 in chips) 
Seat 2: BlariKing (520 in chips) 
Seat 3: Mahu2021 (480 in chips) 
Mahu2021: posts small blind 10
Patsy1997: posts big blind 20
*** HOLE CARDS ***
Dealt to Mahu2021 [6s 8s]
BlariKing: calls 20
Mahu2021: calls 10
Patsy1997: checks 
*** FLOP *** [5s 2h 6h]
Mahu2021: bets 20
Patsy1997: calls 20
BlariKing: calls 20
*** TURN *** [5s 2h 6h] [7d]
Mahu2021: bets 20
Patsy1997: calls 20
BlariKing: calls 20
*** RIVER *** [5s 2h 6h 7d] [Kh]
Mahu2021: checks 
Patsy1997: checks 
BlariKing: checks 
*** SHOW DOWN ***
Mahu2021: shows [6s 8s] (a pair of Sixes)
Patsy1997: mucks hand 
BlariKing: mucks hand 
Mahu2021 collected 180 from pot
*** SUMMARY ***
Total pot 180 | Rake 0 
Board [5s 2h 6h 7d Kh]
Seat 1: Patsy1997 (big blind) mucked [8d 5h]
Seat 2: BlariKing (button) mucked [4s Ah]
Seat 3: Mahu2021 (small blind) showed [6s 8s] and won (180) with a pair of Sixes



PokerStars Hand #248146429591: Tournament #3698014479, $1.84+$0.16 USD Hold'em No Limit - Level I (10/20) - 2024/01/08 18:36:26 CET [2024/01/08 12:36:26 ET]
Table '3698014479 1' 3-max Seat #3 is the button
Seat 1: Patsy1997 (440 in chips) 
Seat 2: BlariKing (460 in chips) 
Seat 3: Mahu2021 (600 in chips) 
Patsy1997: posts small blind 10
BlariKing: posts big blind 20
*** HOLE CARDS ***
Dealt to Mahu2021 [7c Qd]
Mahu2021: folds 
Patsy1997: raises 20 to 40
BlariKing: calls 20
*** FLOP *** [8h 3s 9s]
Patsy1997: checks 
BlariKing: bets 20
Patsy1997: folds 
Uncalled bet (20) returned to BlariKing
BlariKing collected 80 from pot
BlariKing: doesn't show hand 
*** SUMMARY ***
Total pot 80 | Rake 0 
Board [8h 3s 9s]
Seat 1: Patsy1997 (small blind) folded on the Flop
Seat 2: BlariKing (big blind) collected (80)
Seat 3: Mahu2021 (button) folded before Flop (didn't bet)



PokerStars Hand #248146435203: Tournament #3698014479, $1.84+$0.16 USD Hold'em No Limit - Level I (10/20) - 2024/01/08 18:36:42 CET [2024/01/08 12:36:42 ET]
Table '3698014479 1' 3-max Seat #1 is the button
Seat 1: Patsy1997 (400 in chips) 
Seat 2: BlariKing (500 in chips) 
Seat 3: Mahu2021 (600 in chips) 
BlariKing: posts small blind 10
Mahu2021: posts big blind 20
*** HOLE CARDS ***
Dealt to Mahu2021 [7c 5c]
Patsy1997: folds 
BlariKing: raises 20 to 40
Mahu2021: calls 20
*** FLOP *** [9h 8s 3c]
BlariKing: checks 
Mahu2021: checks 
*** TURN *** [9h 8s 3c] [6h]
BlariKing: bets 20
Mahu2021: raises 20 to 40
BlariKing: calls 20
*** RIVER *** [9h 8s 3c 6h] [3d]
BlariKing: checks 
Mahu2021: bets 40
BlariKing: folds 
Uncalled bet (40) returned to Mahu2021
Mahu2021 collected 160 from pot
Mahu2021: doesn't show hand 
*** SUMMARY ***
Total pot 160 | Rake 0 
Board [9h 8s 3c 6h 3d]
Seat 1: Patsy1997 (button) folded before Flop (didn't bet)
Seat 2: BlariKing (small blind) folded on the River
Seat 3: Mahu2021 (big blind) collected (160)



PokerStars Hand #248146448201: Tournament #3698014479, $1.84+$0.16 USD Hold'em No Limit - Level I (10/20) - 2024/01/08 18:37:19 CET [2024/01/08 12:37:19 ET]
Table '3698014479 1' 3-max Seat #2 is the button
Seat 1: Patsy1997 (400 in chips) 
Seat 2: BlariKing (420 in chips) 
Seat 3: Mahu2021 (680 in chips) 
Mahu2021: posts small blind 10
Patsy1997: posts big blind 20
*** HOLE CARDS ***
Dealt to Mahu2021 [4s 4h]
BlariKing: calls 20
Mahu2021: calls 10
Patsy1997: raises 380 to 400 and is all-in
BlariKing: folds 
Mahu2021: folds 
Uncalled bet (380) returned to Patsy1997
Patsy1997 collected 60 from pot
*** SUMMARY ***
Total pot 60 | Rake 0 
Seat 1: Patsy1997 (big blind) collected (60)
Seat 2: BlariKing (button) folded before Flop
Seat 3: Mahu2021 (small blind) folded before Flop



PokerStars Hand #248146452740: Tournament #3698014479, $1.84+$0.16 USD Hold'em No Limit - Level I (10/20) - 2024/01/08 18:37:33 CET [2024/01/08 12:37:33 ET]
Table '3698014479 1' 3-max Seat #3 is the button
Seat 1: Patsy1997 (440 in chips) 
Seat 2: BlariKing (400 in chips) 
Seat 3: Mahu2021 (660 in chips) 
Patsy1997: posts small blind 10
BlariKing: posts big blind 20
*** HOLE CARDS ***
Dealt to Mahu2021 [9c 8h]
Mahu2021: folds 
Patsy1997: raises 20 to 40
BlariKing: calls 20
*** FLOP *** [Kc 5s 6s]
Patsy1997: checks 
BlariKing: checks 
*** TURN *** [Kc 5s 6s] [7s]
Patsy1997: bets 40
BlariKing: folds 
Uncalled bet (40) returned to Patsy1997
Patsy1997 collected 80 from pot
*** SUMMARY ***
Total pot 80 | Rake 0 
Board [Kc 5s 6s 7s]
Seat 1: Patsy1997 (small blind) collected (80)
Seat 2: BlariKing (big blind) folded on the Turn
Seat 3: Mahu2021 (button) folded before Flop (didn't bet)



PokerStars Hand #248146458706: Tournament #3698014479, $1.84+$0.16 USD Hold'em No Limit - Level I (10/20) - 2024/01/08 18:37:50 CET [2024/01/08 12:37:50 ET]
Table '3698014479 1' 3-max Seat #1 is the button
Seat 1: Patsy1997 (480 in chips) 
Seat 2: BlariKing (360 in chips) 
Seat 3: Mahu2021 (660 in chips) 
BlariKing: posts small blind 10
Mahu2021: posts big blind 20
*** HOLE CARDS ***
Dealt to Mahu2021 [5d Qs]
Patsy1997: folds 
BlariKing: calls 10
Mahu2021: checks 
*** FLOP *** [9c Th 2s]
BlariKing: checks 
Mahu2021: checks 
*** TURN *** [9c Th 2s] [Kh]
BlariKing: checks 
Mahu2021: bets 20
BlariKing: folds 
Uncalled bet (20) returned to Mahu2021
Mahu2021 collected 40 from pot
Mahu2021: doesn't show hand 
*** SUMMARY ***
Total pot 40 | Rake 0 
Board [9c Th 2s Kh]
Seat 1: Patsy1997 (button) folded before Flop (didn't bet)
Seat 2: BlariKing (small blind) folded on the Turn
Seat 3: Mahu2021 (big blind) collected (40)



PokerStars Hand #248146463288: Tournament #3698014479, $1.84+$0.16 USD Hold'em No Limit - Level I (10/20) - 2024/01/08 18:38:03 CET [2024/01/08 12:38:03 ET]
Table '3698014479 1' 3-max Seat #2 is the button
Seat 1: Patsy1997 (480 in chips) 
Seat 2: BlariKing (340 in chips) 
Seat 3: Mahu2021 (680 in chips) 
Mahu2021: posts small blind 10
Patsy1997: posts big blind 20
*** HOLE CARDS ***
Dealt to Mahu2021 [Ad Th]
BlariKing: raises 20 to 40
Mahu2021: calls 30
Patsy1997: folds 
*** FLOP *** [Kc 5h 4c]
Mahu2021: checks 
BlariKing: bets 20
Mahu2021: calls 20
*** TURN *** [Kc 5h 4c] [2h]
Mahu2021: checks 
BlariKing: bets 70
Mahu2021: calls 70
*** RIVER *** [Kc 5h 4c 2h] [8c]
Mahu2021: checks 
BlariKing: checks 
*** SHOW DOWN ***
Mahu2021: shows [Ad Th] (high card Ace)
BlariKing: shows [Ac Qd] (high card Ace - King+Queen kicker)
BlariKing collected 280 from pot
*** SUMMARY ***
Total pot 280 | Rake 0 
Board [Kc 5h 4c 2h 8c]
Seat 1: Patsy1997 (big blind) folded before Flop
Seat 2: BlariKing (button) showed [Ac Qd] and won (280) with high card Ace
Seat 3: Mahu2021 (small blind) showed [Ad Th] and lost with high card Ace



PokerStars Hand #248146471285: Tournament #3698014479, $1.84+$0.16 USD Hold'em No Limit - Level I (10/20) - 2024/01/08 18:38:26 CET [2024/01/08 12:38:26 ET]
Table '3698014479 1' 3-max Seat #3 is the button
Seat 1: Patsy1997 (460 in chips) 
Seat 2: BlariKing (490 in chips) 
Seat 3: Mahu2021 (550 in chips) 
Patsy1997: posts small blind 10
BlariKing: posts big blind 20
*** HOLE CARDS ***
Dealt to Mahu2021 [Kc 4h]
Mahu2021: folds 
Patsy1997: folds 
Uncalled bet (10) returned to BlariKing
BlariKing collected 20 from pot
BlariKing: doesn't show hand 
*** SUMMARY ***
Total pot 20 | Rake 0 
Seat 1: Patsy1997 (small blind) folded before Flop
Seat 2: BlariKing (big blind) collected (20)
Seat 3: Mahu2021 (button) folded before Flop (didn't bet)



PokerStars Hand #248146473233: Tournament #3698014479, $1.84+$0.16 USD Hold'em No Limit - Level I (10/20) - 2024/01/08 18:38:32 CET [2024/01/08 12:38:32 ET]
Table '3698014479 1' 3-max Seat #1 is the button
Seat 1: Patsy1997 (450 in chips) 
Seat 2: BlariKing (500 in chips) 
Seat 3: Mahu2021 (550 in chips) 
BlariKing: posts small blind 10
Mahu2021: posts big blind 20
*** HOLE CARDS ***
Dealt to Mahu2021 [4s 7s]
Patsy1997: raises 20 to 40
BlariKing: calls 30
Mahu2021: calls 20
*** FLOP *** [Th 6c Jc]
BlariKing: checks 
Mahu2021: checks 
Patsy1997: checks 
*** TURN *** [Th 6c Jc] [5c]
BlariKing: checks 
Mahu2021: checks 
Patsy1997: checks 
*** RIVER *** [Th 6c Jc 5c] [8h]
BlariKing: checks 
Mahu2021: bets 120
Patsy1997: folds 
BlariKing: folds 
Uncalled bet (120) returned to Mahu2021
Mahu2021 collected 120 from pot
Mahu2021: doesn't show hand 
*** SUMMARY ***
Total pot 120 | Rake 0 
Board [Th 6c Jc 5c 8h]
Seat 1: Patsy1997 (button) folded on the River
Seat 2: BlariKing (small blind) folded on the River
Seat 3: Mahu2021 (big blind) collected (120)



PokerStars Hand #248146482770: Tournament #3698014479, $1.84+$0.16 USD Hold'em No Limit - Level II (15/30) - 2024/01/08 18:39:00 CET [2024/01/08 12:39:00 ET]
Table '3698014479 1' 3-max Seat #2 is the button
Seat 1: Patsy1997 (410 in chips) 
Seat 2: BlariKing (460 in chips) 
Seat 3: Mahu2021 (630 in chips) 
Mahu2021: posts small blind 15
Patsy1997: posts big blind 30
*** HOLE CARDS ***
Dealt to Mahu2021 [As 6h]
BlariKing: raises 30 to 60
Mahu2021: calls 45
Patsy1997: calls 30
*** FLOP *** [Qd Tc 5c]
Mahu2021: checks 
Patsy1997: checks 
BlariKing: bets 90
Mahu2021: folds 
Patsy1997: calls 90
*** TURN *** [Qd Tc 5c] [6s]
Patsy1997: checks 
BlariKing: checks 
*** RIVER *** [Qd Tc 5c 6s] [Js]
Patsy1997: bets 90
BlariKing: calls 90
*** SHOW DOWN ***
Patsy1997: shows [3h Qs] (a pair of Queens)
BlariKing: mucks hand 
Patsy1997 collected 540 from pot
*** SUMMARY ***
Total pot 540 | Rake 0 
Board [Qd Tc 5c 6s Js]
Seat 1: Patsy1997 (big blind) showed [3h Qs] and won (540) with a pair of Queens
Seat 2: BlariKing (button) mucked [Jd Kd]
Seat 3: Mahu2021 (small blind) folded on the Flop



PokerStars Hand #248146492508: Tournament #3698014479, $1.84+$0.16 USD Hold'em No Limit - Level II (15/30) - 2024/01/08 18:39:28 CET [2024/01/08 12:39:28 ET]
Table '3698014479 1' 3-max Seat #3 is the button
Seat 1: Patsy1997 (710 in chips) 
Seat 2: BlariKing (220 in chips) 
Seat 3: Mahu2021 (570 in chips) 
Patsy1997: posts small blind 15
BlariKing: posts big blind 30
*** HOLE CARDS ***
Dealt to Mahu2021 [Tc 6d]
Mahu2021: folds 
Patsy1997: folds 
Uncalled bet (15) returned to BlariKing
BlariKing collected 30 from pot
BlariKing: doesn't show hand 
*** SUMMARY ***
Total pot 30 | Rake 0 
Seat 1: Patsy1997 (small blind) folded before Flop
Seat 2: BlariKing (big blind) collected (30)
Seat 3: Mahu2021 (button) folded before Flop (didn't bet)



PokerStars Hand #248146495104: Tournament #3698014479, $1.84+$0.16 USD Hold'em No Limit - Level II (15/30) - 2024/01/08 18:39:35 CET [2024/01/08 12:39:35 ET]
Table '3698014479 1' 3-max Seat #1 is the button
Seat 1: Patsy1997 (695 in chips) 
Seat 2: BlariKing (235 in chips) 
Seat 3: Mahu2021 (570 in chips) 
BlariKing: posts small blind 15
Mahu2021: posts big blind 30
*** HOLE CARDS ***
Dealt to Mahu2021 [4s 7h]
Patsy1997: raises 30 to 60
BlariKing: raises 30 to 90
Mahu2021: folds 
Patsy1997: calls 30
*** FLOP *** [6s Js Qs]
BlariKing: checks 
Patsy1997: checks 
*** TURN *** [6s Js Qs] [5h]
BlariKing: checks 
Patsy1997: bets 30
BlariKing: calls 30
*** RIVER *** [6s Js Qs 5h] [4c]
BlariKing: checks 
Patsy1997: bets 90
BlariKing: folds 
Uncalled bet (90) returned to Patsy1997
Patsy1997 collected 270 from pot
*** SUMMARY ***
Total pot 270 | Rake 0 
Board [6s Js Qs 5h 4c]
Seat 1: Patsy1997 (button) collected (270)
Seat 2: BlariKing (small blind) folded on the River
Seat 3: Mahu2021 (big blind) folded before Flop



PokerStars Hand #248146505918: Tournament #3698014479, $1.84+$0.16 USD Hold'em No Limit - Level II (15/30) - 2024/01/08 18:40:07 CET [2024/01/08 12:40:07 ET]
Table '3698014479 1' 3-max Seat #2 is the button
Seat 1: Patsy1997 (845 in chips) 
Seat 2: BlariKing (115 in chips) 
Seat 3: Mahu2021 (540 in chips) 
Mahu2021: posts small blind 15
Patsy1997: posts big blind 30
*** HOLE CARDS ***
Dealt to Mahu2021 [4c Kd]
BlariKing: raises 30 to 60
Mahu2021: folds 
Patsy1997: raises 60 to 120
BlariKing: calls 55 and is all-in
Uncalled bet (5) returned to Patsy1997
*** FLOP *** [7d 5s Ad]
*** TURN *** [7d 5s Ad] [9s]
*** RIVER *** [7d 5s Ad 9s] [Ah]
*** SHOW DOWN ***
Patsy1997: shows [Jc As] (three of a kind, Aces)
BlariKing: shows [4d Tc] (a pair of Aces)
Patsy1997 collected 245 from pot
BlariKing finished the tournament in 3rd place
*** SUMMARY ***
Total pot 245 | Rake 0 
Board [7d 5s Ad 9s Ah]
Seat 1: Patsy1997 (big blind) showed [Jc As] and won (245) with three of a kind, Aces
Seat 2: BlariKing (button) showed [4d Tc] and lost with a pair of Aces
Seat 3: Mahu2021 (small blind) folded before Flop



PokerStars Hand #248146513900: Tournament #3698014479, $1.84+$0.16 USD Hold'em No Limit - Level II (15/30) - 2024/01/08 18:40:29 CET [2024/01/08 12:40:29 ET]
Table '3698014479 1' 3-max Seat #1 is the button
Seat 1: Patsy1997 (975 in chips) 
Seat 3: Mahu2021 (525 in chips) 
Patsy1997: posts small blind 15
Mahu2021: posts big blind 30
*** HOLE CARDS ***
Dealt to Mahu2021 [Kc 9s]
Patsy1997: folds 
Uncalled bet (15) returned to Mahu2021
Mahu2021 collected 30 from pot
Mahu2021: doesn't show hand 
*** SUMMARY ***
Total pot 30 | Rake 0 
Seat 1: Patsy1997 (button) (small blind) folded before Flop
Seat 3: Mahu2021 (big blind) collected (30)



PokerStars Hand #248146515468: Tournament #3698014479, $1.84+$0.16 USD Hold'em No Limit - Level II (15/30) - 2024/01/08 18:40:34 CET [2024/01/08 12:40:34 ET]
Table '3698014479 1' 3-max Seat #3 is the button
Seat 1: Patsy1997 (960 in chips) 
Seat 3: Mahu2021 (540 in chips) 
Mahu2021: posts small blind 15
Patsy1997: posts big blind 30
*** HOLE CARDS ***
Dealt to Mahu2021 [6s 3h]
Mahu2021: calls 15
Patsy1997: raises 60 to 90
Mahu2021: folds 
Uncalled bet (60) returned to Patsy1997
Patsy1997 collected 60 from pot
*** SUMMARY ***
Total pot 60 | Rake 0 
Seat 1: Patsy1997 (big blind) collected (60)
Seat 3: Mahu2021 (button) (small blind) folded before Flop



PokerStars Hand #248146518177: Tournament #3698014479, $1.84+$0.16 USD Hold'em No Limit - Level II (15/30) - 2024/01/08 18:40:42 CET [2024/01/08 12:40:42 ET]
Table '3698014479 1' 3-max Seat #1 is the button
Seat 1: Patsy1997 (990 in chips) 
Seat 3: Mahu2021 (510 in chips) 
Patsy1997: posts small blind 15
Mahu2021: posts big blind 30
*** HOLE CARDS ***
Dealt to Mahu2021 [8d 5h]
Patsy1997: calls 15
Mahu2021: checks 
*** FLOP *** [Ks 6s Kc]
Mahu2021: checks 
Patsy1997: checks 
*** TURN *** [Ks 6s Kc] [6c]
Mahu2021: checks 
Patsy1997: checks 
*** RIVER *** [Ks 6s Kc 6c] [7s]
Mahu2021: checks 
Patsy1997: checks 
*** SHOW DOWN ***
Mahu2021: shows [8d 5h] (two pair, Kings and Sixes)
Patsy1997: shows [Ts Jc] (two pair, Kings and Sixes - Jack kicker)
Patsy1997 collected 60 from pot
*** SUMMARY ***
Total pot 60 | Rake 0 
Board [Ks 6s Kc 6c 7s]
Seat 1: Patsy1997 (button) (small blind) showed [Ts Jc] and won (60) with two pair, Kings and Sixes
Seat 3: Mahu2021 (big blind) showed [8d 5h] and lost with two pair, Kings and Sixes



PokerStars Hand #248146522495: Tournament #3698014479, $1.84+$0.16 USD Hold'em No Limit - Level II (15/30) - 2024/01/08 18:40:54 CET [2024/01/08 12:40:54 ET]
Table '3698014479 1' 3-max Seat #3 is the button
Seat 1: Patsy1997 (1020 in chips) 
Seat 3: Mahu2021 (480 in chips) 
Mahu2021: posts small blind 15
Patsy1997: posts big blind 30
*** HOLE CARDS ***
Dealt to Mahu2021 [Tc 8s]
Mahu2021: calls 15
Patsy1997: checks 
*** FLOP *** [Ac 8c Th]
Patsy1997: checks 
Mahu2021: bets 30
Patsy1997: folds 
Uncalled bet (30) returned to Mahu2021
Mahu2021 collected 60 from pot
Mahu2021: doesn't show hand 
*** SUMMARY ***
Total pot 60 | Rake 0 
Board [Ac 8c Th]
Seat 1: Patsy1997 (big blind) folded on the Flop
Seat 3: Mahu2021 (button) (small blind) collected (60)



PokerStars Hand #248146525578: Tournament #3698014479, $1.84+$0.16 USD Hold'em No Limit - Level II (15/30) - 2024/01/08 18:41:03 CET [2024/01/08 12:41:03 ET]
Table '3698014479 1' 3-max Seat #1 is the button
Seat 1: Patsy1997 (990 in chips) 
Seat 3: Mahu2021 (510 in chips) 
Patsy1997: posts small blind 15
Mahu2021: posts big blind 30
*** HOLE CARDS ***
Dealt to Mahu2021 [Kd 5c]
Patsy1997: raises 30 to 60
Mahu2021: calls 30
*** FLOP *** [4c 8h Td]
Mahu2021: checks 
Patsy1997: checks 
*** TURN *** [4c 8h Td] [Kh]
Mahu2021: bets 30
Patsy1997: folds 
Uncalled bet (30) returned to Mahu2021
Mahu2021 collected 120 from pot
Mahu2021: doesn't show hand 
*** SUMMARY ***
Total pot 120 | Rake 0 
Board [4c 8h Td Kh]
Seat 1: Patsy1997 (button) (small blind) folded on the Turn
Seat 3: Mahu2021 (big blind) collected (120)



PokerStars Hand #248146530645: Tournament #3698014479, $1.84+$0.16 USD Hold'em No Limit - Level II (15/30) - 2024/01/08 18:41:17 CET [2024/01/08 12:41:17 ET]
Table '3698014479 1' 3-max Seat #3 is the button
Seat 1: Patsy1997 (930 in chips) 
Seat 3: Mahu2021 (570 in chips) 
Mahu2021: posts small blind 15
Patsy1997: posts big blind 30
*** HOLE CARDS ***
Dealt to Mahu2021 [6s Js]
Mahu2021: calls 15
Patsy1997: checks 
*** FLOP *** [Td Th 9s]
Patsy1997: checks 
Mahu2021: checks 
*** TURN *** [Td Th 9s] [5d]
Patsy1997: checks 
Mahu2021: checks 
*** RIVER *** [Td Th 9s 5d] [Qc]
Patsy1997: bets 30
Mahu2021: folds 
Uncalled bet (30) returned to Patsy1997
Patsy1997 collected 60 from pot
*** SUMMARY ***
Total pot 60 | Rake 0 
Board [Td Th 9s 5d Qc]
Seat 1: Patsy1997 (big blind) collected (60)
Seat 3: Mahu2021 (button) (small blind) folded on the River



PokerStars Hand #248146535254: Tournament #3698014479, $1.84+$0.16 USD Hold'em No Limit - Level II (15/30) - 2024/01/08 18:41:31 CET [2024/01/08 12:41:31 ET]
Table '3698014479 1' 3-max Seat #1 is the button
Seat 1: Patsy1997 (960 in chips) 
Seat 3: Mahu2021 (540 in chips) 
Patsy1997: posts small blind 15
Mahu2021: posts big blind 30
*** HOLE CARDS ***
Dealt to Mahu2021 [Ah Tc]
Patsy1997: calls 15
Mahu2021: raises 60 to 90
Patsy1997: folds 
Uncalled bet (60) returned to Mahu2021
Mahu2021 collected 60 from pot
Mahu2021: doesn't show hand 
*** SUMMARY ***
Total pot 60 | Rake 0 
Seat 1: Patsy1997 (button) (small blind) folded before Flop
Seat 3: Mahu2021 (big blind) collected (60)



PokerStars Hand #248146537476: Tournament #3698014479, $1.84+$0.16 USD Hold'em No Limit - Level II (15/30) - 2024/01/08 18:41:37 CET [2024/01/08 12:41:37 ET]
Table '3698014479 1' 3-max Seat #3 is the button
Seat 1: Patsy1997 (930 in chips) 
Seat 3: Mahu2021 (570 in chips) 
Mahu2021: posts small blind 15
Patsy1997: posts big blind 30
*** HOLE CARDS ***
Dealt to Mahu2021 [Js 9c]
Mahu2021: raises 30 to 60
Patsy1997: raises 870 to 930 and is all-in
Mahu2021: folds 
Uncalled bet (870) returned to Patsy1997
Patsy1997 collected 120 from pot
*** SUMMARY ***
Total pot 120 | Rake 0 
Seat 1: Patsy1997 (big blind) collected (120)
Seat 3: Mahu2021 (button) (small blind) folded before Flop



PokerStars Hand #248146541263: Tournament #3698014479, $1.84+$0.16 USD Hold'em No Limit - Level III (20/40) - 2024/01/08 18:41:48 CET [2024/01/08 12:41:48 ET]
Table '3698014479 1' 3-max Seat #1 is the button
Seat 1: Patsy1997 (990 in chips) 
Seat 3: Mahu2021 (510 in chips) 
Patsy1997: posts small blind 20
Mahu2021: posts big blind 40
*** HOLE CARDS ***
Dealt to Mahu2021 [7c 9h]
Patsy1997: calls 20
Mahu2021: checks 
*** FLOP *** [3d 3c 9s]
Mahu2021: bets 40
Patsy1997: folds 
Uncalled bet (40) returned to Mahu2021
Mahu2021 collected 80 from pot
Mahu2021: doesn't show hand 
*** SUMMARY ***
Total pot 80 | Rake 0 
Board [3d 3c 9s]
Seat 1: Patsy1997 (button) (small blind) folded on the Flop
Seat 3: Mahu2021 (big blind) collected (80)



PokerStars Hand #248146545400: Tournament #3698014479, $1.84+$0.16 USD Hold'em No Limit - Level III (20/40) - 2024/01/08 18:42:00 CET [2024/01/08 12:42:00 ET]
Table '3698014479 1' 3-max Seat #3 is the button
Seat 1: Patsy1997 (950 in chips) 
Seat 3: Mahu2021 (550 in chips) 
Mahu2021: posts small blind 20
Patsy1997: posts big blind 40
*** HOLE CARDS ***
Dealt to Mahu2021 [7s As]
Mahu2021: raises 40 to 80
Patsy1997: calls 40
*** FLOP *** [3d Kh Td]
Patsy1997: checks 
Mahu2021: checks 
*** TURN *** [3d Kh Td] [7h]
Patsy1997: bets 80
Mahu2021: calls 80
*** RIVER *** [3d Kh Td 7h] [8h]
Patsy1997: bets 120
Mahu2021: folds 
Uncalled bet (120) returned to Patsy1997
Patsy1997 collected 320 from pot
*** SUMMARY ***
Total pot 320 | Rake 0 
Board [3d Kh Td 7h 8h]
Seat 1: Patsy1997 (big blind) collected (320)
Seat 3: Mahu2021 (button) (small blind) folded on the River



PokerStars Hand #248146551868: Tournament #3698014479, $1.84+$0.16 USD Hold'em No Limit - Level III (20/40) - 2024/01/08 18:42:19 CET [2024/01/08 12:42:19 ET]
Table '3698014479 1' 3-max Seat #1 is the button
Seat 1: Patsy1997 (1110 in chips) 
Seat 3: Mahu2021 (390 in chips) 
Patsy1997: posts small blind 20
Mahu2021: posts big blind 40
*** HOLE CARDS ***
Dealt to Mahu2021 [5h Qs]
Patsy1997: raises 160 to 200
Mahu2021: folds 
Uncalled bet (160) returned to Patsy1997
Patsy1997 collected 80 from pot
*** SUMMARY ***
Total pot 80 | Rake 0 
Seat 1: Patsy1997 (button) (small blind) collected (80)
Seat 3: Mahu2021 (big blind) folded before Flop



PokerStars Hand #248146553940: Tournament #3698014479, $1.84+$0.16 USD Hold'em No Limit - Level III (20/40) - 2024/01/08 18:42:25 CET [2024/01/08 12:42:25 ET]
Table '3698014479 1' 3-max Seat #3 is the button
Seat 1: Patsy1997 (1150 in chips) 
Seat 3: Mahu2021 (350 in chips) 
Mahu2021: posts small blind 20
Patsy1997: posts big blind 40
*** HOLE CARDS ***
Dealt to Mahu2021 [7d Qc]
Mahu2021: calls 20
Patsy1997: raises 1110 to 1150 and is all-in
Mahu2021: folds 
Uncalled bet (1110) returned to Patsy1997
Patsy1997 collected 80 from pot
*** SUMMARY ***
Total pot 80 | Rake 0 
Seat 1: Patsy1997 (big blind) collected (80)
Seat 3: Mahu2021 (button) (small blind) folded before Flop



PokerStars Hand #248146556486: Tournament #3698014479, $1.84+$0.16 USD Hold'em No Limit - Level III (20/40) - 2024/01/08 18:42:32 CET [2024/01/08 12:42:32 ET]
Table '3698014479 1' 3-max Seat #1 is the button
Seat 1: Patsy1997 (1190 in chips) 
Seat 3: Mahu2021 (310 in chips) 
Patsy1997: posts small blind 20
Mahu2021: posts big blind 40
*** HOLE CARDS ***
Dealt to Mahu2021 [4h 8s]
Patsy1997: raises 120 to 160
Mahu2021: folds 
Uncalled bet (120) returned to Patsy1997
Patsy1997 collected 80 from pot
*** SUMMARY ***
Total pot 80 | Rake 0 
Seat 1: Patsy1997 (button) (small blind) collected (80)
Seat 3: Mahu2021 (big blind) folded before Flop



PokerStars Hand #248146558508: Tournament #3698014479, $1.84+$0.16 USD Hold'em No Limit - Level III (20/40) - 2024/01/08 18:42:38 CET [2024/01/08 12:42:38 ET]
Table '3698014479 1' 3-max Seat #3 is the button
Seat 1: Patsy1997 (1230 in chips) 
Seat 3: Mahu2021 (270 in chips) 
Mahu2021: posts small blind 20
Patsy1997: posts big blind 40
*** HOLE CARDS ***
Dealt to Mahu2021 [4h Jh]
Mahu2021: calls 20
Patsy1997: raises 160 to 200
Mahu2021: folds 
Uncalled bet (160) returned to Patsy1997
Patsy1997 collected 80 from pot
*** SUMMARY ***
Total pot 80 | Rake 0 
Seat 1: Patsy1997 (big blind) collected (80)
Seat 3: Mahu2021 (button) (small blind) folded before Flop



PokerStars Hand #248146561145: Tournament #3698014479, $1.84+$0.16 USD Hold'em No Limit - Level III (20/40) - 2024/01/08 18:42:46 CET [2024/01/08 12:42:46 ET]
Table '3698014479 1' 3-max Seat #1 is the button
Seat 1: Patsy1997 (1270 in chips) 
Seat 3: Mahu2021 (230 in chips) 
Patsy1997: posts small blind 20
Mahu2021: posts big blind 40
*** HOLE CARDS ***
Dealt to Mahu2021 [6s 7s]
Patsy1997: raises 80 to 120
Mahu2021: raises 110 to 230 and is all-in
Patsy1997: calls 110
*** FLOP *** [9d Jc Ah]
*** TURN *** [9d Jc Ah] [Js]
*** RIVER *** [9d Jc Ah Js] [7c]
*** SHOW DOWN ***
Mahu2021: shows [6s 7s] (two pair, Jacks and Sevens)
Patsy1997: shows [5h As] (two pair, Aces and Jacks)
Patsy1997 collected 460 from pot
Mahu2021 finished the tournament in 2nd place
Patsy1997 wins the tournament and receives $6.00 - congratulations!
*** SUMMARY ***
Total pot 460 | Rake 0 
Board [9d Jc Ah Js 7c]
Seat 1: Patsy1997 (button) (small blind) showed [5h As] and won (460) with two pair, Aces and Jacks
Seat 3: Mahu2021 (big blind) showed [6s 7s] and lost with two pair, Jacks and Sevens



