PokerStars Hand #249470241665: Tournament #3730029724, $1.84+$0.16 USD Hold'em No Limit - Level I (10/20) - 2024/03/17 15:48:18 CET [2024/03/17 10:48:18 ET]
Table '3730029724 1' 3-max Seat #1 is the button
Seat 1: Mahu2021 (500 in chips) 
Seat 2: miumiu6066 (500 in chips) 
Seat 3: JimmyRay2020 (500 in chips) 
miumiu6066: posts small blind 10
JimmyRay2020: posts big blind 20
*** HOLE CARDS ***
Dealt to Mahu2021 [4c Ks]
Mahu2021: folds 
miumiu6066: calls 10
JimmyRay2020: raises 30 to 50
miumiu6066: calls 30
*** FLOP *** [Ah 5h 4d]
miumiu6066: bets 50
JimmyRay2020: folds 
Uncalled bet (50) returned to miumiu6066
miumiu6066 collected 100 from pot
miumiu6066: doesn't show hand 
*** SUMMARY ***
Total pot 100 | Rake 0 
Board [Ah 5h 4d]
Seat 1: Mahu2021 (button) folded before Flop (didn't bet)
Seat 2: miumiu6066 (small blind) collected (100)
Seat 3: JimmyRay2020 (big blind) folded on the Flop



PokerStars Hand #249470251588: Tournament #3730029724, $1.84+$0.16 USD Hold'em No Limit - Level I (10/20) - 2024/03/17 15:48:57 CET [2024/03/17 10:48:57 ET]
Table '3730029724 1' 3-max Seat #2 is the button
Seat 1: Mahu2021 (500 in chips) 
Seat 2: miumiu6066 (550 in chips) 
Seat 3: JimmyRay2020 (450 in chips) 
JimmyRay2020: posts small blind 10
Mahu2021: posts big blind 20
*** HOLE CARDS ***
Dealt to Mahu2021 [Qc 4d]
miumiu6066: calls 20
JimmyRay2020: folds 
Mahu2021: checks 
*** FLOP *** [9h Kh 7h]
Mahu2021: checks 
miumiu6066: bets 50
Mahu2021: folds 
Uncalled bet (50) returned to miumiu6066
miumiu6066 collected 50 from pot
miumiu6066: doesn't show hand 
*** SUMMARY ***
Total pot 50 | Rake 0 
Board [9h Kh 7h]
Seat 1: Mahu2021 (big blind) folded on the Flop
Seat 2: miumiu6066 (button) collected (50)
Seat 3: JimmyRay2020 (small blind) folded before Flop



PokerStars Hand #249470255382: Tournament #3730029724, $1.84+$0.16 USD Hold'em No Limit - Level I (10/20) - 2024/03/17 15:49:12 CET [2024/03/17 10:49:12 ET]
Table '3730029724 1' 3-max Seat #3 is the button
Seat 1: Mahu2021 (480 in chips) 
Seat 2: miumiu6066 (580 in chips) 
Seat 3: JimmyRay2020 (440 in chips) 
Mahu2021: posts small blind 10
miumiu6066: posts big blind 20
*** HOLE CARDS ***
Dealt to Mahu2021 [4s 9d]
JimmyRay2020: folds 
Mahu2021: folds 
Uncalled bet (10) returned to miumiu6066
miumiu6066 collected 20 from pot
miumiu6066: doesn't show hand 
*** SUMMARY ***
Total pot 20 | Rake 0 
Seat 1: Mahu2021 (small blind) folded before Flop
Seat 2: miumiu6066 (big blind) collected (20)
Seat 3: JimmyRay2020 (button) folded before Flop (didn't bet)



PokerStars Hand #249470256739: Tournament #3730029724, $1.84+$0.16 USD Hold'em No Limit - Level I (10/20) - 2024/03/17 15:49:18 CET [2024/03/17 10:49:18 ET]
Table '3730029724 1' 3-max Seat #1 is the button
Seat 1: Mahu2021 (470 in chips) 
Seat 2: miumiu6066 (590 in chips) 
Seat 3: JimmyRay2020 (440 in chips) 
miumiu6066: posts small blind 10
JimmyRay2020: posts big blind 20
*** HOLE CARDS ***
Dealt to Mahu2021 [7d 8h]
Mahu2021: calls 20
miumiu6066: calls 10
JimmyRay2020: checks 
*** FLOP *** [9d Ac Jd]
miumiu6066: checks 
JimmyRay2020: checks 
Mahu2021: checks 
*** TURN *** [9d Ac Jd] [9c]
miumiu6066: bets 60
JimmyRay2020: folds 
Mahu2021: folds 
Uncalled bet (60) returned to miumiu6066
miumiu6066 collected 60 from pot
miumiu6066: doesn't show hand 
*** SUMMARY ***
Total pot 60 | Rake 0 
Board [9d Ac Jd 9c]
Seat 1: Mahu2021 (button) folded on the Turn
Seat 2: miumiu6066 (small blind) collected (60)
Seat 3: JimmyRay2020 (big blind) folded on the Turn



PokerStars Hand #249470262764: Tournament #3730029724, $1.84+$0.16 USD Hold'em No Limit - Level I (10/20) - 2024/03/17 15:49:42 CET [2024/03/17 10:49:42 ET]
Table '3730029724 1' 3-max Seat #2 is the button
Seat 1: Mahu2021 (450 in chips) 
Seat 2: miumiu6066 (630 in chips) 
Seat 3: JimmyRay2020 (420 in chips) 
JimmyRay2020: posts small blind 10
Mahu2021: posts big blind 20
*** HOLE CARDS ***
Dealt to Mahu2021 [Qd 6c]
miumiu6066: calls 20
JimmyRay2020: calls 10
Mahu2021: checks 
*** FLOP *** [Qs Ts Ad]
JimmyRay2020: checks 
Mahu2021: bets 40
miumiu6066: calls 40
JimmyRay2020: calls 40
*** TURN *** [Qs Ts Ad] [Kh]
JimmyRay2020: checks 
Mahu2021: checks 
miumiu6066: checks 
*** RIVER *** [Qs Ts Ad Kh] [Qc]
JimmyRay2020: checks 
Mahu2021: bets 180
miumiu6066: folds 
JimmyRay2020: folds 
Uncalled bet (180) returned to Mahu2021
Mahu2021 collected 180 from pot
Mahu2021: doesn't show hand 
*** SUMMARY ***
Total pot 180 | Rake 0 
Board [Qs Ts Ad Kh Qc]
Seat 1: Mahu2021 (big blind) collected (180)
Seat 2: miumiu6066 (button) folded on the River
Seat 3: JimmyRay2020 (small blind) folded on the River



PokerStars Hand #249470272945: Tournament #3730029724, $1.84+$0.16 USD Hold'em No Limit - Level I (10/20) - 2024/03/17 15:50:22 CET [2024/03/17 10:50:22 ET]
Table '3730029724 1' 3-max Seat #3 is the button
Seat 1: Mahu2021 (570 in chips) 
Seat 2: miumiu6066 (570 in chips) 
Seat 3: JimmyRay2020 (360 in chips) 
Mahu2021: posts small blind 10
miumiu6066: posts big blind 20
*** HOLE CARDS ***
Dealt to Mahu2021 [9s 7c]
JimmyRay2020: folds 
Mahu2021: folds 
Uncalled bet (10) returned to miumiu6066
miumiu6066 collected 20 from pot
miumiu6066: doesn't show hand 
*** SUMMARY ***
Total pot 20 | Rake 0 
Seat 1: Mahu2021 (small blind) folded before Flop
Seat 2: miumiu6066 (big blind) collected (20)
Seat 3: JimmyRay2020 (button) folded before Flop (didn't bet)



PokerStars Hand #249470275624: Tournament #3730029724, $1.84+$0.16 USD Hold'em No Limit - Level I (10/20) - 2024/03/17 15:50:33 CET [2024/03/17 10:50:33 ET]
Table '3730029724 1' 3-max Seat #1 is the button
Seat 1: Mahu2021 (560 in chips) 
Seat 2: miumiu6066 (580 in chips) 
Seat 3: JimmyRay2020 (360 in chips) 
miumiu6066: posts small blind 10
JimmyRay2020: posts big blind 20
*** HOLE CARDS ***
Dealt to Mahu2021 [6s Jd]
Mahu2021: folds 
miumiu6066: calls 10
JimmyRay2020: raises 30 to 50
miumiu6066: calls 30
*** FLOP *** [9d Th 8c]
miumiu6066: checks 
JimmyRay2020: bets 50
miumiu6066: folds 
Uncalled bet (50) returned to JimmyRay2020
JimmyRay2020 collected 100 from pot
JimmyRay2020: doesn't show hand 
*** SUMMARY ***
Total pot 100 | Rake 0 
Board [9d Th 8c]
Seat 1: Mahu2021 (button) folded before Flop (didn't bet)
Seat 2: miumiu6066 (small blind) folded on the Flop
Seat 3: JimmyRay2020 (big blind) collected (100)



PokerStars Hand #249470281012: Tournament #3730029724, $1.84+$0.16 USD Hold'em No Limit - Level I (10/20) - 2024/03/17 15:50:54 CET [2024/03/17 10:50:54 ET]
Table '3730029724 1' 3-max Seat #2 is the button
Seat 1: Mahu2021 (560 in chips) 
Seat 2: miumiu6066 (530 in chips) 
Seat 3: JimmyRay2020 (410 in chips) 
JimmyRay2020: posts small blind 10
Mahu2021: posts big blind 20
*** HOLE CARDS ***
Dealt to Mahu2021 [6d Th]
miumiu6066: calls 20
JimmyRay2020: raises 30 to 50
Mahu2021: folds 
miumiu6066: calls 30
*** FLOP *** [Ah Js Kh]
JimmyRay2020: checks 
miumiu6066: bets 60
JimmyRay2020: calls 60
*** TURN *** [Ah Js Kh] [Jd]
JimmyRay2020: checks 
miumiu6066: bets 60
JimmyRay2020: raises 60 to 120
miumiu6066: calls 60
*** RIVER *** [Ah Js Kh Jd] [Ad]
JimmyRay2020: checks 
miumiu6066: bets 240
JimmyRay2020: calls 180 and is all-in
Uncalled bet (60) returned to miumiu6066
*** SHOW DOWN ***
miumiu6066: shows [Td Ac] (a full house, Aces full of Jacks)
JimmyRay2020: shows [Ts Jc] (a full house, Jacks full of Aces)
miumiu6066 collected 840 from pot
JimmyRay2020 finished the tournament in 3rd place
*** SUMMARY ***
Total pot 840 | Rake 0 
Board [Ah Js Kh Jd Ad]
Seat 1: Mahu2021 (big blind) folded before Flop
Seat 2: miumiu6066 (button) showed [Td Ac] and won (840) with a full house, Aces full of Jacks
Seat 3: JimmyRay2020 (small blind) showed [Ts Jc] and lost with a full house, Jacks full of Aces



PokerStars Hand #249470291653: Tournament #3730029724, $1.84+$0.16 USD Hold'em No Limit - Level II (15/30) - 2024/03/17 15:51:36 CET [2024/03/17 10:51:36 ET]
Table '3730029724 1' 3-max Seat #1 is the button
Seat 1: Mahu2021 (540 in chips) 
Seat 2: miumiu6066 (960 in chips) 
Mahu2021: posts small blind 15
miumiu6066: posts big blind 30
*** HOLE CARDS ***
Dealt to Mahu2021 [6c 4c]
Mahu2021: calls 15
miumiu6066: checks 
*** FLOP *** [8h 2h 3h]
miumiu6066: bets 60
Mahu2021: folds 
Uncalled bet (60) returned to miumiu6066
miumiu6066 collected 60 from pot
miumiu6066: doesn't show hand 
*** SUMMARY ***
Total pot 60 | Rake 0 
Board [8h 2h 3h]
Seat 1: Mahu2021 (button) (small blind) folded on the Flop
Seat 2: miumiu6066 (big blind) collected (60)



PokerStars Hand #249470295301: Tournament #3730029724, $1.84+$0.16 USD Hold'em No Limit - Level II (15/30) - 2024/03/17 15:51:50 CET [2024/03/17 10:51:50 ET]
Table '3730029724 1' 3-max Seat #2 is the button
Seat 1: Mahu2021 (510 in chips) 
Seat 2: miumiu6066 (990 in chips) 
miumiu6066: posts small blind 15
Mahu2021: posts big blind 30
*** HOLE CARDS ***
Dealt to Mahu2021 [Ks 2d]
miumiu6066: calls 15
Mahu2021: checks 
*** FLOP *** [3s Jh Ah]
Mahu2021: checks 
miumiu6066: checks 
*** TURN *** [3s Jh Ah] [Qc]
Mahu2021: checks 
miumiu6066: checks 
*** RIVER *** [3s Jh Ah Qc] [9d]
Mahu2021: bets 30
miumiu6066: folds 
Uncalled bet (30) returned to Mahu2021
Mahu2021 collected 60 from pot
Mahu2021: doesn't show hand 
*** SUMMARY ***
Total pot 60 | Rake 0 
Board [3s Jh Ah Qc 9d]
Seat 1: Mahu2021 (big blind) collected (60)
Seat 2: miumiu6066 (button) (small blind) folded on the River



PokerStars Hand #249470298844: Tournament #3730029724, $1.84+$0.16 USD Hold'em No Limit - Level II (15/30) - 2024/03/17 15:52:04 CET [2024/03/17 10:52:04 ET]
Table '3730029724 1' 3-max Seat #1 is the button
Seat 1: Mahu2021 (540 in chips) 
Seat 2: miumiu6066 (960 in chips) 
Mahu2021: posts small blind 15
miumiu6066: posts big blind 30
*** HOLE CARDS ***
Dealt to Mahu2021 [6d 5h]
Mahu2021: calls 15
miumiu6066: checks 
*** FLOP *** [2h Tc 9h]
miumiu6066: bets 30
Mahu2021: folds 
Uncalled bet (30) returned to miumiu6066
miumiu6066 collected 60 from pot
miumiu6066: doesn't show hand 
*** SUMMARY ***
Total pot 60 | Rake 0 
Board [2h Tc 9h]
Seat 1: Mahu2021 (button) (small blind) folded on the Flop
Seat 2: miumiu6066 (big blind) collected (60)



PokerStars Hand #249470301119: Tournament #3730029724, $1.84+$0.16 USD Hold'em No Limit - Level II (15/30) - 2024/03/17 15:52:13 CET [2024/03/17 10:52:13 ET]
Table '3730029724 1' 3-max Seat #2 is the button
Seat 1: Mahu2021 (510 in chips) 
Seat 2: miumiu6066 (990 in chips) 
miumiu6066: posts small blind 15
Mahu2021: posts big blind 30
*** HOLE CARDS ***
Dealt to Mahu2021 [Ad Ah]
miumiu6066: folds 
Uncalled bet (15) returned to Mahu2021
Mahu2021 collected 30 from pot
Mahu2021: doesn't show hand 
*** SUMMARY ***
Total pot 30 | Rake 0 
Seat 1: Mahu2021 (big blind) collected (30)
Seat 2: miumiu6066 (button) (small blind) folded before Flop



PokerStars Hand #249470302264: Tournament #3730029724, $1.84+$0.16 USD Hold'em No Limit - Level II (15/30) - 2024/03/17 15:52:18 CET [2024/03/17 10:52:18 ET]
Table '3730029724 1' 3-max Seat #1 is the button
Seat 1: Mahu2021 (525 in chips) 
Seat 2: miumiu6066 (975 in chips) 
Mahu2021: posts small blind 15
miumiu6066: posts big blind 30
*** HOLE CARDS ***
Dealt to Mahu2021 [4d Tc]
Mahu2021: folds 
Uncalled bet (15) returned to miumiu6066
miumiu6066 collected 30 from pot
miumiu6066: doesn't show hand 
*** SUMMARY ***
Total pot 30 | Rake 0 
Seat 1: Mahu2021 (button) (small blind) folded before Flop
Seat 2: miumiu6066 (big blind) collected (30)



PokerStars Hand #249470303301: Tournament #3730029724, $1.84+$0.16 USD Hold'em No Limit - Level II (15/30) - 2024/03/17 15:52:22 CET [2024/03/17 10:52:22 ET]
Table '3730029724 1' 3-max Seat #2 is the button
Seat 1: Mahu2021 (510 in chips) 
Seat 2: miumiu6066 (990 in chips) 
miumiu6066: posts small blind 15
Mahu2021: posts big blind 30
*** HOLE CARDS ***
Dealt to Mahu2021 [Tc 4d]
miumiu6066: calls 15
Mahu2021: checks 
*** FLOP *** [7d 9c Qs]
Mahu2021: checks 
miumiu6066: bets 30
Mahu2021: folds 
Uncalled bet (30) returned to miumiu6066
miumiu6066 collected 60 from pot
miumiu6066: doesn't show hand 
*** SUMMARY ***
Total pot 60 | Rake 0 
Board [7d 9c Qs]
Seat 1: Mahu2021 (big blind) folded on the Flop
Seat 2: miumiu6066 (button) (small blind) collected (60)



PokerStars Hand #249470305725: Tournament #3730029724, $1.84+$0.16 USD Hold'em No Limit - Level II (15/30) - 2024/03/17 15:52:31 CET [2024/03/17 10:52:31 ET]
Table '3730029724 1' 3-max Seat #1 is the button
Seat 1: Mahu2021 (480 in chips) 
Seat 2: miumiu6066 (1020 in chips) 
Mahu2021: posts small blind 15
miumiu6066: posts big blind 30
*** HOLE CARDS ***
Dealt to Mahu2021 [5s 2h]
Mahu2021: folds 
Uncalled bet (15) returned to miumiu6066
miumiu6066 collected 30 from pot
miumiu6066: doesn't show hand 
*** SUMMARY ***
Total pot 30 | Rake 0 
Seat 1: Mahu2021 (button) (small blind) folded before Flop
Seat 2: miumiu6066 (big blind) collected (30)



PokerStars Hand #249470306835: Tournament #3730029724, $1.84+$0.16 USD Hold'em No Limit - Level II (15/30) - 2024/03/17 15:52:36 CET [2024/03/17 10:52:36 ET]
Table '3730029724 1' 3-max Seat #2 is the button
Seat 1: Mahu2021 (465 in chips) 
Seat 2: miumiu6066 (1035 in chips) 
miumiu6066: posts small blind 15
Mahu2021: posts big blind 30
*** HOLE CARDS ***
Dealt to Mahu2021 [6s 9c]
miumiu6066: calls 15
Mahu2021: checks 
*** FLOP *** [7c 7s 3s]
Mahu2021: checks 
miumiu6066: checks 
*** TURN *** [7c 7s 3s] [4d]
Mahu2021: checks 
miumiu6066: checks 
*** RIVER *** [7c 7s 3s 4d] [8d]
Mahu2021: checks 
miumiu6066: bets 60
Mahu2021: folds 
Uncalled bet (60) returned to miumiu6066
miumiu6066 collected 60 from pot
miumiu6066: doesn't show hand 
*** SUMMARY ***
Total pot 60 | Rake 0 
Board [7c 7s 3s 4d 8d]
Seat 1: Mahu2021 (big blind) folded on the River
Seat 2: miumiu6066 (button) (small blind) collected (60)



PokerStars Hand #249470311251: Tournament #3730029724, $1.84+$0.16 USD Hold'em No Limit - Level II (15/30) - 2024/03/17 15:52:53 CET [2024/03/17 10:52:53 ET]
Table '3730029724 1' 3-max Seat #1 is the button
Seat 1: Mahu2021 (435 in chips) 
Seat 2: miumiu6066 (1065 in chips) 
Mahu2021: posts small blind 15
miumiu6066: posts big blind 30
*** HOLE CARDS ***
Dealt to Mahu2021 [Qh Ks]
Mahu2021: raises 30 to 60
miumiu6066: calls 30
*** FLOP *** [6d 3d 4d]
miumiu6066: bets 60
Mahu2021: folds 
Uncalled bet (60) returned to miumiu6066
miumiu6066 collected 120 from pot
miumiu6066: doesn't show hand 
*** SUMMARY ***
Total pot 120 | Rake 0 
Board [6d 3d 4d]
Seat 1: Mahu2021 (button) (small blind) folded on the Flop
Seat 2: miumiu6066 (big blind) collected (120)



PokerStars Hand #249470314380: Tournament #3730029724, $1.84+$0.16 USD Hold'em No Limit - Level II (15/30) - 2024/03/17 15:53:06 CET [2024/03/17 10:53:06 ET]
Table '3730029724 1' 3-max Seat #2 is the button
Seat 1: Mahu2021 (375 in chips) 
Seat 2: miumiu6066 (1125 in chips) 
miumiu6066: posts small blind 15
Mahu2021: posts big blind 30
*** HOLE CARDS ***
Dealt to Mahu2021 [8d 4h]
miumiu6066: calls 15
Mahu2021: checks 
*** FLOP *** [9c 2h Ks]
Mahu2021: checks 
miumiu6066: bets 30
Mahu2021: folds 
Uncalled bet (30) returned to miumiu6066
miumiu6066 collected 60 from pot
miumiu6066: doesn't show hand 
*** SUMMARY ***
Total pot 60 | Rake 0 
Board [9c 2h Ks]
Seat 1: Mahu2021 (big blind) folded on the Flop
Seat 2: miumiu6066 (button) (small blind) collected (60)



PokerStars Hand #249470316982: Tournament #3730029724, $1.84+$0.16 USD Hold'em No Limit - Level II (15/30) - 2024/03/17 15:53:16 CET [2024/03/17 10:53:16 ET]
Table '3730029724 1' 3-max Seat #1 is the button
Seat 1: Mahu2021 (345 in chips) 
Seat 2: miumiu6066 (1155 in chips) 
Mahu2021: posts small blind 15
miumiu6066: posts big blind 30
*** HOLE CARDS ***
Dealt to Mahu2021 [Jh Jd]
Mahu2021: calls 15
miumiu6066: checks 
*** FLOP *** [6c 5c 3h]
miumiu6066: bets 30
Mahu2021: raises 60 to 90
miumiu6066: calls 60
*** TURN *** [6c 5c 3h] [8s]
miumiu6066: checks 
Mahu2021: bets 225 and is all-in
miumiu6066: folds 
Uncalled bet (225) returned to Mahu2021
Mahu2021 collected 240 from pot
Mahu2021: doesn't show hand 
*** SUMMARY ***
Total pot 240 | Rake 0 
Board [6c 5c 3h 8s]
Seat 1: Mahu2021 (button) (small blind) collected (240)
Seat 2: miumiu6066 (big blind) folded on the Turn



PokerStars Hand #249470321658: Tournament #3730029724, $1.84+$0.16 USD Hold'em No Limit - Level II (15/30) - 2024/03/17 15:53:34 CET [2024/03/17 10:53:34 ET]
Table '3730029724 1' 3-max Seat #2 is the button
Seat 1: Mahu2021 (465 in chips) 
Seat 2: miumiu6066 (1035 in chips) 
miumiu6066: posts small blind 15
Mahu2021: posts big blind 30
*** HOLE CARDS ***
Dealt to Mahu2021 [2s Ks]
miumiu6066: calls 15
Mahu2021: checks 
*** FLOP *** [Jd Qh Qs]
Mahu2021: checks 
miumiu6066: checks 
*** TURN *** [Jd Qh Qs] [3d]
Mahu2021: checks 
miumiu6066: bets 30
Mahu2021: calls 30
*** RIVER *** [Jd Qh Qs 3d] [Qd]
Mahu2021: checks 
miumiu6066: bets 60
Mahu2021: folds 
Uncalled bet (60) returned to miumiu6066
miumiu6066 collected 120 from pot
miumiu6066: doesn't show hand 
*** SUMMARY ***
Total pot 120 | Rake 0 
Board [Jd Qh Qs 3d Qd]
Seat 1: Mahu2021 (big blind) folded on the River
Seat 2: miumiu6066 (button) (small blind) collected (120)



PokerStars Hand #249470326520: Tournament #3730029724, $1.84+$0.16 USD Hold'em No Limit - Level II (15/30) - 2024/03/17 15:53:53 CET [2024/03/17 10:53:53 ET]
Table '3730029724 1' 3-max Seat #1 is the button
Seat 1: Mahu2021 (405 in chips) 
Seat 2: miumiu6066 (1095 in chips) 
Mahu2021: posts small blind 15
miumiu6066: posts big blind 30
*** HOLE CARDS ***
Dealt to Mahu2021 [Qh 3s]
Mahu2021: calls 15
miumiu6066: checks 
*** FLOP *** [4c Th 8d]
miumiu6066: checks 
Mahu2021: checks 
*** TURN *** [4c Th 8d] [5c]
miumiu6066: bets 30
Mahu2021: folds 
Uncalled bet (30) returned to miumiu6066
miumiu6066 collected 60 from pot
miumiu6066: doesn't show hand 
*** SUMMARY ***
Total pot 60 | Rake 0 
Board [4c Th 8d 5c]
Seat 1: Mahu2021 (button) (small blind) folded on the Turn
Seat 2: miumiu6066 (big blind) collected (60)



PokerStars Hand #249470329539: Tournament #3730029724, $1.84+$0.16 USD Hold'em No Limit - Level II (15/30) - 2024/03/17 15:54:05 CET [2024/03/17 10:54:05 ET]
Table '3730029724 1' 3-max Seat #2 is the button
Seat 1: Mahu2021 (375 in chips) 
Seat 2: miumiu6066 (1125 in chips) 
miumiu6066: posts small blind 15
Mahu2021: posts big blind 30
*** HOLE CARDS ***
Dealt to Mahu2021 [9d 9c]
miumiu6066: calls 15
Mahu2021: raises 60 to 90
miumiu6066: folds 
Uncalled bet (60) returned to Mahu2021
Mahu2021 collected 60 from pot
Mahu2021: doesn't show hand 
*** SUMMARY ***
Total pot 60 | Rake 0 
Seat 1: Mahu2021 (big blind) collected (60)
Seat 2: miumiu6066 (button) (small blind) folded before Flop



PokerStars Hand #249470331392: Tournament #3730029724, $1.84+$0.16 USD Hold'em No Limit - Level II (15/30) - 2024/03/17 15:54:13 CET [2024/03/17 10:54:13 ET]
Table '3730029724 1' 3-max Seat #1 is the button
Seat 1: Mahu2021 (405 in chips) 
Seat 2: miumiu6066 (1095 in chips) 
Mahu2021: posts small blind 15
miumiu6066: posts big blind 30
*** HOLE CARDS ***
Dealt to Mahu2021 [7d Qh]
Mahu2021: raises 30 to 60
miumiu6066: calls 30
*** FLOP *** [Kd 6s 3c]
miumiu6066: checks 
Mahu2021: bets 60
miumiu6066: calls 60
*** TURN *** [Kd 6s 3c] [Qc]
miumiu6066: bets 60
Mahu2021: calls 60
*** RIVER *** [Kd 6s 3c Qc] [9s]
miumiu6066: checks 
Mahu2021: checks 
*** SHOW DOWN ***
miumiu6066: shows [4c 7c] (high card King)
Mahu2021: shows [7d Qh] (a pair of Queens)
Mahu2021 collected 360 from pot
*** SUMMARY ***
Total pot 360 | Rake 0 
Board [Kd 6s 3c Qc 9s]
Seat 1: Mahu2021 (button) (small blind) showed [7d Qh] and won (360) with a pair of Queens
Seat 2: miumiu6066 (big blind) showed [4c 7c] and lost with high card King



PokerStars Hand #249470337637: Tournament #3730029724, $1.84+$0.16 USD Hold'em No Limit - Level III (20/40) - 2024/03/17 15:54:37 CET [2024/03/17 10:54:37 ET]
Table '3730029724 1' 3-max Seat #2 is the button
Seat 1: Mahu2021 (585 in chips) 
Seat 2: miumiu6066 (915 in chips) 
miumiu6066: posts small blind 20
Mahu2021: posts big blind 40
*** HOLE CARDS ***
Dealt to Mahu2021 [9c 5s]
miumiu6066: calls 20
Mahu2021: checks 
*** FLOP *** [5d As 7h]
Mahu2021: checks 
miumiu6066: checks 
*** TURN *** [5d As 7h] [5c]
Mahu2021: checks 
miumiu6066: checks 
*** RIVER *** [5d As 7h 5c] [2c]
Mahu2021: bets 80
miumiu6066: folds 
Uncalled bet (80) returned to Mahu2021
Mahu2021 collected 80 from pot
Mahu2021: doesn't show hand 
*** SUMMARY ***
Total pot 80 | Rake 0 
Board [5d As 7h 5c 2c]
Seat 1: Mahu2021 (big blind) collected (80)
Seat 2: miumiu6066 (button) (small blind) folded on the River



PokerStars Hand #249470341633: Tournament #3730029724, $1.84+$0.16 USD Hold'em No Limit - Level III (20/40) - 2024/03/17 15:54:53 CET [2024/03/17 10:54:53 ET]
Table '3730029724 1' 3-max Seat #1 is the button
Seat 1: Mahu2021 (625 in chips) 
Seat 2: miumiu6066 (875 in chips) 
Mahu2021: posts small blind 20
miumiu6066: posts big blind 40
*** HOLE CARDS ***
Dealt to Mahu2021 [Tc 9d]
Mahu2021: raises 40 to 80
miumiu6066: calls 40
*** FLOP *** [As Js 9c]
miumiu6066: bets 40
Mahu2021: calls 40
*** TURN *** [As Js 9c] [3s]
miumiu6066: bets 40
Mahu2021: folds 
Uncalled bet (40) returned to miumiu6066
miumiu6066 collected 240 from pot
miumiu6066: doesn't show hand 
*** SUMMARY ***
Total pot 240 | Rake 0 
Board [As Js 9c 3s]
Seat 1: Mahu2021 (button) (small blind) folded on the Turn
Seat 2: miumiu6066 (big blind) collected (240)



PokerStars Hand #249470345375: Tournament #3730029724, $1.84+$0.16 USD Hold'em No Limit - Level III (20/40) - 2024/03/17 15:55:08 CET [2024/03/17 10:55:08 ET]
Table '3730029724 1' 3-max Seat #2 is the button
Seat 1: Mahu2021 (505 in chips) 
Seat 2: miumiu6066 (995 in chips) 
miumiu6066: posts small blind 20
Mahu2021: posts big blind 40
*** HOLE CARDS ***
Dealt to Mahu2021 [7h 8h]
miumiu6066: calls 20
Mahu2021: checks 
*** FLOP *** [9d 8c 9s]
Mahu2021: checks 
miumiu6066: bets 40
Mahu2021: calls 40
*** TURN *** [9d 8c 9s] [2s]
Mahu2021: checks 
miumiu6066: checks 
*** RIVER *** [9d 8c 9s 2s] [5d]
Mahu2021: bets 80
miumiu6066: calls 80
*** SHOW DOWN ***
Mahu2021: shows [7h 8h] (two pair, Nines and Eights)
miumiu6066: mucks hand 
Mahu2021 collected 320 from pot
*** SUMMARY ***
Total pot 320 | Rake 0 
Board [9d 8c 9s 2s 5d]
Seat 1: Mahu2021 (big blind) showed [7h 8h] and won (320) with two pair, Nines and Eights
Seat 2: miumiu6066 (button) (small blind) mucked [5h As]



PokerStars Hand #249470348581: Tournament #3730029724, $1.84+$0.16 USD Hold'em No Limit - Level III (20/40) - 2024/03/17 15:55:24 CET [2024/03/17 10:55:24 ET]
Table '3730029724 1' 3-max Seat #1 is the button
Seat 1: Mahu2021 (665 in chips) 
Seat 2: miumiu6066 (835 in chips) 
Mahu2021: posts small blind 20
miumiu6066: posts big blind 40
*** HOLE CARDS ***
Dealt to Mahu2021 [Kd Qs]
Mahu2021: raises 40 to 80
miumiu6066: calls 40
*** FLOP *** [Js 9c 7s]
miumiu6066: bets 40
Mahu2021: calls 40
*** TURN *** [Js 9c 7s] [6c]
miumiu6066: bets 40
Mahu2021: calls 40
*** RIVER *** [Js 9c 7s 6c] [2s]
miumiu6066: checks 
Mahu2021: checks 
*** SHOW DOWN ***
miumiu6066: shows [Th Qh] (high card Queen)
Mahu2021: shows [Kd Qs] (high card King)
Mahu2021 collected 320 from pot
*** SUMMARY ***
Total pot 320 | Rake 0 
Board [Js 9c 7s 6c 2s]
Seat 1: Mahu2021 (button) (small blind) showed [Kd Qs] and won (320) with high card King
Seat 2: miumiu6066 (big blind) showed [Th Qh] and lost with high card Queen



PokerStars Hand #249470352057: Tournament #3730029724, $1.84+$0.16 USD Hold'em No Limit - Level III (20/40) - 2024/03/17 15:55:43 CET [2024/03/17 10:55:43 ET]
Table '3730029724 1' 3-max Seat #2 is the button
Seat 1: Mahu2021 (825 in chips) 
Seat 2: miumiu6066 (675 in chips) 
miumiu6066: posts small blind 20
Mahu2021: posts big blind 40
*** HOLE CARDS ***
Dealt to Mahu2021 [8s 9c]
miumiu6066: calls 20
Mahu2021: checks 
*** FLOP *** [8h 4h Jh]
Mahu2021: bets 40
miumiu6066: calls 40
*** TURN *** [8h 4h Jh] [9s]
Mahu2021: bets 40
miumiu6066: calls 40
*** RIVER *** [8h 4h Jh 9s] [6d]
Mahu2021: bets 80
miumiu6066: calls 80
*** SHOW DOWN ***
Mahu2021: shows [8s 9c] (two pair, Nines and Eights)
miumiu6066: mucks hand 
Mahu2021 collected 400 from pot
*** SUMMARY ***
Total pot 400 | Rake 0 
Board [8h 4h Jh 9s 6d]
Seat 1: Mahu2021 (big blind) showed [8s 9c] and won (400) with two pair, Nines and Eights
Seat 2: miumiu6066 (button) (small blind) mucked [Jc Th]



PokerStars Hand #249470355059: Tournament #3730029724, $1.84+$0.16 USD Hold'em No Limit - Level III (20/40) - 2024/03/17 15:56:00 CET [2024/03/17 10:56:00 ET]
Table '3730029724 1' 3-max Seat #1 is the button
Seat 1: Mahu2021 (1025 in chips) 
Seat 2: miumiu6066 (475 in chips) 
Mahu2021: posts small blind 20
miumiu6066: posts big blind 40
*** HOLE CARDS ***
Dealt to Mahu2021 [Js 7h]
Mahu2021: raises 40 to 80
miumiu6066: calls 40
*** FLOP *** [2h 8h 3d]
miumiu6066: bets 40
Mahu2021: folds 
Uncalled bet (40) returned to miumiu6066
miumiu6066 collected 160 from pot
miumiu6066: doesn't show hand 
*** SUMMARY ***
Total pot 160 | Rake 0 
Board [2h 8h 3d]
Seat 1: Mahu2021 (button) (small blind) folded on the Flop
Seat 2: miumiu6066 (big blind) collected (160)



PokerStars Hand #249470356774: Tournament #3730029724, $1.84+$0.16 USD Hold'em No Limit - Level III (20/40) - 2024/03/17 15:56:09 CET [2024/03/17 10:56:09 ET]
Table '3730029724 1' 3-max Seat #2 is the button
Seat 1: Mahu2021 (945 in chips) 
Seat 2: miumiu6066 (555 in chips) 
miumiu6066: posts small blind 20
Mahu2021: posts big blind 40
*** HOLE CARDS ***
Dealt to Mahu2021 [6d 9c]
miumiu6066: folds 
Uncalled bet (20) returned to Mahu2021
Mahu2021 collected 40 from pot
Mahu2021: doesn't show hand 
*** SUMMARY ***
Total pot 40 | Rake 0 
Seat 1: Mahu2021 (big blind) collected (40)
Seat 2: miumiu6066 (button) (small blind) folded before Flop



PokerStars Hand #249470357708: Tournament #3730029724, $1.84+$0.16 USD Hold'em No Limit - Level III (20/40) - 2024/03/17 15:56:14 CET [2024/03/17 10:56:14 ET]
Table '3730029724 1' 3-max Seat #1 is the button
Seat 1: Mahu2021 (965 in chips) 
Seat 2: miumiu6066 (535 in chips) 
Mahu2021: posts small blind 20
miumiu6066: posts big blind 40
*** HOLE CARDS ***
Dealt to Mahu2021 [9s Kd]
Mahu2021: raises 40 to 80
miumiu6066: calls 40
*** FLOP *** [9d Jc 6h]
miumiu6066: bets 40
Mahu2021: calls 40
*** TURN *** [9d Jc 6h] [4s]
miumiu6066: bets 40
Mahu2021: calls 40
*** RIVER *** [9d Jc 6h 4s] [5c]
miumiu6066: checks 
Mahu2021: checks 
*** SHOW DOWN ***
miumiu6066: shows [6s Kh] (a pair of Sixes)
Mahu2021: shows [9s Kd] (a pair of Nines)
Mahu2021 collected 320 from pot
*** SUMMARY ***
Total pot 320 | Rake 0 
Board [9d Jc 6h 4s 5c]
Seat 1: Mahu2021 (button) (small blind) showed [9s Kd] and won (320) with a pair of Nines
Seat 2: miumiu6066 (big blind) showed [6s Kh] and lost with a pair of Sixes



PokerStars Hand #249470360801: Tournament #3730029724, $1.84+$0.16 USD Hold'em No Limit - Level III (20/40) - 2024/03/17 15:56:31 CET [2024/03/17 10:56:31 ET]
Table '3730029724 1' 3-max Seat #2 is the button
Seat 1: Mahu2021 (1125 in chips) 
Seat 2: miumiu6066 (375 in chips) 
miumiu6066: posts small blind 20
Mahu2021: posts big blind 40
*** HOLE CARDS ***
Dealt to Mahu2021 [2c 5h]
miumiu6066: calls 20
Mahu2021: checks 
*** FLOP *** [Td 8s 6c]
Mahu2021: checks 
miumiu6066: bets 80
Mahu2021: folds 
Uncalled bet (80) returned to miumiu6066
miumiu6066 collected 80 from pot
miumiu6066: doesn't show hand 
*** SUMMARY ***
Total pot 80 | Rake 0 
Board [Td 8s 6c]
Seat 1: Mahu2021 (big blind) folded on the Flop
Seat 2: miumiu6066 (button) (small blind) collected (80)



PokerStars Hand #249470362799: Tournament #3730029724, $1.84+$0.16 USD Hold'em No Limit - Level III (20/40) - 2024/03/17 15:56:42 CET [2024/03/17 10:56:42 ET]
Table '3730029724 1' 3-max Seat #1 is the button
Seat 1: Mahu2021 (1085 in chips) 
Seat 2: miumiu6066 (415 in chips) 
Mahu2021: posts small blind 20
miumiu6066: posts big blind 40
*** HOLE CARDS ***
Dealt to Mahu2021 [3c Jh]
Mahu2021: calls 20
miumiu6066: checks 
*** FLOP *** [Ts 8c 9s]
miumiu6066: checks 
Mahu2021: bets 40
miumiu6066: calls 40
*** TURN *** [Ts 8c 9s] [2h]
miumiu6066: checks 
Mahu2021: checks 
*** RIVER *** [Ts 8c 9s 2h] [7c]
miumiu6066: bets 80
Mahu2021: raises 80 to 160
miumiu6066: folds 
Uncalled bet (80) returned to Mahu2021
Mahu2021 collected 320 from pot
Mahu2021: doesn't show hand 
*** SUMMARY ***
Total pot 320 | Rake 0 
Board [Ts 8c 9s 2h 7c]
Seat 1: Mahu2021 (button) (small blind) collected (320)
Seat 2: miumiu6066 (big blind) folded on the River



PokerStars Hand #249470367481: Tournament #3730029724, $1.84+$0.16 USD Hold'em No Limit - Level III (20/40) - 2024/03/17 15:57:07 CET [2024/03/17 10:57:07 ET]
Table '3730029724 1' 3-max Seat #2 is the button
Seat 1: Mahu2021 (1245 in chips) 
Seat 2: miumiu6066 (255 in chips) 
miumiu6066: posts small blind 20
Mahu2021: posts big blind 40
*** HOLE CARDS ***
Dealt to Mahu2021 [5h Jd]
miumiu6066: folds 
Uncalled bet (20) returned to Mahu2021
Mahu2021 collected 40 from pot
Mahu2021: doesn't show hand 
*** SUMMARY ***
Total pot 40 | Rake 0 
Seat 1: Mahu2021 (big blind) collected (40)
Seat 2: miumiu6066 (button) (small blind) folded before Flop



PokerStars Hand #249470368327: Tournament #3730029724, $1.84+$0.16 USD Hold'em No Limit - Level III (20/40) - 2024/03/17 15:57:12 CET [2024/03/17 10:57:12 ET]
Table '3730029724 1' 3-max Seat #1 is the button
Seat 1: Mahu2021 (1265 in chips) 
Seat 2: miumiu6066 (235 in chips) 
Mahu2021: posts small blind 20
miumiu6066: posts big blind 40
*** HOLE CARDS ***
Dealt to Mahu2021 [Ah 9d]
Mahu2021: raises 40 to 80
miumiu6066: calls 40
*** FLOP *** [2h 9s 5d]
miumiu6066: checks 
Mahu2021: bets 80
miumiu6066: folds 
Uncalled bet (80) returned to Mahu2021
Mahu2021 collected 160 from pot
Mahu2021: doesn't show hand 
*** SUMMARY ***
Total pot 160 | Rake 0 
Board [2h 9s 5d]
Seat 1: Mahu2021 (button) (small blind) collected (160)
Seat 2: miumiu6066 (big blind) folded on the Flop



PokerStars Hand #249470371861: Tournament #3730029724, $1.84+$0.16 USD Hold'em No Limit - Level IV (30/60) - 2024/03/17 15:57:31 CET [2024/03/17 10:57:31 ET]
Table '3730029724 1' 3-max Seat #2 is the button
Seat 1: Mahu2021 (1345 in chips) 
Seat 2: miumiu6066 (155 in chips) 
miumiu6066: posts small blind 30
Mahu2021: posts big blind 60
*** HOLE CARDS ***
Dealt to Mahu2021 [7c 3h]
miumiu6066: calls 30
Mahu2021: checks 
*** FLOP *** [7s Ks Ad]
Mahu2021: bets 120
miumiu6066: calls 95 and is all-in
Uncalled bet (25) returned to Mahu2021
*** TURN *** [7s Ks Ad] [Th]
*** RIVER *** [7s Ks Ad Th] [9c]
*** SHOW DOWN ***
Mahu2021: shows [7c 3h] (a pair of Sevens)
miumiu6066: shows [4s 8s] (high card Ace)
Mahu2021 collected 310 from pot
miumiu6066 finished the tournament in 2nd place
Mahu2021 wins the tournament and receives $6.00 - congratulations!
*** SUMMARY ***
Total pot 310 | Rake 0 
Board [7s Ks Ad Th 9c]
Seat 1: Mahu2021 (big blind) showed [7c 3h] and won (310) with a pair of Sevens
Seat 2: miumiu6066 (button) (small blind) showed [4s 8s] and lost with high card Ace



