PokerStars Hand #242885827201: Tournament #3572237702, $0.92+$0.08 USD Hold'em No Limit - Level I (10/20) - 2023/04/04 21:18:04 CET [2023/04/04 15:18:04 ET]
Table '3572237702 1' 3-max Seat #1 is the button
Seat 1: Mahu2021 (500 in chips) 
Seat 2: Therealadiloi (500 in chips) 
Seat 3: dwilo1999 (500 in chips) 
Therealadiloi: posts small blind 10
dwilo1999: posts big blind 20
*** HOLE CARDS ***
Dealt to Mahu2021 [Qd Tc]
Mahu2021: calls 20
Therealadiloi: calls 10
dwilo1999: checks 
*** FLOP *** [3c 6d Ad]
Therealadiloi: bets 20
dwilo1999: folds 
Mahu2021: calls 20
*** TURN *** [3c 6d Ad] [5s]
Therealadiloi: bets 40
Mahu2021: folds 
Uncalled bet (40) returned to Therealadiloi
Therealadiloi collected 100 from pot
Therealadiloi: doesn't show hand 
*** SUMMARY ***
Total pot 100 | Rake 0 
Board [3c 6d Ad 5s]
Seat 1: Mahu2021 (button) folded on the Turn
Seat 2: Therealadiloi (small blind) collected (100)
Seat 3: dwilo1999 (big blind) folded on the Flop



PokerStars Hand #242885840508: Tournament #3572237702, $0.92+$0.08 USD Hold'em No Limit - Level I (10/20) - 2023/04/04 21:18:37 CET [2023/04/04 15:18:37 ET]
Table '3572237702 1' 3-max Seat #2 is the button
Seat 1: Mahu2021 (460 in chips) 
Seat 2: Therealadiloi (560 in chips) 
Seat 3: dwilo1999 (480 in chips) 
dwilo1999: posts small blind 10
Mahu2021: posts big blind 20
*** HOLE CARDS ***
Dealt to Mahu2021 [9h Td]
Therealadiloi: folds 
dwilo1999: calls 10
Mahu2021: checks 
*** FLOP *** [6c 5s 6s]
dwilo1999: checks 
Mahu2021: checks 
*** TURN *** [6c 5s 6s] [6d]
dwilo1999: bets 20
Mahu2021: calls 20
*** RIVER *** [6c 5s 6s 6d] [2d]
dwilo1999: bets 80
Mahu2021: folds 
Uncalled bet (80) returned to dwilo1999
dwilo1999 collected 80 from pot
*** SUMMARY ***
Total pot 80 | Rake 0 
Board [6c 5s 6s 6d 2d]
Seat 1: Mahu2021 (big blind) folded on the River
Seat 2: Therealadiloi (button) folded before Flop (didn't bet)
Seat 3: dwilo1999 (small blind) collected (80)



PokerStars Hand #242885849302: Tournament #3572237702, $0.92+$0.08 USD Hold'em No Limit - Level I (10/20) - 2023/04/04 21:19:00 CET [2023/04/04 15:19:00 ET]
Table '3572237702 1' 3-max Seat #3 is the button
Seat 1: Mahu2021 (420 in chips) 
Seat 2: Therealadiloi (560 in chips) 
Seat 3: dwilo1999 (520 in chips) 
Mahu2021: posts small blind 10
Therealadiloi: posts big blind 20
*** HOLE CARDS ***
Dealt to Mahu2021 [8h 7d]
dwilo1999: raises 20 to 40
Mahu2021: calls 30
Therealadiloi: folds 
*** FLOP *** [5c 2h 3c]
Mahu2021: checks 
dwilo1999: checks 
*** TURN *** [5c 2h 3c] [3s]
Mahu2021: checks 
dwilo1999: checks 
*** RIVER *** [5c 2h 3c 3s] [Jh]
Mahu2021: checks 
dwilo1999: checks 
*** SHOW DOWN ***
Mahu2021: shows [8h 7d] (a pair of Threes)
dwilo1999: shows [As 7h] (a pair of Threes - Ace kicker)
dwilo1999 collected 100 from pot
*** SUMMARY ***
Total pot 100 | Rake 0 
Board [5c 2h 3c 3s Jh]
Seat 1: Mahu2021 (small blind) showed [8h 7d] and lost with a pair of Threes
Seat 2: Therealadiloi (big blind) folded before Flop
Seat 3: dwilo1999 (button) showed [As 7h] and won (100) with a pair of Threes



PokerStars Hand #242885859352: Tournament #3572237702, $0.92+$0.08 USD Hold'em No Limit - Level I (10/20) - 2023/04/04 21:19:25 CET [2023/04/04 15:19:25 ET]
Table '3572237702 1' 3-max Seat #1 is the button
Seat 1: Mahu2021 (380 in chips) 
Seat 2: Therealadiloi (540 in chips) 
Seat 3: dwilo1999 (580 in chips) 
Therealadiloi: posts small blind 10
dwilo1999: posts big blind 20
*** HOLE CARDS ***
Dealt to Mahu2021 [Jc 3c]
Mahu2021: calls 20
Therealadiloi: raises 520 to 540 and is all-in
dwilo1999: folds 
Mahu2021: folds 
Uncalled bet (520) returned to Therealadiloi
Therealadiloi collected 60 from pot
Therealadiloi: doesn't show hand 
*** SUMMARY ***
Total pot 60 | Rake 0 
Seat 1: Mahu2021 (button) folded before Flop
Seat 2: Therealadiloi (small blind) collected (60)
Seat 3: dwilo1999 (big blind) folded before Flop



PokerStars Hand #242885865585: Tournament #3572237702, $0.92+$0.08 USD Hold'em No Limit - Level I (10/20) - 2023/04/04 21:19:40 CET [2023/04/04 15:19:40 ET]
Table '3572237702 1' 3-max Seat #2 is the button
Seat 1: Mahu2021 (360 in chips) 
Seat 2: Therealadiloi (580 in chips) 
Seat 3: dwilo1999 (560 in chips) 
dwilo1999: posts small blind 10
Mahu2021: posts big blind 20
*** HOLE CARDS ***
Dealt to Mahu2021 [Tc Ts]
Therealadiloi: folds 
dwilo1999: calls 10
Mahu2021: raises 340 to 360 and is all-in
dwilo1999: folds 
Uncalled bet (340) returned to Mahu2021
Mahu2021 collected 40 from pot
Mahu2021: doesn't show hand 
*** SUMMARY ***
Total pot 40 | Rake 0 
Seat 1: Mahu2021 (big blind) collected (40)
Seat 2: Therealadiloi (button) folded before Flop (didn't bet)
Seat 3: dwilo1999 (small blind) folded before Flop



PokerStars Hand #242885873094: Tournament #3572237702, $0.92+$0.08 USD Hold'em No Limit - Level I (10/20) - 2023/04/04 21:19:59 CET [2023/04/04 15:19:59 ET]
Table '3572237702 1' 3-max Seat #3 is the button
Seat 1: Mahu2021 (380 in chips) 
Seat 2: Therealadiloi (580 in chips) 
Seat 3: dwilo1999 (540 in chips) 
Mahu2021: posts small blind 10
Therealadiloi: posts big blind 20
*** HOLE CARDS ***
Dealt to Mahu2021 [2d 7c]
dwilo1999: raises 20 to 40
Mahu2021: folds 
Therealadiloi: folds 
Uncalled bet (20) returned to dwilo1999
dwilo1999 collected 50 from pot
*** SUMMARY ***
Total pot 50 | Rake 0 
Seat 1: Mahu2021 (small blind) folded before Flop
Seat 2: Therealadiloi (big blind) folded before Flop
Seat 3: dwilo1999 (button) collected (50)



PokerStars Hand #242885878424: Tournament #3572237702, $0.92+$0.08 USD Hold'em No Limit - Level I (10/20) - 2023/04/04 21:20:13 CET [2023/04/04 15:20:13 ET]
Table '3572237702 1' 3-max Seat #1 is the button
Seat 1: Mahu2021 (370 in chips) 
Seat 2: Therealadiloi (560 in chips) 
Seat 3: dwilo1999 (570 in chips) 
Therealadiloi: posts small blind 10
dwilo1999: posts big blind 20
*** HOLE CARDS ***
Dealt to Mahu2021 [Tc Ts]
Mahu2021: raises 350 to 370 and is all-in
Therealadiloi: folds 
dwilo1999: folds 
Uncalled bet (350) returned to Mahu2021
Mahu2021 collected 50 from pot
Mahu2021: doesn't show hand 
*** SUMMARY ***
Total pot 50 | Rake 0 
Seat 1: Mahu2021 (button) collected (50)
Seat 2: Therealadiloi (small blind) folded before Flop
Seat 3: dwilo1999 (big blind) folded before Flop



PokerStars Hand #242885881838: Tournament #3572237702, $0.92+$0.08 USD Hold'em No Limit - Level I (10/20) - 2023/04/04 21:20:21 CET [2023/04/04 15:20:21 ET]
Table '3572237702 1' 3-max Seat #2 is the button
Seat 1: Mahu2021 (400 in chips) 
Seat 2: Therealadiloi (550 in chips) 
Seat 3: dwilo1999 (550 in chips) 
dwilo1999: posts small blind 10
Mahu2021: posts big blind 20
*** HOLE CARDS ***
Dealt to Mahu2021 [7d 3c]
Therealadiloi: raises 530 to 550 and is all-in
dwilo1999: folds 
Mahu2021: folds 
Uncalled bet (530) returned to Therealadiloi
Therealadiloi collected 50 from pot
Therealadiloi: doesn't show hand 
*** SUMMARY ***
Total pot 50 | Rake 0 
Seat 1: Mahu2021 (big blind) folded before Flop
Seat 2: Therealadiloi (button) collected (50)
Seat 3: dwilo1999 (small blind) folded before Flop



PokerStars Hand #242885884209: Tournament #3572237702, $0.92+$0.08 USD Hold'em No Limit - Level I (10/20) - 2023/04/04 21:20:27 CET [2023/04/04 15:20:27 ET]
Table '3572237702 1' 3-max Seat #3 is the button
Seat 1: Mahu2021 (380 in chips) 
Seat 2: Therealadiloi (580 in chips) 
Seat 3: dwilo1999 (540 in chips) 
Mahu2021: posts small blind 10
Therealadiloi: posts big blind 20
*** HOLE CARDS ***
Dealt to Mahu2021 [3h 7d]
dwilo1999: raises 20 to 40
Mahu2021: folds 
Therealadiloi: folds 
Uncalled bet (20) returned to dwilo1999
dwilo1999 collected 50 from pot
*** SUMMARY ***
Total pot 50 | Rake 0 
Seat 1: Mahu2021 (small blind) folded before Flop
Seat 2: Therealadiloi (big blind) folded before Flop
Seat 3: dwilo1999 (button) collected (50)



PokerStars Hand #242885890794: Tournament #3572237702, $0.92+$0.08 USD Hold'em No Limit - Level I (10/20) - 2023/04/04 21:20:44 CET [2023/04/04 15:20:44 ET]
Table '3572237702 1' 3-max Seat #1 is the button
Seat 1: Mahu2021 (370 in chips) 
Seat 2: Therealadiloi (560 in chips) 
Seat 3: dwilo1999 (570 in chips) 
Therealadiloi: posts small blind 10
dwilo1999: posts big blind 20
*** HOLE CARDS ***
Dealt to Mahu2021 [2c 2d]
Mahu2021: raises 350 to 370 and is all-in
Therealadiloi: raises 190 to 560 and is all-in
dwilo1999: folds 
Uncalled bet (190) returned to Therealadiloi
*** FLOP *** [8s Jh 5d]
*** TURN *** [8s Jh 5d] [4s]
*** RIVER *** [8s Jh 5d 4s] [Js]
*** SHOW DOWN ***
Therealadiloi: shows [6s As] (a flush, Ace high)
Mahu2021: shows [2c 2d] (two pair, Jacks and Deuces)
Therealadiloi collected 760 from pot
Mahu2021 finished the tournament in 3rd place
*** SUMMARY ***
Total pot 760 | Rake 0 
Board [8s Jh 5d 4s Js]
Seat 1: Mahu2021 (button) showed [2c 2d] and lost with two pair, Jacks and Deuces
Seat 2: Therealadiloi (small blind) showed [6s As] and won (760) with a flush, Ace high
Seat 3: dwilo1999 (big blind) folded before Flop



