PokerStars Hand #244438714904: Tournament #3608345584, $0.92+$0.08 USD Hold'em No Limit - Level I (10/20) - 2023/06/24 14:20:32 CET [2023/06/24 8:20:32 ET]
Table '3608345584 1' 3-max Seat #1 is the button
Seat 1: supremus33 (500 in chips) 
Seat 2: Mahu2021 (500 in chips) 
Seat 3: sigopi (500 in chips) 
Mahu2021: posts small blind 10
sigopi: posts big blind 20
*** HOLE CARDS ***
Dealt to Mahu2021 [Kc Qs]
supremus33: folds 
Mahu2021: calls 10
sigopi: raises 480 to 500 and is all-in
Mahu2021: folds 
Uncalled bet (480) returned to sigopi
sigopi collected 40 from pot
sigopi: doesn't show hand 
*** SUMMARY ***
Total pot 40 | Rake 0 
Seat 1: supremus33 (button) folded before Flop (didn't bet)
Seat 2: Mahu2021 (small blind) folded before Flop
Seat 3: sigopi (big blind) collected (40)



PokerStars Hand #244438716972: Tournament #3608345584, $0.92+$0.08 USD Hold'em No Limit - Level I (10/20) - 2023/06/24 14:20:43 CET [2023/06/24 8:20:43 ET]
Table '3608345584 1' 3-max Seat #2 is the button
Seat 1: supremus33 (500 in chips) 
Seat 2: Mahu2021 (480 in chips) 
Seat 3: sigopi (520 in chips) 
sigopi: posts small blind 10
supremus33: posts big blind 20
*** HOLE CARDS ***
Dealt to Mahu2021 [7h 4d]
Mahu2021: folds 
sigopi: calls 10
supremus33: raises 20 to 40
sigopi: calls 20
*** FLOP *** [4c 8h Kh]
sigopi: checks 
supremus33: bets 20
sigopi: calls 20
*** TURN *** [4c 8h Kh] [6h]
sigopi has timed out
sigopi: checks 
supremus33: bets 20
sigopi: folds 
Uncalled bet (20) returned to supremus33
supremus33 collected 120 from pot
supremus33: doesn't show hand 
*** SUMMARY ***
Total pot 120 | Rake 0 
Board [4c 8h Kh 6h]
Seat 1: supremus33 (big blind) collected (120)
Seat 2: Mahu2021 (button) folded before Flop (didn't bet)
Seat 3: sigopi (small blind) folded on the Turn



PokerStars Hand #244438726478: Tournament #3608345584, $0.92+$0.08 USD Hold'em No Limit - Level I (10/20) - 2023/06/24 14:21:38 CET [2023/06/24 8:21:38 ET]
Table '3608345584 1' 3-max Seat #3 is the button
Seat 1: supremus33 (560 in chips) 
Seat 2: Mahu2021 (480 in chips) 
Seat 3: sigopi (460 in chips) 
supremus33: posts small blind 10
Mahu2021: posts big blind 20
*** HOLE CARDS ***
Dealt to Mahu2021 [8d 3c]
sigopi: folds 
supremus33: raises 20 to 40
Mahu2021: folds 
Uncalled bet (20) returned to supremus33
supremus33 collected 40 from pot
supremus33: doesn't show hand 
*** SUMMARY ***
Total pot 40 | Rake 0 
Seat 1: supremus33 (small blind) collected (40)
Seat 2: Mahu2021 (big blind) folded before Flop
Seat 3: sigopi (button) folded before Flop (didn't bet)



PokerStars Hand #244438727568: Tournament #3608345584, $0.92+$0.08 USD Hold'em No Limit - Level I (10/20) - 2023/06/24 14:21:44 CET [2023/06/24 8:21:44 ET]
Table '3608345584 1' 3-max Seat #1 is the button
Seat 1: supremus33 (580 in chips) 
Seat 2: Mahu2021 (460 in chips) 
Seat 3: sigopi (460 in chips) 
Mahu2021: posts small blind 10
sigopi: posts big blind 20
*** HOLE CARDS ***
Dealt to Mahu2021 [4d 7d]
supremus33: folds 
Mahu2021: folds 
Uncalled bet (10) returned to sigopi
sigopi collected 20 from pot
sigopi: doesn't show hand 
*** SUMMARY ***
Total pot 20 | Rake 0 
Seat 1: supremus33 (button) folded before Flop (didn't bet)
Seat 2: Mahu2021 (small blind) folded before Flop
Seat 3: sigopi (big blind) collected (20)



PokerStars Hand #244438728540: Tournament #3608345584, $0.92+$0.08 USD Hold'em No Limit - Level I (10/20) - 2023/06/24 14:21:49 CET [2023/06/24 8:21:49 ET]
Table '3608345584 1' 3-max Seat #2 is the button
Seat 1: supremus33 (580 in chips) 
Seat 2: Mahu2021 (450 in chips) 
Seat 3: sigopi (470 in chips) 
sigopi: posts small blind 10
supremus33: posts big blind 20
*** HOLE CARDS ***
Dealt to Mahu2021 [Qd Kd]
Mahu2021: raises 20 to 40
sigopi: folds 
supremus33: folds 
Uncalled bet (20) returned to Mahu2021
Mahu2021 collected 50 from pot
Mahu2021: doesn't show hand 
*** SUMMARY ***
Total pot 50 | Rake 0 
Seat 1: supremus33 (big blind) folded before Flop
Seat 2: Mahu2021 (button) collected (50)
Seat 3: sigopi (small blind) folded before Flop



PokerStars Hand #244438730186: Tournament #3608345584, $0.92+$0.08 USD Hold'em No Limit - Level I (10/20) - 2023/06/24 14:21:59 CET [2023/06/24 8:21:59 ET]
Table '3608345584 1' 3-max Seat #3 is the button
Seat 1: supremus33 (560 in chips) 
Seat 2: Mahu2021 (480 in chips) 
Seat 3: sigopi (460 in chips) 
supremus33: posts small blind 10
Mahu2021: posts big blind 20
*** HOLE CARDS ***
Dealt to Mahu2021 [7h Qc]
sigopi: folds 
supremus33: raises 20 to 40
Mahu2021: calls 20
*** FLOP *** [3h As 3c]
supremus33: checks 
Mahu2021: checks 
*** TURN *** [3h As 3c] [7d]
supremus33: checks 
Mahu2021: bets 40
supremus33: folds 
Uncalled bet (40) returned to Mahu2021
Mahu2021 collected 80 from pot
Mahu2021: doesn't show hand 
*** SUMMARY ***
Total pot 80 | Rake 0 
Board [3h As 3c 7d]
Seat 1: supremus33 (small blind) folded on the Turn
Seat 2: Mahu2021 (big blind) collected (80)
Seat 3: sigopi (button) folded before Flop (didn't bet)



PokerStars Hand #244438733789: Tournament #3608345584, $0.92+$0.08 USD Hold'em No Limit - Level I (10/20) - 2023/06/24 14:22:19 CET [2023/06/24 8:22:19 ET]
Table '3608345584 1' 3-max Seat #1 is the button
Seat 1: supremus33 (520 in chips) 
Seat 2: Mahu2021 (520 in chips) 
Seat 3: sigopi (460 in chips) 
Mahu2021: posts small blind 10
sigopi: posts big blind 20
*** HOLE CARDS ***
Dealt to Mahu2021 [5h 5c]
supremus33: folds 
Mahu2021: raises 20 to 40
sigopi: raises 420 to 460 and is all-in
Mahu2021: calls 420
*** FLOP *** [Ks 4s Js]
*** TURN *** [Ks 4s Js] [3d]
*** RIVER *** [Ks 4s Js 3d] [3h]
*** SHOW DOWN ***
Mahu2021: shows [5h 5c] (two pair, Fives and Threes)
sigopi: shows [Kc Tc] (two pair, Kings and Threes)
sigopi collected 920 from pot
*** SUMMARY ***
Total pot 920 | Rake 0 
Board [Ks 4s Js 3d 3h]
Seat 1: supremus33 (button) folded before Flop (didn't bet)
Seat 2: Mahu2021 (small blind) showed [5h 5c] and lost with two pair, Fives and Threes
Seat 3: sigopi (big blind) showed [Kc Tc] and won (920) with two pair, Kings and Threes



PokerStars Hand #244438737893: Tournament #3608345584, $0.92+$0.08 USD Hold'em No Limit - Level II (15/30) - 2023/06/24 14:22:42 CET [2023/06/24 8:22:42 ET]
Table '3608345584 1' 3-max Seat #2 is the button
Seat 1: supremus33 (520 in chips) 
Seat 2: Mahu2021 (60 in chips) 
Seat 3: sigopi (920 in chips) 
sigopi: posts small blind 15
supremus33: posts big blind 30
*** HOLE CARDS ***
Dealt to Mahu2021 [3h 5d]
Mahu2021: folds 
sigopi: folds 
Uncalled bet (15) returned to supremus33
supremus33 collected 30 from pot
supremus33: doesn't show hand 
*** SUMMARY ***
Total pot 30 | Rake 0 
Seat 1: supremus33 (big blind) collected (30)
Seat 2: Mahu2021 (button) folded before Flop (didn't bet)
Seat 3: sigopi (small blind) folded before Flop



PokerStars Hand #244438738968: Tournament #3608345584, $0.92+$0.08 USD Hold'em No Limit - Level II (15/30) - 2023/06/24 14:22:48 CET [2023/06/24 8:22:48 ET]
Table '3608345584 1' 3-max Seat #3 is the button
Seat 1: supremus33 (535 in chips) 
Seat 2: Mahu2021 (60 in chips) 
Seat 3: sigopi (905 in chips) 
supremus33: posts small blind 15
Mahu2021: posts big blind 30
*** HOLE CARDS ***
Dealt to Mahu2021 [8h Kd]
sigopi: folds 
supremus33: calls 15
Mahu2021: raises 30 to 60 and is all-in
supremus33: folds 
Uncalled bet (30) returned to Mahu2021
Mahu2021 collected 60 from pot
Mahu2021: doesn't show hand 
*** SUMMARY ***
Total pot 60 | Rake 0 
Seat 1: supremus33 (small blind) folded before Flop
Seat 2: Mahu2021 (big blind) collected (60)
Seat 3: sigopi (button) folded before Flop (didn't bet)



PokerStars Hand #244438742694: Tournament #3608345584, $0.92+$0.08 USD Hold'em No Limit - Level II (15/30) - 2023/06/24 14:23:10 CET [2023/06/24 8:23:10 ET]
Table '3608345584 1' 3-max Seat #1 is the button
Seat 1: supremus33 (505 in chips) 
Seat 2: Mahu2021 (90 in chips) 
Seat 3: sigopi (905 in chips) 
Mahu2021: posts small blind 15
sigopi: posts big blind 30
*** HOLE CARDS ***
Dealt to Mahu2021 [Kh Ac]
supremus33: folds 
Mahu2021: raises 60 to 90 and is all-in
sigopi: folds 
Uncalled bet (60) returned to Mahu2021
Mahu2021 collected 60 from pot
Mahu2021: doesn't show hand 
*** SUMMARY ***
Total pot 60 | Rake 0 
Seat 1: supremus33 (button) folded before Flop (didn't bet)
Seat 2: Mahu2021 (small blind) collected (60)
Seat 3: sigopi (big blind) folded before Flop



PokerStars Hand #244438744845: Tournament #3608345584, $0.92+$0.08 USD Hold'em No Limit - Level II (15/30) - 2023/06/24 14:23:22 CET [2023/06/24 8:23:22 ET]
Table '3608345584 1' 3-max Seat #2 is the button
Seat 1: supremus33 (505 in chips) 
Seat 2: Mahu2021 (120 in chips) 
Seat 3: sigopi (875 in chips) 
sigopi: posts small blind 15
supremus33: posts big blind 30
*** HOLE CARDS ***
Dealt to Mahu2021 [9s 4h]
Mahu2021: folds 
sigopi: calls 15
supremus33: raises 60 to 90
sigopi: raises 210 to 300
supremus33: raises 205 to 505 and is all-in
sigopi: calls 205
*** FLOP *** [3d Jd 9d]
*** TURN *** [3d Jd 9d] [9h]
*** RIVER *** [3d Jd 9d 9h] [2d]
*** SHOW DOWN ***
sigopi: shows [8c 8h] (two pair, Nines and Eights)
supremus33: shows [Tc Ts] (two pair, Tens and Nines)
supremus33 collected 1010 from pot
*** SUMMARY ***
Total pot 1010 | Rake 0 
Board [3d Jd 9d 9h 2d]
Seat 1: supremus33 (big blind) showed [Tc Ts] and won (1010) with two pair, Tens and Nines
Seat 2: Mahu2021 (button) folded before Flop (didn't bet)
Seat 3: sigopi (small blind) showed [8c 8h] and lost with two pair, Nines and Eights



PokerStars Hand #244438751236: Tournament #3608345584, $0.92+$0.08 USD Hold'em No Limit - Level II (15/30) - 2023/06/24 14:23:58 CET [2023/06/24 8:23:58 ET]
Table '3608345584 1' 3-max Seat #3 is the button
Seat 1: supremus33 (1010 in chips) 
Seat 2: Mahu2021 (120 in chips) 
Seat 3: sigopi (370 in chips) 
supremus33: posts small blind 15
Mahu2021: posts big blind 30
*** HOLE CARDS ***
Dealt to Mahu2021 [2d 9c]
sigopi: calls 30
supremus33: raises 30 to 60
Mahu2021: folds 
sigopi: calls 30
*** FLOP *** [3s 7c 3c]
supremus33: checks 
sigopi: bets 310 and is all-in
supremus33: calls 310
*** TURN *** [3s 7c 3c] [4s]
*** RIVER *** [3s 7c 3c 4s] [Qd]
*** SHOW DOWN ***
supremus33: shows [Ah Ks] (a pair of Threes)
sigopi: shows [4c 7s] (two pair, Sevens and Fours)
sigopi collected 770 from pot
*** SUMMARY ***
Total pot 770 | Rake 0 
Board [3s 7c 3c 4s Qd]
Seat 1: supremus33 (small blind) showed [Ah Ks] and lost with a pair of Threes
Seat 2: Mahu2021 (big blind) folded before Flop
Seat 3: sigopi (button) showed [4c 7s] and won (770) with two pair, Sevens and Fours



PokerStars Hand #244438755883: Tournament #3608345584, $0.92+$0.08 USD Hold'em No Limit - Level II (15/30) - 2023/06/24 14:24:25 CET [2023/06/24 8:24:25 ET]
Table '3608345584 1' 3-max Seat #1 is the button
Seat 1: supremus33 (640 in chips) 
Seat 2: Mahu2021 (90 in chips) 
Seat 3: sigopi (770 in chips) 
Mahu2021: posts small blind 15
sigopi: posts big blind 30
*** HOLE CARDS ***
Dealt to Mahu2021 [8d Tc]
supremus33: raises 30 to 60
Mahu2021: folds 
sigopi: calls 30
*** FLOP *** [3s 5c Js]
sigopi: checks 
supremus33: checks 
*** TURN *** [3s 5c Js] [7h]
sigopi: checks 
supremus33: checks 
*** RIVER *** [3s 5c Js 7h] [7s]
sigopi: checks 
supremus33: checks 
*** SHOW DOWN ***
sigopi: shows [2s Ad] (a pair of Sevens)
supremus33: mucks hand 
sigopi collected 135 from pot
*** SUMMARY ***
Total pot 135 | Rake 0 
Board [3s 5c Js 7h 7s]
Seat 1: supremus33 (button) mucked [9c 8s]
Seat 2: Mahu2021 (small blind) folded before Flop
Seat 3: sigopi (big blind) showed [2s Ad] and won (135) with a pair of Sevens



PokerStars Hand #244438760878: Tournament #3608345584, $0.92+$0.08 USD Hold'em No Limit - Level III (20/40) - 2023/06/24 14:24:53 CET [2023/06/24 8:24:53 ET]
Table '3608345584 1' 3-max Seat #2 is the button
Seat 1: supremus33 (580 in chips) 
Seat 2: Mahu2021 (75 in chips) 
Seat 3: sigopi (845 in chips) 
sigopi: posts small blind 20
supremus33: posts big blind 40
*** HOLE CARDS ***
Dealt to Mahu2021 [Js 7h]
Mahu2021: raises 35 to 75 and is all-in
sigopi: folds 
supremus33: calls 35
*** FLOP *** [7c 4c 2s]
*** TURN *** [7c 4c 2s] [Ah]
*** RIVER *** [7c 4c 2s Ah] [Th]
*** SHOW DOWN ***
supremus33: shows [4s 9s] (a pair of Fours)
Mahu2021: shows [Js 7h] (a pair of Sevens)
Mahu2021 collected 170 from pot
*** SUMMARY ***
Total pot 170 | Rake 0 
Board [7c 4c 2s Ah Th]
Seat 1: supremus33 (big blind) showed [4s 9s] and lost with a pair of Fours
Seat 2: Mahu2021 (button) showed [Js 7h] and won (170) with a pair of Sevens
Seat 3: sigopi (small blind) folded before Flop



PokerStars Hand #244438763881: Tournament #3608345584, $0.92+$0.08 USD Hold'em No Limit - Level III (20/40) - 2023/06/24 14:25:10 CET [2023/06/24 8:25:10 ET]
Table '3608345584 1' 3-max Seat #3 is the button
Seat 1: supremus33 (505 in chips) 
Seat 2: Mahu2021 (170 in chips) 
Seat 3: sigopi (825 in chips) 
supremus33: posts small blind 20
Mahu2021: posts big blind 40
*** HOLE CARDS ***
Dealt to Mahu2021 [Ac 3d]
sigopi: calls 40
supremus33: folds 
Mahu2021: raises 130 to 170 and is all-in
sigopi: calls 130
*** FLOP *** [3s Js 8d]
*** TURN *** [3s Js 8d] [9s]
*** RIVER *** [3s Js 8d 9s] [Ad]
*** SHOW DOWN ***
Mahu2021: shows [Ac 3d] (two pair, Aces and Threes)
sigopi: shows [Th Kc] (high card Ace)
Mahu2021 collected 360 from pot
*** SUMMARY ***
Total pot 360 | Rake 0 
Board [3s Js 8d 9s Ad]
Seat 1: supremus33 (small blind) folded before Flop
Seat 2: Mahu2021 (big blind) showed [Ac 3d] and won (360) with two pair, Aces and Threes
Seat 3: sigopi (button) showed [Th Kc] and lost with high card Ace



PokerStars Hand #244438768035: Tournament #3608345584, $0.92+$0.08 USD Hold'em No Limit - Level III (20/40) - 2023/06/24 14:25:33 CET [2023/06/24 8:25:33 ET]
Table '3608345584 1' 3-max Seat #1 is the button
Seat 1: supremus33 (485 in chips) 
Seat 2: Mahu2021 (360 in chips) 
Seat 3: sigopi (655 in chips) 
Mahu2021: posts small blind 20
sigopi: posts big blind 40
*** HOLE CARDS ***
Dealt to Mahu2021 [Ah 8d]
supremus33: raises 40 to 80
Mahu2021: calls 60
sigopi: calls 40
*** FLOP *** [4s 6c Jc]
Mahu2021: checks 
sigopi: checks 
supremus33: checks 
*** TURN *** [4s 6c Jc] [7s]
Mahu2021: checks 
sigopi: checks 
supremus33: checks 
*** RIVER *** [4s 6c Jc 7s] [Ad]
Mahu2021: bets 280 and is all-in
sigopi: calls 280
supremus33: folds 
*** SHOW DOWN ***
Mahu2021: shows [Ah 8d] (a pair of Aces)
sigopi: shows [2d As] (a pair of Aces - lower kicker)
Mahu2021 collected 800 from pot
*** SUMMARY ***
Total pot 800 | Rake 0 
Board [4s 6c Jc 7s Ad]
Seat 1: supremus33 (button) folded on the River
Seat 2: Mahu2021 (small blind) showed [Ah 8d] and won (800) with a pair of Aces
Seat 3: sigopi (big blind) showed [2d As] and lost with a pair of Aces



PokerStars Hand #244438775350: Tournament #3608345584, $0.92+$0.08 USD Hold'em No Limit - Level III (20/40) - 2023/06/24 14:26:13 CET [2023/06/24 8:26:13 ET]
Table '3608345584 1' 3-max Seat #2 is the button
Seat 1: supremus33 (405 in chips) 
Seat 2: Mahu2021 (800 in chips) 
Seat 3: sigopi (295 in chips) 
sigopi: posts small blind 20
supremus33: posts big blind 40
*** HOLE CARDS ***
Dealt to Mahu2021 [Jh 3d]
Mahu2021: folds 
sigopi: raises 255 to 295 and is all-in
supremus33: calls 255
*** FLOP *** [Tc Td Ad]
*** TURN *** [Tc Td Ad] [5c]
*** RIVER *** [Tc Td Ad 5c] [5h]
*** SHOW DOWN ***
sigopi: shows [4s 5s] (a full house, Fives full of Tens)
supremus33: shows [Kc Js] (two pair, Tens and Fives)
sigopi collected 590 from pot
*** SUMMARY ***
Total pot 590 | Rake 0 
Board [Tc Td Ad 5c 5h]
Seat 1: supremus33 (big blind) showed [Kc Js] and lost with two pair, Tens and Fives
Seat 2: Mahu2021 (button) folded before Flop (didn't bet)
Seat 3: sigopi (small blind) showed [4s 5s] and won (590) with a full house, Fives full of Tens



PokerStars Hand #244438780373: Tournament #3608345584, $0.92+$0.08 USD Hold'em No Limit - Level IV (30/60) - 2023/06/24 14:26:42 CET [2023/06/24 8:26:42 ET]
Table '3608345584 1' 3-max Seat #3 is the button
Seat 1: supremus33 (110 in chips) 
Seat 2: Mahu2021 (800 in chips) 
Seat 3: sigopi (590 in chips) 
supremus33: posts small blind 30
Mahu2021: posts big blind 60
*** HOLE CARDS ***
Dealt to Mahu2021 [8h 4d]
sigopi: folds 
supremus33: raises 50 to 110 and is all-in
Mahu2021: folds 
Uncalled bet (50) returned to supremus33
supremus33 collected 120 from pot
supremus33: doesn't show hand 
*** SUMMARY ***
Total pot 120 | Rake 0 
Seat 1: supremus33 (small blind) collected (120)
Seat 2: Mahu2021 (big blind) folded before Flop
Seat 3: sigopi (button) folded before Flop (didn't bet)



PokerStars Hand #244438781773: Tournament #3608345584, $0.92+$0.08 USD Hold'em No Limit - Level IV (30/60) - 2023/06/24 14:26:50 CET [2023/06/24 8:26:50 ET]
Table '3608345584 1' 3-max Seat #1 is the button
Seat 1: supremus33 (170 in chips) 
Seat 2: Mahu2021 (740 in chips) 
Seat 3: sigopi (590 in chips) 
Mahu2021: posts small blind 30
sigopi: posts big blind 60
*** HOLE CARDS ***
Dealt to Mahu2021 [Ac 6s]
supremus33: folds 
Mahu2021: raises 60 to 120
sigopi: folds 
Uncalled bet (60) returned to Mahu2021
Mahu2021 collected 120 from pot
Mahu2021: doesn't show hand 
*** SUMMARY ***
Total pot 120 | Rake 0 
Seat 1: supremus33 (button) folded before Flop (didn't bet)
Seat 2: Mahu2021 (small blind) collected (120)
Seat 3: sigopi (big blind) folded before Flop



PokerStars Hand #244438783276: Tournament #3608345584, $0.92+$0.08 USD Hold'em No Limit - Level IV (30/60) - 2023/06/24 14:26:58 CET [2023/06/24 8:26:58 ET]
Table '3608345584 1' 3-max Seat #2 is the button
Seat 1: supremus33 (170 in chips) 
Seat 2: Mahu2021 (800 in chips) 
Seat 3: sigopi (530 in chips) 
sigopi: posts small blind 30
supremus33: posts big blind 60
*** HOLE CARDS ***
Dealt to Mahu2021 [6h 2h]
Mahu2021: folds 
sigopi: calls 30
supremus33: raises 110 to 170 and is all-in
sigopi: calls 110
*** FLOP *** [Jh 7h 8c]
*** TURN *** [Jh 7h 8c] [Qc]
*** RIVER *** [Jh 7h 8c Qc] [4s]
*** SHOW DOWN ***
sigopi: shows [Th 7s] (a pair of Sevens)
supremus33: shows [Js Qd] (two pair, Queens and Jacks)
supremus33 collected 340 from pot
*** SUMMARY ***
Total pot 340 | Rake 0 
Board [Jh 7h 8c Qc 4s]
Seat 1: supremus33 (big blind) showed [Js Qd] and won (340) with two pair, Queens and Jacks
Seat 2: Mahu2021 (button) folded before Flop (didn't bet)
Seat 3: sigopi (small blind) showed [Th 7s] and lost with a pair of Sevens



PokerStars Hand #244438787566: Tournament #3608345584, $0.92+$0.08 USD Hold'em No Limit - Level IV (30/60) - 2023/06/24 14:27:22 CET [2023/06/24 8:27:22 ET]
Table '3608345584 1' 3-max Seat #3 is the button
Seat 1: supremus33 (340 in chips) 
Seat 2: Mahu2021 (800 in chips) 
Seat 3: sigopi (360 in chips) 
supremus33: posts small blind 30
Mahu2021: posts big blind 60
*** HOLE CARDS ***
Dealt to Mahu2021 [4d 7h]
sigopi: folds 
supremus33: raises 280 to 340 and is all-in
Mahu2021: folds 
Uncalled bet (280) returned to supremus33
supremus33 collected 120 from pot
supremus33: doesn't show hand 
*** SUMMARY ***
Total pot 120 | Rake 0 
Seat 1: supremus33 (small blind) collected (120)
Seat 2: Mahu2021 (big blind) folded before Flop
Seat 3: sigopi (button) folded before Flop (didn't bet)



PokerStars Hand #244438789129: Tournament #3608345584, $0.92+$0.08 USD Hold'em No Limit - Level IV (30/60) - 2023/06/24 14:27:31 CET [2023/06/24 8:27:31 ET]
Table '3608345584 1' 3-max Seat #1 is the button
Seat 1: supremus33 (400 in chips) 
Seat 2: Mahu2021 (740 in chips) 
Seat 3: sigopi (360 in chips) 
Mahu2021: posts small blind 30
sigopi: posts big blind 60
*** HOLE CARDS ***
Dealt to Mahu2021 [Ks 9h]
supremus33: folds 
Mahu2021: raises 60 to 120
sigopi: raises 240 to 360 and is all-in
Mahu2021: calls 240
*** FLOP *** [Kd Ah 9s]
*** TURN *** [Kd Ah 9s] [3c]
*** RIVER *** [Kd Ah 9s 3c] [As]
*** SHOW DOWN ***
Mahu2021: shows [Ks 9h] (two pair, Aces and Kings)
sigopi: shows [2c 2h] (two pair, Aces and Deuces)
Mahu2021 collected 720 from pot
sigopi finished the tournament in 3rd place
*** SUMMARY ***
Total pot 720 | Rake 0 
Board [Kd Ah 9s 3c As]
Seat 1: supremus33 (button) folded before Flop (didn't bet)
Seat 2: Mahu2021 (small blind) showed [Ks 9h] and won (720) with two pair, Aces and Kings
Seat 3: sigopi (big blind) showed [2c 2h] and lost with two pair, Aces and Deuces



PokerStars Hand #244438793032: Tournament #3608345584, $0.92+$0.08 USD Hold'em No Limit - Level IV (30/60) - 2023/06/24 14:27:52 CET [2023/06/24 8:27:52 ET]
Table '3608345584 1' 3-max Seat #2 is the button
Seat 1: supremus33 (400 in chips) 
Seat 2: Mahu2021 (1100 in chips) 
Mahu2021: posts small blind 30
supremus33: posts big blind 60
*** HOLE CARDS ***
Dealt to Mahu2021 [4c Jh]
Mahu2021: folds 
Uncalled bet (30) returned to supremus33
supremus33 collected 60 from pot
supremus33: doesn't show hand 
*** SUMMARY ***
Total pot 60 | Rake 0 
Seat 1: supremus33 (big blind) collected (60)
Seat 2: Mahu2021 (button) (small blind) folded before Flop



PokerStars Hand #244438793766: Tournament #3608345584, $0.92+$0.08 USD Hold'em No Limit - Level IV (30/60) - 2023/06/24 14:27:56 CET [2023/06/24 8:27:56 ET]
Table '3608345584 1' 3-max Seat #1 is the button
Seat 1: supremus33 (430 in chips) 
Seat 2: Mahu2021 (1070 in chips) 
supremus33: posts small blind 30
Mahu2021: posts big blind 60
*** HOLE CARDS ***
Dealt to Mahu2021 [Tc 4c]
supremus33: folds 
Uncalled bet (30) returned to Mahu2021
Mahu2021 collected 60 from pot
Mahu2021: doesn't show hand 
*** SUMMARY ***
Total pot 60 | Rake 0 
Seat 1: supremus33 (button) (small blind) folded before Flop
Seat 2: Mahu2021 (big blind) collected (60)



PokerStars Hand #244438794930: Tournament #3608345584, $0.92+$0.08 USD Hold'em No Limit - Level IV (30/60) - 2023/06/24 14:28:03 CET [2023/06/24 8:28:03 ET]
Table '3608345584 1' 3-max Seat #2 is the button
Seat 1: supremus33 (400 in chips) 
Seat 2: Mahu2021 (1100 in chips) 
Mahu2021: posts small blind 30
supremus33: posts big blind 60
*** HOLE CARDS ***
Dealt to Mahu2021 [9c 3d]
Mahu2021: folds 
Uncalled bet (30) returned to supremus33
supremus33 collected 60 from pot
supremus33: doesn't show hand 
*** SUMMARY ***
Total pot 60 | Rake 0 
Seat 1: supremus33 (big blind) collected (60)
Seat 2: Mahu2021 (button) (small blind) folded before Flop



PokerStars Hand #244438795746: Tournament #3608345584, $0.92+$0.08 USD Hold'em No Limit - Level IV (30/60) - 2023/06/24 14:28:07 CET [2023/06/24 8:28:07 ET]
Table '3608345584 1' 3-max Seat #1 is the button
Seat 1: supremus33 (430 in chips) 
Seat 2: Mahu2021 (1070 in chips) 
supremus33: posts small blind 30
Mahu2021: posts big blind 60
*** HOLE CARDS ***
Dealt to Mahu2021 [Kc Tc]
supremus33: raises 370 to 430 and is all-in
Mahu2021: calls 370
*** FLOP *** [Qh 3h Qc]
*** TURN *** [Qh 3h Qc] [Ts]
*** RIVER *** [Qh 3h Qc Ts] [6c]
*** SHOW DOWN ***
Mahu2021: shows [Kc Tc] (two pair, Queens and Tens)
supremus33: shows [Jh Ad] (a pair of Queens)
Mahu2021 collected 860 from pot
supremus33 finished the tournament in 2nd place
Mahu2021 wins the tournament and receives $2.00 - congratulations!
*** SUMMARY ***
Total pot 860 | Rake 0 
Board [Qh 3h Qc Ts 6c]
Seat 1: supremus33 (button) (small blind) showed [Jh Ad] and lost with a pair of Queens
Seat 2: Mahu2021 (big blind) showed [Kc Tc] and won (860) with two pair, Queens and Tens



