PokerStars Hand #249417906681: Tournament #3728756935, $1.84+$0.16 USD Hold'em No Limit - Level I (10/20) - 2024/03/14 18:27:08 CET [2024/03/14 13:27:08 ET]
Table '3728756935 1' 3-max Seat #1 is the button
Seat 1: Tang645be (500 in chips) 
Seat 2: Marian0408 (500 in chips) is sitting out
Seat 3: Mahu2021 (500 in chips) 
Marian0408: posts small blind 10
Mahu2021: posts big blind 20
*** HOLE CARDS ***
Dealt to Mahu2021 [5s 8h]
Tang645be: raises 20 to 40
Marian0408: folds 
Mahu2021: folds 
Uncalled bet (20) returned to Tang645be
Tang645be collected 50 from pot
Tang645be: doesn't show hand 
*** SUMMARY ***
Total pot 50 | Rake 0 
Seat 1: Tang645be (button) collected (50)
Seat 2: Marian0408 (small blind) folded before Flop
Seat 3: Mahu2021 (big blind) folded before Flop



PokerStars Hand #249417908380: Tournament #3728756935, $1.84+$0.16 USD Hold'em No Limit - Level I (10/20) - 2024/03/14 18:27:14 CET [2024/03/14 13:27:14 ET]
Table '3728756935 1' 3-max Seat #2 is the button
Seat 1: Tang645be (530 in chips) 
Seat 2: Marian0408 (490 in chips) is sitting out
Seat 3: Mahu2021 (480 in chips) 
Mahu2021: posts small blind 10
Tang645be: posts big blind 20
*** HOLE CARDS ***
Dealt to Mahu2021 [Kd 6h]
Marian0408: folds 
Mahu2021: calls 10
Tang645be: checks 
*** FLOP *** [Qc Js 9d]
Mahu2021: checks 
Tang645be: bets 20
Mahu2021: calls 20
*** TURN *** [Qc Js 9d] [As]
Mahu2021: checks 
Tang645be: checks 
*** RIVER *** [Qc Js 9d As] [3s]
Mahu2021: checks 
Tang645be: checks 
*** SHOW DOWN ***
Mahu2021: shows [Kd 6h] (high card Ace)
Tang645be: mucks hand 
Mahu2021 collected 80 from pot
*** SUMMARY ***
Total pot 80 | Rake 0 
Board [Qc Js 9d As 3s]
Seat 1: Tang645be (big blind) mucked [5s 7c]
Seat 2: Marian0408 (button) folded before Flop (didn't bet)
Seat 3: Mahu2021 (small blind) showed [Kd 6h] and won (80) with high card Ace



PokerStars Hand #249417912729: Tournament #3728756935, $1.84+$0.16 USD Hold'em No Limit - Level I (10/20) - 2024/03/14 18:27:30 CET [2024/03/14 13:27:30 ET]
Table '3728756935 1' 3-max Seat #3 is the button
Seat 1: Tang645be (490 in chips) 
Seat 2: Marian0408 (490 in chips) is sitting out
Seat 3: Mahu2021 (520 in chips) 
Tang645be: posts small blind 10
Marian0408: posts big blind 20
*** HOLE CARDS ***
Dealt to Mahu2021 [Jh 3c]
Mahu2021: calls 20
Tang645be: calls 10
Marian0408: folds 
*** FLOP *** [Js Qs 2h]
Tang645be: bets 20
Mahu2021: calls 20
*** TURN *** [Js Qs 2h] [2c]
Tang645be: bets 60
Mahu2021: calls 60
*** RIVER *** [Js Qs 2h 2c] [3d]
Tang645be: bets 20
Mahu2021: calls 20
*** SHOW DOWN ***
Tang645be: shows [Jc 8d] (two pair, Jacks and Deuces)
Mahu2021: shows [Jh 3c] (two pair, Jacks and Threes)
Mahu2021 collected 260 from pot
*** SUMMARY ***
Total pot 260 | Rake 0 
Board [Js Qs 2h 2c 3d]
Seat 1: Tang645be (small blind) showed [Jc 8d] and lost with two pair, Jacks and Deuces
Seat 2: Marian0408 (big blind) folded before Flop
Seat 3: Mahu2021 (button) showed [Jh 3c] and won (260) with two pair, Jacks and Threes



PokerStars Hand #249417917479: Tournament #3728756935, $1.84+$0.16 USD Hold'em No Limit - Level I (10/20) - 2024/03/14 18:27:46 CET [2024/03/14 13:27:46 ET]
Table '3728756935 1' 3-max Seat #1 is the button
Seat 1: Tang645be (370 in chips) 
Seat 2: Marian0408 (470 in chips) is sitting out
Seat 3: Mahu2021 (660 in chips) 
Marian0408: posts small blind 10
Mahu2021: posts big blind 20
*** HOLE CARDS ***
Dealt to Mahu2021 [Ac 4d]
Tang645be: raises 20 to 40
Marian0408: folds 
Mahu2021: calls 20
*** FLOP *** [Ad Td 6h]
Mahu2021: checks 
Tang645be: bets 20
Mahu2021: calls 20
*** TURN *** [Ad Td 6h] [3h]
Mahu2021: checks 
Tang645be: bets 60
Mahu2021: calls 60
*** RIVER *** [Ad Td 6h 3h] [Qs]
Mahu2021: checks 
Tang645be: bets 60
Mahu2021: calls 60
*** SHOW DOWN ***
Tang645be: shows [Ks As] (a pair of Aces)
Mahu2021: mucks hand 
Tang645be collected 370 from pot
*** SUMMARY ***
Total pot 370 | Rake 0 
Board [Ad Td 6h 3h Qs]
Seat 1: Tang645be (button) showed [Ks As] and won (370) with a pair of Aces
Seat 2: Marian0408 (small blind) folded before Flop
Seat 3: Mahu2021 (big blind) mucked [Ac 4d]



PokerStars Hand #249417922668: Tournament #3728756935, $1.84+$0.16 USD Hold'em No Limit - Level I (10/20) - 2024/03/14 18:28:05 CET [2024/03/14 13:28:05 ET]
Table '3728756935 1' 3-max Seat #2 is the button
Seat 1: Tang645be (560 in chips) 
Seat 2: Marian0408 (460 in chips) is sitting out
Seat 3: Mahu2021 (480 in chips) 
Mahu2021: posts small blind 10
Tang645be: posts big blind 20
*** HOLE CARDS ***
Dealt to Mahu2021 [Ad Jd]
Marian0408: folds 
Mahu2021: raises 20 to 40
Tang645be: calls 20
*** FLOP *** [9d Ks 2c]
Mahu2021: checks 
Tang645be: checks 
*** TURN *** [9d Ks 2c] [Ah]
Mahu2021: bets 40
Tang645be: folds 
Uncalled bet (40) returned to Mahu2021
Mahu2021 collected 80 from pot
Mahu2021: doesn't show hand 
*** SUMMARY ***
Total pot 80 | Rake 0 
Board [9d Ks 2c Ah]
Seat 1: Tang645be (big blind) folded on the Turn
Seat 2: Marian0408 (button) folded before Flop (didn't bet)
Seat 3: Mahu2021 (small blind) collected (80)



PokerStars Hand #249417926314: Tournament #3728756935, $1.84+$0.16 USD Hold'em No Limit - Level I (10/20) - 2024/03/14 18:28:18 CET [2024/03/14 13:28:18 ET]
Table '3728756935 1' 3-max Seat #3 is the button
Seat 1: Tang645be (520 in chips) 
Seat 2: Marian0408 (460 in chips) is sitting out
Seat 3: Mahu2021 (520 in chips) 
Tang645be: posts small blind 10
Marian0408: posts big blind 20
*** HOLE CARDS ***
Dealt to Mahu2021 [As 6d]
Mahu2021: raises 20 to 40
Tang645be: calls 30
Marian0408: folds 
*** FLOP *** [5h 9s 4s]
Tang645be: checks 
Mahu2021: checks 
*** TURN *** [5h 9s 4s] [6h]
Tang645be: checks 
Mahu2021: checks 
*** RIVER *** [5h 9s 4s 6h] [4h]
Tang645be: checks 
Mahu2021: bets 100
Tang645be: folds 
Uncalled bet (100) returned to Mahu2021
Mahu2021 collected 100 from pot
Mahu2021: doesn't show hand 
*** SUMMARY ***
Total pot 100 | Rake 0 
Board [5h 9s 4s 6h 4h]
Seat 1: Tang645be (small blind) folded on the River
Seat 2: Marian0408 (big blind) folded before Flop
Seat 3: Mahu2021 (button) collected (100)



PokerStars Hand #249417930832: Tournament #3728756935, $1.84+$0.16 USD Hold'em No Limit - Level I (10/20) - 2024/03/14 18:28:34 CET [2024/03/14 13:28:34 ET]
Table '3728756935 1' 3-max Seat #1 is the button
Seat 1: Tang645be (480 in chips) 
Seat 2: Marian0408 (440 in chips) is sitting out
Seat 3: Mahu2021 (580 in chips) 
Marian0408: posts small blind 10
Mahu2021: posts big blind 20
*** HOLE CARDS ***
Dealt to Mahu2021 [6s 9c]
Tang645be: raises 20 to 40
Marian0408: folds 
Mahu2021: calls 20
*** FLOP *** [8c Ah Kh]
Mahu2021: checks 
Tang645be: bets 20
Marian0408 has returned
Mahu2021: folds 
Uncalled bet (20) returned to Tang645be
Tang645be collected 90 from pot
Tang645be: doesn't show hand 
*** SUMMARY ***
Total pot 90 | Rake 0 
Board [8c Ah Kh]
Seat 1: Tang645be (button) collected (90)
Seat 2: Marian0408 (small blind) folded before Flop
Seat 3: Mahu2021 (big blind) folded on the Flop



PokerStars Hand #249417933701: Tournament #3728756935, $1.84+$0.16 USD Hold'em No Limit - Level I (10/20) - 2024/03/14 18:28:44 CET [2024/03/14 13:28:44 ET]
Table '3728756935 1' 3-max Seat #2 is the button
Seat 1: Tang645be (530 in chips) 
Seat 2: Marian0408 (430 in chips) 
Seat 3: Mahu2021 (540 in chips) 
Mahu2021: posts small blind 10
Tang645be: posts big blind 20
*** HOLE CARDS ***
Dealt to Mahu2021 [4c 6h]
Marian0408: raises 40 to 60
Mahu2021: folds 
Tang645be: folds 
Uncalled bet (40) returned to Marian0408
Marian0408 collected 50 from pot
Marian0408: doesn't show hand 
*** SUMMARY ***
Total pot 50 | Rake 0 
Seat 1: Tang645be (big blind) folded before Flop
Seat 2: Marian0408 (button) collected (50)
Seat 3: Mahu2021 (small blind) folded before Flop



PokerStars Hand #249417935832: Tournament #3728756935, $1.84+$0.16 USD Hold'em No Limit - Level I (10/20) - 2024/03/14 18:28:52 CET [2024/03/14 13:28:52 ET]
Table '3728756935 1' 3-max Seat #3 is the button
Seat 1: Tang645be (510 in chips) 
Seat 2: Marian0408 (460 in chips) 
Seat 3: Mahu2021 (530 in chips) 
Tang645be: posts small blind 10
Marian0408: posts big blind 20
*** HOLE CARDS ***
Dealt to Mahu2021 [3d 4c]
Mahu2021: folds 
Tang645be: raises 20 to 40
Marian0408: calls 20
*** FLOP *** [Jd 3s Ad]
Tang645be: bets 60
Marian0408: calls 60
*** TURN *** [Jd 3s Ad] [8d]
Tang645be: bets 20
Marian0408: raises 120 to 140
Tang645be: folds 
Uncalled bet (120) returned to Marian0408
Marian0408 collected 240 from pot
Marian0408: doesn't show hand 
*** SUMMARY ***
Total pot 240 | Rake 0 
Board [Jd 3s Ad 8d]
Seat 1: Tang645be (small blind) folded on the Turn
Seat 2: Marian0408 (big blind) collected (240)
Seat 3: Mahu2021 (button) folded before Flop (didn't bet)



PokerStars Hand #249417941808: Tournament #3728756935, $1.84+$0.16 USD Hold'em No Limit - Level II (15/30) - 2024/03/14 18:29:13 CET [2024/03/14 13:29:13 ET]
Table '3728756935 1' 3-max Seat #1 is the button
Seat 1: Tang645be (390 in chips) 
Seat 2: Marian0408 (580 in chips) 
Seat 3: Mahu2021 (530 in chips) 
Marian0408: posts small blind 15
Mahu2021: posts big blind 30
*** HOLE CARDS ***
Dealt to Mahu2021 [3h 7h]
Tang645be: raises 30 to 60
Marian0408: folds 
Mahu2021: folds 
Uncalled bet (30) returned to Tang645be
Tang645be collected 75 from pot
Tang645be: doesn't show hand 
*** SUMMARY ***
Total pot 75 | Rake 0 
Seat 1: Tang645be (button) collected (75)
Seat 2: Marian0408 (small blind) folded before Flop
Seat 3: Mahu2021 (big blind) folded before Flop



PokerStars Hand #249417943984: Tournament #3728756935, $1.84+$0.16 USD Hold'em No Limit - Level II (15/30) - 2024/03/14 18:29:21 CET [2024/03/14 13:29:21 ET]
Table '3728756935 1' 3-max Seat #2 is the button
Seat 1: Tang645be (435 in chips) 
Seat 2: Marian0408 (565 in chips) 
Seat 3: Mahu2021 (500 in chips) 
Mahu2021: posts small blind 15
Tang645be: posts big blind 30
*** HOLE CARDS ***
Dealt to Mahu2021 [2d 8d]
Marian0408: folds 
Mahu2021: folds 
Uncalled bet (15) returned to Tang645be
Tang645be collected 30 from pot
Tang645be: doesn't show hand 
*** SUMMARY ***
Total pot 30 | Rake 0 
Seat 1: Tang645be (big blind) collected (30)
Seat 2: Marian0408 (button) folded before Flop (didn't bet)
Seat 3: Mahu2021 (small blind) folded before Flop



PokerStars Hand #249417945264: Tournament #3728756935, $1.84+$0.16 USD Hold'em No Limit - Level II (15/30) - 2024/03/14 18:29:26 CET [2024/03/14 13:29:26 ET]
Table '3728756935 1' 3-max Seat #3 is the button
Seat 1: Tang645be (450 in chips) 
Seat 2: Marian0408 (565 in chips) 
Seat 3: Mahu2021 (485 in chips) 
Tang645be: posts small blind 15
Marian0408: posts big blind 30
*** HOLE CARDS ***
Dealt to Mahu2021 [2h 7s]
Mahu2021: folds 
Tang645be: calls 15
Marian0408: raises 60 to 90
Tang645be: folds 
Uncalled bet (60) returned to Marian0408
Marian0408 collected 60 from pot
Marian0408: doesn't show hand 
*** SUMMARY ***
Total pot 60 | Rake 0 
Seat 1: Tang645be (small blind) folded before Flop
Seat 2: Marian0408 (big blind) collected (60)
Seat 3: Mahu2021 (button) folded before Flop (didn't bet)



PokerStars Hand #249417948461: Tournament #3728756935, $1.84+$0.16 USD Hold'em No Limit - Level II (15/30) - 2024/03/14 18:29:37 CET [2024/03/14 13:29:37 ET]
Table '3728756935 1' 3-max Seat #1 is the button
Seat 1: Tang645be (420 in chips) 
Seat 2: Marian0408 (595 in chips) 
Seat 3: Mahu2021 (485 in chips) 
Marian0408: posts small blind 15
Mahu2021: posts big blind 30
*** HOLE CARDS ***
Dealt to Mahu2021 [2d 9s]
Tang645be: raises 30 to 60
Marian0408: raises 150 to 210
Mahu2021: folds 
Tang645be: folds 
Uncalled bet (150) returned to Marian0408
Marian0408 collected 150 from pot
Marian0408: doesn't show hand 
*** SUMMARY ***
Total pot 150 | Rake 0 
Seat 1: Tang645be (button) folded before Flop
Seat 2: Marian0408 (small blind) collected (150)
Seat 3: Mahu2021 (big blind) folded before Flop



PokerStars Hand #249417951466: Tournament #3728756935, $1.84+$0.16 USD Hold'em No Limit - Level II (15/30) - 2024/03/14 18:29:48 CET [2024/03/14 13:29:48 ET]
Table '3728756935 1' 3-max Seat #2 is the button
Seat 1: Tang645be (360 in chips) 
Seat 2: Marian0408 (685 in chips) 
Seat 3: Mahu2021 (455 in chips) 
Mahu2021: posts small blind 15
Tang645be: posts big blind 30
*** HOLE CARDS ***
Dealt to Mahu2021 [Ts Tc]
Marian0408: calls 30
Mahu2021: calls 15
Tang645be: raises 30 to 60
Marian0408: calls 30
Mahu2021: calls 30
*** FLOP *** [7d 6s 5h]
Mahu2021: bets 395 and is all-in
Tang645be: folds 
Marian0408: calls 395
*** TURN *** [7d 6s 5h] [2d]
*** RIVER *** [7d 6s 5h 2d] [As]
*** SHOW DOWN ***
Mahu2021: shows [Ts Tc] (a pair of Tens)
Marian0408: shows [7s 9s] (a pair of Sevens)
Mahu2021 collected 970 from pot
*** SUMMARY ***
Total pot 970 | Rake 0 
Board [7d 6s 5h 2d As]
Seat 1: Tang645be (big blind) folded on the Flop
Seat 2: Marian0408 (button) showed [7s 9s] and lost with a pair of Sevens
Seat 3: Mahu2021 (small blind) showed [Ts Tc] and won (970) with a pair of Tens



PokerStars Hand #249417957003: Tournament #3728756935, $1.84+$0.16 USD Hold'em No Limit - Level II (15/30) - 2024/03/14 18:30:07 CET [2024/03/14 13:30:07 ET]
Table '3728756935 1' 3-max Seat #3 is the button
Seat 1: Tang645be (300 in chips) 
Seat 2: Marian0408 (230 in chips) 
Seat 3: Mahu2021 (970 in chips) 
Tang645be: posts small blind 15
Marian0408: posts big blind 30
*** HOLE CARDS ***
Dealt to Mahu2021 [Jd Kh]
Mahu2021: calls 30
Tang645be: folds 
Marian0408: raises 200 to 230 and is all-in
Mahu2021: calls 200
*** FLOP *** [5h 2c 6d]
*** TURN *** [5h 2c 6d] [Ac]
*** RIVER *** [5h 2c 6d Ac] [As]
*** SHOW DOWN ***
Marian0408: shows [Td 9c] (a pair of Aces)
Mahu2021: shows [Jd Kh] (a pair of Aces - King kicker)
Mahu2021 collected 475 from pot
Marian0408 finished the tournament in 3rd place
*** SUMMARY ***
Total pot 475 | Rake 0 
Board [5h 2c 6d Ac As]
Seat 1: Tang645be (small blind) folded before Flop
Seat 2: Marian0408 (big blind) showed [Td 9c] and lost with a pair of Aces
Seat 3: Mahu2021 (button) showed [Jd Kh] and won (475) with a pair of Aces



PokerStars Hand #249417962434: Tournament #3728756935, $1.84+$0.16 USD Hold'em No Limit - Level II (15/30) - 2024/03/14 18:30:26 CET [2024/03/14 13:30:26 ET]
Table '3728756935 1' 3-max Seat #1 is the button
Seat 1: Tang645be (285 in chips) 
Seat 3: Mahu2021 (1215 in chips) 
Tang645be: posts small blind 15
Mahu2021: posts big blind 30
*** HOLE CARDS ***
Dealt to Mahu2021 [Qc 8c]
Tang645be: raises 255 to 285 and is all-in
Mahu2021: calls 255
*** FLOP *** [9h Jd 9c]
*** TURN *** [9h Jd 9c] [Ks]
*** RIVER *** [9h Jd 9c Ks] [Ah]
*** SHOW DOWN ***
Mahu2021: shows [Qc 8c] (a pair of Nines)
Tang645be: shows [Jh Ts] (two pair, Jacks and Nines)
Tang645be collected 570 from pot
*** SUMMARY ***
Total pot 570 | Rake 0 
Board [9h Jd 9c Ks Ah]
Seat 1: Tang645be (button) (small blind) showed [Jh Ts] and won (570) with two pair, Jacks and Nines
Seat 3: Mahu2021 (big blind) showed [Qc 8c] and lost with a pair of Nines



PokerStars Hand #249417966334: Tournament #3728756935, $1.84+$0.16 USD Hold'em No Limit - Level II (15/30) - 2024/03/14 18:30:40 CET [2024/03/14 13:30:40 ET]
Table '3728756935 1' 3-max Seat #3 is the button
Seat 1: Tang645be (570 in chips) 
Seat 3: Mahu2021 (930 in chips) 
Mahu2021: posts small blind 15
Tang645be: posts big blind 30
*** HOLE CARDS ***
Dealt to Mahu2021 [Jh 7h]
Mahu2021: raises 30 to 60
Tang645be: raises 510 to 570 and is all-in
Mahu2021: folds 
Uncalled bet (510) returned to Tang645be
Tang645be collected 120 from pot
Tang645be: doesn't show hand 
*** SUMMARY ***
Total pot 120 | Rake 0 
Seat 1: Tang645be (big blind) collected (120)
Seat 3: Mahu2021 (button) (small blind) folded before Flop



PokerStars Hand #249417968723: Tournament #3728756935, $1.84+$0.16 USD Hold'em No Limit - Level II (15/30) - 2024/03/14 18:30:48 CET [2024/03/14 13:30:48 ET]
Table '3728756935 1' 3-max Seat #1 is the button
Seat 1: Tang645be (630 in chips) 
Seat 3: Mahu2021 (870 in chips) 
Tang645be: posts small blind 15
Mahu2021: posts big blind 30
*** HOLE CARDS ***
Dealt to Mahu2021 [5s 2h]
Tang645be: raises 30 to 60
Mahu2021: folds 
Uncalled bet (30) returned to Tang645be
Tang645be collected 60 from pot
Tang645be: doesn't show hand 
*** SUMMARY ***
Total pot 60 | Rake 0 
Seat 1: Tang645be (button) (small blind) collected (60)
Seat 3: Mahu2021 (big blind) folded before Flop



PokerStars Hand #249417970848: Tournament #3728756935, $1.84+$0.16 USD Hold'em No Limit - Level II (15/30) - 2024/03/14 18:30:56 CET [2024/03/14 13:30:56 ET]
Table '3728756935 1' 3-max Seat #3 is the button
Seat 1: Tang645be (660 in chips) 
Seat 3: Mahu2021 (840 in chips) 
Mahu2021: posts small blind 15
Tang645be: posts big blind 30
*** HOLE CARDS ***
Dealt to Mahu2021 [Qh Ah]
Mahu2021: calls 15
Tang645be: raises 30 to 60
Mahu2021: raises 780 to 840 and is all-in
Tang645be: calls 600 and is all-in
Uncalled bet (180) returned to Mahu2021
*** FLOP *** [Ks Tc 3s]
*** TURN *** [Ks Tc 3s] [Kd]
*** RIVER *** [Ks Tc 3s Kd] [4h]
*** SHOW DOWN ***
Tang645be: shows [7h Ac] (a pair of Kings)
Mahu2021: shows [Qh Ah] (a pair of Kings - Ace+Queen kicker)
Mahu2021 collected 1320 from pot
Tang645be finished the tournament in 2nd place
Mahu2021 wins the tournament and receives $4.00 - congratulations!
*** SUMMARY ***
Total pot 1320 | Rake 0 
Board [Ks Tc 3s Kd 4h]
Seat 1: Tang645be (big blind) showed [7h Ac] and lost with a pair of Kings
Seat 3: Mahu2021 (button) (small blind) showed [Qh Ah] and won (1320) with a pair of Kings



