PokerStars Hand #249839510051: Tournament #3738723673, $1.84+$0.16 USD Hold'em No Limit - Level I (10/20) - 2024/04/07 8:19:23 CET [2024/04/07 2:19:23 ET]
Table '3738723673 1' 3-max Seat #1 is the button
Seat 1: araucano22 (500 in chips) 
Seat 2: sebapm87 (500 in chips) 
Seat 3: Mahu2021 (500 in chips) 
sebapm87: posts small blind 10
Mahu2021: posts big blind 20
*** HOLE CARDS ***
Dealt to Mahu2021 [4h 3c]
araucano22: raises 20 to 40
sebapm87: calls 30
Mahu2021: calls 20
*** FLOP *** [6s Ah 6h]
sebapm87: checks 
Mahu2021: checks 
araucano22: bets 20
sebapm87: folds 
Mahu2021: folds 
Uncalled bet (20) returned to araucano22
araucano22 collected 120 from pot
araucano22: doesn't show hand 
*** SUMMARY ***
Total pot 120 | Rake 0 
Board [6s Ah 6h]
Seat 1: araucano22 (button) collected (120)
Seat 2: sebapm87 (small blind) folded on the Flop
Seat 3: Mahu2021 (big blind) folded on the Flop



PokerStars Hand #249839512465: Tournament #3738723673, $1.84+$0.16 USD Hold'em No Limit - Level I (10/20) - 2024/04/07 8:19:47 CET [2024/04/07 2:19:47 ET]
Table '3738723673 1' 3-max Seat #2 is the button
Seat 1: araucano22 (580 in chips) 
Seat 2: sebapm87 (460 in chips) 
Seat 3: Mahu2021 (460 in chips) 
Mahu2021: posts small blind 10
araucano22: posts big blind 20
*** HOLE CARDS ***
Dealt to Mahu2021 [5h 2h]
sebapm87: folds 
Mahu2021: calls 10
araucano22: checks 
*** FLOP *** [8s Jh Qc]
Mahu2021: checks 
araucano22: bets 20
Mahu2021: folds 
Uncalled bet (20) returned to araucano22
araucano22 collected 40 from pot
araucano22: doesn't show hand 
*** SUMMARY ***
Total pot 40 | Rake 0 
Board [8s Jh Qc]
Seat 1: araucano22 (big blind) collected (40)
Seat 2: sebapm87 (button) folded before Flop (didn't bet)
Seat 3: Mahu2021 (small blind) folded on the Flop



PokerStars Hand #249839514041: Tournament #3738723673, $1.84+$0.16 USD Hold'em No Limit - Level I (10/20) - 2024/04/07 8:20:03 CET [2024/04/07 2:20:03 ET]
Table '3738723673 1' 3-max Seat #3 is the button
Seat 1: araucano22 (600 in chips) 
Seat 2: sebapm87 (460 in chips) 
Seat 3: Mahu2021 (440 in chips) 
araucano22: posts small blind 10
sebapm87: posts big blind 20
*** HOLE CARDS ***
Dealt to Mahu2021 [9d Kd]
Mahu2021: raises 20 to 40
araucano22: folds 
sebapm87: folds 
Uncalled bet (20) returned to Mahu2021
Mahu2021 collected 50 from pot
Mahu2021: doesn't show hand 
*** SUMMARY ***
Total pot 50 | Rake 0 
Seat 1: araucano22 (small blind) folded before Flop
Seat 2: sebapm87 (big blind) folded before Flop
Seat 3: Mahu2021 (button) collected (50)



PokerStars Hand #249839515099: Tournament #3738723673, $1.84+$0.16 USD Hold'em No Limit - Level I (10/20) - 2024/04/07 8:20:13 CET [2024/04/07 2:20:13 ET]
Table '3738723673 1' 3-max Seat #1 is the button
Seat 1: araucano22 (590 in chips) 
Seat 2: sebapm87 (440 in chips) 
Seat 3: Mahu2021 (470 in chips) 
sebapm87: posts small blind 10
Mahu2021: posts big blind 20
*** HOLE CARDS ***
Dealt to Mahu2021 [5d Qs]
araucano22: calls 20
sebapm87: calls 10
Mahu2021: checks 
*** FLOP *** [Kh Qc 7s]
sebapm87: checks 
Mahu2021: bets 20
araucano22: raises 20 to 40
sebapm87: folds 
Mahu2021: folds 
Uncalled bet (20) returned to araucano22
araucano22 collected 100 from pot
araucano22: doesn't show hand 
*** SUMMARY ***
Total pot 100 | Rake 0 
Board [Kh Qc 7s]
Seat 1: araucano22 (button) collected (100)
Seat 2: sebapm87 (small blind) folded on the Flop
Seat 3: Mahu2021 (big blind) folded on the Flop



PokerStars Hand #249839518625: Tournament #3738723673, $1.84+$0.16 USD Hold'em No Limit - Level I (10/20) - 2024/04/07 8:20:49 CET [2024/04/07 2:20:49 ET]
Table '3738723673 1' 3-max Seat #2 is the button
Seat 1: araucano22 (650 in chips) 
Seat 2: sebapm87 (420 in chips) 
Seat 3: Mahu2021 (430 in chips) 
Mahu2021: posts small blind 10
araucano22: posts big blind 20
*** HOLE CARDS ***
Dealt to Mahu2021 [9s 6h]
sebapm87: folds 
Mahu2021: folds 
Uncalled bet (10) returned to araucano22
araucano22 collected 20 from pot
araucano22: doesn't show hand 
*** SUMMARY ***
Total pot 20 | Rake 0 
Seat 1: araucano22 (big blind) collected (20)
Seat 2: sebapm87 (button) folded before Flop (didn't bet)
Seat 3: Mahu2021 (small blind) folded before Flop



PokerStars Hand #249839519255: Tournament #3738723673, $1.84+$0.16 USD Hold'em No Limit - Level I (10/20) - 2024/04/07 8:20:55 CET [2024/04/07 2:20:55 ET]
Table '3738723673 1' 3-max Seat #3 is the button
Seat 1: araucano22 (660 in chips) 
Seat 2: sebapm87 (420 in chips) 
Seat 3: Mahu2021 (420 in chips) 
araucano22: posts small blind 10
sebapm87: posts big blind 20
*** HOLE CARDS ***
Dealt to Mahu2021 [4s Th]
Mahu2021: folds 
araucano22: folds 
Uncalled bet (10) returned to sebapm87
sebapm87 collected 20 from pot
*** SUMMARY ***
Total pot 20 | Rake 0 
Seat 1: araucano22 (small blind) folded before Flop
Seat 2: sebapm87 (big blind) collected (20)
Seat 3: Mahu2021 (button) folded before Flop (didn't bet)



PokerStars Hand #249839519928: Tournament #3738723673, $1.84+$0.16 USD Hold'em No Limit - Level I (10/20) - 2024/04/07 8:21:02 CET [2024/04/07 2:21:02 ET]
Table '3738723673 1' 3-max Seat #1 is the button
Seat 1: araucano22 (650 in chips) 
Seat 2: sebapm87 (430 in chips) 
Seat 3: Mahu2021 (420 in chips) 
sebapm87: posts small blind 10
Mahu2021: posts big blind 20
*** HOLE CARDS ***
Dealt to Mahu2021 [3h 5c]
araucano22: raises 20 to 40
sebapm87: folds 
Mahu2021: calls 20
*** FLOP *** [Ah 3c Kc]
Mahu2021: checks 
araucano22: bets 20
Mahu2021: calls 20
*** TURN *** [Ah 3c Kc] [7c]
Mahu2021: checks 
araucano22: bets 20
Mahu2021: calls 20
*** RIVER *** [Ah 3c Kc 7c] [5d]
Mahu2021: bets 170
araucano22: raises 170 to 340
Mahu2021: calls 170 and is all-in
*** SHOW DOWN ***
araucano22: shows [Jh Kd] (a pair of Kings)
Mahu2021: shows [3h 5c] (two pair, Fives and Threes)
Mahu2021 collected 850 from pot
*** SUMMARY ***
Total pot 850 | Rake 0 
Board [Ah 3c Kc 7c 5d]
Seat 1: araucano22 (button) showed [Jh Kd] and lost with a pair of Kings
Seat 2: sebapm87 (small blind) folded before Flop
Seat 3: Mahu2021 (big blind) showed [3h 5c] and won (850) with two pair, Fives and Threes



PokerStars Hand #249839522482: Tournament #3738723673, $1.84+$0.16 USD Hold'em No Limit - Level I (10/20) - 2024/04/07 8:21:28 CET [2024/04/07 2:21:28 ET]
Table '3738723673 1' 3-max Seat #2 is the button
Seat 1: araucano22 (230 in chips) 
Seat 2: sebapm87 (420 in chips) 
Seat 3: Mahu2021 (850 in chips) 
Mahu2021: posts small blind 10
araucano22: posts big blind 20
*** HOLE CARDS ***
Dealt to Mahu2021 [Ad 3c]
sebapm87: folds 
Mahu2021: calls 10
araucano22: raises 20 to 40
Mahu2021: calls 20
*** FLOP *** [7s Jd Ah]
Mahu2021: checks 
araucano22: bets 20
Mahu2021: calls 20
*** TURN *** [7s Jd Ah] [Jc]
Mahu2021: checks 
araucano22: bets 20
Mahu2021: calls 20
*** RIVER *** [7s Jd Ah Jc] [7c]
Mahu2021: checks 
araucano22: bets 20
Mahu2021: calls 20
*** SHOW DOWN ***
araucano22: shows [As Td] (two pair, Aces and Jacks)
Mahu2021: mucks hand 
araucano22 collected 200 from pot
*** SUMMARY ***
Total pot 200 | Rake 0 
Board [7s Jd Ah Jc 7c]
Seat 1: araucano22 (big blind) showed [As Td] and won (200) with two pair, Aces and Jacks
Seat 2: sebapm87 (button) folded before Flop (didn't bet)
Seat 3: Mahu2021 (small blind) mucked [Ad 3c]



PokerStars Hand #249839524370: Tournament #3738723673, $1.84+$0.16 USD Hold'em No Limit - Level I (10/20) - 2024/04/07 8:21:47 CET [2024/04/07 2:21:47 ET]
Table '3738723673 1' 3-max Seat #3 is the button
Seat 1: araucano22 (330 in chips) 
Seat 2: sebapm87 (420 in chips) 
Seat 3: Mahu2021 (750 in chips) 
araucano22: posts small blind 10
sebapm87: posts big blind 20
*** HOLE CARDS ***
Dealt to Mahu2021 [7c 5h]
Mahu2021: folds 
araucano22: folds 
Uncalled bet (10) returned to sebapm87
sebapm87 collected 20 from pot
*** SUMMARY ***
Total pot 20 | Rake 0 
Seat 1: araucano22 (small blind) folded before Flop
Seat 2: sebapm87 (big blind) collected (20)
Seat 3: Mahu2021 (button) folded before Flop (didn't bet)



PokerStars Hand #249839524975: Tournament #3738723673, $1.84+$0.16 USD Hold'em No Limit - Level I (10/20) - 2024/04/07 8:21:53 CET [2024/04/07 2:21:53 ET]
Table '3738723673 1' 3-max Seat #1 is the button
Seat 1: araucano22 (320 in chips) 
Seat 2: sebapm87 (430 in chips) 
Seat 3: Mahu2021 (750 in chips) 
sebapm87: posts small blind 10
Mahu2021: posts big blind 20
*** HOLE CARDS ***
Dealt to Mahu2021 [Jc Qd]
araucano22: calls 20
sebapm87: folds 
Mahu2021: checks 
*** FLOP *** [Ks 3s 9d]
Mahu2021: checks 
araucano22: checks 
*** TURN *** [Ks 3s 9d] [5d]
Mahu2021: checks 
araucano22: checks 
*** RIVER *** [Ks 3s 9d 5d] [4h]
Mahu2021: bets 60
araucano22: folds 
Uncalled bet (60) returned to Mahu2021
Mahu2021 collected 50 from pot
Mahu2021: doesn't show hand 
*** SUMMARY ***
Total pot 50 | Rake 0 
Board [Ks 3s 9d 5d 4h]
Seat 1: araucano22 (button) folded on the River
Seat 2: sebapm87 (small blind) folded before Flop
Seat 3: Mahu2021 (big blind) collected (50)



PokerStars Hand #249839527397: Tournament #3738723673, $1.84+$0.16 USD Hold'em No Limit - Level I (10/20) - 2024/04/07 8:22:18 CET [2024/04/07 2:22:18 ET]
Table '3738723673 1' 3-max Seat #2 is the button
Seat 1: araucano22 (300 in chips) 
Seat 2: sebapm87 (420 in chips) 
Seat 3: Mahu2021 (780 in chips) 
Mahu2021: posts small blind 10
araucano22: posts big blind 20
*** HOLE CARDS ***
Dealt to Mahu2021 [9h 8c]
sebapm87: raises 400 to 420 and is all-in
Mahu2021: folds 
araucano22: folds 
Uncalled bet (400) returned to sebapm87
sebapm87 collected 50 from pot
*** SUMMARY ***
Total pot 50 | Rake 0 
Seat 1: araucano22 (big blind) folded before Flop
Seat 2: sebapm87 (button) collected (50)
Seat 3: Mahu2021 (small blind) folded before Flop



PokerStars Hand #249839528454: Tournament #3738723673, $1.84+$0.16 USD Hold'em No Limit - Level II (15/30) - 2024/04/07 8:22:29 CET [2024/04/07 2:22:29 ET]
Table '3738723673 1' 3-max Seat #3 is the button
Seat 1: araucano22 (280 in chips) 
Seat 2: sebapm87 (450 in chips) 
Seat 3: Mahu2021 (770 in chips) 
araucano22: posts small blind 15
sebapm87: posts big blind 30
*** HOLE CARDS ***
Dealt to Mahu2021 [Qs 6c]
Mahu2021: folds 
araucano22: calls 15
sebapm87: raises 420 to 450 and is all-in
araucano22: folds 
Uncalled bet (420) returned to sebapm87
sebapm87 collected 60 from pot
*** SUMMARY ***
Total pot 60 | Rake 0 
Seat 1: araucano22 (small blind) folded before Flop
Seat 2: sebapm87 (big blind) collected (60)
Seat 3: Mahu2021 (button) folded before Flop (didn't bet)



PokerStars Hand #249839529587: Tournament #3738723673, $1.84+$0.16 USD Hold'em No Limit - Level II (15/30) - 2024/04/07 8:22:40 CET [2024/04/07 2:22:40 ET]
Table '3738723673 1' 3-max Seat #1 is the button
Seat 1: araucano22 (250 in chips) 
Seat 2: sebapm87 (480 in chips) 
Seat 3: Mahu2021 (770 in chips) 
sebapm87: posts small blind 15
Mahu2021: posts big blind 30
*** HOLE CARDS ***
Dealt to Mahu2021 [6s Qc]
araucano22: calls 30
sebapm87: calls 15
Mahu2021: checks 
*** FLOP *** [7d 8h Kc]
sebapm87: checks 
Mahu2021: checks 
araucano22: bets 30
sebapm87: folds 
Mahu2021: folds 
Uncalled bet (30) returned to araucano22
araucano22 collected 90 from pot
araucano22: doesn't show hand 
*** SUMMARY ***
Total pot 90 | Rake 0 
Board [7d 8h Kc]
Seat 1: araucano22 (button) collected (90)
Seat 2: sebapm87 (small blind) folded on the Flop
Seat 3: Mahu2021 (big blind) folded on the Flop



PokerStars Hand #249839532242: Tournament #3738723673, $1.84+$0.16 USD Hold'em No Limit - Level II (15/30) - 2024/04/07 8:23:07 CET [2024/04/07 2:23:07 ET]
Table '3738723673 1' 3-max Seat #2 is the button
Seat 1: araucano22 (310 in chips) 
Seat 2: sebapm87 (450 in chips) 
Seat 3: Mahu2021 (740 in chips) 
Mahu2021: posts small blind 15
araucano22: posts big blind 30
*** HOLE CARDS ***
Dealt to Mahu2021 [Jc 2c]
sebapm87: folds 
Mahu2021: calls 15
araucano22: raises 30 to 60
Mahu2021: calls 30
*** FLOP *** [Ac Ts Ks]
Mahu2021: checks 
araucano22: bets 30
Mahu2021: calls 30
*** TURN *** [Ac Ts Ks] [2d]
Mahu2021: checks 
araucano22: bets 30
Mahu2021: calls 30
*** RIVER *** [Ac Ts Ks 2d] [Qs]
Mahu2021: bets 120
araucano22: raises 70 to 190 and is all-in
Mahu2021: calls 70
*** SHOW DOWN ***
araucano22: shows [Ad 8s] (a pair of Aces)
Mahu2021: shows [Jc 2c] (a straight, Ten to Ace)
Mahu2021 collected 620 from pot
araucano22 finished the tournament in 3rd place
*** SUMMARY ***
Total pot 620 | Rake 0 
Board [Ac Ts Ks 2d Qs]
Seat 1: araucano22 (big blind) showed [Ad 8s] and lost with a pair of Aces
Seat 2: sebapm87 (button) folded before Flop (didn't bet)
Seat 3: Mahu2021 (small blind) showed [Jc 2c] and won (620) with a straight, Ten to Ace



PokerStars Hand #249839535625: Tournament #3738723673, $1.84+$0.16 USD Hold'em No Limit - Level II (15/30) - 2024/04/07 8:23:41 CET [2024/04/07 2:23:41 ET]
Table '3738723673 1' 3-max Seat #3 is the button
Seat 2: sebapm87 (450 in chips) 
Seat 3: Mahu2021 (1050 in chips) 
Mahu2021: posts small blind 15
sebapm87: posts big blind 30
*** HOLE CARDS ***
Dealt to Mahu2021 [2h Jd]
Mahu2021: calls 15
sebapm87: raises 420 to 450 and is all-in
Mahu2021: folds 
Uncalled bet (420) returned to sebapm87
sebapm87 collected 60 from pot
*** SUMMARY ***
Total pot 60 | Rake 0 
Seat 2: sebapm87 (big blind) collected (60)
Seat 3: Mahu2021 (button) (small blind) folded before Flop



PokerStars Hand #249839536603: Tournament #3738723673, $1.84+$0.16 USD Hold'em No Limit - Level II (15/30) - 2024/04/07 8:23:51 CET [2024/04/07 2:23:51 ET]
Table '3738723673 1' 3-max Seat #2 is the button
Seat 2: sebapm87 (480 in chips) 
Seat 3: Mahu2021 (1020 in chips) 
sebapm87: posts small blind 15
Mahu2021: posts big blind 30
*** HOLE CARDS ***
Dealt to Mahu2021 [Qh 7d]
sebapm87: calls 15
Mahu2021: checks 
*** FLOP *** [Th 4s Jd]
Mahu2021: checks 
sebapm87: checks 
*** TURN *** [Th 4s Jd] [5d]
Mahu2021: checks 
sebapm87: checks 
*** RIVER *** [Th 4s Jd 5d] [6c]
Mahu2021: checks 
sebapm87: checks 
*** SHOW DOWN ***
Mahu2021: shows [Qh 7d] (high card Queen)
sebapm87: shows [2s Kc] (high card King)
sebapm87 collected 60 from pot
*** SUMMARY ***
Total pot 60 | Rake 0 
Board [Th 4s Jd 5d 6c]
Seat 2: sebapm87 (button) (small blind) showed [2s Kc] and won (60) with high card King
Seat 3: Mahu2021 (big blind) showed [Qh 7d] and lost with high card Queen



PokerStars Hand #249839538650: Tournament #3738723673, $1.84+$0.16 USD Hold'em No Limit - Level II (15/30) - 2024/04/07 8:24:11 CET [2024/04/07 2:24:11 ET]
Table '3738723673 1' 3-max Seat #3 is the button
Seat 2: sebapm87 (510 in chips) 
Seat 3: Mahu2021 (990 in chips) 
Mahu2021: posts small blind 15
sebapm87: posts big blind 30
*** HOLE CARDS ***
Dealt to Mahu2021 [Jc 5s]
Mahu2021: raises 30 to 60
sebapm87: raises 450 to 510 and is all-in
Mahu2021: folds 
Uncalled bet (450) returned to sebapm87
sebapm87 collected 120 from pot
*** SUMMARY ***
Total pot 120 | Rake 0 
Seat 2: sebapm87 (big blind) collected (120)
Seat 3: Mahu2021 (button) (small blind) folded before Flop



PokerStars Hand #249839539557: Tournament #3738723673, $1.84+$0.16 USD Hold'em No Limit - Level II (15/30) - 2024/04/07 8:24:20 CET [2024/04/07 2:24:20 ET]
Table '3738723673 1' 3-max Seat #2 is the button
Seat 2: sebapm87 (570 in chips) 
Seat 3: Mahu2021 (930 in chips) 
sebapm87: posts small blind 15
Mahu2021: posts big blind 30
*** HOLE CARDS ***
Dealt to Mahu2021 [Th 7d]
sebapm87: raises 540 to 570 and is all-in
Mahu2021: folds 
Uncalled bet (540) returned to sebapm87
sebapm87 collected 60 from pot
*** SUMMARY ***
Total pot 60 | Rake 0 
Seat 2: sebapm87 (button) (small blind) collected (60)
Seat 3: Mahu2021 (big blind) folded before Flop



PokerStars Hand #249839540384: Tournament #3738723673, $1.84+$0.16 USD Hold'em No Limit - Level II (15/30) - 2024/04/07 8:24:28 CET [2024/04/07 2:24:28 ET]
Table '3738723673 1' 3-max Seat #3 is the button
Seat 2: sebapm87 (600 in chips) 
Seat 3: Mahu2021 (900 in chips) 
Mahu2021: posts small blind 15
sebapm87: posts big blind 30
*** HOLE CARDS ***
Dealt to Mahu2021 [2d 5c]
Mahu2021: folds 
Uncalled bet (15) returned to sebapm87
sebapm87 collected 30 from pot
*** SUMMARY ***
Total pot 30 | Rake 0 
Seat 2: sebapm87 (big blind) collected (30)
Seat 3: Mahu2021 (button) (small blind) folded before Flop



PokerStars Hand #249839540873: Tournament #3738723673, $1.84+$0.16 USD Hold'em No Limit - Level II (15/30) - 2024/04/07 8:24:33 CET [2024/04/07 2:24:33 ET]
Table '3738723673 1' 3-max Seat #2 is the button
Seat 2: sebapm87 (615 in chips) 
Seat 3: Mahu2021 (885 in chips) 
sebapm87: posts small blind 15
Mahu2021: posts big blind 30
*** HOLE CARDS ***
Dealt to Mahu2021 [Jd Kc]
sebapm87: calls 15
Mahu2021: checks 
*** FLOP *** [5c 5s Qh]
Mahu2021: checks 
sebapm87: checks 
*** TURN *** [5c 5s Qh] [Qc]
Mahu2021: bets 60
sebapm87: folds 
Uncalled bet (60) returned to Mahu2021
Mahu2021 collected 60 from pot
Mahu2021: doesn't show hand 
*** SUMMARY ***
Total pot 60 | Rake 0 
Board [5c 5s Qh Qc]
Seat 2: sebapm87 (button) (small blind) folded on the Turn
Seat 3: Mahu2021 (big blind) collected (60)



PokerStars Hand #249839542962: Tournament #3738723673, $1.84+$0.16 USD Hold'em No Limit - Level II (15/30) - 2024/04/07 8:24:54 CET [2024/04/07 2:24:54 ET]
Table '3738723673 1' 3-max Seat #3 is the button
Seat 2: sebapm87 (585 in chips) 
Seat 3: Mahu2021 (915 in chips) 
Mahu2021: posts small blind 15
sebapm87: posts big blind 30
*** HOLE CARDS ***
Dealt to Mahu2021 [4d 5s]
Mahu2021: calls 15
sebapm87: raises 555 to 585 and is all-in
Mahu2021: folds 
Uncalled bet (555) returned to sebapm87
sebapm87 collected 60 from pot
*** SUMMARY ***
Total pot 60 | Rake 0 
Seat 2: sebapm87 (big blind) collected (60)
Seat 3: Mahu2021 (button) (small blind) folded before Flop



PokerStars Hand #249839544117: Tournament #3738723673, $1.84+$0.16 USD Hold'em No Limit - Level II (15/30) - 2024/04/07 8:25:05 CET [2024/04/07 2:25:05 ET]
Table '3738723673 1' 3-max Seat #2 is the button
Seat 2: sebapm87 (615 in chips) 
Seat 3: Mahu2021 (885 in chips) 
sebapm87: posts small blind 15
Mahu2021: posts big blind 30
*** HOLE CARDS ***
Dealt to Mahu2021 [Kc 7h]
sebapm87: raises 585 to 615 and is all-in
Mahu2021: folds 
Uncalled bet (585) returned to sebapm87
sebapm87 collected 60 from pot
*** SUMMARY ***
Total pot 60 | Rake 0 
Seat 2: sebapm87 (button) (small blind) collected (60)
Seat 3: Mahu2021 (big blind) folded before Flop



PokerStars Hand #249839544746: Tournament #3738723673, $1.84+$0.16 USD Hold'em No Limit - Level II (15/30) - 2024/04/07 8:25:11 CET [2024/04/07 2:25:11 ET]
Table '3738723673 1' 3-max Seat #3 is the button
Seat 2: sebapm87 (645 in chips) 
Seat 3: Mahu2021 (855 in chips) 
Mahu2021: posts small blind 15
sebapm87: posts big blind 30
*** HOLE CARDS ***
Dealt to Mahu2021 [8c 4s]
Mahu2021: folds 
Uncalled bet (15) returned to sebapm87
sebapm87 collected 30 from pot
*** SUMMARY ***
Total pot 30 | Rake 0 
Seat 2: sebapm87 (big blind) collected (30)
Seat 3: Mahu2021 (button) (small blind) folded before Flop



PokerStars Hand #249839545256: Tournament #3738723673, $1.84+$0.16 USD Hold'em No Limit - Level II (15/30) - 2024/04/07 8:25:16 CET [2024/04/07 2:25:16 ET]
Table '3738723673 1' 3-max Seat #2 is the button
Seat 2: sebapm87 (660 in chips) 
Seat 3: Mahu2021 (840 in chips) 
sebapm87: posts small blind 15
Mahu2021: posts big blind 30
*** HOLE CARDS ***
Dealt to Mahu2021 [6s 8s]
sebapm87: calls 15
Mahu2021: checks 
*** FLOP *** [7d Ah As]
Mahu2021: checks 
sebapm87: bets 30
Mahu2021: calls 30
*** TURN *** [7d Ah As] [Jc]
Mahu2021: checks 
sebapm87: checks 
*** RIVER *** [7d Ah As Jc] [Kh]
Mahu2021: bets 120
sebapm87: folds 
Uncalled bet (120) returned to Mahu2021
Mahu2021 collected 120 from pot
Mahu2021: doesn't show hand 
*** SUMMARY ***
Total pot 120 | Rake 0 
Board [7d Ah As Jc Kh]
Seat 2: sebapm87 (button) (small blind) folded on the River
Seat 3: Mahu2021 (big blind) collected (120)



PokerStars Hand #249839548926: Tournament #3738723673, $1.84+$0.16 USD Hold'em No Limit - Level III (20/40) - 2024/04/07 8:25:51 CET [2024/04/07 2:25:51 ET]
Table '3738723673 1' 3-max Seat #3 is the button
Seat 2: sebapm87 (600 in chips) 
Seat 3: Mahu2021 (900 in chips) 
Mahu2021: posts small blind 20
sebapm87: posts big blind 40
*** HOLE CARDS ***
Dealt to Mahu2021 [Qd 6d]
Mahu2021: calls 20
sebapm87: checks 
*** FLOP *** [9s 8s 6s]
sebapm87: checks 
Mahu2021: bets 40
sebapm87: folds 
Uncalled bet (40) returned to Mahu2021
Mahu2021 collected 80 from pot
Mahu2021: doesn't show hand 
*** SUMMARY ***
Total pot 80 | Rake 0 
Board [9s 8s 6s]
Seat 2: sebapm87 (big blind) folded on the Flop
Seat 3: Mahu2021 (button) (small blind) collected (80)



PokerStars Hand #249839550477: Tournament #3738723673, $1.84+$0.16 USD Hold'em No Limit - Level III (20/40) - 2024/04/07 8:26:07 CET [2024/04/07 2:26:07 ET]
Table '3738723673 1' 3-max Seat #2 is the button
Seat 2: sebapm87 (560 in chips) 
Seat 3: Mahu2021 (940 in chips) 
sebapm87: posts small blind 20
Mahu2021: posts big blind 40
*** HOLE CARDS ***
Dealt to Mahu2021 [6c 7h]
sebapm87: calls 20
Mahu2021: checks 
*** FLOP *** [4h 7s 9s]
Mahu2021: checks 
sebapm87: checks 
*** TURN *** [4h 7s 9s] [Ks]
Mahu2021: checks 
sebapm87: bets 40
Mahu2021: folds 
Uncalled bet (40) returned to sebapm87
sebapm87 collected 80 from pot
*** SUMMARY ***
Total pot 80 | Rake 0 
Board [4h 7s 9s Ks]
Seat 2: sebapm87 (button) (small blind) collected (80)
Seat 3: Mahu2021 (big blind) folded on the Turn



PokerStars Hand #249839552724: Tournament #3738723673, $1.84+$0.16 USD Hold'em No Limit - Level III (20/40) - 2024/04/07 8:26:29 CET [2024/04/07 2:26:29 ET]
Table '3738723673 1' 3-max Seat #3 is the button
Seat 2: sebapm87 (600 in chips) 
Seat 3: Mahu2021 (900 in chips) 
Mahu2021: posts small blind 20
sebapm87: posts big blind 40
*** HOLE CARDS ***
Dealt to Mahu2021 [Tc Td]
Mahu2021: calls 20
sebapm87: checks 
*** FLOP *** [6s 5d 9c]
sebapm87: bets 40
Mahu2021: raises 120 to 160
sebapm87: calls 120
*** TURN *** [6s 5d 9c] [4s]
sebapm87: bets 400 and is all-in
Mahu2021: calls 400
*** RIVER *** [6s 5d 9c 4s] [Ad]
*** SHOW DOWN ***
sebapm87: shows [5c 7c] (a pair of Fives)
Mahu2021: shows [Tc Td] (a pair of Tens)
Mahu2021 collected 1200 from pot
sebapm87 finished the tournament in 2nd place
Mahu2021 wins the tournament and receives $6.00 - congratulations!
*** SUMMARY ***
Total pot 1200 | Rake 0 
Board [6s 5d 9c 4s Ad]
Seat 2: sebapm87 (big blind) showed [5c 7c] and lost with a pair of Fives
Seat 3: Mahu2021 (button) (small blind) showed [Tc Td] and won (1200) with a pair of Tens



