PokerStars Hand #247142730628: Tournament #3674049578, $9.30+$0.70 USD Hold'em No Limit - Level I (10/20) - 2023/11/16 18:19:29 CET [2023/11/16 12:19:29 ET]
Table '3674049578 1' 3-max Seat #1 is the button
Seat 1: Lewa(315) (500 in chips) 
Seat 2: MattCDavis91 (500 in chips) 
Seat 3: Mahu2021 (500 in chips) 
MattCDavis91: posts small blind 10
Mahu2021: posts big blind 20
*** HOLE CARDS ***
Dealt to Mahu2021 [6h 4d]
Lewa(315): raises 20 to 40
MattCDavis91: folds 
Mahu2021: folds 
Uncalled bet (20) returned to Lewa(315)
Lewa(315) collected 50 from pot
Lewa(315): doesn't show hand 
*** SUMMARY ***
Total pot 50 | Rake 0 
Seat 1: Lewa(315) (button) collected (50)
Seat 2: MattCDavis91 (small blind) folded before Flop
Seat 3: Mahu2021 (big blind) folded before Flop



PokerStars Hand #247142732096: Tournament #3674049578, $9.30+$0.70 USD Hold'em No Limit - Level I (10/20) - 2023/11/16 18:19:34 CET [2023/11/16 12:19:34 ET]
Table '3674049578 1' 3-max Seat #2 is the button
Seat 1: Lewa(315) (530 in chips) 
Seat 2: MattCDavis91 (490 in chips) 
Seat 3: Mahu2021 (480 in chips) 
Mahu2021: posts small blind 10
Lewa(315): posts big blind 20
*** HOLE CARDS ***
Dealt to Mahu2021 [Ks 2h]
MattCDavis91: folds 
Mahu2021: folds 
Uncalled bet (10) returned to Lewa(315)
Lewa(315) collected 20 from pot
Lewa(315): doesn't show hand 
*** SUMMARY ***
Total pot 20 | Rake 0 
Seat 1: Lewa(315) (big blind) collected (20)
Seat 2: MattCDavis91 (button) folded before Flop (didn't bet)
Seat 3: Mahu2021 (small blind) folded before Flop



PokerStars Hand #247142733467: Tournament #3674049578, $9.30+$0.70 USD Hold'em No Limit - Level I (10/20) - 2023/11/16 18:19:39 CET [2023/11/16 12:19:39 ET]
Table '3674049578 1' 3-max Seat #3 is the button
Seat 1: Lewa(315) (540 in chips) 
Seat 2: MattCDavis91 (490 in chips) 
Seat 3: Mahu2021 (470 in chips) 
Lewa(315): posts small blind 10
MattCDavis91: posts big blind 20
*** HOLE CARDS ***
Dealt to Mahu2021 [4h Qc]
Mahu2021: folds 
Lewa(315): calls 10
MattCDavis91: checks 
*** FLOP *** [Jd Kd 7d]
Lewa(315): bets 20
MattCDavis91: calls 20
*** TURN *** [Jd Kd 7d] [9s]
Lewa(315): checks 
MattCDavis91: checks 
*** RIVER *** [Jd Kd 7d 9s] [9d]
Lewa(315): checks 
MattCDavis91: bets 20
Lewa(315): folds 
Uncalled bet (20) returned to MattCDavis91
MattCDavis91 collected 80 from pot
*** SUMMARY ***
Total pot 80 | Rake 0 
Board [Jd Kd 7d 9s 9d]
Seat 1: Lewa(315) (small blind) folded on the River
Seat 2: MattCDavis91 (big blind) collected (80)
Seat 3: Mahu2021 (button) folded before Flop (didn't bet)



PokerStars Hand #247142745320: Tournament #3674049578, $9.30+$0.70 USD Hold'em No Limit - Level I (10/20) - 2023/11/16 18:20:21 CET [2023/11/16 12:20:21 ET]
Table '3674049578 1' 3-max Seat #1 is the button
Seat 1: Lewa(315) (500 in chips) 
Seat 2: MattCDavis91 (530 in chips) 
Seat 3: Mahu2021 (470 in chips) 
MattCDavis91: posts small blind 10
Mahu2021: posts big blind 20
*** HOLE CARDS ***
Dealt to Mahu2021 [Jd 8c]
Lewa(315): raises 20 to 40
MattCDavis91: folds 
Mahu2021: calls 20
*** FLOP *** [As 3s 4d]
Mahu2021: checks 
Lewa(315): bets 30
Mahu2021: folds 
Uncalled bet (30) returned to Lewa(315)
Lewa(315) collected 90 from pot
Lewa(315): doesn't show hand 
*** SUMMARY ***
Total pot 90 | Rake 0 
Board [As 3s 4d]
Seat 1: Lewa(315) (button) collected (90)
Seat 2: MattCDavis91 (small blind) folded before Flop
Seat 3: Mahu2021 (big blind) folded on the Flop



PokerStars Hand #247142749923: Tournament #3674049578, $9.30+$0.70 USD Hold'em No Limit - Level I (10/20) - 2023/11/16 18:20:37 CET [2023/11/16 12:20:37 ET]
Table '3674049578 1' 3-max Seat #2 is the button
Seat 1: Lewa(315) (550 in chips) 
Seat 2: MattCDavis91 (520 in chips) 
Seat 3: Mahu2021 (430 in chips) 
Mahu2021: posts small blind 10
Lewa(315): posts big blind 20
*** HOLE CARDS ***
Dealt to Mahu2021 [Ks 8s]
MattCDavis91: raises 20 to 40
Mahu2021: calls 30
Lewa(315): folds 
*** FLOP *** [Td 4s Jd]
Mahu2021: checks 
MattCDavis91: bets 40
Mahu2021: folds 
Uncalled bet (40) returned to MattCDavis91
MattCDavis91 collected 100 from pot
*** SUMMARY ***
Total pot 100 | Rake 0 
Board [Td 4s Jd]
Seat 1: Lewa(315) (big blind) folded before Flop
Seat 2: MattCDavis91 (button) collected (100)
Seat 3: Mahu2021 (small blind) folded on the Flop



PokerStars Hand #247142753625: Tournament #3674049578, $9.30+$0.70 USD Hold'em No Limit - Level I (10/20) - 2023/11/16 18:20:49 CET [2023/11/16 12:20:49 ET]
Table '3674049578 1' 3-max Seat #3 is the button
Seat 1: Lewa(315) (530 in chips) 
Seat 2: MattCDavis91 (580 in chips) 
Seat 3: Mahu2021 (390 in chips) 
Lewa(315): posts small blind 10
MattCDavis91: posts big blind 20
*** HOLE CARDS ***
Dealt to Mahu2021 [Ah 2c]
Mahu2021: calls 20
Lewa(315): folds 
MattCDavis91: checks 
*** FLOP *** [Ad As Qs]
MattCDavis91: checks 
Mahu2021: checks 
*** TURN *** [Ad As Qs] [4h]
MattCDavis91: bets 20
Mahu2021: raises 40 to 60
MattCDavis91: calls 40
*** RIVER *** [Ad As Qs 4h] [Ac]
MattCDavis91: checks 
Mahu2021: bets 170
MattCDavis91: calls 170
*** SHOW DOWN ***
Mahu2021: shows [Ah 2c] (four of a kind, Aces)
MattCDavis91: mucks hand 
Mahu2021 collected 510 from pot
*** SUMMARY ***
Total pot 510 | Rake 0 
Board [Ad As Qs 4h Ac]
Seat 1: Lewa(315) (small blind) folded before Flop
Seat 2: MattCDavis91 (big blind) mucked [4d 6d]
Seat 3: Mahu2021 (button) showed [Ah 2c] and won (510) with four of a kind, Aces



PokerStars Hand #247142760547: Tournament #3674049578, $9.30+$0.70 USD Hold'em No Limit - Level I (10/20) - 2023/11/16 18:21:14 CET [2023/11/16 12:21:14 ET]
Table '3674049578 1' 3-max Seat #1 is the button
Seat 1: Lewa(315) (520 in chips) 
Seat 2: MattCDavis91 (330 in chips) 
Seat 3: Mahu2021 (650 in chips) 
MattCDavis91: posts small blind 10
Mahu2021: posts big blind 20
*** HOLE CARDS ***
Dealt to Mahu2021 [9h 5c]
Lewa(315): folds 
MattCDavis91: calls 10
Mahu2021: checks 
*** FLOP *** [9s 3h 7c]
MattCDavis91: bets 20
Mahu2021: calls 20
*** TURN *** [9s 3h 7c] [Jh]
MattCDavis91: bets 60
Mahu2021: calls 60
*** RIVER *** [9s 3h 7c Jh] [9d]
MattCDavis91: bets 100
Mahu2021: raises 450 to 550 and is all-in
MattCDavis91: calls 130 and is all-in
Uncalled bet (320) returned to Mahu2021
*** SHOW DOWN ***
Mahu2021: shows [9h 5c] (three of a kind, Nines)
MattCDavis91: shows [8h Jd] (two pair, Jacks and Nines)
Mahu2021 collected 660 from pot
MattCDavis91 finished the tournament in 3rd place
*** SUMMARY ***
Total pot 660 | Rake 0 
Board [9s 3h 7c Jh 9d]
Seat 1: Lewa(315) (button) folded before Flop (didn't bet)
Seat 2: MattCDavis91 (small blind) showed [8h Jd] and lost with two pair, Jacks and Nines
Seat 3: Mahu2021 (big blind) showed [9h 5c] and won (660) with three of a kind, Nines



PokerStars Hand #247142769892: Tournament #3674049578, $9.30+$0.70 USD Hold'em No Limit - Level I (10/20) - 2023/11/16 18:21:47 CET [2023/11/16 12:21:47 ET]
Table '3674049578 1' 3-max Seat #3 is the button
Seat 1: Lewa(315) (520 in chips) 
Seat 3: Mahu2021 (980 in chips) 
Mahu2021: posts small blind 10
Lewa(315): posts big blind 20
*** HOLE CARDS ***
Dealt to Mahu2021 [7h Qc]
Mahu2021: raises 20 to 40
Lewa(315): calls 20
*** FLOP *** [7d 4c 8h]
Lewa(315): checks 
Mahu2021: checks 
*** TURN *** [7d 4c 8h] [8s]
Lewa(315): bets 54
Mahu2021: calls 54
*** RIVER *** [7d 4c 8h 8s] [As]
Lewa(315): bets 90
Mahu2021: calls 90
*** SHOW DOWN ***
Lewa(315): shows [Tc Jh] (a pair of Eights)
Mahu2021: shows [7h Qc] (two pair, Eights and Sevens)
Mahu2021 collected 368 from pot
*** SUMMARY ***
Total pot 368 | Rake 0 
Board [7d 4c 8h 8s As]
Seat 1: Lewa(315) (big blind) showed [Tc Jh] and lost with a pair of Eights
Seat 3: Mahu2021 (button) (small blind) showed [7h Qc] and won (368) with two pair, Eights and Sevens



PokerStars Hand #247142777920: Tournament #3674049578, $9.30+$0.70 USD Hold'em No Limit - Level I (10/20) - 2023/11/16 18:22:16 CET [2023/11/16 12:22:16 ET]
Table '3674049578 1' 3-max Seat #1 is the button
Seat 1: Lewa(315) (336 in chips) 
Seat 3: Mahu2021 (1164 in chips) 
Lewa(315): posts small blind 10
Mahu2021: posts big blind 20
*** HOLE CARDS ***
Dealt to Mahu2021 [3c Qs]
Lewa(315): raises 20 to 40
Mahu2021: calls 20
*** FLOP *** [Kd 8s 5d]
Mahu2021: checks 
Lewa(315): bets 24
Mahu2021: folds 
Uncalled bet (24) returned to Lewa(315)
Lewa(315) collected 80 from pot
Lewa(315): doesn't show hand 
*** SUMMARY ***
Total pot 80 | Rake 0 
Board [Kd 8s 5d]
Seat 1: Lewa(315) (button) (small blind) collected (80)
Seat 3: Mahu2021 (big blind) folded on the Flop



PokerStars Hand #247142783443: Tournament #3674049578, $9.30+$0.70 USD Hold'em No Limit - Level II (15/30) - 2023/11/16 18:22:35 CET [2023/11/16 12:22:35 ET]
Table '3674049578 1' 3-max Seat #3 is the button
Seat 1: Lewa(315) (376 in chips) 
Seat 3: Mahu2021 (1124 in chips) 
Mahu2021: posts small blind 15
Lewa(315): posts big blind 30
*** HOLE CARDS ***
Dealt to Mahu2021 [9d Qs]
Mahu2021: raises 30 to 60
Lewa(315): raises 316 to 376 and is all-in
Mahu2021: calls 316
*** FLOP *** [6c 9h Tc]
*** TURN *** [6c 9h Tc] [8d]
*** RIVER *** [6c 9h Tc 8d] [6d]
*** SHOW DOWN ***
Lewa(315): shows [2s Ac] (a pair of Sixes)
Mahu2021: shows [9d Qs] (two pair, Nines and Sixes)
Mahu2021 collected 752 from pot
Lewa(315) finished the tournament in 2nd place
Mahu2021 wins the tournament and receives $30.00 - congratulations!
*** SUMMARY ***
Total pot 752 | Rake 0 
Board [6c 9h Tc 8d 6d]
Seat 1: Lewa(315) (big blind) showed [2s Ac] and lost with a pair of Sixes
Seat 3: Mahu2021 (button) (small blind) showed [9d Qs] and won (752) with two pair, Nines and Sixes



