PokerStars Hand #252774766717: Tournament #3808371268, $0.46+$0.04 USD Hold'em No Limit - Level I (10/20) - 2024/10/05 9:19:44 CET [2024/10/05 3:19:44 ET]
Table '3808371268 1' 3-max Seat #1 is the button
Seat 1: Universum1234 (500 in chips) 
Seat 2: Mahu2021 (500 in chips) 
Seat 3: DZMTR STSSHR (500 in chips) 
Mahu2021: posts small blind 10
DZMTR STSSHR: posts big blind 20
*** HOLE CARDS ***
Dealt to Mahu2021 [2h 6c]
Universum1234: raises 480 to 500 and is all-in
Mahu2021: folds 
DZMTR STSSHR: folds 
Uncalled bet (480) returned to Universum1234
Universum1234 collected 50 from pot
*** SUMMARY ***
Total pot 50 | Rake 0 
Seat 1: Universum1234 (button) collected (50)
Seat 2: Mahu2021 (small blind) folded before Flop
Seat 3: DZMTR STSSHR (big blind) folded before Flop



PokerStars Hand #252774767642: Tournament #3808371268, $0.46+$0.04 USD Hold'em No Limit - Level I (10/20) - 2024/10/05 9:19:53 CET [2024/10/05 3:19:53 ET]
Table '3808371268 1' 3-max Seat #2 is the button
Seat 1: Universum1234 (530 in chips) 
Seat 2: Mahu2021 (490 in chips) 
Seat 3: DZMTR STSSHR (480 in chips) 
DZMTR STSSHR: posts small blind 10
Universum1234: posts big blind 20
*** HOLE CARDS ***
Dealt to Mahu2021 [Ks 2h]
Mahu2021: folds 
DZMTR STSSHR: raises 40 to 60
Universum1234: folds 
Uncalled bet (40) returned to DZMTR STSSHR
DZMTR STSSHR collected 40 from pot
DZMTR STSSHR: doesn't show hand 
*** SUMMARY ***
Total pot 40 | Rake 0 
Seat 1: Universum1234 (big blind) folded before Flop
Seat 2: Mahu2021 (button) folded before Flop (didn't bet)
Seat 3: DZMTR STSSHR (small blind) collected (40)



PokerStars Hand #252774769278: Tournament #3808371268, $0.46+$0.04 USD Hold'em No Limit - Level I (10/20) - 2024/10/05 9:20:11 CET [2024/10/05 3:20:11 ET]
Table '3808371268 1' 3-max Seat #3 is the button
Seat 1: Universum1234 (510 in chips) 
Seat 2: Mahu2021 (490 in chips) 
Seat 3: DZMTR STSSHR (500 in chips) 
Universum1234: posts small blind 10
Mahu2021: posts big blind 20
*** HOLE CARDS ***
Dealt to Mahu2021 [7c 8s]
DZMTR STSSHR: raises 60 to 80
Universum1234: folds 
Mahu2021: calls 60
*** FLOP *** [Ac Kc As]
Mahu2021: checks 
DZMTR STSSHR: bets 51
Mahu2021: folds 
Uncalled bet (51) returned to DZMTR STSSHR
DZMTR STSSHR collected 170 from pot
DZMTR STSSHR: doesn't show hand 
*** SUMMARY ***
Total pot 170 | Rake 0 
Board [Ac Kc As]
Seat 1: Universum1234 (small blind) folded before Flop
Seat 2: Mahu2021 (big blind) folded on the Flop
Seat 3: DZMTR STSSHR (button) collected (170)



PokerStars Hand #252774771020: Tournament #3808371268, $0.46+$0.04 USD Hold'em No Limit - Level I (10/20) - 2024/10/05 9:20:29 CET [2024/10/05 3:20:29 ET]
Table '3808371268 1' 3-max Seat #1 is the button
Seat 1: Universum1234 (500 in chips) 
Seat 2: Mahu2021 (410 in chips) 
Seat 3: DZMTR STSSHR (590 in chips) 
Mahu2021: posts small blind 10
DZMTR STSSHR: posts big blind 20
*** HOLE CARDS ***
Dealt to Mahu2021 [4d Td]
Universum1234: raises 20 to 40
Mahu2021: calls 30
DZMTR STSSHR: raises 550 to 590 and is all-in
Universum1234: calls 460 and is all-in
Mahu2021: folds 
Uncalled bet (90) returned to DZMTR STSSHR
*** FLOP *** [As 5s 8s]
*** TURN *** [As 5s 8s] [Jh]
*** RIVER *** [As 5s 8s Jh] [Th]
*** SHOW DOWN ***
DZMTR STSSHR: shows [Ac 4c] (a pair of Aces)
Universum1234: shows [Ad Qc] (a pair of Aces - Queen kicker)
Universum1234 collected 1040 from pot
*** SUMMARY ***
Total pot 1040 | Rake 0 
Board [As 5s 8s Jh Th]
Seat 1: Universum1234 (button) showed [Ad Qc] and won (1040) with a pair of Aces
Seat 2: Mahu2021 (small blind) folded before Flop
Seat 3: DZMTR STSSHR (big blind) showed [Ac 4c] and lost with a pair of Aces



PokerStars Hand #252774772602: Tournament #3808371268, $0.46+$0.04 USD Hold'em No Limit - Level I (10/20) - 2024/10/05 9:20:46 CET [2024/10/05 3:20:46 ET]
Table '3808371268 1' 3-max Seat #2 is the button
Seat 1: Universum1234 (1040 in chips) 
Seat 2: Mahu2021 (370 in chips) 
Seat 3: DZMTR STSSHR (90 in chips) 
DZMTR STSSHR: posts small blind 10
Universum1234: posts big blind 20
*** HOLE CARDS ***
Dealt to Mahu2021 [9s 2s]
Mahu2021: folds 
DZMTR STSSHR: raises 70 to 90 and is all-in
Universum1234: calls 70
*** FLOP *** [Qh 7h 5h]
*** TURN *** [Qh 7h 5h] [6s]
*** RIVER *** [Qh 7h 5h 6s] [4s]
*** SHOW DOWN ***
DZMTR STSSHR: shows [7c Ad] (a pair of Sevens)
Universum1234: shows [Tc 8d] (a straight, Four to Eight)
Universum1234 collected 180 from pot
DZMTR STSSHR finished the tournament in 3rd place
*** SUMMARY ***
Total pot 180 | Rake 0 
Board [Qh 7h 5h 6s 4s]
Seat 1: Universum1234 (big blind) showed [Tc 8d] and won (180) with a straight, Four to Eight
Seat 2: Mahu2021 (button) folded before Flop (didn't bet)
Seat 3: DZMTR STSSHR (small blind) showed [7c Ad] and lost with a pair of Sevens



PokerStars Hand #252774774299: Tournament #3808371268, $0.46+$0.04 USD Hold'em No Limit - Level I (10/20) - 2024/10/05 9:21:05 CET [2024/10/05 3:21:05 ET]
Table '3808371268 1' 3-max Seat #1 is the button
Seat 1: Universum1234 (1130 in chips) 
Seat 2: Mahu2021 (370 in chips) 
Universum1234: posts small blind 10
Mahu2021: posts big blind 20
*** HOLE CARDS ***
Dealt to Mahu2021 [8s Qh]
Universum1234: raises 20 to 40
Mahu2021: calls 20
*** FLOP *** [5h Kc Td]
Mahu2021: checks 
Universum1234: checks 
*** TURN *** [5h Kc Td] [5d]
Mahu2021: checks 
Universum1234: checks 
*** RIVER *** [5h Kc Td 5d] [Ks]
Mahu2021: checks 
Universum1234: checks 
*** SHOW DOWN ***
Mahu2021: shows [8s Qh] (two pair, Kings and Fives)
Universum1234: shows [9c Qs] (two pair, Kings and Fives)
Mahu2021 collected 40 from pot
Universum1234 collected 40 from pot
*** SUMMARY ***
Total pot 80 | Rake 0 
Board [5h Kc Td 5d Ks]
Seat 1: Universum1234 (button) (small blind) showed [9c Qs] and won (40) with two pair, Kings and Fives
Seat 2: Mahu2021 (big blind) showed [8s Qh] and won (40) with two pair, Kings and Fives



PokerStars Hand #252774775418: Tournament #3808371268, $0.46+$0.04 USD Hold'em No Limit - Level I (10/20) - 2024/10/05 9:21:17 CET [2024/10/05 3:21:17 ET]
Table '3808371268 1' 3-max Seat #2 is the button
Seat 1: Universum1234 (1130 in chips) 
Seat 2: Mahu2021 (370 in chips) 
Mahu2021: posts small blind 10
Universum1234: posts big blind 20
*** HOLE CARDS ***
Dealt to Mahu2021 [Qh 3s]
Mahu2021: calls 10
Universum1234: raises 20 to 40
Mahu2021: calls 20
*** FLOP *** [9h 9c Th]
Universum1234: bets 20
Mahu2021: folds 
Uncalled bet (20) returned to Universum1234
Universum1234 collected 80 from pot
*** SUMMARY ***
Total pot 80 | Rake 0 
Board [9h 9c Th]
Seat 1: Universum1234 (big blind) collected (80)
Seat 2: Mahu2021 (button) (small blind) folded on the Flop



PokerStars Hand #252774776286: Tournament #3808371268, $0.46+$0.04 USD Hold'em No Limit - Level I (10/20) - 2024/10/05 9:21:26 CET [2024/10/05 3:21:26 ET]
Table '3808371268 1' 3-max Seat #1 is the button
Seat 1: Universum1234 (1170 in chips) 
Seat 2: Mahu2021 (330 in chips) 
Universum1234: posts small blind 10
Mahu2021: posts big blind 20
*** HOLE CARDS ***
Dealt to Mahu2021 [2h 6d]
Universum1234: raises 20 to 40
Mahu2021: folds 
Uncalled bet (20) returned to Universum1234
Universum1234 collected 40 from pot
*** SUMMARY ***
Total pot 40 | Rake 0 
Seat 1: Universum1234 (button) (small blind) collected (40)
Seat 2: Mahu2021 (big blind) folded before Flop



PokerStars Hand #252774776733: Tournament #3808371268, $0.46+$0.04 USD Hold'em No Limit - Level I (10/20) - 2024/10/05 9:21:31 CET [2024/10/05 3:21:31 ET]
Table '3808371268 1' 3-max Seat #2 is the button
Seat 1: Universum1234 (1190 in chips) 
Seat 2: Mahu2021 (310 in chips) 
Mahu2021: posts small blind 10
Universum1234: posts big blind 20
*** HOLE CARDS ***
Dealt to Mahu2021 [2h 7d]
Mahu2021: folds 
Uncalled bet (10) returned to Universum1234
Universum1234 collected 20 from pot
*** SUMMARY ***
Total pot 20 | Rake 0 
Seat 1: Universum1234 (big blind) collected (20)
Seat 2: Mahu2021 (button) (small blind) folded before Flop



PokerStars Hand #252774777110: Tournament #3808371268, $0.46+$0.04 USD Hold'em No Limit - Level I (10/20) - 2024/10/05 9:21:35 CET [2024/10/05 3:21:35 ET]
Table '3808371268 1' 3-max Seat #1 is the button
Seat 1: Universum1234 (1200 in chips) 
Seat 2: Mahu2021 (300 in chips) 
Universum1234: posts small blind 10
Mahu2021: posts big blind 20
*** HOLE CARDS ***
Dealt to Mahu2021 [3s 7s]
Universum1234: calls 10
Mahu2021: checks 
*** FLOP *** [Kd Ad 2s]
Mahu2021: checks 
Universum1234: checks 
*** TURN *** [Kd Ad 2s] [Ah]
Mahu2021: bets 20
Universum1234: folds 
Uncalled bet (20) returned to Mahu2021
Mahu2021 collected 40 from pot
Mahu2021: doesn't show hand 
*** SUMMARY ***
Total pot 40 | Rake 0 
Board [Kd Ad 2s Ah]
Seat 1: Universum1234 (button) (small blind) folded on the Turn
Seat 2: Mahu2021 (big blind) collected (40)



PokerStars Hand #252774778485: Tournament #3808371268, $0.46+$0.04 USD Hold'em No Limit - Level II (15/30) - 2024/10/05 9:21:49 CET [2024/10/05 3:21:49 ET]
Table '3808371268 1' 3-max Seat #2 is the button
Seat 1: Universum1234 (1180 in chips) 
Seat 2: Mahu2021 (320 in chips) 
Mahu2021: posts small blind 15
Universum1234: posts big blind 30
*** HOLE CARDS ***
Dealt to Mahu2021 [8d Kd]
Mahu2021: raises 290 to 320 and is all-in
Universum1234: folds 
Uncalled bet (290) returned to Mahu2021
Mahu2021 collected 60 from pot
Mahu2021: doesn't show hand 
*** SUMMARY ***
Total pot 60 | Rake 0 
Seat 1: Universum1234 (big blind) folded before Flop
Seat 2: Mahu2021 (button) (small blind) collected (60)



PokerStars Hand #252774779067: Tournament #3808371268, $0.46+$0.04 USD Hold'em No Limit - Level II (15/30) - 2024/10/05 9:21:56 CET [2024/10/05 3:21:56 ET]
Table '3808371268 1' 3-max Seat #1 is the button
Seat 1: Universum1234 (1150 in chips) 
Seat 2: Mahu2021 (350 in chips) 
Universum1234: posts small blind 15
Mahu2021: posts big blind 30
*** HOLE CARDS ***
Dealt to Mahu2021 [4s 2h]
Universum1234: calls 15
Mahu2021: checks 
*** FLOP *** [8d 5s Jd]
Mahu2021: checks 
Universum1234: checks 
*** TURN *** [8d 5s Jd] [Jh]
Mahu2021: checks 
Universum1234: checks 
*** RIVER *** [8d 5s Jd Jh] [7c]
Mahu2021: checks 
Universum1234: checks 
*** SHOW DOWN ***
Mahu2021: shows [4s 2h] (a pair of Jacks)
Universum1234: shows [Td Ah] (a pair of Jacks - Ace kicker)
Universum1234 collected 60 from pot
*** SUMMARY ***
Total pot 60 | Rake 0 
Board [8d 5s Jd Jh 7c]
Seat 1: Universum1234 (button) (small blind) showed [Td Ah] and won (60) with a pair of Jacks
Seat 2: Mahu2021 (big blind) showed [4s 2h] and lost with a pair of Jacks



PokerStars Hand #252774780223: Tournament #3808371268, $0.46+$0.04 USD Hold'em No Limit - Level II (15/30) - 2024/10/05 9:22:08 CET [2024/10/05 3:22:08 ET]
Table '3808371268 1' 3-max Seat #2 is the button
Seat 1: Universum1234 (1180 in chips) 
Seat 2: Mahu2021 (320 in chips) 
Mahu2021: posts small blind 15
Universum1234: posts big blind 30
*** HOLE CARDS ***
Dealt to Mahu2021 [4h Ks]
Mahu2021: calls 15
Universum1234: checks 
*** FLOP *** [Jd Qd 9c]
Universum1234: checks 
Mahu2021: bets 30
Universum1234: folds 
Uncalled bet (30) returned to Mahu2021
Mahu2021 collected 60 from pot
Mahu2021: doesn't show hand 
*** SUMMARY ***
Total pot 60 | Rake 0 
Board [Jd Qd 9c]
Seat 1: Universum1234 (big blind) folded on the Flop
Seat 2: Mahu2021 (button) (small blind) collected (60)



PokerStars Hand #252774781259: Tournament #3808371268, $0.46+$0.04 USD Hold'em No Limit - Level II (15/30) - 2024/10/05 9:22:19 CET [2024/10/05 3:22:19 ET]
Table '3808371268 1' 3-max Seat #1 is the button
Seat 1: Universum1234 (1150 in chips) 
Seat 2: Mahu2021 (350 in chips) 
Universum1234: posts small blind 15
Mahu2021: posts big blind 30
*** HOLE CARDS ***
Dealt to Mahu2021 [Kd 2h]
Universum1234: calls 15
Mahu2021: raises 320 to 350 and is all-in
Universum1234: calls 320
*** FLOP *** [6h Jc 7h]
*** TURN *** [6h Jc 7h] [2d]
*** RIVER *** [6h Jc 7h 2d] [3s]
*** SHOW DOWN ***
Mahu2021: shows [Kd 2h] (a pair of Deuces)
Universum1234: shows [As 7c] (a pair of Sevens)
Universum1234 collected 700 from pot
Mahu2021 finished the tournament in 2nd place
Universum1234 wins the tournament - congratulations!
Universum1234 wins a '$1.00 Power Path Step 2 Ticket' ticket
*** SUMMARY ***
Total pot 700 | Rake 0 
Board [6h Jc 7h 2d 3s]
Seat 1: Universum1234 (button) (small blind) showed [As 7c] and won (700) with a pair of Sevens
Seat 2: Mahu2021 (big blind) showed [Kd 2h] and lost with a pair of Deuces



