PokerStars Hand #253082904789: Tournament #3816034016, $1.84+$0.16 USD Hold'em No Limit - Level I (10/20) - 2024/10/24 20:22:45 CET [2024/10/24 14:22:45 ET]
Table '3816034016 1' 3-max Seat #1 is the button
Seat 1: Mahu2021 (500 in chips) 
Seat 2: BigOlly14 (500 in chips) 
Seat 3: Savva08 (500 in chips) 
BigOlly14: posts small blind 10
Savva08: posts big blind 20
*** HOLE CARDS ***
Dealt to Mahu2021 [7d Qh]
Mahu2021: folds 
BigOlly14: calls 10
Savva08: checks 
*** FLOP *** [3h Js Td]
BigOlly14: checks 
Savva08: checks 
*** TURN *** [3h Js Td] [3s]
BigOlly14: checks 
Savva08: bets 30
BigOlly14: calls 30
*** RIVER *** [3h Js Td 3s] [3c]
BigOlly14: checks 
Savva08: bets 100
BigOlly14: raises 140 to 240
Savva08: folds 
Uncalled bet (140) returned to BigOlly14
BigOlly14 collected 300 from pot
*** SUMMARY ***
Total pot 300 | Rake 0 
Board [3h Js Td 3s 3c]
Seat 1: Mahu2021 (button) folded before Flop (didn't bet)
Seat 2: BigOlly14 (small blind) collected (300)
Seat 3: Savva08 (big blind) folded on the River



PokerStars Hand #253082912359: Tournament #3816034016, $1.84+$0.16 USD Hold'em No Limit - Level I (10/20) - 2024/10/24 20:23:13 CET [2024/10/24 14:23:13 ET]
Table '3816034016 1' 3-max Seat #2 is the button
Seat 1: Mahu2021 (500 in chips) 
Seat 2: BigOlly14 (650 in chips) 
Seat 3: Savva08 (350 in chips) 
Savva08: posts small blind 10
Mahu2021: posts big blind 20
*** HOLE CARDS ***
Dealt to Mahu2021 [4d Jc]
BigOlly14: calls 20
Savva08: calls 10
Mahu2021: checks 
*** FLOP *** [Kh 9s Qd]
Savva08: checks 
Mahu2021: bets 20
BigOlly14: calls 20
Savva08: calls 20
*** TURN *** [Kh 9s Qd] [5h]
Savva08: checks 
Mahu2021: checks 
BigOlly14: checks 
*** RIVER *** [Kh 9s Qd 5h] [8c]
Savva08: bets 20
Mahu2021: folds 
BigOlly14: folds 
Uncalled bet (20) returned to Savva08
Savva08 collected 120 from pot
Savva08: doesn't show hand 
*** SUMMARY ***
Total pot 120 | Rake 0 
Board [Kh 9s Qd 5h 8c]
Seat 1: Mahu2021 (big blind) folded on the River
Seat 2: BigOlly14 (button) folded on the River
Seat 3: Savva08 (small blind) collected (120)



PokerStars Hand #253082917370: Tournament #3816034016, $1.84+$0.16 USD Hold'em No Limit - Level I (10/20) - 2024/10/24 20:23:32 CET [2024/10/24 14:23:32 ET]
Table '3816034016 1' 3-max Seat #3 is the button
Seat 1: Mahu2021 (460 in chips) 
Seat 2: BigOlly14 (610 in chips) 
Seat 3: Savva08 (430 in chips) 
Mahu2021: posts small blind 10
BigOlly14: posts big blind 20
*** HOLE CARDS ***
Dealt to Mahu2021 [4d 4c]
Savva08: raises 20 to 40
Mahu2021: calls 30
BigOlly14: calls 20
*** FLOP *** [2c 9h 7d]
Mahu2021: bets 40
BigOlly14: folds 
Savva08: calls 40
*** TURN *** [2c 9h 7d] [7s]
Mahu2021: bets 40
Savva08: folds 
Uncalled bet (40) returned to Mahu2021
Mahu2021 collected 200 from pot
Mahu2021: doesn't show hand 
*** SUMMARY ***
Total pot 200 | Rake 0 
Board [2c 9h 7d 7s]
Seat 1: Mahu2021 (small blind) collected (200)
Seat 2: BigOlly14 (big blind) folded on the Flop
Seat 3: Savva08 (button) folded on the Turn



PokerStars Hand #253082921911: Tournament #3816034016, $1.84+$0.16 USD Hold'em No Limit - Level I (10/20) - 2024/10/24 20:23:49 CET [2024/10/24 14:23:49 ET]
Table '3816034016 1' 3-max Seat #1 is the button
Seat 1: Mahu2021 (580 in chips) 
Seat 2: BigOlly14 (570 in chips) 
Seat 3: Savva08 (350 in chips) 
BigOlly14: posts small blind 10
Savva08: posts big blind 20
*** HOLE CARDS ***
Dealt to Mahu2021 [7s 5d]
Mahu2021: folds 
BigOlly14: raises 20 to 40
Savva08: calls 20
*** FLOP *** [6s As 7c]
BigOlly14: bets 80
Savva08: calls 80
*** TURN *** [6s As 7c] [3h]
BigOlly14: bets 240
Savva08: folds 
Uncalled bet (240) returned to BigOlly14
BigOlly14 collected 240 from pot
*** SUMMARY ***
Total pot 240 | Rake 0 
Board [6s As 7c 3h]
Seat 1: Mahu2021 (button) folded before Flop (didn't bet)
Seat 2: BigOlly14 (small blind) collected (240)
Seat 3: Savva08 (big blind) folded on the Turn



PokerStars Hand #253082925813: Tournament #3816034016, $1.84+$0.16 USD Hold'em No Limit - Level I (10/20) - 2024/10/24 20:24:03 CET [2024/10/24 14:24:03 ET]
Table '3816034016 1' 3-max Seat #2 is the button
Seat 1: Mahu2021 (580 in chips) 
Seat 2: BigOlly14 (690 in chips) 
Seat 3: Savva08 (230 in chips) 
Savva08: posts small blind 10
Mahu2021: posts big blind 20
*** HOLE CARDS ***
Dealt to Mahu2021 [6c As]
BigOlly14: calls 20
Savva08: raises 210 to 230 and is all-in
Mahu2021: folds 
BigOlly14: folds 
Uncalled bet (210) returned to Savva08
Savva08 collected 60 from pot
Savva08: doesn't show hand 
*** SUMMARY ***
Total pot 60 | Rake 0 
Seat 1: Mahu2021 (big blind) folded before Flop
Seat 2: BigOlly14 (button) folded before Flop
Seat 3: Savva08 (small blind) collected (60)



PokerStars Hand #253082927837: Tournament #3816034016, $1.84+$0.16 USD Hold'em No Limit - Level I (10/20) - 2024/10/24 20:24:10 CET [2024/10/24 14:24:10 ET]
Table '3816034016 1' 3-max Seat #3 is the button
Seat 1: Mahu2021 (560 in chips) 
Seat 2: BigOlly14 (670 in chips) 
Seat 3: Savva08 (270 in chips) 
Mahu2021: posts small blind 10
BigOlly14: posts big blind 20
*** HOLE CARDS ***
Dealt to Mahu2021 [7c 8c]
Savva08: raises 250 to 270 and is all-in
Mahu2021: folds 
BigOlly14: folds 
Uncalled bet (250) returned to Savva08
Savva08 collected 50 from pot
Savva08: doesn't show hand 
*** SUMMARY ***
Total pot 50 | Rake 0 
Seat 1: Mahu2021 (small blind) folded before Flop
Seat 2: BigOlly14 (big blind) folded before Flop
Seat 3: Savva08 (button) collected (50)



PokerStars Hand #253082929908: Tournament #3816034016, $1.84+$0.16 USD Hold'em No Limit - Level I (10/20) - 2024/10/24 20:24:18 CET [2024/10/24 14:24:18 ET]
Table '3816034016 1' 3-max Seat #1 is the button
Seat 1: Mahu2021 (550 in chips) 
Seat 2: BigOlly14 (650 in chips) 
Seat 3: Savva08 (300 in chips) 
BigOlly14: posts small blind 10
Savva08: posts big blind 20
*** HOLE CARDS ***
Dealt to Mahu2021 [Kc Th]
Mahu2021: raises 20 to 40
BigOlly14: calls 30
Savva08: raises 260 to 300 and is all-in
Mahu2021: folds 
BigOlly14: calls 260
*** FLOP *** [5s 6d 7c]
*** TURN *** [5s 6d 7c] [2d]
*** RIVER *** [5s 6d 7c 2d] [2c]
*** SHOW DOWN ***
BigOlly14: shows [2s 2h] (four of a kind, Deuces)
Savva08: shows [Kd Qh] (a pair of Deuces)
BigOlly14 collected 640 from pot
Savva08 finished the tournament in 3rd place
*** SUMMARY ***
Total pot 640 | Rake 0 
Board [5s 6d 7c 2d 2c]
Seat 1: Mahu2021 (button) folded before Flop
Seat 2: BigOlly14 (small blind) showed [2s 2h] and won (640) with four of a kind, Deuces
Seat 3: Savva08 (big blind) showed [Kd Qh] and lost with a pair of Deuces



PokerStars Hand #253082935121: Tournament #3816034016, $1.84+$0.16 USD Hold'em No Limit - Level I (10/20) - 2024/10/24 20:24:37 CET [2024/10/24 14:24:37 ET]
Table '3816034016 1' 3-max Seat #2 is the button
Seat 1: Mahu2021 (510 in chips) 
Seat 2: BigOlly14 (990 in chips) 
BigOlly14: posts small blind 10
Mahu2021: posts big blind 20
*** HOLE CARDS ***
Dealt to Mahu2021 [Ac 2h]
BigOlly14: calls 10
Mahu2021: checks 
*** FLOP *** [2d Qh 2s]
Mahu2021: checks 
BigOlly14: checks 
*** TURN *** [2d Qh 2s] [6c]
Mahu2021: checks 
BigOlly14: bets 20
Mahu2021: calls 20
*** RIVER *** [2d Qh 2s 6c] [8h]
Mahu2021: bets 470 and is all-in
BigOlly14: folds 
Uncalled bet (470) returned to Mahu2021
Mahu2021 collected 80 from pot
Mahu2021: doesn't show hand 
*** SUMMARY ***
Total pot 80 | Rake 0 
Board [2d Qh 2s 6c 8h]
Seat 1: Mahu2021 (big blind) collected (80)
Seat 2: BigOlly14 (button) (small blind) folded on the River



PokerStars Hand #253082939553: Tournament #3816034016, $1.84+$0.16 USD Hold'em No Limit - Level II (15/30) - 2024/10/24 20:24:54 CET [2024/10/24 14:24:54 ET]
Table '3816034016 1' 3-max Seat #1 is the button
Seat 1: Mahu2021 (550 in chips) 
Seat 2: BigOlly14 (950 in chips) 
Mahu2021: posts small blind 15
BigOlly14: posts big blind 30
*** HOLE CARDS ***
Dealt to Mahu2021 [7c Jd]
Mahu2021: calls 15
BigOlly14: checks 
*** FLOP *** [Kh 3s 4d]
BigOlly14: checks 
Mahu2021: checks 
*** TURN *** [Kh 3s 4d] [5h]
BigOlly14: checks 
Mahu2021: checks 
*** RIVER *** [Kh 3s 4d 5h] [Qc]
BigOlly14: bets 30
Mahu2021: folds 
Uncalled bet (30) returned to BigOlly14
BigOlly14 collected 60 from pot
*** SUMMARY ***
Total pot 60 | Rake 0 
Board [Kh 3s 4d 5h Qc]
Seat 1: Mahu2021 (button) (small blind) folded on the River
Seat 2: BigOlly14 (big blind) collected (60)



PokerStars Hand #253082942861: Tournament #3816034016, $1.84+$0.16 USD Hold'em No Limit - Level II (15/30) - 2024/10/24 20:25:06 CET [2024/10/24 14:25:06 ET]
Table '3816034016 1' 3-max Seat #2 is the button
Seat 1: Mahu2021 (520 in chips) 
Seat 2: BigOlly14 (980 in chips) 
BigOlly14: posts small blind 15
Mahu2021: posts big blind 30
*** HOLE CARDS ***
Dealt to Mahu2021 [9s 6s]
BigOlly14: calls 15
Mahu2021: checks 
*** FLOP *** [3s 6d 8h]
Mahu2021: bets 30
BigOlly14: calls 30
*** TURN *** [3s 6d 8h] [5h]
Mahu2021: bets 30
BigOlly14: calls 30
*** RIVER *** [3s 6d 8h 5h] [4c]
Mahu2021: bets 30
BigOlly14: raises 30 to 60
Mahu2021: calls 30
*** SHOW DOWN ***
BigOlly14: shows [Js Kc] (high card King)
Mahu2021: shows [9s 6s] (a pair of Sixes)
Mahu2021 collected 300 from pot
*** SUMMARY ***
Total pot 300 | Rake 0 
Board [3s 6d 8h 5h 4c]
Seat 1: Mahu2021 (big blind) showed [9s 6s] and won (300) with a pair of Sixes
Seat 2: BigOlly14 (button) (small blind) showed [Js Kc] and lost with high card King



PokerStars Hand #253082947005: Tournament #3816034016, $1.84+$0.16 USD Hold'em No Limit - Level II (15/30) - 2024/10/24 20:25:22 CET [2024/10/24 14:25:22 ET]
Table '3816034016 1' 3-max Seat #1 is the button
Seat 1: Mahu2021 (670 in chips) 
Seat 2: BigOlly14 (830 in chips) 
Mahu2021: posts small blind 15
BigOlly14: posts big blind 30
*** HOLE CARDS ***
Dealt to Mahu2021 [2h 7h]
Mahu2021: folds 
Uncalled bet (15) returned to BigOlly14
BigOlly14 collected 30 from pot
*** SUMMARY ***
Total pot 30 | Rake 0 
Seat 1: Mahu2021 (button) (small blind) folded before Flop
Seat 2: BigOlly14 (big blind) collected (30)



PokerStars Hand #253082948194: Tournament #3816034016, $1.84+$0.16 USD Hold'em No Limit - Level II (15/30) - 2024/10/24 20:25:26 CET [2024/10/24 14:25:26 ET]
Table '3816034016 1' 3-max Seat #2 is the button
Seat 1: Mahu2021 (655 in chips) 
Seat 2: BigOlly14 (845 in chips) 
BigOlly14: posts small blind 15
Mahu2021: posts big blind 30
*** HOLE CARDS ***
Dealt to Mahu2021 [7c 2d]
BigOlly14: raises 30 to 60
Mahu2021: folds 
Uncalled bet (30) returned to BigOlly14
BigOlly14 collected 60 from pot
*** SUMMARY ***
Total pot 60 | Rake 0 
Seat 1: Mahu2021 (big blind) folded before Flop
Seat 2: BigOlly14 (button) (small blind) collected (60)



PokerStars Hand #253082949655: Tournament #3816034016, $1.84+$0.16 USD Hold'em No Limit - Level II (15/30) - 2024/10/24 20:25:32 CET [2024/10/24 14:25:32 ET]
Table '3816034016 1' 3-max Seat #1 is the button
Seat 1: Mahu2021 (625 in chips) 
Seat 2: BigOlly14 (875 in chips) 
Mahu2021: posts small blind 15
BigOlly14: posts big blind 30
*** HOLE CARDS ***
Dealt to Mahu2021 [3s Ks]
Mahu2021: raises 30 to 60
BigOlly14: calls 30
*** FLOP *** [Qs 6h 3h]
BigOlly14: checks 
Mahu2021: checks 
*** TURN *** [Qs 6h 3h] [As]
BigOlly14: bets 60
Mahu2021: calls 60
*** RIVER *** [Qs 6h 3h As] [Kd]
BigOlly14: checks 
Mahu2021: bets 60
BigOlly14: calls 60
*** SHOW DOWN ***
Mahu2021: shows [3s Ks] (two pair, Kings and Threes)
BigOlly14: mucks hand 
Mahu2021 collected 360 from pot
*** SUMMARY ***
Total pot 360 | Rake 0 
Board [Qs 6h 3h As Kd]
Seat 1: Mahu2021 (button) (small blind) showed [3s Ks] and won (360) with two pair, Kings and Threes
Seat 2: BigOlly14 (big blind) mucked [Kc Tc]



PokerStars Hand #253082954091: Tournament #3816034016, $1.84+$0.16 USD Hold'em No Limit - Level II (15/30) - 2024/10/24 20:25:49 CET [2024/10/24 14:25:49 ET]
Table '3816034016 1' 3-max Seat #2 is the button
Seat 1: Mahu2021 (805 in chips) 
Seat 2: BigOlly14 (695 in chips) 
BigOlly14: posts small blind 15
Mahu2021: posts big blind 30
*** HOLE CARDS ***
Dealt to Mahu2021 [3h 2c]
BigOlly14: calls 15
Mahu2021: checks 
*** FLOP *** [Th 4d Ts]
Mahu2021: checks 
BigOlly14: bets 30
Mahu2021: folds 
Uncalled bet (30) returned to BigOlly14
BigOlly14 collected 60 from pot
*** SUMMARY ***
Total pot 60 | Rake 0 
Board [Th 4d Ts]
Seat 1: Mahu2021 (big blind) folded on the Flop
Seat 2: BigOlly14 (button) (small blind) collected (60)



PokerStars Hand #253082956615: Tournament #3816034016, $1.84+$0.16 USD Hold'em No Limit - Level II (15/30) - 2024/10/24 20:25:58 CET [2024/10/24 14:25:58 ET]
Table '3816034016 1' 3-max Seat #1 is the button
Seat 1: Mahu2021 (775 in chips) 
Seat 2: BigOlly14 (725 in chips) 
Mahu2021: posts small blind 15
BigOlly14: posts big blind 30
*** HOLE CARDS ***
Dealt to Mahu2021 [8d Jc]
Mahu2021: raises 30 to 60
BigOlly14: calls 30
*** FLOP *** [8s 3h Td]
BigOlly14: checks 
Mahu2021: bets 30
BigOlly14: folds 
Uncalled bet (30) returned to Mahu2021
Mahu2021 collected 120 from pot
Mahu2021: doesn't show hand 
*** SUMMARY ***
Total pot 120 | Rake 0 
Board [8s 3h Td]
Seat 1: Mahu2021 (button) (small blind) collected (120)
Seat 2: BigOlly14 (big blind) folded on the Flop



PokerStars Hand #253082959008: Tournament #3816034016, $1.84+$0.16 USD Hold'em No Limit - Level II (15/30) - 2024/10/24 20:26:07 CET [2024/10/24 14:26:07 ET]
Table '3816034016 1' 3-max Seat #2 is the button
Seat 1: Mahu2021 (835 in chips) 
Seat 2: BigOlly14 (665 in chips) 
BigOlly14: posts small blind 15
Mahu2021: posts big blind 30
*** HOLE CARDS ***
Dealt to Mahu2021 [5s Kh]
BigOlly14: folds 
Uncalled bet (15) returned to Mahu2021
Mahu2021 collected 30 from pot
Mahu2021: doesn't show hand 
*** SUMMARY ***
Total pot 30 | Rake 0 
Seat 1: Mahu2021 (big blind) collected (30)
Seat 2: BigOlly14 (button) (small blind) folded before Flop



PokerStars Hand #253082960219: Tournament #3816034016, $1.84+$0.16 USD Hold'em No Limit - Level II (15/30) - 2024/10/24 20:26:12 CET [2024/10/24 14:26:12 ET]
Table '3816034016 1' 3-max Seat #1 is the button
Seat 1: Mahu2021 (850 in chips) 
Seat 2: BigOlly14 (650 in chips) 
Mahu2021: posts small blind 15
BigOlly14: posts big blind 30
*** HOLE CARDS ***
Dealt to Mahu2021 [2d 7s]
Mahu2021: folds 
Uncalled bet (15) returned to BigOlly14
BigOlly14 collected 30 from pot
*** SUMMARY ***
Total pot 30 | Rake 0 
Seat 1: Mahu2021 (button) (small blind) folded before Flop
Seat 2: BigOlly14 (big blind) collected (30)



PokerStars Hand #253082961380: Tournament #3816034016, $1.84+$0.16 USD Hold'em No Limit - Level II (15/30) - 2024/10/24 20:26:16 CET [2024/10/24 14:26:16 ET]
Table '3816034016 1' 3-max Seat #2 is the button
Seat 1: Mahu2021 (835 in chips) 
Seat 2: BigOlly14 (665 in chips) 
BigOlly14: posts small blind 15
Mahu2021: posts big blind 30
*** HOLE CARDS ***
Dealt to Mahu2021 [As 6c]
BigOlly14: raises 30 to 60
Mahu2021: calls 30
*** FLOP *** [Qd 4d 5c]
Mahu2021: checks 
BigOlly14: bets 30
Mahu2021: calls 30
*** TURN *** [Qd 4d 5c] [5s]
Mahu2021: checks 
BigOlly14: bets 30
Mahu2021: raises 90 to 120
BigOlly14: calls 90
*** RIVER *** [Qd 4d 5c 5s] [7h]
Mahu2021: checks 
BigOlly14: bets 455 and is all-in
Mahu2021: folds 
Uncalled bet (455) returned to BigOlly14
BigOlly14 collected 420 from pot
*** SUMMARY ***
Total pot 420 | Rake 0 
Board [Qd 4d 5c 5s 7h]
Seat 1: Mahu2021 (big blind) folded on the River
Seat 2: BigOlly14 (button) (small blind) collected (420)



PokerStars Hand #253082966229: Tournament #3816034016, $1.84+$0.16 USD Hold'em No Limit - Level II (15/30) - 2024/10/24 20:26:35 CET [2024/10/24 14:26:35 ET]
Table '3816034016 1' 3-max Seat #1 is the button
Seat 1: Mahu2021 (625 in chips) 
Seat 2: BigOlly14 (875 in chips) 
Mahu2021: posts small blind 15
BigOlly14: posts big blind 30
*** HOLE CARDS ***
Dealt to Mahu2021 [2s Qc]
Mahu2021: calls 15
BigOlly14: checks 
*** FLOP *** [Ks 6h 8d]
BigOlly14: checks 
Mahu2021: checks 
*** TURN *** [Ks 6h 8d] [Ac]
BigOlly14: bets 30
Mahu2021: folds 
Uncalled bet (30) returned to BigOlly14
BigOlly14 collected 60 from pot
*** SUMMARY ***
Total pot 60 | Rake 0 
Board [Ks 6h 8d Ac]
Seat 1: Mahu2021 (button) (small blind) folded on the Turn
Seat 2: BigOlly14 (big blind) collected (60)



PokerStars Hand #253082969047: Tournament #3816034016, $1.84+$0.16 USD Hold'em No Limit - Level II (15/30) - 2024/10/24 20:26:45 CET [2024/10/24 14:26:45 ET]
Table '3816034016 1' 3-max Seat #2 is the button
Seat 1: Mahu2021 (595 in chips) 
Seat 2: BigOlly14 (905 in chips) 
BigOlly14: posts small blind 15
Mahu2021: posts big blind 30
*** HOLE CARDS ***
Dealt to Mahu2021 [6c 4h]
BigOlly14: raises 30 to 60
Mahu2021: folds 
Uncalled bet (30) returned to BigOlly14
BigOlly14 collected 60 from pot
*** SUMMARY ***
Total pot 60 | Rake 0 
Seat 1: Mahu2021 (big blind) folded before Flop
Seat 2: BigOlly14 (button) (small blind) collected (60)



PokerStars Hand #253082971235: Tournament #3816034016, $1.84+$0.16 USD Hold'em No Limit - Level III (20/40) - 2024/10/24 20:26:54 CET [2024/10/24 14:26:54 ET]
Table '3816034016 1' 3-max Seat #1 is the button
Seat 1: Mahu2021 (565 in chips) 
Seat 2: BigOlly14 (935 in chips) 
Mahu2021: posts small blind 20
BigOlly14: posts big blind 40
*** HOLE CARDS ***
Dealt to Mahu2021 [Qc 7s]
Mahu2021: raises 40 to 80
BigOlly14: calls 40
*** FLOP *** [3c 9h 6h]
BigOlly14: bets 40
Mahu2021: calls 40
*** TURN *** [3c 9h 6h] [Ks]
BigOlly14: bets 80
Mahu2021: folds 
Uncalled bet (80) returned to BigOlly14
BigOlly14 collected 240 from pot
*** SUMMARY ***
Total pot 240 | Rake 0 
Board [3c 9h 6h Ks]
Seat 1: Mahu2021 (button) (small blind) folded on the Turn
Seat 2: BigOlly14 (big blind) collected (240)



PokerStars Hand #253082974422: Tournament #3816034016, $1.84+$0.16 USD Hold'em No Limit - Level III (20/40) - 2024/10/24 20:27:05 CET [2024/10/24 14:27:05 ET]
Table '3816034016 1' 3-max Seat #2 is the button
Seat 1: Mahu2021 (445 in chips) 
Seat 2: BigOlly14 (1055 in chips) 
BigOlly14: posts small blind 20
Mahu2021: posts big blind 40
*** HOLE CARDS ***
Dealt to Mahu2021 [9h 4s]
BigOlly14: raises 40 to 80
Mahu2021: folds 
Uncalled bet (40) returned to BigOlly14
BigOlly14 collected 80 from pot
*** SUMMARY ***
Total pot 80 | Rake 0 
Seat 1: Mahu2021 (big blind) folded before Flop
Seat 2: BigOlly14 (button) (small blind) collected (80)



PokerStars Hand #253082975757: Tournament #3816034016, $1.84+$0.16 USD Hold'em No Limit - Level III (20/40) - 2024/10/24 20:27:11 CET [2024/10/24 14:27:11 ET]
Table '3816034016 1' 3-max Seat #1 is the button
Seat 1: Mahu2021 (405 in chips) 
Seat 2: BigOlly14 (1095 in chips) 
Mahu2021: posts small blind 20
BigOlly14: posts big blind 40
*** HOLE CARDS ***
Dealt to Mahu2021 [Qs 9s]
Mahu2021: raises 40 to 80
BigOlly14: raises 1015 to 1095 and is all-in
Mahu2021: calls 325 and is all-in
Uncalled bet (690) returned to BigOlly14
*** FLOP *** [9d Th 2h]
*** TURN *** [9d Th 2h] [7c]
*** RIVER *** [9d Th 2h 7c] [7s]
*** SHOW DOWN ***
BigOlly14: shows [Qc Ac] (a pair of Sevens)
Mahu2021: shows [Qs 9s] (two pair, Nines and Sevens)
Mahu2021 collected 810 from pot
*** SUMMARY ***
Total pot 810 | Rake 0 
Board [9d Th 2h 7c 7s]
Seat 1: Mahu2021 (button) (small blind) showed [Qs 9s] and won (810) with two pair, Nines and Sevens
Seat 2: BigOlly14 (big blind) showed [Qc Ac] and lost with a pair of Sevens



PokerStars Hand #253082979736: Tournament #3816034016, $1.84+$0.16 USD Hold'em No Limit - Level III (20/40) - 2024/10/24 20:27:25 CET [2024/10/24 14:27:25 ET]
Table '3816034016 1' 3-max Seat #2 is the button
Seat 1: Mahu2021 (810 in chips) 
Seat 2: BigOlly14 (690 in chips) 
BigOlly14: posts small blind 20
Mahu2021: posts big blind 40
*** HOLE CARDS ***
Dealt to Mahu2021 [Ks 8d]
BigOlly14: raises 40 to 80
Mahu2021: calls 40
*** FLOP *** [4c 5d Ad]
Mahu2021: checks 
BigOlly14: bets 160
Mahu2021: folds 
Uncalled bet (160) returned to BigOlly14
BigOlly14 collected 160 from pot
*** SUMMARY ***
Total pot 160 | Rake 0 
Board [4c 5d Ad]
Seat 1: Mahu2021 (big blind) folded on the Flop
Seat 2: BigOlly14 (button) (small blind) collected (160)



PokerStars Hand #253082982378: Tournament #3816034016, $1.84+$0.16 USD Hold'em No Limit - Level III (20/40) - 2024/10/24 20:27:35 CET [2024/10/24 14:27:35 ET]
Table '3816034016 1' 3-max Seat #1 is the button
Seat 1: Mahu2021 (730 in chips) 
Seat 2: BigOlly14 (770 in chips) 
Mahu2021: posts small blind 20
BigOlly14: posts big blind 40
*** HOLE CARDS ***
Dealt to Mahu2021 [3d Qh]
Mahu2021: folds 
Uncalled bet (20) returned to BigOlly14
BigOlly14 collected 40 from pot
*** SUMMARY ***
Total pot 40 | Rake 0 
Seat 1: Mahu2021 (button) (small blind) folded before Flop
Seat 2: BigOlly14 (big blind) collected (40)



PokerStars Hand #253082983680: Tournament #3816034016, $1.84+$0.16 USD Hold'em No Limit - Level III (20/40) - 2024/10/24 20:27:39 CET [2024/10/24 14:27:39 ET]
Table '3816034016 1' 3-max Seat #2 is the button
Seat 1: Mahu2021 (710 in chips) 
Seat 2: BigOlly14 (790 in chips) 
BigOlly14: posts small blind 20
Mahu2021: posts big blind 40
*** HOLE CARDS ***
Dealt to Mahu2021 [Js 5h]
BigOlly14: raises 40 to 80
Mahu2021: calls 40
*** FLOP *** [Th 7c 8h]
Mahu2021: checks 
BigOlly14: bets 710 and is all-in
Mahu2021: folds 
Uncalled bet (710) returned to BigOlly14
BigOlly14 collected 160 from pot
*** SUMMARY ***
Total pot 160 | Rake 0 
Board [Th 7c 8h]
Seat 1: Mahu2021 (big blind) folded on the Flop
Seat 2: BigOlly14 (button) (small blind) collected (160)



PokerStars Hand #253082986840: Tournament #3816034016, $1.84+$0.16 USD Hold'em No Limit - Level III (20/40) - 2024/10/24 20:27:51 CET [2024/10/24 14:27:51 ET]
Table '3816034016 1' 3-max Seat #1 is the button
Seat 1: Mahu2021 (630 in chips) 
Seat 2: BigOlly14 (870 in chips) 
Mahu2021: posts small blind 20
BigOlly14: posts big blind 40
*** HOLE CARDS ***
Dealt to Mahu2021 [2c 7d]
Mahu2021: folds 
Uncalled bet (20) returned to BigOlly14
BigOlly14 collected 40 from pot
*** SUMMARY ***
Total pot 40 | Rake 0 
Seat 1: Mahu2021 (button) (small blind) folded before Flop
Seat 2: BigOlly14 (big blind) collected (40)



PokerStars Hand #253082988053: Tournament #3816034016, $1.84+$0.16 USD Hold'em No Limit - Level III (20/40) - 2024/10/24 20:27:55 CET [2024/10/24 14:27:55 ET]
Table '3816034016 1' 3-max Seat #2 is the button
Seat 1: Mahu2021 (610 in chips) 
Seat 2: BigOlly14 (890 in chips) 
BigOlly14: posts small blind 20
Mahu2021: posts big blind 40
*** HOLE CARDS ***
Dealt to Mahu2021 [Kh Jh]
BigOlly14: raises 40 to 80
Mahu2021: raises 530 to 610 and is all-in
BigOlly14: calls 530
*** FLOP *** [7d 6h 4s]
*** TURN *** [7d 6h 4s] [Qs]
*** RIVER *** [7d 6h 4s Qs] [5s]
*** SHOW DOWN ***
Mahu2021: shows [Kh Jh] (high card King)
BigOlly14: shows [Qh Th] (a pair of Queens)
BigOlly14 collected 1220 from pot
Mahu2021 finished the tournament in 2nd place
BigOlly14 wins the tournament and receives $4.00 - congratulations!
*** SUMMARY ***
Total pot 1220 | Rake 0 
Board [7d 6h 4s Qs 5s]
Seat 1: Mahu2021 (big blind) showed [Kh Jh] and lost with high card King
Seat 2: BigOlly14 (button) (small blind) showed [Qh Th] and won (1220) with a pair of Queens



