PokerStars Hand #243123176639: Tournament #3578272514, $0.92+$0.08 USD Hold'em No Limit - Level I (10/20) - 2023/04/16 11:19:22 CET [2023/04/16 5:19:22 ET]
Table '3578272514 1' 3-max Seat #1 is the button
Seat 1: SSuperSayann (500 in chips) 
Seat 2: KatySmelly (500 in chips) 
Seat 3: Mahu2021 (500 in chips) 
KatySmelly: posts small blind 10
Mahu2021: posts big blind 20
*** HOLE CARDS ***
Dealt to Mahu2021 [9d 6c]
SSuperSayann has timed out
SSuperSayann: folds 
SSuperSayann is sitting out
KatySmelly: folds 
Uncalled bet (10) returned to Mahu2021
Mahu2021 collected 20 from pot
Mahu2021: doesn't show hand 
*** SUMMARY ***
Total pot 20 | Rake 0 
Seat 1: SSuperSayann (button) folded before Flop (didn't bet)
Seat 2: KatySmelly (small blind) folded before Flop
Seat 3: Mahu2021 (big blind) collected (20)



PokerStars Hand #243123179108: Tournament #3578272514, $0.92+$0.08 USD Hold'em No Limit - Level I (10/20) - 2023/04/16 11:19:38 CET [2023/04/16 5:19:38 ET]
Table '3578272514 1' 3-max Seat #2 is the button
Seat 1: SSuperSayann (500 in chips) is sitting out
Seat 2: KatySmelly (490 in chips) 
Seat 3: Mahu2021 (510 in chips) 
Mahu2021: posts small blind 10
SSuperSayann: posts big blind 20
*** HOLE CARDS ***
Dealt to Mahu2021 [4d Qc]
SSuperSayann has returned
KatySmelly: raises 20 to 40
Mahu2021: folds 
SSuperSayann: calls 20
*** FLOP *** [2c 3d 3h]
SSuperSayann: checks 
KatySmelly: bets 45
SSuperSayann: calls 45
*** TURN *** [2c 3d 3h] [7c]
SSuperSayann: checks 
KatySmelly: bets 90
SSuperSayann: folds 
Uncalled bet (90) returned to KatySmelly
KatySmelly collected 180 from pot
KatySmelly: doesn't show hand 
*** SUMMARY ***
Total pot 180 | Rake 0 
Board [2c 3d 3h 7c]
Seat 1: SSuperSayann (big blind) folded on the Turn
Seat 2: KatySmelly (button) collected (180)
Seat 3: Mahu2021 (small blind) folded before Flop



PokerStars Hand #243123185082: Tournament #3578272514, $0.92+$0.08 USD Hold'em No Limit - Level I (10/20) - 2023/04/16 11:20:14 CET [2023/04/16 5:20:14 ET]
Table '3578272514 1' 3-max Seat #3 is the button
Seat 1: SSuperSayann (415 in chips) 
Seat 2: KatySmelly (585 in chips) 
Seat 3: Mahu2021 (500 in chips) 
SSuperSayann: posts small blind 10
KatySmelly: posts big blind 20
*** HOLE CARDS ***
Dealt to Mahu2021 [5s Kc]
Mahu2021: folds 
SSuperSayann: raises 20 to 40
KatySmelly: folds 
Uncalled bet (20) returned to SSuperSayann
SSuperSayann collected 40 from pot
SSuperSayann: doesn't show hand 
*** SUMMARY ***
Total pot 40 | Rake 0 
Seat 1: SSuperSayann (small blind) collected (40)
Seat 2: KatySmelly (big blind) folded before Flop
Seat 3: Mahu2021 (button) folded before Flop (didn't bet)



PokerStars Hand #243123187371: Tournament #3578272514, $0.92+$0.08 USD Hold'em No Limit - Level I (10/20) - 2023/04/16 11:20:29 CET [2023/04/16 5:20:29 ET]
Table '3578272514 1' 3-max Seat #1 is the button
Seat 1: SSuperSayann (435 in chips) 
Seat 2: KatySmelly (565 in chips) 
Seat 3: Mahu2021 (500 in chips) 
KatySmelly: posts small blind 10
Mahu2021: posts big blind 20
*** HOLE CARDS ***
Dealt to Mahu2021 [8c 2h]
SSuperSayann: folds 
KatySmelly: folds 
Uncalled bet (10) returned to Mahu2021
Mahu2021 collected 20 from pot
Mahu2021: doesn't show hand 
*** SUMMARY ***
Total pot 20 | Rake 0 
Seat 1: SSuperSayann (button) folded before Flop (didn't bet)
Seat 2: KatySmelly (small blind) folded before Flop
Seat 3: Mahu2021 (big blind) collected (20)



PokerStars Hand #243123188869: Tournament #3578272514, $0.92+$0.08 USD Hold'em No Limit - Level I (10/20) - 2023/04/16 11:20:38 CET [2023/04/16 5:20:38 ET]
Table '3578272514 1' 3-max Seat #2 is the button
Seat 1: SSuperSayann (435 in chips) 
Seat 2: KatySmelly (555 in chips) 
Seat 3: Mahu2021 (510 in chips) 
Mahu2021: posts small blind 10
SSuperSayann: posts big blind 20
*** HOLE CARDS ***
Dealt to Mahu2021 [2d 7h]
KatySmelly: raises 20 to 40
Mahu2021: folds 
SSuperSayann: folds 
Uncalled bet (20) returned to KatySmelly
KatySmelly collected 50 from pot
KatySmelly: doesn't show hand 
*** SUMMARY ***
Total pot 50 | Rake 0 
Seat 1: SSuperSayann (big blind) folded before Flop
Seat 2: KatySmelly (button) collected (50)
Seat 3: Mahu2021 (small blind) folded before Flop



PokerStars Hand #243123190479: Tournament #3578272514, $0.92+$0.08 USD Hold'em No Limit - Level I (10/20) - 2023/04/16 11:20:49 CET [2023/04/16 5:20:49 ET]
Table '3578272514 1' 3-max Seat #3 is the button
Seat 1: SSuperSayann (415 in chips) 
Seat 2: KatySmelly (585 in chips) 
Seat 3: Mahu2021 (500 in chips) 
SSuperSayann: posts small blind 10
KatySmelly: posts big blind 20
*** HOLE CARDS ***
Dealt to Mahu2021 [2c 2h]
Mahu2021: raises 480 to 500 and is all-in
SSuperSayann: folds 
KatySmelly: folds 
Uncalled bet (480) returned to Mahu2021
Mahu2021 collected 50 from pot
Mahu2021: doesn't show hand 
*** SUMMARY ***
Total pot 50 | Rake 0 
Seat 1: SSuperSayann (small blind) folded before Flop
Seat 2: KatySmelly (big blind) folded before Flop
Seat 3: Mahu2021 (button) collected (50)



PokerStars Hand #243123192456: Tournament #3578272514, $0.92+$0.08 USD Hold'em No Limit - Level I (10/20) - 2023/04/16 11:21:01 CET [2023/04/16 5:21:01 ET]
Table '3578272514 1' 3-max Seat #1 is the button
Seat 1: SSuperSayann (405 in chips) 
Seat 2: KatySmelly (565 in chips) 
Seat 3: Mahu2021 (530 in chips) 
KatySmelly: posts small blind 10
Mahu2021: posts big blind 20
*** HOLE CARDS ***
Dealt to Mahu2021 [Th 9c]
SSuperSayann: calls 20
KatySmelly: folds 
Mahu2021: checks 
*** FLOP *** [5d 4d 2h]
Mahu2021: checks 
SSuperSayann: bets 40
Mahu2021: folds 
Uncalled bet (40) returned to SSuperSayann
SSuperSayann collected 50 from pot
SSuperSayann: doesn't show hand 
*** SUMMARY ***
Total pot 50 | Rake 0 
Board [5d 4d 2h]
Seat 1: SSuperSayann (button) collected (50)
Seat 2: KatySmelly (small blind) folded before Flop
Seat 3: Mahu2021 (big blind) folded on the Flop



PokerStars Hand #243123197995: Tournament #3578272514, $0.92+$0.08 USD Hold'em No Limit - Level II (15/30) - 2023/04/16 11:21:35 CET [2023/04/16 5:21:35 ET]
Table '3578272514 1' 3-max Seat #2 is the button
Seat 1: SSuperSayann (435 in chips) 
Seat 2: KatySmelly (555 in chips) 
Seat 3: Mahu2021 (510 in chips) 
Mahu2021: posts small blind 15
SSuperSayann: posts big blind 30
*** HOLE CARDS ***
Dealt to Mahu2021 [Kc 2s]
KatySmelly: folds 
Mahu2021: calls 15
SSuperSayann: checks 
*** FLOP *** [3s 6c Kh]
Mahu2021: checks 
SSuperSayann: checks 
*** TURN *** [3s 6c Kh] [3h]
Mahu2021: checks 
SSuperSayann: bets 30
Mahu2021: calls 30
*** RIVER *** [3s 6c Kh 3h] [Jc]
Mahu2021: bets 30
SSuperSayann: raises 30 to 60
Mahu2021: calls 30
*** SHOW DOWN ***
SSuperSayann: shows [6s Qh] (two pair, Sixes and Threes)
Mahu2021: shows [Kc 2s] (two pair, Kings and Threes)
Mahu2021 collected 240 from pot
*** SUMMARY ***
Total pot 240 | Rake 0 
Board [3s 6c Kh 3h Jc]
Seat 1: SSuperSayann (big blind) showed [6s Qh] and lost with two pair, Sixes and Threes
Seat 2: KatySmelly (button) folded before Flop (didn't bet)
Seat 3: Mahu2021 (small blind) showed [Kc 2s] and won (240) with two pair, Kings and Threes



PokerStars Hand #243123201486: Tournament #3578272514, $0.92+$0.08 USD Hold'em No Limit - Level II (15/30) - 2023/04/16 11:21:57 CET [2023/04/16 5:21:57 ET]
Table '3578272514 1' 3-max Seat #3 is the button
Seat 1: SSuperSayann (315 in chips) 
Seat 2: KatySmelly (555 in chips) 
Seat 3: Mahu2021 (630 in chips) 
SSuperSayann: posts small blind 15
KatySmelly: posts big blind 30
*** HOLE CARDS ***
Dealt to Mahu2021 [Qh 3c]
Mahu2021: folds 
SSuperSayann: raises 30 to 60
KatySmelly: folds 
Uncalled bet (30) returned to SSuperSayann
SSuperSayann collected 60 from pot
SSuperSayann: doesn't show hand 
*** SUMMARY ***
Total pot 60 | Rake 0 
Seat 1: SSuperSayann (small blind) collected (60)
Seat 2: KatySmelly (big blind) folded before Flop
Seat 3: Mahu2021 (button) folded before Flop (didn't bet)



PokerStars Hand #243123202963: Tournament #3578272514, $0.92+$0.08 USD Hold'em No Limit - Level II (15/30) - 2023/04/16 11:22:06 CET [2023/04/16 5:22:06 ET]
Table '3578272514 1' 3-max Seat #1 is the button
Seat 1: SSuperSayann (345 in chips) 
Seat 2: KatySmelly (525 in chips) 
Seat 3: Mahu2021 (630 in chips) 
KatySmelly: posts small blind 15
Mahu2021: posts big blind 30
*** HOLE CARDS ***
Dealt to Mahu2021 [6s 9c]
SSuperSayann: raises 30 to 60
KatySmelly: folds 
Mahu2021: folds 
Uncalled bet (30) returned to SSuperSayann
SSuperSayann collected 75 from pot
SSuperSayann: doesn't show hand 
*** SUMMARY ***
Total pot 75 | Rake 0 
Seat 1: SSuperSayann (button) collected (75)
Seat 2: KatySmelly (small blind) folded before Flop
Seat 3: Mahu2021 (big blind) folded before Flop



PokerStars Hand #243123203989: Tournament #3578272514, $0.92+$0.08 USD Hold'em No Limit - Level II (15/30) - 2023/04/16 11:22:12 CET [2023/04/16 5:22:12 ET]
Table '3578272514 1' 3-max Seat #2 is the button
Seat 1: SSuperSayann (390 in chips) 
Seat 2: KatySmelly (510 in chips) 
Seat 3: Mahu2021 (600 in chips) 
Mahu2021: posts small blind 15
SSuperSayann: posts big blind 30
*** HOLE CARDS ***
Dealt to Mahu2021 [Tc 9h]
KatySmelly: folds 
Mahu2021: calls 15
SSuperSayann: raises 30 to 60
Mahu2021: calls 30
*** FLOP *** [Qd Ah 2c]
Mahu2021: checks 
SSuperSayann: bets 30
Mahu2021: folds 
Uncalled bet (30) returned to SSuperSayann
SSuperSayann collected 120 from pot
SSuperSayann: doesn't show hand 
*** SUMMARY ***
Total pot 120 | Rake 0 
Board [Qd Ah 2c]
Seat 1: SSuperSayann (big blind) collected (120)
Seat 2: KatySmelly (button) folded before Flop (didn't bet)
Seat 3: Mahu2021 (small blind) folded on the Flop



PokerStars Hand #243123205955: Tournament #3578272514, $0.92+$0.08 USD Hold'em No Limit - Level II (15/30) - 2023/04/16 11:22:24 CET [2023/04/16 5:22:24 ET]
Table '3578272514 1' 3-max Seat #3 is the button
Seat 1: SSuperSayann (450 in chips) 
Seat 2: KatySmelly (510 in chips) 
Seat 3: Mahu2021 (540 in chips) 
SSuperSayann: posts small blind 15
KatySmelly: posts big blind 30
*** HOLE CARDS ***
Dealt to Mahu2021 [7h Ts]
Mahu2021: folds 
SSuperSayann: raises 30 to 60
KatySmelly: folds 
Uncalled bet (30) returned to SSuperSayann
SSuperSayann collected 60 from pot
SSuperSayann: doesn't show hand 
*** SUMMARY ***
Total pot 60 | Rake 0 
Seat 1: SSuperSayann (small blind) collected (60)
Seat 2: KatySmelly (big blind) folded before Flop
Seat 3: Mahu2021 (button) folded before Flop (didn't bet)



PokerStars Hand #243123207132: Tournament #3578272514, $0.92+$0.08 USD Hold'em No Limit - Level II (15/30) - 2023/04/16 11:22:32 CET [2023/04/16 5:22:32 ET]
Table '3578272514 1' 3-max Seat #1 is the button
Seat 1: SSuperSayann (480 in chips) 
Seat 2: KatySmelly (480 in chips) 
Seat 3: Mahu2021 (540 in chips) 
KatySmelly: posts small blind 15
Mahu2021: posts big blind 30
*** HOLE CARDS ***
Dealt to Mahu2021 [Js Ah]
SSuperSayann: raises 30 to 60
KatySmelly: folds 
Mahu2021: calls 30
*** FLOP *** [Kc 4s 4h]
Mahu2021: checks 
SSuperSayann: bets 30
Mahu2021: calls 30
*** TURN *** [Kc 4s 4h] [Kd]
Mahu2021: checks 
SSuperSayann: bets 30
Mahu2021: raises 90 to 120
SSuperSayann: folds 
Uncalled bet (90) returned to Mahu2021
Mahu2021 collected 255 from pot
Mahu2021: doesn't show hand 
*** SUMMARY ***
Total pot 255 | Rake 0 
Board [Kc 4s 4h Kd]
Seat 1: SSuperSayann (button) folded on the Turn
Seat 2: KatySmelly (small blind) folded before Flop
Seat 3: Mahu2021 (big blind) collected (255)



PokerStars Hand #243123210410: Tournament #3578272514, $0.92+$0.08 USD Hold'em No Limit - Level II (15/30) - 2023/04/16 11:22:52 CET [2023/04/16 5:22:52 ET]
Table '3578272514 1' 3-max Seat #2 is the button
Seat 1: SSuperSayann (360 in chips) 
Seat 2: KatySmelly (465 in chips) 
Seat 3: Mahu2021 (675 in chips) 
Mahu2021: posts small blind 15
SSuperSayann: posts big blind 30
*** HOLE CARDS ***
Dealt to Mahu2021 [6d 6s]
KatySmelly: folds 
Mahu2021: raises 645 to 675 and is all-in
SSuperSayann: folds 
Uncalled bet (645) returned to Mahu2021
Mahu2021 collected 60 from pot
Mahu2021: doesn't show hand 
*** SUMMARY ***
Total pot 60 | Rake 0 
Seat 1: SSuperSayann (big blind) folded before Flop
Seat 2: KatySmelly (button) folded before Flop (didn't bet)
Seat 3: Mahu2021 (small blind) collected (60)



PokerStars Hand #243123211592: Tournament #3578272514, $0.92+$0.08 USD Hold'em No Limit - Level II (15/30) - 2023/04/16 11:23:00 CET [2023/04/16 5:23:00 ET]
Table '3578272514 1' 3-max Seat #3 is the button
Seat 1: SSuperSayann (330 in chips) 
Seat 2: KatySmelly (465 in chips) 
Seat 3: Mahu2021 (705 in chips) 
SSuperSayann: posts small blind 15
KatySmelly: posts big blind 30
*** HOLE CARDS ***
Dealt to Mahu2021 [3s 8h]
Mahu2021: folds 
SSuperSayann: calls 15
KatySmelly: raises 435 to 465 and is all-in
SSuperSayann: calls 300 and is all-in
Uncalled bet (135) returned to KatySmelly
*** FLOP *** [7c Kc 6h]
*** TURN *** [7c Kc 6h] [5c]
*** RIVER *** [7c Kc 6h 5c] [Qc]
*** SHOW DOWN ***
SSuperSayann: shows [Qd Ah] (a pair of Queens)
KatySmelly: shows [7h Ad] (a pair of Sevens)
SSuperSayann collected 660 from pot
*** SUMMARY ***
Total pot 660 | Rake 0 
Board [7c Kc 6h 5c Qc]
Seat 1: SSuperSayann (small blind) showed [Qd Ah] and won (660) with a pair of Queens
Seat 2: KatySmelly (big blind) showed [7h Ad] and lost with a pair of Sevens
Seat 3: Mahu2021 (button) folded before Flop (didn't bet)



PokerStars Hand #243123214354: Tournament #3578272514, $0.92+$0.08 USD Hold'em No Limit - Level II (15/30) - 2023/04/16 11:23:17 CET [2023/04/16 5:23:17 ET]
Table '3578272514 1' 3-max Seat #1 is the button
Seat 1: SSuperSayann (660 in chips) 
Seat 2: KatySmelly (135 in chips) 
Seat 3: Mahu2021 (705 in chips) 
KatySmelly: posts small blind 15
Mahu2021: posts big blind 30
*** HOLE CARDS ***
Dealt to Mahu2021 [Js 6h]
SSuperSayann: calls 30
KatySmelly: folds 
Mahu2021: checks 
*** FLOP *** [8d 7c Td]
Mahu2021: bets 30
SSuperSayann: folds 
Uncalled bet (30) returned to Mahu2021
Mahu2021 collected 75 from pot
Mahu2021: doesn't show hand 
*** SUMMARY ***
Total pot 75 | Rake 0 
Board [8d 7c Td]
Seat 1: SSuperSayann (button) folded on the Flop
Seat 2: KatySmelly (small blind) folded before Flop
Seat 3: Mahu2021 (big blind) collected (75)



PokerStars Hand #243123217029: Tournament #3578272514, $0.92+$0.08 USD Hold'em No Limit - Level III (20/40) - 2023/04/16 11:23:34 CET [2023/04/16 5:23:34 ET]
Table '3578272514 1' 3-max Seat #2 is the button
Seat 1: SSuperSayann (630 in chips) 
Seat 2: KatySmelly (120 in chips) 
Seat 3: Mahu2021 (750 in chips) 
Mahu2021: posts small blind 20
SSuperSayann: posts big blind 40
*** HOLE CARDS ***
Dealt to Mahu2021 [7c 8c]
KatySmelly: raises 80 to 120 and is all-in
Mahu2021: calls 100
SSuperSayann: folds 
*** FLOP *** [7h Th 6c]
*** TURN *** [7h Th 6c] [5c]
*** RIVER *** [7h Th 6c 5c] [4s]
*** SHOW DOWN ***
Mahu2021: shows [7c 8c] (a straight, Four to Eight)
KatySmelly: shows [Kh 8s] (a straight, Four to Eight)
Mahu2021 collected 140 from pot
KatySmelly collected 140 from pot
*** SUMMARY ***
Total pot 280 | Rake 0 
Board [7h Th 6c 5c 4s]
Seat 1: SSuperSayann (big blind) folded before Flop
Seat 2: KatySmelly (button) showed [Kh 8s] and won (140) with a straight, Four to Eight
Seat 3: Mahu2021 (small blind) showed [7c 8c] and won (140) with a straight, Four to Eight



PokerStars Hand #243123219294: Tournament #3578272514, $0.92+$0.08 USD Hold'em No Limit - Level III (20/40) - 2023/04/16 11:23:48 CET [2023/04/16 5:23:48 ET]
Table '3578272514 1' 3-max Seat #3 is the button
Seat 1: SSuperSayann (590 in chips) 
Seat 2: KatySmelly (140 in chips) 
Seat 3: Mahu2021 (770 in chips) 
SSuperSayann: posts small blind 20
KatySmelly: posts big blind 40
*** HOLE CARDS ***
Dealt to Mahu2021 [Jc Td]
Mahu2021: folds 
SSuperSayann: calls 20
KatySmelly: raises 100 to 140 and is all-in
SSuperSayann: folds 
Uncalled bet (100) returned to KatySmelly
KatySmelly collected 80 from pot
KatySmelly: doesn't show hand 
*** SUMMARY ***
Total pot 80 | Rake 0 
Seat 1: SSuperSayann (small blind) folded before Flop
Seat 2: KatySmelly (big blind) collected (80)
Seat 3: Mahu2021 (button) folded before Flop (didn't bet)



PokerStars Hand #243123220995: Tournament #3578272514, $0.92+$0.08 USD Hold'em No Limit - Level III (20/40) - 2023/04/16 11:23:59 CET [2023/04/16 5:23:59 ET]
Table '3578272514 1' 3-max Seat #1 is the button
Seat 1: SSuperSayann (550 in chips) 
Seat 2: KatySmelly (180 in chips) 
Seat 3: Mahu2021 (770 in chips) 
KatySmelly: posts small blind 20
Mahu2021: posts big blind 40
*** HOLE CARDS ***
Dealt to Mahu2021 [6h Qd]
SSuperSayann: calls 40
KatySmelly: folds 
Mahu2021: checks 
*** FLOP *** [Kh Jc Ts]
Mahu2021: bets 40
SSuperSayann: calls 40
*** TURN *** [Kh Jc Ts] [3d]
Mahu2021: checks 
SSuperSayann: bets 40
Mahu2021: calls 40
*** RIVER *** [Kh Jc Ts 3d] [2s]
Mahu2021: checks 
SSuperSayann: bets 210
Mahu2021: folds 
Uncalled bet (210) returned to SSuperSayann
SSuperSayann collected 260 from pot
SSuperSayann: doesn't show hand 
*** SUMMARY ***
Total pot 260 | Rake 0 
Board [Kh Jc Ts 3d 2s]
Seat 1: SSuperSayann (button) collected (260)
Seat 2: KatySmelly (small blind) folded before Flop
Seat 3: Mahu2021 (big blind) folded on the River



PokerStars Hand #243123226231: Tournament #3578272514, $0.92+$0.08 USD Hold'em No Limit - Level III (20/40) - 2023/04/16 11:24:31 CET [2023/04/16 5:24:31 ET]
Table '3578272514 1' 3-max Seat #2 is the button
Seat 1: SSuperSayann (690 in chips) 
Seat 2: KatySmelly (160 in chips) 
Seat 3: Mahu2021 (650 in chips) 
Mahu2021: posts small blind 20
SSuperSayann: posts big blind 40
*** HOLE CARDS ***
Dealt to Mahu2021 [Td Qd]
KatySmelly: folds 
Mahu2021: calls 20
SSuperSayann: checks 
*** FLOP *** [6d 3s Kc]
Mahu2021: bets 40
SSuperSayann: calls 40
*** TURN *** [6d 3s Kc] [Qc]
Mahu2021: bets 40
SSuperSayann: calls 40
*** RIVER *** [6d 3s Kc Qc] [Ad]
Mahu2021: bets 40
SSuperSayann: raises 40 to 80
Mahu2021: calls 40
*** SHOW DOWN ***
SSuperSayann: shows [7d 3d] (a pair of Threes)
Mahu2021: shows [Td Qd] (a pair of Queens)
Mahu2021 collected 400 from pot
*** SUMMARY ***
Total pot 400 | Rake 0 
Board [6d 3s Kc Qc Ad]
Seat 1: SSuperSayann (big blind) showed [7d 3d] and lost with a pair of Threes
Seat 2: KatySmelly (button) folded before Flop (didn't bet)
Seat 3: Mahu2021 (small blind) showed [Td Qd] and won (400) with a pair of Queens



PokerStars Hand #243123230021: Tournament #3578272514, $0.92+$0.08 USD Hold'em No Limit - Level III (20/40) - 2023/04/16 11:24:54 CET [2023/04/16 5:24:54 ET]
Table '3578272514 1' 3-max Seat #3 is the button
Seat 1: SSuperSayann (490 in chips) 
Seat 2: KatySmelly (160 in chips) 
Seat 3: Mahu2021 (850 in chips) 
SSuperSayann: posts small blind 20
KatySmelly: posts big blind 40
*** HOLE CARDS ***
Dealt to Mahu2021 [4s Ts]
Mahu2021: folds 
SSuperSayann: raises 450 to 490 and is all-in
KatySmelly: calls 120 and is all-in
Uncalled bet (330) returned to SSuperSayann
*** FLOP *** [7h 4d 5s]
*** TURN *** [7h 4d 5s] [8h]
*** RIVER *** [7h 4d 5s 8h] [6h]
*** SHOW DOWN ***
SSuperSayann: shows [2c 2d] (a straight, Four to Eight)
KatySmelly: shows [3c 3d] (a straight, Four to Eight)
SSuperSayann collected 160 from pot
KatySmelly collected 160 from pot
*** SUMMARY ***
Total pot 320 | Rake 0 
Board [7h 4d 5s 8h 6h]
Seat 1: SSuperSayann (small blind) showed [2c 2d] and won (160) with a straight, Four to Eight
Seat 2: KatySmelly (big blind) showed [3c 3d] and won (160) with a straight, Four to Eight
Seat 3: Mahu2021 (button) folded before Flop (didn't bet)



PokerStars Hand #243123232906: Tournament #3578272514, $0.92+$0.08 USD Hold'em No Limit - Level III (20/40) - 2023/04/16 11:25:12 CET [2023/04/16 5:25:12 ET]
Table '3578272514 1' 3-max Seat #1 is the button
Seat 1: SSuperSayann (490 in chips) 
Seat 2: KatySmelly (160 in chips) 
Seat 3: Mahu2021 (850 in chips) 
KatySmelly: posts small blind 20
Mahu2021: posts big blind 40
*** HOLE CARDS ***
Dealt to Mahu2021 [6h 4h]
SSuperSayann: calls 40
KatySmelly: raises 120 to 160 and is all-in
Mahu2021: folds 
SSuperSayann: calls 120
*** FLOP *** [7d 5c Td]
*** TURN *** [7d 5c Td] [8d]
*** RIVER *** [7d 5c Td 8d] [2h]
*** SHOW DOWN ***
KatySmelly: shows [9s Ah] (high card Ace)
SSuperSayann: shows [7s Js] (a pair of Sevens)
SSuperSayann collected 360 from pot
KatySmelly finished the tournament in 3rd place
*** SUMMARY ***
Total pot 360 | Rake 0 
Board [7d 5c Td 8d 2h]
Seat 1: SSuperSayann (button) showed [7s Js] and won (360) with a pair of Sevens
Seat 2: KatySmelly (small blind) showed [9s Ah] and lost with high card Ace
Seat 3: Mahu2021 (big blind) folded before Flop



PokerStars Hand #243123236689: Tournament #3578272514, $0.92+$0.08 USD Hold'em No Limit - Level IV (30/60) - 2023/04/16 11:25:35 CET [2023/04/16 5:25:35 ET]
Table '3578272514 1' 3-max Seat #3 is the button
Seat 1: SSuperSayann (690 in chips) 
Seat 3: Mahu2021 (810 in chips) 
Mahu2021: posts small blind 30
SSuperSayann: posts big blind 60
*** HOLE CARDS ***
Dealt to Mahu2021 [9h Td]
Mahu2021: calls 30
SSuperSayann: checks 
*** FLOP *** [Kd 3s 2s]
SSuperSayann: checks 
Mahu2021: bets 60
SSuperSayann: raises 570 to 630 and is all-in
Mahu2021: folds 
Uncalled bet (570) returned to SSuperSayann
SSuperSayann collected 240 from pot
SSuperSayann: doesn't show hand 
*** SUMMARY ***
Total pot 240 | Rake 0 
Board [Kd 3s 2s]
Seat 1: SSuperSayann (big blind) collected (240)
Seat 3: Mahu2021 (button) (small blind) folded on the Flop



PokerStars Hand #243123239438: Tournament #3578272514, $0.92+$0.08 USD Hold'em No Limit - Level IV (30/60) - 2023/04/16 11:25:52 CET [2023/04/16 5:25:52 ET]
Table '3578272514 1' 3-max Seat #1 is the button
Seat 1: SSuperSayann (810 in chips) 
Seat 3: Mahu2021 (690 in chips) 
SSuperSayann: posts small blind 30
Mahu2021: posts big blind 60
*** HOLE CARDS ***
Dealt to Mahu2021 [Ac 3h]
SSuperSayann: calls 30
Mahu2021: checks 
*** FLOP *** [7s 9c 5d]
Mahu2021: checks 
SSuperSayann: checks 
*** TURN *** [7s 9c 5d] [7h]
Mahu2021: checks 
SSuperSayann: checks 
*** RIVER *** [7s 9c 5d 7h] [Jd]
Mahu2021: checks 
SSuperSayann: bets 60
Mahu2021: calls 60
*** SHOW DOWN ***
SSuperSayann: shows [4s Kc] (a pair of Sevens)
Mahu2021: shows [Ac 3h] (a pair of Sevens - Ace kicker)
Mahu2021 collected 240 from pot
*** SUMMARY ***
Total pot 240 | Rake 0 
Board [7s 9c 5d 7h Jd]
Seat 1: SSuperSayann (button) (small blind) showed [4s Kc] and lost with a pair of Sevens
Seat 3: Mahu2021 (big blind) showed [Ac 3h] and won (240) with a pair of Sevens



PokerStars Hand #243123242156: Tournament #3578272514, $0.92+$0.08 USD Hold'em No Limit - Level IV (30/60) - 2023/04/16 11:26:09 CET [2023/04/16 5:26:09 ET]
Table '3578272514 1' 3-max Seat #3 is the button
Seat 1: SSuperSayann (690 in chips) 
Seat 3: Mahu2021 (810 in chips) 
Mahu2021: posts small blind 30
SSuperSayann: posts big blind 60
*** HOLE CARDS ***
Dealt to Mahu2021 [Ks Ad]
Mahu2021: raises 750 to 810 and is all-in
SSuperSayann: calls 630 and is all-in
Uncalled bet (120) returned to Mahu2021
*** FLOP *** [4s Ts 5c]
*** TURN *** [4s Ts 5c] [9s]
*** RIVER *** [4s Ts 5c 9s] [9c]
*** SHOW DOWN ***
SSuperSayann: shows [Ah Js] (a pair of Nines)
Mahu2021: shows [Ks Ad] (a pair of Nines - Ace+King kicker)
Mahu2021 collected 1380 from pot
SSuperSayann finished the tournament in 2nd place
Mahu2021 wins the tournament and receives $2.00 - congratulations!
*** SUMMARY ***
Total pot 1380 | Rake 0 
Board [4s Ts 5c 9s 9c]
Seat 1: SSuperSayann (big blind) showed [Ah Js] and lost with a pair of Nines
Seat 3: Mahu2021 (button) (small blind) showed [Ks Ad] and won (1380) with a pair of Nines



