PokerStars Hand #246936340491: Tournament #3668609782, $1.84+$0.16 USD Hold'em No Limit - Level I (10/20) - 2023/11/05 10:15:38 CET [2023/11/05 4:15:38 ET]
Table '3668609782 1' 3-max Seat #1 is the button
Seat 1: RMGons (500 in chips) 
Seat 2: Mahu2021 (500 in chips) 
Seat 3: SlyDog1965 (500 in chips) 
Mahu2021: posts small blind 10
SlyDog1965: posts big blind 20
*** HOLE CARDS ***
Dealt to Mahu2021 [9d Kc]
RMGons: raises 100 to 120
Mahu2021: folds 
SlyDog1965: folds 
Uncalled bet (100) returned to RMGons
RMGons collected 50 from pot
*** SUMMARY ***
Total pot 50 | Rake 0 
Seat 1: RMGons (button) collected (50)
Seat 2: Mahu2021 (small blind) folded before Flop
Seat 3: SlyDog1965 (big blind) folded before Flop



PokerStars Hand #246936341526: Tournament #3668609782, $1.84+$0.16 USD Hold'em No Limit - Level I (10/20) - 2023/11/05 10:15:46 CET [2023/11/05 4:15:46 ET]
Table '3668609782 1' 3-max Seat #2 is the button
Seat 1: RMGons (530 in chips) 
Seat 2: Mahu2021 (490 in chips) 
Seat 3: SlyDog1965 (480 in chips) 
SlyDog1965: posts small blind 10
RMGons: posts big blind 20
*** HOLE CARDS ***
Dealt to Mahu2021 [Kc 6d]
Mahu2021: folds 
SlyDog1965: calls 10
RMGons: checks 
*** FLOP *** [5h Td Ah]
SlyDog1965: bets 20
RMGons: raises 40 to 60
SlyDog1965: calls 40
*** TURN *** [5h Td Ah] [8h]
SlyDog1965: bets 20
RMGons: raises 120 to 140
SlyDog1965: raises 260 to 400 and is all-in
RMGons: folds 
Uncalled bet (260) returned to SlyDog1965
SlyDog1965 collected 440 from pot
SlyDog1965: doesn't show hand 
*** SUMMARY ***
Total pot 440 | Rake 0 
Board [5h Td Ah 8h]
Seat 1: RMGons (big blind) folded on the Turn
Seat 2: Mahu2021 (button) folded before Flop (didn't bet)
Seat 3: SlyDog1965 (small blind) collected (440)



PokerStars Hand #246936344828: Tournament #3668609782, $1.84+$0.16 USD Hold'em No Limit - Level I (10/20) - 2023/11/05 10:16:12 CET [2023/11/05 4:16:12 ET]
Table '3668609782 1' 3-max Seat #3 is the button
Seat 1: RMGons (310 in chips) 
Seat 2: Mahu2021 (490 in chips) 
Seat 3: SlyDog1965 (700 in chips) 
RMGons: posts small blind 10
Mahu2021: posts big blind 20
*** HOLE CARDS ***
Dealt to Mahu2021 [Jd 5d]
SlyDog1965: calls 20
RMGons: raises 100 to 120
Mahu2021: folds 
SlyDog1965: folds 
Uncalled bet (100) returned to RMGons
RMGons collected 60 from pot
*** SUMMARY ***
Total pot 60 | Rake 0 
Seat 1: RMGons (small blind) collected (60)
Seat 2: Mahu2021 (big blind) folded before Flop
Seat 3: SlyDog1965 (button) folded before Flop



PokerStars Hand #246936346141: Tournament #3668609782, $1.84+$0.16 USD Hold'em No Limit - Level I (10/20) - 2023/11/05 10:16:22 CET [2023/11/05 4:16:22 ET]
Table '3668609782 1' 3-max Seat #1 is the button
Seat 1: RMGons (350 in chips) 
Seat 2: Mahu2021 (470 in chips) 
Seat 3: SlyDog1965 (680 in chips) 
Mahu2021: posts small blind 10
SlyDog1965: posts big blind 20
*** HOLE CARDS ***
Dealt to Mahu2021 [Jh 3d]
RMGons: folds 
Mahu2021: calls 10
SlyDog1965: raises 40 to 60
Mahu2021: folds 
Uncalled bet (40) returned to SlyDog1965
SlyDog1965 collected 40 from pot
SlyDog1965: doesn't show hand 
*** SUMMARY ***
Total pot 40 | Rake 0 
Seat 1: RMGons (button) folded before Flop (didn't bet)
Seat 2: Mahu2021 (small blind) folded before Flop
Seat 3: SlyDog1965 (big blind) collected (40)



PokerStars Hand #246936347356: Tournament #3668609782, $1.84+$0.16 USD Hold'em No Limit - Level I (10/20) - 2023/11/05 10:16:32 CET [2023/11/05 4:16:32 ET]
Table '3668609782 1' 3-max Seat #2 is the button
Seat 1: RMGons (350 in chips) 
Seat 2: Mahu2021 (450 in chips) 
Seat 3: SlyDog1965 (700 in chips) 
SlyDog1965: posts small blind 10
RMGons: posts big blind 20
*** HOLE CARDS ***
Dealt to Mahu2021 [Kd 3d]
Mahu2021: raises 40 to 60
SlyDog1965: folds 
RMGons: folds 
Uncalled bet (40) returned to Mahu2021
Mahu2021 collected 50 from pot
Mahu2021: doesn't show hand 
*** SUMMARY ***
Total pot 50 | Rake 0 
Seat 1: RMGons (big blind) folded before Flop
Seat 2: Mahu2021 (button) collected (50)
Seat 3: SlyDog1965 (small blind) folded before Flop



PokerStars Hand #246936348549: Tournament #3668609782, $1.84+$0.16 USD Hold'em No Limit - Level I (10/20) - 2023/11/05 10:16:41 CET [2023/11/05 4:16:41 ET]
Table '3668609782 1' 3-max Seat #3 is the button
Seat 1: RMGons (330 in chips) 
Seat 2: Mahu2021 (480 in chips) 
Seat 3: SlyDog1965 (690 in chips) 
RMGons: posts small blind 10
Mahu2021: posts big blind 20
*** HOLE CARDS ***
Dealt to Mahu2021 [2h 9s]
SlyDog1965: folds 
RMGons: folds 
Uncalled bet (10) returned to Mahu2021
Mahu2021 collected 20 from pot
Mahu2021: doesn't show hand 
*** SUMMARY ***
Total pot 20 | Rake 0 
Seat 1: RMGons (small blind) folded before Flop
Seat 2: Mahu2021 (big blind) collected (20)
Seat 3: SlyDog1965 (button) folded before Flop (didn't bet)



PokerStars Hand #246936349299: Tournament #3668609782, $1.84+$0.16 USD Hold'em No Limit - Level I (10/20) - 2023/11/05 10:16:47 CET [2023/11/05 4:16:47 ET]
Table '3668609782 1' 3-max Seat #1 is the button
Seat 1: RMGons (320 in chips) 
Seat 2: Mahu2021 (490 in chips) 
Seat 3: SlyDog1965 (690 in chips) 
Mahu2021: posts small blind 10
SlyDog1965: posts big blind 20
*** HOLE CARDS ***
Dealt to Mahu2021 [9s 8c]
RMGons: raises 100 to 120
Mahu2021: folds 
SlyDog1965: folds 
Uncalled bet (100) returned to RMGons
RMGons collected 50 from pot
*** SUMMARY ***
Total pot 50 | Rake 0 
Seat 1: RMGons (button) collected (50)
Seat 2: Mahu2021 (small blind) folded before Flop
Seat 3: SlyDog1965 (big blind) folded before Flop



PokerStars Hand #246936350240: Tournament #3668609782, $1.84+$0.16 USD Hold'em No Limit - Level I (10/20) - 2023/11/05 10:16:54 CET [2023/11/05 4:16:54 ET]
Table '3668609782 1' 3-max Seat #2 is the button
Seat 1: RMGons (350 in chips) 
Seat 2: Mahu2021 (480 in chips) 
Seat 3: SlyDog1965 (670 in chips) 
SlyDog1965: posts small blind 10
RMGons: posts big blind 20
*** HOLE CARDS ***
Dealt to Mahu2021 [7s 9d]
Mahu2021: folds 
SlyDog1965: calls 10
RMGons: raises 60 to 80
SlyDog1965: calls 60
*** FLOP *** [Ac 8c 7c]
SlyDog1965: bets 40
RMGons: raises 220 to 260
SlyDog1965: calls 220
*** TURN *** [Ac 8c 7c] [Qs]
SlyDog1965: bets 20
RMGons: calls 10 and is all-in
Uncalled bet (10) returned to SlyDog1965
*** RIVER *** [Ac 8c 7c Qs] [Th]
*** SHOW DOWN ***
SlyDog1965: shows [Jc Ks] (a straight, Ten to Ace)
RMGons: shows [5h 6s] (high card Ace)
SlyDog1965 collected 700 from pot
RMGons finished the tournament in 3rd place
*** SUMMARY ***
Total pot 700 | Rake 0 
Board [Ac 8c 7c Qs Th]
Seat 1: RMGons (big blind) showed [5h 6s] and lost with high card Ace
Seat 2: Mahu2021 (button) folded before Flop (didn't bet)
Seat 3: SlyDog1965 (small blind) showed [Jc Ks] and won (700) with a straight, Ten to Ace



PokerStars Hand #246936354248: Tournament #3668609782, $1.84+$0.16 USD Hold'em No Limit - Level I (10/20) - 2023/11/05 10:17:26 CET [2023/11/05 4:17:26 ET]
Table '3668609782 1' 3-max Seat #3 is the button
Seat 2: Mahu2021 (480 in chips) 
Seat 3: SlyDog1965 (1020 in chips) 
SlyDog1965: posts small blind 10
Mahu2021: posts big blind 20
*** HOLE CARDS ***
Dealt to Mahu2021 [2h 3d]
SlyDog1965: calls 10
Mahu2021: checks 
*** FLOP *** [Jd As Td]
Mahu2021: checks 
SlyDog1965: bets 20
Mahu2021: folds 
Uncalled bet (20) returned to SlyDog1965
SlyDog1965 collected 40 from pot
SlyDog1965: doesn't show hand 
*** SUMMARY ***
Total pot 40 | Rake 0 
Board [Jd As Td]
Seat 2: Mahu2021 (big blind) folded on the Flop
Seat 3: SlyDog1965 (button) (small blind) collected (40)



PokerStars Hand #246936355507: Tournament #3668609782, $1.84+$0.16 USD Hold'em No Limit - Level I (10/20) - 2023/11/05 10:17:36 CET [2023/11/05 4:17:36 ET]
Table '3668609782 1' 3-max Seat #2 is the button
Seat 2: Mahu2021 (460 in chips) 
Seat 3: SlyDog1965 (1040 in chips) 
Mahu2021: posts small blind 10
SlyDog1965: posts big blind 20
*** HOLE CARDS ***
Dealt to Mahu2021 [Qh 4s]
Mahu2021: folds 
Uncalled bet (10) returned to SlyDog1965
SlyDog1965 collected 20 from pot
SlyDog1965: doesn't show hand 
*** SUMMARY ***
Total pot 20 | Rake 0 
Seat 2: Mahu2021 (button) (small blind) folded before Flop
Seat 3: SlyDog1965 (big blind) collected (20)



PokerStars Hand #246936356063: Tournament #3668609782, $1.84+$0.16 USD Hold'em No Limit - Level I (10/20) - 2023/11/05 10:17:40 CET [2023/11/05 4:17:40 ET]
Table '3668609782 1' 3-max Seat #3 is the button
Seat 2: Mahu2021 (450 in chips) 
Seat 3: SlyDog1965 (1050 in chips) 
SlyDog1965: posts small blind 10
Mahu2021: posts big blind 20
*** HOLE CARDS ***
Dealt to Mahu2021 [9c Jd]
SlyDog1965: calls 10
Mahu2021: checks 
*** FLOP *** [8h 5s 5h]
Mahu2021: checks 
SlyDog1965: checks 
*** TURN *** [8h 5s 5h] [3h]
Mahu2021: checks 
SlyDog1965: checks 
*** RIVER *** [8h 5s 5h 3h] [Th]
Mahu2021: checks 
SlyDog1965: bets 40
Mahu2021: folds 
Uncalled bet (40) returned to SlyDog1965
SlyDog1965 collected 40 from pot
SlyDog1965: doesn't show hand 
*** SUMMARY ***
Total pot 40 | Rake 0 
Board [8h 5s 5h 3h Th]
Seat 2: Mahu2021 (big blind) folded on the River
Seat 3: SlyDog1965 (button) (small blind) collected (40)



PokerStars Hand #246936358054: Tournament #3668609782, $1.84+$0.16 USD Hold'em No Limit - Level I (10/20) - 2023/11/05 10:17:56 CET [2023/11/05 4:17:56 ET]
Table '3668609782 1' 3-max Seat #2 is the button
Seat 2: Mahu2021 (430 in chips) 
Seat 3: SlyDog1965 (1070 in chips) 
Mahu2021: posts small blind 10
SlyDog1965: posts big blind 20
*** HOLE CARDS ***
Dealt to Mahu2021 [5h Qs]
Mahu2021: folds 
Uncalled bet (10) returned to SlyDog1965
SlyDog1965 collected 20 from pot
SlyDog1965: doesn't show hand 
*** SUMMARY ***
Total pot 20 | Rake 0 
Seat 2: Mahu2021 (button) (small blind) folded before Flop
Seat 3: SlyDog1965 (big blind) collected (20)



PokerStars Hand #246936358620: Tournament #3668609782, $1.84+$0.16 USD Hold'em No Limit - Level I (10/20) - 2023/11/05 10:18:00 CET [2023/11/05 4:18:00 ET]
Table '3668609782 1' 3-max Seat #3 is the button
Seat 2: Mahu2021 (420 in chips) 
Seat 3: SlyDog1965 (1080 in chips) 
SlyDog1965: posts small blind 10
Mahu2021: posts big blind 20
*** HOLE CARDS ***
Dealt to Mahu2021 [Ah Ad]
SlyDog1965: calls 10
Mahu2021: raises 60 to 80
SlyDog1965: calls 60
*** FLOP *** [6c 3h 2c]
Mahu2021: bets 340 and is all-in
SlyDog1965: calls 340
*** TURN *** [6c 3h 2c] [5h]
*** RIVER *** [6c 3h 2c 5h] [Th]
*** SHOW DOWN ***
Mahu2021: shows [Ah Ad] (a pair of Aces)
SlyDog1965: shows [Ac 5c] (a pair of Fives)
Mahu2021 collected 840 from pot
*** SUMMARY ***
Total pot 840 | Rake 0 
Board [6c 3h 2c 5h Th]
Seat 2: Mahu2021 (big blind) showed [Ah Ad] and won (840) with a pair of Aces
Seat 3: SlyDog1965 (button) (small blind) showed [Ac 5c] and lost with a pair of Fives



PokerStars Hand #246936360834: Tournament #3668609782, $1.84+$0.16 USD Hold'em No Limit - Level I (10/20) - 2023/11/05 10:18:17 CET [2023/11/05 4:18:17 ET]
Table '3668609782 1' 3-max Seat #2 is the button
Seat 2: Mahu2021 (840 in chips) 
Seat 3: SlyDog1965 (660 in chips) 
Mahu2021: posts small blind 10
SlyDog1965: posts big blind 20
*** HOLE CARDS ***
Dealt to Mahu2021 [As 5s]
Mahu2021: calls 10
SlyDog1965: checks 
*** FLOP *** [Kd 4h Td]
SlyDog1965: checks 
Mahu2021: bets 20
SlyDog1965: folds 
Uncalled bet (20) returned to Mahu2021
Mahu2021 collected 40 from pot
Mahu2021: doesn't show hand 
*** SUMMARY ***
Total pot 40 | Rake 0 
Board [Kd 4h Td]
Seat 2: Mahu2021 (button) (small blind) collected (40)
Seat 3: SlyDog1965 (big blind) folded on the Flop



PokerStars Hand #246936362443: Tournament #3668609782, $1.84+$0.16 USD Hold'em No Limit - Level I (10/20) - 2023/11/05 10:18:29 CET [2023/11/05 4:18:29 ET]
Table '3668609782 1' 3-max Seat #3 is the button
Seat 2: Mahu2021 (860 in chips) 
Seat 3: SlyDog1965 (640 in chips) 
SlyDog1965: posts small blind 10
Mahu2021: posts big blind 20
*** HOLE CARDS ***
Dealt to Mahu2021 [9h Qc]
SlyDog1965: folds 
Uncalled bet (10) returned to Mahu2021
Mahu2021 collected 20 from pot
Mahu2021: doesn't show hand 
*** SUMMARY ***
Total pot 20 | Rake 0 
Seat 2: Mahu2021 (big blind) collected (20)
Seat 3: SlyDog1965 (button) (small blind) folded before Flop



PokerStars Hand #246936363033: Tournament #3668609782, $1.84+$0.16 USD Hold'em No Limit - Level I (10/20) - 2023/11/05 10:18:34 CET [2023/11/05 4:18:34 ET]
Table '3668609782 1' 3-max Seat #2 is the button
Seat 2: Mahu2021 (870 in chips) 
Seat 3: SlyDog1965 (630 in chips) 
Mahu2021: posts small blind 10
SlyDog1965: posts big blind 20
*** HOLE CARDS ***
Dealt to Mahu2021 [5c 3h]
Mahu2021: calls 10
SlyDog1965: checks 
*** FLOP *** [7h 5d 4h]
SlyDog1965: checks 
Mahu2021: bets 20
SlyDog1965: folds 
Uncalled bet (20) returned to Mahu2021
Mahu2021 collected 40 from pot
Mahu2021: doesn't show hand 
*** SUMMARY ***
Total pot 40 | Rake 0 
Board [7h 5d 4h]
Seat 2: Mahu2021 (button) (small blind) collected (40)
Seat 3: SlyDog1965 (big blind) folded on the Flop



PokerStars Hand #246936364854: Tournament #3668609782, $1.84+$0.16 USD Hold'em No Limit - Level II (15/30) - 2023/11/05 10:18:48 CET [2023/11/05 4:18:48 ET]
Table '3668609782 1' 3-max Seat #3 is the button
Seat 2: Mahu2021 (890 in chips) 
Seat 3: SlyDog1965 (610 in chips) 
SlyDog1965: posts small blind 15
Mahu2021: posts big blind 30
*** HOLE CARDS ***
Dealt to Mahu2021 [Qc 8s]
SlyDog1965: calls 15
Mahu2021: checks 
*** FLOP *** [6c 2s 6d]
Mahu2021: checks 
SlyDog1965: bets 30
Mahu2021: calls 30
*** TURN *** [6c 2s 6d] [Ad]
Mahu2021: checks 
SlyDog1965: checks 
*** RIVER *** [6c 2s 6d Ad] [2d]
Mahu2021: bets 90
SlyDog1965: folds 
Uncalled bet (90) returned to Mahu2021
Mahu2021 collected 120 from pot
Mahu2021: doesn't show hand 
*** SUMMARY ***
Total pot 120 | Rake 0 
Board [6c 2s 6d Ad 2d]
Seat 2: Mahu2021 (big blind) collected (120)
Seat 3: SlyDog1965 (button) (small blind) folded on the River



PokerStars Hand #246936367246: Tournament #3668609782, $1.84+$0.16 USD Hold'em No Limit - Level II (15/30) - 2023/11/05 10:19:06 CET [2023/11/05 4:19:06 ET]
Table '3668609782 1' 3-max Seat #2 is the button
Seat 2: Mahu2021 (950 in chips) 
Seat 3: SlyDog1965 (550 in chips) 
Mahu2021: posts small blind 15
SlyDog1965: posts big blind 30
*** HOLE CARDS ***
Dealt to Mahu2021 [Kd 8c]
Mahu2021: raises 30 to 60
SlyDog1965: folds 
Uncalled bet (30) returned to Mahu2021
Mahu2021 collected 60 from pot
Mahu2021: doesn't show hand 
*** SUMMARY ***
Total pot 60 | Rake 0 
Seat 2: Mahu2021 (button) (small blind) collected (60)
Seat 3: SlyDog1965 (big blind) folded before Flop



PokerStars Hand #246936368068: Tournament #3668609782, $1.84+$0.16 USD Hold'em No Limit - Level II (15/30) - 2023/11/05 10:19:12 CET [2023/11/05 4:19:12 ET]
Table '3668609782 1' 3-max Seat #3 is the button
Seat 2: Mahu2021 (980 in chips) 
Seat 3: SlyDog1965 (520 in chips) 
SlyDog1965: posts small blind 15
Mahu2021: posts big blind 30
*** HOLE CARDS ***
Dealt to Mahu2021 [4s Td]
SlyDog1965: calls 15
Mahu2021: checks 
*** FLOP *** [5h 4c Ks]
Mahu2021: checks 
SlyDog1965: checks 
*** TURN *** [5h 4c Ks] [5s]
Mahu2021: checks 
SlyDog1965: checks 
*** RIVER *** [5h 4c Ks 5s] [Kd]
Mahu2021: checks 
SlyDog1965: checks 
*** SHOW DOWN ***
Mahu2021: shows [4s Td] (two pair, Kings and Fives)
SlyDog1965: shows [Th 3d] (two pair, Kings and Fives)
Mahu2021 collected 30 from pot
SlyDog1965 collected 30 from pot
*** SUMMARY ***
Total pot 60 | Rake 0 
Board [5h 4c Ks 5s Kd]
Seat 2: Mahu2021 (big blind) showed [4s Td] and won (30) with two pair, Kings and Fives
Seat 3: SlyDog1965 (button) (small blind) showed [Th 3d] and won (30) with two pair, Kings and Fives



PokerStars Hand #246936369817: Tournament #3668609782, $1.84+$0.16 USD Hold'em No Limit - Level II (15/30) - 2023/11/05 10:19:25 CET [2023/11/05 4:19:25 ET]
Table '3668609782 1' 3-max Seat #2 is the button
Seat 2: Mahu2021 (980 in chips) 
Seat 3: SlyDog1965 (520 in chips) 
Mahu2021: posts small blind 15
SlyDog1965: posts big blind 30
*** HOLE CARDS ***
Dealt to Mahu2021 [Ad Th]
Mahu2021: raises 60 to 90
SlyDog1965: folds 
Uncalled bet (60) returned to Mahu2021
Mahu2021 collected 60 from pot
Mahu2021: doesn't show hand 
*** SUMMARY ***
Total pot 60 | Rake 0 
Seat 2: Mahu2021 (button) (small blind) collected (60)
Seat 3: SlyDog1965 (big blind) folded before Flop



PokerStars Hand #246936370633: Tournament #3668609782, $1.84+$0.16 USD Hold'em No Limit - Level II (15/30) - 2023/11/05 10:19:31 CET [2023/11/05 4:19:31 ET]
Table '3668609782 1' 3-max Seat #3 is the button
Seat 2: Mahu2021 (1010 in chips) 
Seat 3: SlyDog1965 (490 in chips) 
SlyDog1965: posts small blind 15
Mahu2021: posts big blind 30
*** HOLE CARDS ***
Dealt to Mahu2021 [9c Qh]
SlyDog1965: raises 30 to 60
Mahu2021: calls 30
*** FLOP *** [6s 5s 3s]
Mahu2021: checks 
SlyDog1965: bets 430 and is all-in
Mahu2021: folds 
Uncalled bet (430) returned to SlyDog1965
SlyDog1965 collected 120 from pot
SlyDog1965: doesn't show hand 
*** SUMMARY ***
Total pot 120 | Rake 0 
Board [6s 5s 3s]
Seat 2: Mahu2021 (big blind) folded on the Flop
Seat 3: SlyDog1965 (button) (small blind) collected (120)



PokerStars Hand #246936372169: Tournament #3668609782, $1.84+$0.16 USD Hold'em No Limit - Level II (15/30) - 2023/11/05 10:19:43 CET [2023/11/05 4:19:43 ET]
Table '3668609782 1' 3-max Seat #2 is the button
Seat 2: Mahu2021 (950 in chips) 
Seat 3: SlyDog1965 (550 in chips) 
Mahu2021: posts small blind 15
SlyDog1965: posts big blind 30
*** HOLE CARDS ***
Dealt to Mahu2021 [2s 6s]
Mahu2021: calls 15
SlyDog1965: checks 
*** FLOP *** [Qc 6c 3c]
SlyDog1965: checks 
Mahu2021: bets 60
SlyDog1965: raises 460 to 520 and is all-in
Mahu2021: folds 
Uncalled bet (460) returned to SlyDog1965
SlyDog1965 collected 180 from pot
SlyDog1965: doesn't show hand 
*** SUMMARY ***
Total pot 180 | Rake 0 
Board [Qc 6c 3c]
Seat 2: Mahu2021 (button) (small blind) folded on the Flop
Seat 3: SlyDog1965 (big blind) collected (180)



PokerStars Hand #246936374110: Tournament #3668609782, $1.84+$0.16 USD Hold'em No Limit - Level II (15/30) - 2023/11/05 10:19:57 CET [2023/11/05 4:19:57 ET]
Table '3668609782 1' 3-max Seat #3 is the button
Seat 2: Mahu2021 (860 in chips) 
Seat 3: SlyDog1965 (640 in chips) 
SlyDog1965: posts small blind 15
Mahu2021: posts big blind 30
*** HOLE CARDS ***
Dealt to Mahu2021 [9h 3c]
SlyDog1965: calls 15
Mahu2021: checks 
*** FLOP *** [9d 5c 6h]
Mahu2021: checks 
SlyDog1965: checks 
*** TURN *** [9d 5c 6h] [Th]
Mahu2021: checks 
SlyDog1965: checks 
*** RIVER *** [9d 5c 6h Th] [8s]
Mahu2021: bets 30
SlyDog1965: folds 
Uncalled bet (30) returned to Mahu2021
Mahu2021 collected 60 from pot
Mahu2021: doesn't show hand 
*** SUMMARY ***
Total pot 60 | Rake 0 
Board [9d 5c 6h Th 8s]
Seat 2: Mahu2021 (big blind) collected (60)
Seat 3: SlyDog1965 (button) (small blind) folded on the River



PokerStars Hand #246936376318: Tournament #3668609782, $1.84+$0.16 USD Hold'em No Limit - Level II (15/30) - 2023/11/05 10:20:14 CET [2023/11/05 4:20:14 ET]
Table '3668609782 1' 3-max Seat #2 is the button
Seat 2: Mahu2021 (890 in chips) 
Seat 3: SlyDog1965 (610 in chips) 
Mahu2021: posts small blind 15
SlyDog1965: posts big blind 30
*** HOLE CARDS ***
Dealt to Mahu2021 [2c As]
Mahu2021: raises 30 to 60
SlyDog1965: folds 
Uncalled bet (30) returned to Mahu2021
Mahu2021 collected 60 from pot
Mahu2021: doesn't show hand 
*** SUMMARY ***
Total pot 60 | Rake 0 
Seat 2: Mahu2021 (button) (small blind) collected (60)
Seat 3: SlyDog1965 (big blind) folded before Flop



PokerStars Hand #246936377074: Tournament #3668609782, $1.84+$0.16 USD Hold'em No Limit - Level II (15/30) - 2023/11/05 10:20:20 CET [2023/11/05 4:20:20 ET]
Table '3668609782 1' 3-max Seat #3 is the button
Seat 2: Mahu2021 (920 in chips) 
Seat 3: SlyDog1965 (580 in chips) 
SlyDog1965: posts small blind 15
Mahu2021: posts big blind 30
*** HOLE CARDS ***
Dealt to Mahu2021 [7s Th]
SlyDog1965: calls 15
Mahu2021: checks 
*** FLOP *** [Qc 4h Kd]
Mahu2021: checks 
SlyDog1965: checks 
*** TURN *** [Qc 4h Kd] [8d]
Mahu2021: checks 
SlyDog1965: checks 
*** RIVER *** [Qc 4h Kd 8d] [5c]
Mahu2021: checks 
SlyDog1965: checks 
*** SHOW DOWN ***
Mahu2021: shows [7s Th] (high card King)
SlyDog1965: shows [8h 9s] (a pair of Eights)
SlyDog1965 collected 60 from pot
*** SUMMARY ***
Total pot 60 | Rake 0 
Board [Qc 4h Kd 8d 5c]
Seat 2: Mahu2021 (big blind) showed [7s Th] and lost with high card King
Seat 3: SlyDog1965 (button) (small blind) showed [8h 9s] and won (60) with a pair of Eights



PokerStars Hand #246936378687: Tournament #3668609782, $1.84+$0.16 USD Hold'em No Limit - Level II (15/30) - 2023/11/05 10:20:32 CET [2023/11/05 4:20:32 ET]
Table '3668609782 1' 3-max Seat #2 is the button
Seat 2: Mahu2021 (890 in chips) 
Seat 3: SlyDog1965 (610 in chips) 
Mahu2021: posts small blind 15
SlyDog1965: posts big blind 30
*** HOLE CARDS ***
Dealt to Mahu2021 [4s Jh]
Mahu2021: calls 15
SlyDog1965: checks 
*** FLOP *** [Kc 5h 5s]
SlyDog1965: bets 30
Mahu2021: folds 
Uncalled bet (30) returned to SlyDog1965
SlyDog1965 collected 60 from pot
SlyDog1965: doesn't show hand 
*** SUMMARY ***
Total pot 60 | Rake 0 
Board [Kc 5h 5s]
Seat 2: Mahu2021 (button) (small blind) folded on the Flop
Seat 3: SlyDog1965 (big blind) collected (60)



PokerStars Hand #246936380280: Tournament #3668609782, $1.84+$0.16 USD Hold'em No Limit - Level II (15/30) - 2023/11/05 10:20:44 CET [2023/11/05 4:20:44 ET]
Table '3668609782 1' 3-max Seat #3 is the button
Seat 2: Mahu2021 (860 in chips) 
Seat 3: SlyDog1965 (640 in chips) 
SlyDog1965: posts small blind 15
Mahu2021: posts big blind 30
*** HOLE CARDS ***
Dealt to Mahu2021 [6h 5s]
SlyDog1965: calls 15
Mahu2021: checks 
*** FLOP *** [As 7c Qd]
Mahu2021: checks 
SlyDog1965: checks 
*** TURN *** [As 7c Qd] [9h]
Mahu2021: bets 30
SlyDog1965: calls 30
*** RIVER *** [As 7c Qd 9h] [6s]
Mahu2021: checks 
SlyDog1965: checks 
*** SHOW DOWN ***
Mahu2021: shows [6h 5s] (a pair of Sixes)
SlyDog1965: shows [7h Td] (a pair of Sevens)
SlyDog1965 collected 120 from pot
*** SUMMARY ***
Total pot 120 | Rake 0 
Board [As 7c Qd 9h 6s]
Seat 2: Mahu2021 (big blind) showed [6h 5s] and lost with a pair of Sixes
Seat 3: SlyDog1965 (button) (small blind) showed [7h Td] and won (120) with a pair of Sevens



PokerStars Hand #246936382509: Tournament #3668609782, $1.84+$0.16 USD Hold'em No Limit - Level II (15/30) - 2023/11/05 10:21:01 CET [2023/11/05 4:21:01 ET]
Table '3668609782 1' 3-max Seat #2 is the button
Seat 2: Mahu2021 (800 in chips) 
Seat 3: SlyDog1965 (700 in chips) 
Mahu2021: posts small blind 15
SlyDog1965: posts big blind 30
*** HOLE CARDS ***
Dealt to Mahu2021 [5c Kd]
Mahu2021: calls 15
SlyDog1965: checks 
*** FLOP *** [7d Ks Ts]
SlyDog1965: checks 
Mahu2021: bets 30
SlyDog1965: folds 
Uncalled bet (30) returned to Mahu2021
Mahu2021 collected 60 from pot
Mahu2021: doesn't show hand 
*** SUMMARY ***
Total pot 60 | Rake 0 
Board [7d Ks Ts]
Seat 2: Mahu2021 (button) (small blind) collected (60)
Seat 3: SlyDog1965 (big blind) folded on the Flop



PokerStars Hand #246936383963: Tournament #3668609782, $1.84+$0.16 USD Hold'em No Limit - Level II (15/30) - 2023/11/05 10:21:12 CET [2023/11/05 4:21:12 ET]
Table '3668609782 1' 3-max Seat #3 is the button
Seat 2: Mahu2021 (830 in chips) 
Seat 3: SlyDog1965 (670 in chips) 
SlyDog1965: posts small blind 15
Mahu2021: posts big blind 30
*** HOLE CARDS ***
Dealt to Mahu2021 [7d As]
SlyDog1965: calls 15
Mahu2021: raises 60 to 90
SlyDog1965: folds 
Uncalled bet (60) returned to Mahu2021
Mahu2021 collected 60 from pot
Mahu2021: doesn't show hand 
*** SUMMARY ***
Total pot 60 | Rake 0 
Seat 2: Mahu2021 (big blind) collected (60)
Seat 3: SlyDog1965 (button) (small blind) folded before Flop



PokerStars Hand #246936385411: Tournament #3668609782, $1.84+$0.16 USD Hold'em No Limit - Level II (15/30) - 2023/11/05 10:21:23 CET [2023/11/05 4:21:23 ET]
Table '3668609782 1' 3-max Seat #2 is the button
Seat 2: Mahu2021 (860 in chips) 
Seat 3: SlyDog1965 (640 in chips) 
Mahu2021: posts small blind 15
SlyDog1965: posts big blind 30
*** HOLE CARDS ***
Dealt to Mahu2021 [Qd 6d]
Mahu2021: raises 30 to 60
SlyDog1965: folds 
Uncalled bet (30) returned to Mahu2021
Mahu2021 collected 60 from pot
Mahu2021: doesn't show hand 
*** SUMMARY ***
Total pot 60 | Rake 0 
Seat 2: Mahu2021 (button) (small blind) collected (60)
Seat 3: SlyDog1965 (big blind) folded before Flop



PokerStars Hand #246936386074: Tournament #3668609782, $1.84+$0.16 USD Hold'em No Limit - Level II (15/30) - 2023/11/05 10:21:28 CET [2023/11/05 4:21:28 ET]
Table '3668609782 1' 3-max Seat #3 is the button
Seat 2: Mahu2021 (890 in chips) 
Seat 3: SlyDog1965 (610 in chips) 
SlyDog1965: posts small blind 15
Mahu2021: posts big blind 30
*** HOLE CARDS ***
Dealt to Mahu2021 [Th 9s]
SlyDog1965: raises 30 to 60
Mahu2021: calls 30
*** FLOP *** [2c Kd 3d]
Mahu2021: checks 
SlyDog1965: bets 120
Mahu2021: folds 
Uncalled bet (120) returned to SlyDog1965
SlyDog1965 collected 120 from pot
SlyDog1965: doesn't show hand 
*** SUMMARY ***
Total pot 120 | Rake 0 
Board [2c Kd 3d]
Seat 2: Mahu2021 (big blind) folded on the Flop
Seat 3: SlyDog1965 (button) (small blind) collected (120)



PokerStars Hand #246936387551: Tournament #3668609782, $1.84+$0.16 USD Hold'em No Limit - Level II (15/30) - 2023/11/05 10:21:39 CET [2023/11/05 4:21:39 ET]
Table '3668609782 1' 3-max Seat #2 is the button
Seat 2: Mahu2021 (830 in chips) 
Seat 3: SlyDog1965 (670 in chips) 
Mahu2021: posts small blind 15
SlyDog1965: posts big blind 30
*** HOLE CARDS ***
Dealt to Mahu2021 [Kh 7c]
Mahu2021: calls 15
SlyDog1965: checks 
*** FLOP *** [Ad Qh 5c]
SlyDog1965: checks 
Mahu2021: bets 60
SlyDog1965: folds 
Uncalled bet (60) returned to Mahu2021
Mahu2021 collected 60 from pot
Mahu2021: doesn't show hand 
*** SUMMARY ***
Total pot 60 | Rake 0 
Board [Ad Qh 5c]
Seat 2: Mahu2021 (button) (small blind) collected (60)
Seat 3: SlyDog1965 (big blind) folded on the Flop



PokerStars Hand #246936389680: Tournament #3668609782, $1.84+$0.16 USD Hold'em No Limit - Level III (20/40) - 2023/11/05 10:21:55 CET [2023/11/05 4:21:55 ET]
Table '3668609782 1' 3-max Seat #3 is the button
Seat 2: Mahu2021 (860 in chips) 
Seat 3: SlyDog1965 (640 in chips) 
SlyDog1965: posts small blind 20
Mahu2021: posts big blind 40
*** HOLE CARDS ***
Dealt to Mahu2021 [8c 6d]
SlyDog1965: calls 20
Mahu2021: checks 
*** FLOP *** [2s Ks 4h]
Mahu2021: checks 
SlyDog1965: bets 40
Mahu2021: folds 
Uncalled bet (40) returned to SlyDog1965
SlyDog1965 collected 80 from pot
SlyDog1965: doesn't show hand 
*** SUMMARY ***
Total pot 80 | Rake 0 
Board [2s Ks 4h]
Seat 2: Mahu2021 (big blind) folded on the Flop
Seat 3: SlyDog1965 (button) (small blind) collected (80)



PokerStars Hand #246936390978: Tournament #3668609782, $1.84+$0.16 USD Hold'em No Limit - Level III (20/40) - 2023/11/05 10:22:05 CET [2023/11/05 4:22:05 ET]
Table '3668609782 1' 3-max Seat #2 is the button
Seat 2: Mahu2021 (820 in chips) 
Seat 3: SlyDog1965 (680 in chips) 
Mahu2021: posts small blind 20
SlyDog1965: posts big blind 40
*** HOLE CARDS ***
Dealt to Mahu2021 [2h Ac]
Mahu2021: raises 40 to 80
SlyDog1965: folds 
Uncalled bet (40) returned to Mahu2021
Mahu2021 collected 80 from pot
Mahu2021: doesn't show hand 
*** SUMMARY ***
Total pot 80 | Rake 0 
Seat 2: Mahu2021 (button) (small blind) collected (80)
Seat 3: SlyDog1965 (big blind) folded before Flop



PokerStars Hand #246936391870: Tournament #3668609782, $1.84+$0.16 USD Hold'em No Limit - Level III (20/40) - 2023/11/05 10:22:12 CET [2023/11/05 4:22:12 ET]
Table '3668609782 1' 3-max Seat #3 is the button
Seat 2: Mahu2021 (860 in chips) 
Seat 3: SlyDog1965 (640 in chips) 
SlyDog1965: posts small blind 20
Mahu2021: posts big blind 40
*** HOLE CARDS ***
Dealt to Mahu2021 [6d Qc]
SlyDog1965: folds 
Uncalled bet (20) returned to Mahu2021
Mahu2021 collected 40 from pot
Mahu2021: doesn't show hand 
*** SUMMARY ***
Total pot 40 | Rake 0 
Seat 2: Mahu2021 (big blind) collected (40)
Seat 3: SlyDog1965 (button) (small blind) folded before Flop



PokerStars Hand #246936392503: Tournament #3668609782, $1.84+$0.16 USD Hold'em No Limit - Level III (20/40) - 2023/11/05 10:22:17 CET [2023/11/05 4:22:17 ET]
Table '3668609782 1' 3-max Seat #2 is the button
Seat 2: Mahu2021 (880 in chips) 
Seat 3: SlyDog1965 (620 in chips) 
Mahu2021: posts small blind 20
SlyDog1965: posts big blind 40
*** HOLE CARDS ***
Dealt to Mahu2021 [Kh 7c]
Mahu2021: calls 20
SlyDog1965: checks 
*** FLOP *** [8d 2c 3d]
SlyDog1965: checks 
Mahu2021: checks 
*** TURN *** [8d 2c 3d] [6h]
SlyDog1965: bets 80
Mahu2021: folds 
Uncalled bet (80) returned to SlyDog1965
SlyDog1965 collected 80 from pot
SlyDog1965: doesn't show hand 
*** SUMMARY ***
Total pot 80 | Rake 0 
Board [8d 2c 3d 6h]
Seat 2: Mahu2021 (button) (small blind) folded on the Turn
Seat 3: SlyDog1965 (big blind) collected (80)



PokerStars Hand #246936394795: Tournament #3668609782, $1.84+$0.16 USD Hold'em No Limit - Level III (20/40) - 2023/11/05 10:22:33 CET [2023/11/05 4:22:33 ET]
Table '3668609782 1' 3-max Seat #3 is the button
Seat 2: Mahu2021 (840 in chips) 
Seat 3: SlyDog1965 (660 in chips) 
SlyDog1965: posts small blind 20
Mahu2021: posts big blind 40
*** HOLE CARDS ***
Dealt to Mahu2021 [5s 6d]
SlyDog1965: calls 20
Mahu2021: checks 
*** FLOP *** [Kc As Kh]
Mahu2021: bets 120
SlyDog1965: folds 
Uncalled bet (120) returned to Mahu2021
Mahu2021 collected 80 from pot
Mahu2021: doesn't show hand 
*** SUMMARY ***
Total pot 80 | Rake 0 
Board [Kc As Kh]
Seat 2: Mahu2021 (big blind) collected (80)
Seat 3: SlyDog1965 (button) (small blind) folded on the Flop



PokerStars Hand #246936396278: Tournament #3668609782, $1.84+$0.16 USD Hold'em No Limit - Level III (20/40) - 2023/11/05 10:22:44 CET [2023/11/05 4:22:44 ET]
Table '3668609782 1' 3-max Seat #2 is the button
Seat 2: Mahu2021 (880 in chips) 
Seat 3: SlyDog1965 (620 in chips) 
Mahu2021: posts small blind 20
SlyDog1965: posts big blind 40
*** HOLE CARDS ***
Dealt to Mahu2021 [8s 9s]
Mahu2021: raises 40 to 80
SlyDog1965: calls 40
*** FLOP *** [5c Ac 5d]
SlyDog1965: bets 40
Mahu2021: folds 
Uncalled bet (40) returned to SlyDog1965
SlyDog1965 collected 160 from pot
SlyDog1965: doesn't show hand 
*** SUMMARY ***
Total pot 160 | Rake 0 
Board [5c Ac 5d]
Seat 2: Mahu2021 (button) (small blind) folded on the Flop
Seat 3: SlyDog1965 (big blind) collected (160)



PokerStars Hand #246936397669: Tournament #3668609782, $1.84+$0.16 USD Hold'em No Limit - Level III (20/40) - 2023/11/05 10:22:55 CET [2023/11/05 4:22:55 ET]
Table '3668609782 1' 3-max Seat #3 is the button
Seat 2: Mahu2021 (800 in chips) 
Seat 3: SlyDog1965 (700 in chips) 
SlyDog1965: posts small blind 20
Mahu2021: posts big blind 40
*** HOLE CARDS ***
Dealt to Mahu2021 [Kh Jc]
SlyDog1965: calls 20
Mahu2021: raises 80 to 120
SlyDog1965: folds 
Uncalled bet (80) returned to Mahu2021
Mahu2021 collected 80 from pot
Mahu2021: doesn't show hand 
*** SUMMARY ***
Total pot 80 | Rake 0 
Seat 2: Mahu2021 (big blind) collected (80)
Seat 3: SlyDog1965 (button) (small blind) folded before Flop



PokerStars Hand #246936398693: Tournament #3668609782, $1.84+$0.16 USD Hold'em No Limit - Level III (20/40) - 2023/11/05 10:23:03 CET [2023/11/05 4:23:03 ET]
Table '3668609782 1' 3-max Seat #2 is the button
Seat 2: Mahu2021 (840 in chips) 
Seat 3: SlyDog1965 (660 in chips) 
Mahu2021: posts small blind 20
SlyDog1965: posts big blind 40
*** HOLE CARDS ***
Dealt to Mahu2021 [2d Jc]
Mahu2021: calls 20
SlyDog1965: checks 
*** FLOP *** [Ac 5s 9s]
SlyDog1965: checks 
Mahu2021: bets 40
SlyDog1965: folds 
Uncalled bet (40) returned to Mahu2021
Mahu2021 collected 80 from pot
Mahu2021: doesn't show hand 
*** SUMMARY ***
Total pot 80 | Rake 0 
Board [Ac 5s 9s]
Seat 2: Mahu2021 (button) (small blind) collected (80)
Seat 3: SlyDog1965 (big blind) folded on the Flop



PokerStars Hand #246936400088: Tournament #3668609782, $1.84+$0.16 USD Hold'em No Limit - Level III (20/40) - 2023/11/05 10:23:13 CET [2023/11/05 4:23:13 ET]
Table '3668609782 1' 3-max Seat #3 is the button
Seat 2: Mahu2021 (880 in chips) 
Seat 3: SlyDog1965 (620 in chips) 
SlyDog1965: posts small blind 20
Mahu2021: posts big blind 40
*** HOLE CARDS ***
Dealt to Mahu2021 [Ah Ts]
SlyDog1965: raises 80 to 120
Mahu2021: raises 760 to 880 and is all-in
SlyDog1965: calls 500 and is all-in
Uncalled bet (260) returned to Mahu2021
*** FLOP *** [Qc 5c Ad]
*** TURN *** [Qc 5c Ad] [9c]
*** RIVER *** [Qc 5c Ad 9c] [3h]
*** SHOW DOWN ***
Mahu2021: shows [Ah Ts] (a pair of Aces)
SlyDog1965: shows [Kd 6d] (high card Ace)
Mahu2021 collected 1240 from pot
SlyDog1965 finished the tournament in 2nd place
Mahu2021 wins the tournament and receives $8.00 - congratulations!
*** SUMMARY ***
Total pot 1240 | Rake 0 
Board [Qc 5c Ad 9c 3h]
Seat 2: Mahu2021 (big blind) showed [Ah Ts] and won (1240) with a pair of Aces
Seat 3: SlyDog1965 (button) (small blind) showed [Kd 6d] and lost with high card Ace



