PokerStars Hand #245735884971: Tournament #3639608629, $0.92+$0.08 USD Hold'em No Limit - Level I (10/20) - 2023/09/02 21:59:39 CET [2023/09/02 15:59:39 ET]
Table '3639608629 1' 3-max Seat #1 is the button
Seat 1: char8y (500 in chips) 
Seat 2: shootermacg (500 in chips) 
Seat 3: Mahu2021 (500 in chips) 
shootermacg: posts small blind 10
Mahu2021: posts big blind 20
*** HOLE CARDS ***
Dealt to Mahu2021 [Td 8c]
char8y: raises 20 to 40
shootermacg: calls 30
Mahu2021: calls 20
*** FLOP *** [8s Qs Kd]
shootermacg: checks 
Mahu2021: checks 
char8y: checks 
*** TURN *** [8s Qs Kd] [4s]
shootermacg: checks 
Mahu2021: checks 
char8y: checks 
*** RIVER *** [8s Qs Kd 4s] [6d]
shootermacg: checks 
Mahu2021: bets 40
char8y: folds 
shootermacg: folds 
Uncalled bet (40) returned to Mahu2021
Mahu2021 collected 120 from pot
Mahu2021: doesn't show hand 
*** SUMMARY ***
Total pot 120 | Rake 0 
Board [8s Qs Kd 4s 6d]
Seat 1: char8y (button) folded on the River
Seat 2: shootermacg (small blind) folded on the River
Seat 3: Mahu2021 (big blind) collected (120)



PokerStars Hand #245735892863: Tournament #3639608629, $0.92+$0.08 USD Hold'em No Limit - Level I (10/20) - 2023/09/02 22:00:12 CET [2023/09/02 16:00:12 ET]
Table '3639608629 1' 3-max Seat #2 is the button
Seat 1: char8y (460 in chips) 
Seat 2: shootermacg (460 in chips) 
Seat 3: Mahu2021 (580 in chips) 
Mahu2021: posts small blind 10
char8y: posts big blind 20
*** HOLE CARDS ***
Dealt to Mahu2021 [Qd 9h]
shootermacg: calls 20
Mahu2021: calls 10
char8y: checks 
*** FLOP *** [3d Ks Ad]
Mahu2021: checks 
char8y: checks 
shootermacg: checks 
*** TURN *** [3d Ks Ad] [4s]
Mahu2021: checks 
char8y: bets 40
shootermacg: calls 40
Mahu2021: folds 
*** RIVER *** [3d Ks Ad 4s] [4d]
char8y: checks 
shootermacg: checks 
*** SHOW DOWN ***
char8y: shows [As 9c] (two pair, Aces and Fours)
shootermacg: mucks hand 
char8y collected 140 from pot
*** SUMMARY ***
Total pot 140 | Rake 0 
Board [3d Ks Ad 4s 4d]
Seat 1: char8y (big blind) showed [As 9c] and won (140) with two pair, Aces and Fours
Seat 2: shootermacg (button) mucked [Td Jc]
Seat 3: Mahu2021 (small blind) folded on the Turn



PokerStars Hand #245735902649: Tournament #3639608629, $0.92+$0.08 USD Hold'em No Limit - Level I (10/20) - 2023/09/02 22:00:51 CET [2023/09/02 16:00:51 ET]
Table '3639608629 1' 3-max Seat #3 is the button
Seat 1: char8y (540 in chips) 
Seat 2: shootermacg (400 in chips) 
Seat 3: Mahu2021 (560 in chips) 
char8y: posts small blind 10
shootermacg: posts big blind 20
*** HOLE CARDS ***
Dealt to Mahu2021 [Jh As]
Mahu2021: raises 20 to 40
char8y: folds 
shootermacg: calls 20
*** FLOP *** [6d Jd 2s]
shootermacg: checks 
Mahu2021: bets 40
shootermacg: folds 
Uncalled bet (40) returned to Mahu2021
Mahu2021 collected 90 from pot
Mahu2021: doesn't show hand 
*** SUMMARY ***
Total pot 90 | Rake 0 
Board [6d Jd 2s]
Seat 1: char8y (small blind) folded before Flop
Seat 2: shootermacg (big blind) folded on the Flop
Seat 3: Mahu2021 (button) collected (90)



PokerStars Hand #245735906604: Tournament #3639608629, $0.92+$0.08 USD Hold'em No Limit - Level I (10/20) - 2023/09/02 22:01:06 CET [2023/09/02 16:01:06 ET]
Table '3639608629 1' 3-max Seat #1 is the button
Seat 1: char8y (530 in chips) 
Seat 2: shootermacg (360 in chips) 
Seat 3: Mahu2021 (610 in chips) 
shootermacg: posts small blind 10
Mahu2021: posts big blind 20
*** HOLE CARDS ***
Dealt to Mahu2021 [3c Qc]
char8y: folds 
shootermacg: calls 10
Mahu2021: checks 
*** FLOP *** [7d 4h Ad]
shootermacg: bets 20
Mahu2021: folds 
Uncalled bet (20) returned to shootermacg
shootermacg collected 40 from pot
*** SUMMARY ***
Total pot 40 | Rake 0 
Board [7d 4h Ad]
Seat 1: char8y (button) folded before Flop (didn't bet)
Seat 2: shootermacg (small blind) collected (40)
Seat 3: Mahu2021 (big blind) folded on the Flop



PokerStars Hand #245735911027: Tournament #3639608629, $0.92+$0.08 USD Hold'em No Limit - Level I (10/20) - 2023/09/02 22:01:22 CET [2023/09/02 16:01:22 ET]
Table '3639608629 1' 3-max Seat #2 is the button
Seat 1: char8y (530 in chips) 
Seat 2: shootermacg (380 in chips) 
Seat 3: Mahu2021 (590 in chips) 
Mahu2021: posts small blind 10
char8y: posts big blind 20
*** HOLE CARDS ***
Dealt to Mahu2021 [9d Ts]
shootermacg: raises 20 to 40
Mahu2021: calls 30
char8y: folds 
*** FLOP *** [Kd 4d Kh]
Mahu2021: checks 
shootermacg: bets 40
Mahu2021: folds 
Uncalled bet (40) returned to shootermacg
shootermacg collected 100 from pot
*** SUMMARY ***
Total pot 100 | Rake 0 
Board [Kd 4d Kh]
Seat 1: char8y (big blind) folded before Flop
Seat 2: shootermacg (button) collected (100)
Seat 3: Mahu2021 (small blind) folded on the Flop



PokerStars Hand #245735918669: Tournament #3639608629, $0.92+$0.08 USD Hold'em No Limit - Level II (15/30) - 2023/09/02 22:01:47 CET [2023/09/02 16:01:47 ET]
Table '3639608629 1' 3-max Seat #3 is the button
Seat 1: char8y (510 in chips) 
Seat 2: shootermacg (440 in chips) 
Seat 3: Mahu2021 (550 in chips) 
char8y: posts small blind 15
shootermacg: posts big blind 30
*** HOLE CARDS ***
Dealt to Mahu2021 [2d 6c]
Mahu2021: folds 
char8y: raises 60 to 90
shootermacg: folds 
Uncalled bet (60) returned to char8y
char8y collected 60 from pot
char8y: doesn't show hand 
*** SUMMARY ***
Total pot 60 | Rake 0 
Seat 1: char8y (small blind) collected (60)
Seat 2: shootermacg (big blind) folded before Flop
Seat 3: Mahu2021 (button) folded before Flop (didn't bet)



PokerStars Hand #245735922149: Tournament #3639608629, $0.92+$0.08 USD Hold'em No Limit - Level II (15/30) - 2023/09/02 22:01:59 CET [2023/09/02 16:01:59 ET]
Table '3639608629 1' 3-max Seat #1 is the button
Seat 1: char8y (540 in chips) 
Seat 2: shootermacg (410 in chips) 
Seat 3: Mahu2021 (550 in chips) 
shootermacg: posts small blind 15
Mahu2021: posts big blind 30
*** HOLE CARDS ***
Dealt to Mahu2021 [5s 7c]
char8y: raises 30 to 60
shootermacg: folds 
Mahu2021: calls 30
*** FLOP *** [3h 3d Jh]
Mahu2021: checks 
char8y: bets 60
Mahu2021: folds 
Uncalled bet (60) returned to char8y
char8y collected 135 from pot
char8y: doesn't show hand 
*** SUMMARY ***
Total pot 135 | Rake 0 
Board [3h 3d Jh]
Seat 1: char8y (button) collected (135)
Seat 2: shootermacg (small blind) folded before Flop
Seat 3: Mahu2021 (big blind) folded on the Flop



PokerStars Hand #245735927304: Tournament #3639608629, $0.92+$0.08 USD Hold'em No Limit - Level II (15/30) - 2023/09/02 22:02:15 CET [2023/09/02 16:02:15 ET]
Table '3639608629 1' 3-max Seat #2 is the button
Seat 1: char8y (615 in chips) 
Seat 2: shootermacg (395 in chips) 
Seat 3: Mahu2021 (490 in chips) 
Mahu2021: posts small blind 15
char8y: posts big blind 30
*** HOLE CARDS ***
Dealt to Mahu2021 [2h 9s]
shootermacg: calls 30
Mahu2021: folds 
char8y: checks 
*** FLOP *** [Qs Qd 4h]
char8y: bets 45
shootermacg: folds 
Uncalled bet (45) returned to char8y
char8y collected 75 from pot
char8y: doesn't show hand 
*** SUMMARY ***
Total pot 75 | Rake 0 
Board [Qs Qd 4h]
Seat 1: char8y (big blind) collected (75)
Seat 2: shootermacg (button) folded on the Flop
Seat 3: Mahu2021 (small blind) folded before Flop



PokerStars Hand #245735935075: Tournament #3639608629, $0.92+$0.08 USD Hold'em No Limit - Level II (15/30) - 2023/09/02 22:02:39 CET [2023/09/02 16:02:39 ET]
Table '3639608629 1' 3-max Seat #3 is the button
Seat 1: char8y (660 in chips) 
Seat 2: shootermacg (365 in chips) 
Seat 3: Mahu2021 (475 in chips) 
char8y: posts small blind 15
shootermacg: posts big blind 30
*** HOLE CARDS ***
Dealt to Mahu2021 [Ac 9h]
Mahu2021: raises 30 to 60
char8y: folds 
shootermacg: calls 30
*** FLOP *** [Td 3c 8d]
shootermacg: checks 
Mahu2021: checks 
*** TURN *** [Td 3c 8d] [2c]
shootermacg: checks 
Mahu2021: checks 
*** RIVER *** [Td 3c 8d 2c] [Kh]
shootermacg: bets 60
Mahu2021: calls 60
*** SHOW DOWN ***
shootermacg: shows [Kd 9s] (a pair of Kings)
Mahu2021: mucks hand 
shootermacg collected 255 from pot
*** SUMMARY ***
Total pot 255 | Rake 0 
Board [Td 3c 8d 2c Kh]
Seat 1: char8y (small blind) folded before Flop
Seat 2: shootermacg (big blind) showed [Kd 9s] and won (255) with a pair of Kings
Seat 3: Mahu2021 (button) mucked [Ac 9h]



PokerStars Hand #245735940937: Tournament #3639608629, $0.92+$0.08 USD Hold'em No Limit - Level II (15/30) - 2023/09/02 22:02:56 CET [2023/09/02 16:02:56 ET]
Table '3639608629 1' 3-max Seat #1 is the button
Seat 1: char8y (645 in chips) 
Seat 2: shootermacg (500 in chips) 
Seat 3: Mahu2021 (355 in chips) 
shootermacg: posts small blind 15
Mahu2021: posts big blind 30
*** HOLE CARDS ***
Dealt to Mahu2021 [4d 4c]
char8y: folds 
shootermacg: calls 15
Mahu2021: raises 325 to 355 and is all-in
shootermacg: folds 
Uncalled bet (325) returned to Mahu2021
Mahu2021 collected 60 from pot
Mahu2021: doesn't show hand 
*** SUMMARY ***
Total pot 60 | Rake 0 
Seat 1: char8y (button) folded before Flop (didn't bet)
Seat 2: shootermacg (small blind) folded before Flop
Seat 3: Mahu2021 (big blind) collected (60)



PokerStars Hand #245735944091: Tournament #3639608629, $0.92+$0.08 USD Hold'em No Limit - Level II (15/30) - 2023/09/02 22:03:06 CET [2023/09/02 16:03:06 ET]
Table '3639608629 1' 3-max Seat #2 is the button
Seat 1: char8y (645 in chips) 
Seat 2: shootermacg (470 in chips) 
Seat 3: Mahu2021 (385 in chips) 
Mahu2021: posts small blind 15
char8y: posts big blind 30
*** HOLE CARDS ***
Dealt to Mahu2021 [7d Qh]
shootermacg: raises 30 to 60
Mahu2021: folds 
char8y: folds 
Uncalled bet (30) returned to shootermacg
shootermacg collected 75 from pot
*** SUMMARY ***
Total pot 75 | Rake 0 
Seat 1: char8y (big blind) folded before Flop
Seat 2: shootermacg (button) collected (75)
Seat 3: Mahu2021 (small blind) folded before Flop



PokerStars Hand #245735948493: Tournament #3639608629, $0.92+$0.08 USD Hold'em No Limit - Level II (15/30) - 2023/09/02 22:03:19 CET [2023/09/02 16:03:19 ET]
Table '3639608629 1' 3-max Seat #3 is the button
Seat 1: char8y (615 in chips) 
Seat 2: shootermacg (515 in chips) 
Seat 3: Mahu2021 (370 in chips) 
char8y: posts small blind 15
shootermacg: posts big blind 30
*** HOLE CARDS ***
Dealt to Mahu2021 [5h Jh]
Mahu2021: calls 30
char8y: calls 15
shootermacg: checks 
*** FLOP *** [Js 2c 8d]
char8y: checks 
shootermacg: checks 
Mahu2021: checks 
*** TURN *** [Js 2c 8d] [3c]
char8y: bets 45
shootermacg: folds 
Mahu2021: calls 45
*** RIVER *** [Js 2c 8d 3c] [5s]
char8y: checks 
Mahu2021: bets 180
char8y: calls 180
*** SHOW DOWN ***
Mahu2021: shows [5h Jh] (two pair, Jacks and Fives)
char8y: mucks hand 
Mahu2021 collected 540 from pot
*** SUMMARY ***
Total pot 540 | Rake 0 
Board [Js 2c 8d 3c 5s]
Seat 1: char8y (small blind) mucked [Jc 7d]
Seat 2: shootermacg (big blind) folded on the Turn
Seat 3: Mahu2021 (button) showed [5h Jh] and won (540) with two pair, Jacks and Fives



PokerStars Hand #245735968668: Tournament #3639608629, $0.92+$0.08 USD Hold'em No Limit - Level III (20/40) - 2023/09/02 22:04:20 CET [2023/09/02 16:04:20 ET]
Table '3639608629 1' 3-max Seat #1 is the button
Seat 1: char8y (360 in chips) 
Seat 2: shootermacg (485 in chips) 
Seat 3: Mahu2021 (655 in chips) 
shootermacg: posts small blind 20
Mahu2021: posts big blind 40
*** HOLE CARDS ***
Dealt to Mahu2021 [Th 6s]
char8y: raises 320 to 360 and is all-in
shootermacg: raises 125 to 485 and is all-in
Mahu2021: folds 
Uncalled bet (125) returned to shootermacg
*** FLOP *** [4s 3s 2s]
*** TURN *** [4s 3s 2s] [Qd]
*** RIVER *** [4s 3s 2s Qd] [Kc]
*** SHOW DOWN ***
shootermacg: shows [Kd Js] (a pair of Kings)
char8y: shows [Qc Kh] (two pair, Kings and Queens)
char8y collected 760 from pot
*** SUMMARY ***
Total pot 760 | Rake 0 
Board [4s 3s 2s Qd Kc]
Seat 1: char8y (button) showed [Qc Kh] and won (760) with two pair, Kings and Queens
Seat 2: shootermacg (small blind) showed [Kd Js] and lost with a pair of Kings
Seat 3: Mahu2021 (big blind) folded before Flop



PokerStars Hand #245735975117: Tournament #3639608629, $0.92+$0.08 USD Hold'em No Limit - Level III (20/40) - 2023/09/02 22:04:39 CET [2023/09/02 16:04:39 ET]
Table '3639608629 1' 3-max Seat #2 is the button
Seat 1: char8y (760 in chips) 
Seat 2: shootermacg (125 in chips) 
Seat 3: Mahu2021 (615 in chips) 
Mahu2021: posts small blind 20
char8y: posts big blind 40
*** HOLE CARDS ***
Dealt to Mahu2021 [Tc 2s]
shootermacg: folds 
Mahu2021: folds 
Uncalled bet (20) returned to char8y
char8y collected 40 from pot
char8y: doesn't show hand 
*** SUMMARY ***
Total pot 40 | Rake 0 
Seat 1: char8y (big blind) collected (40)
Seat 2: shootermacg (button) folded before Flop (didn't bet)
Seat 3: Mahu2021 (small blind) folded before Flop



PokerStars Hand #245735976766: Tournament #3639608629, $0.92+$0.08 USD Hold'em No Limit - Level III (20/40) - 2023/09/02 22:04:44 CET [2023/09/02 16:04:44 ET]
Table '3639608629 1' 3-max Seat #3 is the button
Seat 1: char8y (780 in chips) 
Seat 2: shootermacg (125 in chips) 
Seat 3: Mahu2021 (595 in chips) 
char8y: posts small blind 20
shootermacg: posts big blind 40
*** HOLE CARDS ***
Dealt to Mahu2021 [9s 7h]
Mahu2021: folds 
char8y: raises 740 to 780 and is all-in
shootermacg: folds 
Uncalled bet (740) returned to char8y
char8y collected 80 from pot
char8y: doesn't show hand 
*** SUMMARY ***
Total pot 80 | Rake 0 
Seat 1: char8y (small blind) collected (80)
Seat 2: shootermacg (big blind) folded before Flop
Seat 3: Mahu2021 (button) folded before Flop (didn't bet)



PokerStars Hand #245735980513: Tournament #3639608629, $0.92+$0.08 USD Hold'em No Limit - Level III (20/40) - 2023/09/02 22:04:56 CET [2023/09/02 16:04:56 ET]
Table '3639608629 1' 3-max Seat #1 is the button
Seat 1: char8y (820 in chips) 
Seat 2: shootermacg (85 in chips) 
Seat 3: Mahu2021 (595 in chips) 
shootermacg: posts small blind 20
Mahu2021: posts big blind 40
*** HOLE CARDS ***
Dealt to Mahu2021 [2h 2d]
char8y: folds 
shootermacg: raises 45 to 85 and is all-in
Mahu2021: calls 45
*** FLOP *** [Td 8d Qc]
*** TURN *** [Td 8d Qc] [4d]
*** RIVER *** [Td 8d Qc 4d] [4h]
*** SHOW DOWN ***
shootermacg: shows [9h 9d] (two pair, Nines and Fours)
Mahu2021: shows [2h 2d] (two pair, Fours and Deuces)
shootermacg collected 170 from pot
*** SUMMARY ***
Total pot 170 | Rake 0 
Board [Td 8d Qc 4d 4h]
Seat 1: char8y (button) folded before Flop (didn't bet)
Seat 2: shootermacg (small blind) showed [9h 9d] and won (170) with two pair, Nines and Fours
Seat 3: Mahu2021 (big blind) showed [2h 2d] and lost with two pair, Fours and Deuces



PokerStars Hand #245735986606: Tournament #3639608629, $0.92+$0.08 USD Hold'em No Limit - Level III (20/40) - 2023/09/02 22:05:14 CET [2023/09/02 16:05:14 ET]
Table '3639608629 1' 3-max Seat #2 is the button
Seat 1: char8y (820 in chips) 
Seat 2: shootermacg (170 in chips) 
Seat 3: Mahu2021 (510 in chips) 
Mahu2021: posts small blind 20
char8y: posts big blind 40
*** HOLE CARDS ***
Dealt to Mahu2021 [4s 2d]
shootermacg: folds 
Mahu2021: folds 
Uncalled bet (20) returned to char8y
char8y collected 40 from pot
char8y: doesn't show hand 
*** SUMMARY ***
Total pot 40 | Rake 0 
Seat 1: char8y (big blind) collected (40)
Seat 2: shootermacg (button) folded before Flop (didn't bet)
Seat 3: Mahu2021 (small blind) folded before Flop



PokerStars Hand #245735988385: Tournament #3639608629, $0.92+$0.08 USD Hold'em No Limit - Level III (20/40) - 2023/09/02 22:05:19 CET [2023/09/02 16:05:19 ET]
Table '3639608629 1' 3-max Seat #3 is the button
Seat 1: char8y (840 in chips) 
Seat 2: shootermacg (170 in chips) 
Seat 3: Mahu2021 (490 in chips) 
char8y: posts small blind 20
shootermacg: posts big blind 40
*** HOLE CARDS ***
Dealt to Mahu2021 [9s 7s]
Mahu2021: calls 40
char8y: calls 20
shootermacg: checks 
*** FLOP *** [As 4h 4s]
char8y: checks 
shootermacg: checks 
Mahu2021: bets 80
char8y: folds 
shootermacg: folds 
Uncalled bet (80) returned to Mahu2021
Mahu2021 collected 120 from pot
Mahu2021: doesn't show hand 
*** SUMMARY ***
Total pot 120 | Rake 0 
Board [As 4h 4s]
Seat 1: char8y (small blind) folded on the Flop
Seat 2: shootermacg (big blind) folded on the Flop
Seat 3: Mahu2021 (button) collected (120)



PokerStars Hand #245735998749: Tournament #3639608629, $0.92+$0.08 USD Hold'em No Limit - Level IV (30/60) - 2023/09/02 22:05:50 CET [2023/09/02 16:05:50 ET]
Table '3639608629 1' 3-max Seat #1 is the button
Seat 1: char8y (800 in chips) 
Seat 2: shootermacg (130 in chips) 
Seat 3: Mahu2021 (570 in chips) 
shootermacg: posts small blind 30
Mahu2021: posts big blind 60
*** HOLE CARDS ***
Dealt to Mahu2021 [8c Qs]
char8y: folds 
shootermacg: calls 30
Mahu2021: checks 
*** FLOP *** [Tc 8s 3h]
shootermacg: checks 
Mahu2021: bets 120
shootermacg: folds 
Uncalled bet (120) returned to Mahu2021
Mahu2021 collected 120 from pot
Mahu2021: doesn't show hand 
*** SUMMARY ***
Total pot 120 | Rake 0 
Board [Tc 8s 3h]
Seat 1: char8y (button) folded before Flop (didn't bet)
Seat 2: shootermacg (small blind) folded on the Flop
Seat 3: Mahu2021 (big blind) collected (120)



PokerStars Hand #245736007562: Tournament #3639608629, $0.92+$0.08 USD Hold'em No Limit - Level IV (30/60) - 2023/09/02 22:06:16 CET [2023/09/02 16:06:16 ET]
Table '3639608629 1' 3-max Seat #2 is the button
Seat 1: char8y (800 in chips) 
Seat 2: shootermacg (70 in chips) 
Seat 3: Mahu2021 (630 in chips) 
Mahu2021: posts small blind 30
char8y: posts big blind 60
*** HOLE CARDS ***
Dealt to Mahu2021 [Kd Kc]
shootermacg: raises 10 to 70 and is all-in
Mahu2021: raises 560 to 630 and is all-in
char8y is disconnected 
char8y has timed out while being disconnected
char8y: folds 
char8y is sitting out
Uncalled bet (560) returned to Mahu2021
*** FLOP *** [9h As 2d]
*** TURN *** [9h As 2d] [4d]
*** RIVER *** [9h As 2d 4d] [6s]
*** SHOW DOWN ***
Mahu2021: shows [Kd Kc] (a pair of Kings)
shootermacg: shows [3h 3d] (a pair of Threes)
Mahu2021 collected 200 from pot
shootermacg finished the tournament in 3rd place
*** SUMMARY ***
Total pot 200 | Rake 0 
Board [9h As 2d 4d 6s]
Seat 1: char8y (big blind) folded before Flop
Seat 2: shootermacg (button) showed [3h 3d] and lost with a pair of Threes
Seat 3: Mahu2021 (small blind) showed [Kd Kc] and won (200) with a pair of Kings



PokerStars Hand #245736023639: Tournament #3639608629, $0.92+$0.08 USD Hold'em No Limit - Level IV (30/60) - 2023/09/02 22:07:04 CET [2023/09/02 16:07:04 ET]
Table '3639608629 1' 3-max Seat #1 is the button
Seat 1: char8y (740 in chips) is sitting out
Seat 3: Mahu2021 (760 in chips) 
char8y: posts small blind 30
Mahu2021: posts big blind 60
*** HOLE CARDS ***
Dealt to Mahu2021 [6c Ad]
char8y: folds 
Uncalled bet (30) returned to Mahu2021
Mahu2021 collected 60 from pot
Mahu2021: doesn't show hand 
*** SUMMARY ***
Total pot 60 | Rake 0 
Seat 1: char8y (button) (small blind) folded before Flop
Seat 3: Mahu2021 (big blind) collected (60)



PokerStars Hand #245736024262: Tournament #3639608629, $0.92+$0.08 USD Hold'em No Limit - Level IV (30/60) - 2023/09/02 22:07:06 CET [2023/09/02 16:07:06 ET]
Table '3639608629 1' 3-max Seat #3 is the button
Seat 1: char8y (710 in chips) is sitting out
Seat 3: Mahu2021 (790 in chips) 
Mahu2021: posts small blind 30
char8y: posts big blind 60
*** HOLE CARDS ***
Dealt to Mahu2021 [Qd Kc]
Mahu2021: raises 60 to 120
char8y: folds 
Uncalled bet (60) returned to Mahu2021
Mahu2021 collected 120 from pot
Mahu2021: doesn't show hand 
*** SUMMARY ***
Total pot 120 | Rake 0 
Seat 1: char8y (big blind) folded before Flop
Seat 3: Mahu2021 (button) (small blind) collected (120)



PokerStars Hand #245736025852: Tournament #3639608629, $0.92+$0.08 USD Hold'em No Limit - Level IV (30/60) - 2023/09/02 22:07:10 CET [2023/09/02 16:07:10 ET]
Table '3639608629 1' 3-max Seat #1 is the button
Seat 1: char8y (650 in chips) is sitting out
Seat 3: Mahu2021 (850 in chips) 
char8y: posts small blind 30
Mahu2021: posts big blind 60
*** HOLE CARDS ***
Dealt to Mahu2021 [Jh Qs]
char8y: folds 
Uncalled bet (30) returned to Mahu2021
Mahu2021 collected 60 from pot
Mahu2021: doesn't show hand 
*** SUMMARY ***
Total pot 60 | Rake 0 
Seat 1: char8y (button) (small blind) folded before Flop
Seat 3: Mahu2021 (big blind) collected (60)



PokerStars Hand #245736026483: Tournament #3639608629, $0.92+$0.08 USD Hold'em No Limit - Level IV (30/60) - 2023/09/02 22:07:12 CET [2023/09/02 16:07:12 ET]
Table '3639608629 1' 3-max Seat #3 is the button
Seat 1: char8y (620 in chips) is sitting out
Seat 3: Mahu2021 (880 in chips) 
Mahu2021: posts small blind 30
char8y: posts big blind 60
*** HOLE CARDS ***
Dealt to Mahu2021 [Tc 8h]
Mahu2021: raises 60 to 120
char8y: folds 
Uncalled bet (60) returned to Mahu2021
Mahu2021 collected 120 from pot
Mahu2021: doesn't show hand 
*** SUMMARY ***
Total pot 120 | Rake 0 
Seat 1: char8y (big blind) folded before Flop
Seat 3: Mahu2021 (button) (small blind) collected (120)



PokerStars Hand #245736027934: Tournament #3639608629, $0.92+$0.08 USD Hold'em No Limit - Level IV (30/60) - 2023/09/02 22:07:17 CET [2023/09/02 16:07:17 ET]
Table '3639608629 1' 3-max Seat #1 is the button
Seat 1: char8y (560 in chips) is sitting out
Seat 3: Mahu2021 (940 in chips) 
char8y: posts small blind 30
Mahu2021: posts big blind 60
*** HOLE CARDS ***
Dealt to Mahu2021 [6s 8h]
char8y: folds 
Uncalled bet (30) returned to Mahu2021
Mahu2021 collected 60 from pot
Mahu2021: doesn't show hand 
*** SUMMARY ***
Total pot 60 | Rake 0 
Seat 1: char8y (button) (small blind) folded before Flop
Seat 3: Mahu2021 (big blind) collected (60)



PokerStars Hand #245736028541: Tournament #3639608629, $0.92+$0.08 USD Hold'em No Limit - Level IV (30/60) - 2023/09/02 22:07:18 CET [2023/09/02 16:07:18 ET]
Table '3639608629 1' 3-max Seat #3 is the button
Seat 1: char8y (530 in chips) is sitting out
Seat 3: Mahu2021 (970 in chips) 
Mahu2021: posts small blind 30
char8y: posts big blind 60
*** HOLE CARDS ***
Dealt to Mahu2021 [Jh 2d]
Mahu2021: raises 60 to 120
char8y: folds 
Uncalled bet (60) returned to Mahu2021
Mahu2021 collected 120 from pot
Mahu2021: doesn't show hand 
*** SUMMARY ***
Total pot 120 | Rake 0 
Seat 1: char8y (big blind) folded before Flop
Seat 3: Mahu2021 (button) (small blind) collected (120)



PokerStars Hand #245736029963: Tournament #3639608629, $0.92+$0.08 USD Hold'em No Limit - Level IV (30/60) - 2023/09/02 22:07:23 CET [2023/09/02 16:07:23 ET]
Table '3639608629 1' 3-max Seat #1 is the button
Seat 1: char8y (470 in chips) is sitting out
Seat 3: Mahu2021 (1030 in chips) 
char8y: posts small blind 30
Mahu2021: posts big blind 60
*** HOLE CARDS ***
Dealt to Mahu2021 [Ks 6s]
char8y: folds 
Uncalled bet (30) returned to Mahu2021
Mahu2021 collected 60 from pot
Mahu2021: doesn't show hand 
*** SUMMARY ***
Total pot 60 | Rake 0 
Seat 1: char8y (button) (small blind) folded before Flop
Seat 3: Mahu2021 (big blind) collected (60)



PokerStars Hand #245736030560: Tournament #3639608629, $0.92+$0.08 USD Hold'em No Limit - Level IV (30/60) - 2023/09/02 22:07:25 CET [2023/09/02 16:07:25 ET]
Table '3639608629 1' 3-max Seat #3 is the button
Seat 1: char8y (440 in chips) is sitting out
Seat 3: Mahu2021 (1060 in chips) 
Mahu2021: posts small blind 30
char8y: posts big blind 60
*** HOLE CARDS ***
Dealt to Mahu2021 [Qh Jh]
Mahu2021: raises 60 to 120
char8y: folds 
Uncalled bet (60) returned to Mahu2021
Mahu2021 collected 120 from pot
Mahu2021: doesn't show hand 
*** SUMMARY ***
Total pot 120 | Rake 0 
Seat 1: char8y (big blind) folded before Flop
Seat 3: Mahu2021 (button) (small blind) collected (120)



PokerStars Hand #245736031986: Tournament #3639608629, $0.92+$0.08 USD Hold'em No Limit - Level IV (30/60) - 2023/09/02 22:07:29 CET [2023/09/02 16:07:29 ET]
Table '3639608629 1' 3-max Seat #1 is the button
Seat 1: char8y (380 in chips) is sitting out
Seat 3: Mahu2021 (1120 in chips) 
char8y: posts small blind 30
Mahu2021: posts big blind 60
*** HOLE CARDS ***
Dealt to Mahu2021 [5h 7d]
char8y: folds 
Uncalled bet (30) returned to Mahu2021
Mahu2021 collected 60 from pot
Mahu2021: doesn't show hand 
*** SUMMARY ***
Total pot 60 | Rake 0 
Seat 1: char8y (button) (small blind) folded before Flop
Seat 3: Mahu2021 (big blind) collected (60)



PokerStars Hand #245736032605: Tournament #3639608629, $0.92+$0.08 USD Hold'em No Limit - Level IV (30/60) - 2023/09/02 22:07:31 CET [2023/09/02 16:07:31 ET]
Table '3639608629 1' 3-max Seat #3 is the button
Seat 1: char8y (350 in chips) is sitting out
Seat 3: Mahu2021 (1150 in chips) 
Mahu2021: posts small blind 30
char8y: posts big blind 60
*** HOLE CARDS ***
Dealt to Mahu2021 [Kd 7c]
char8y has returned
Mahu2021: raises 60 to 120
char8y: folds 
Uncalled bet (60) returned to Mahu2021
Mahu2021 collected 120 from pot
Mahu2021: doesn't show hand 
*** SUMMARY ***
Total pot 120 | Rake 0 
Seat 1: char8y (big blind) folded before Flop
Seat 3: Mahu2021 (button) (small blind) collected (120)



PokerStars Hand #245736035177: Tournament #3639608629, $0.92+$0.08 USD Hold'em No Limit - Level IV (30/60) - 2023/09/02 22:07:38 CET [2023/09/02 16:07:38 ET]
Table '3639608629 1' 3-max Seat #1 is the button
Seat 1: char8y (290 in chips) 
Seat 3: Mahu2021 (1210 in chips) 
char8y: posts small blind 30
Mahu2021: posts big blind 60
*** HOLE CARDS ***
Dealt to Mahu2021 [6d 4s]
char8y: raises 230 to 290 and is all-in
Mahu2021: folds 
Uncalled bet (230) returned to char8y
char8y collected 120 from pot
char8y: doesn't show hand 
*** SUMMARY ***
Total pot 120 | Rake 0 
Seat 1: char8y (button) (small blind) collected (120)
Seat 3: Mahu2021 (big blind) folded before Flop



PokerStars Hand #245736041069: Tournament #3639608629, $0.92+$0.08 USD Hold'em No Limit - Level V (40/80) - 2023/09/02 22:07:56 CET [2023/09/02 16:07:56 ET]
Table '3639608629 1' 3-max Seat #3 is the button
Seat 1: char8y (350 in chips) 
Seat 3: Mahu2021 (1150 in chips) 
Mahu2021: posts small blind 40
char8y: posts big blind 80
*** HOLE CARDS ***
Dealt to Mahu2021 [6c Qs]
Mahu2021: calls 40
char8y: raises 270 to 350 and is all-in
Mahu2021: folds 
Uncalled bet (270) returned to char8y
char8y collected 160 from pot
char8y: doesn't show hand 
*** SUMMARY ***
Total pot 160 | Rake 0 
Seat 1: char8y (big blind) collected (160)
Seat 3: Mahu2021 (button) (small blind) folded before Flop



PokerStars Hand #245736044627: Tournament #3639608629, $0.92+$0.08 USD Hold'em No Limit - Level V (40/80) - 2023/09/02 22:08:07 CET [2023/09/02 16:08:07 ET]
Table '3639608629 1' 3-max Seat #1 is the button
Seat 1: char8y (430 in chips) 
Seat 3: Mahu2021 (1070 in chips) 
char8y: posts small blind 40
Mahu2021: posts big blind 80
*** HOLE CARDS ***
Dealt to Mahu2021 [4c 5h]
char8y: raises 350 to 430 and is all-in
Mahu2021: folds 
Uncalled bet (350) returned to char8y
char8y collected 160 from pot
char8y: doesn't show hand 
*** SUMMARY ***
Total pot 160 | Rake 0 
Seat 1: char8y (button) (small blind) collected (160)
Seat 3: Mahu2021 (big blind) folded before Flop



PokerStars Hand #245736049587: Tournament #3639608629, $0.92+$0.08 USD Hold'em No Limit - Level V (40/80) - 2023/09/02 22:08:21 CET [2023/09/02 16:08:21 ET]
Table '3639608629 1' 3-max Seat #3 is the button
Seat 1: char8y (510 in chips) 
Seat 3: Mahu2021 (990 in chips) 
Mahu2021: posts small blind 40
char8y: posts big blind 80
*** HOLE CARDS ***
Dealt to Mahu2021 [2s Ts]
Mahu2021: folds 
Uncalled bet (40) returned to char8y
char8y collected 80 from pot
char8y: doesn't show hand 
*** SUMMARY ***
Total pot 80 | Rake 0 
Seat 1: char8y (big blind) collected (80)
Seat 3: Mahu2021 (button) (small blind) folded before Flop



PokerStars Hand #245736051049: Tournament #3639608629, $0.92+$0.08 USD Hold'em No Limit - Level V (40/80) - 2023/09/02 22:08:26 CET [2023/09/02 16:08:26 ET]
Table '3639608629 1' 3-max Seat #1 is the button
Seat 1: char8y (550 in chips) 
Seat 3: Mahu2021 (950 in chips) 
char8y: posts small blind 40
Mahu2021: posts big blind 80
*** HOLE CARDS ***
Dealt to Mahu2021 [Td 5h]
char8y: raises 470 to 550 and is all-in
Mahu2021: folds 
Uncalled bet (470) returned to char8y
char8y collected 160 from pot
char8y: doesn't show hand 
*** SUMMARY ***
Total pot 160 | Rake 0 
Seat 1: char8y (button) (small blind) collected (160)
Seat 3: Mahu2021 (big blind) folded before Flop



PokerStars Hand #245736053029: Tournament #3639608629, $0.92+$0.08 USD Hold'em No Limit - Level V (40/80) - 2023/09/02 22:08:32 CET [2023/09/02 16:08:32 ET]
Table '3639608629 1' 3-max Seat #3 is the button
Seat 1: char8y (630 in chips) 
Seat 3: Mahu2021 (870 in chips) 
Mahu2021: posts small blind 40
char8y: posts big blind 80
*** HOLE CARDS ***
Dealt to Mahu2021 [5c 5s]
Mahu2021: calls 40
char8y: raises 550 to 630 and is all-in
Mahu2021: calls 550
*** FLOP *** [Ad 7s Ks]
*** TURN *** [Ad 7s Ks] [3c]
*** RIVER *** [Ad 7s Ks 3c] [3s]
*** SHOW DOWN ***
char8y: shows [Js Jd] (two pair, Jacks and Threes)
Mahu2021: shows [5c 5s] (two pair, Fives and Threes)
char8y collected 1260 from pot
*** SUMMARY ***
Total pot 1260 | Rake 0 
Board [Ad 7s Ks 3c 3s]
Seat 1: char8y (big blind) showed [Js Jd] and won (1260) with two pair, Jacks and Threes
Seat 3: Mahu2021 (button) (small blind) showed [5c 5s] and lost with two pair, Fives and Threes



PokerStars Hand #245736058228: Tournament #3639608629, $0.92+$0.08 USD Hold'em No Limit - Level V (40/80) - 2023/09/02 22:08:47 CET [2023/09/02 16:08:47 ET]
Table '3639608629 1' 3-max Seat #1 is the button
Seat 1: char8y (1260 in chips) 
Seat 3: Mahu2021 (240 in chips) 
char8y: posts small blind 40
Mahu2021: posts big blind 80
*** HOLE CARDS ***
Dealt to Mahu2021 [4s 3s]
char8y: raises 1180 to 1260 and is all-in
Mahu2021: calls 160 and is all-in
Uncalled bet (1020) returned to char8y
*** FLOP *** [Kh 9c 4h]
*** TURN *** [Kh 9c 4h] [7d]
*** RIVER *** [Kh 9c 4h 7d] [Js]
*** SHOW DOWN ***
Mahu2021: shows [4s 3s] (a pair of Fours)
char8y: shows [Qh 6h] (high card King)
Mahu2021 collected 480 from pot
*** SUMMARY ***
Total pot 480 | Rake 0 
Board [Kh 9c 4h 7d Js]
Seat 1: char8y (button) (small blind) showed [Qh 6h] and lost with high card King
Seat 3: Mahu2021 (big blind) showed [4s 3s] and won (480) with a pair of Fours



PokerStars Hand #245736063122: Tournament #3639608629, $0.92+$0.08 USD Hold'em No Limit - Level V (40/80) - 2023/09/02 22:09:02 CET [2023/09/02 16:09:02 ET]
Table '3639608629 1' 3-max Seat #3 is the button
Seat 1: char8y (1020 in chips) 
Seat 3: Mahu2021 (480 in chips) 
Mahu2021: posts small blind 40
char8y: posts big blind 80
*** HOLE CARDS ***
Dealt to Mahu2021 [4d Ah]
Mahu2021: raises 400 to 480 and is all-in
char8y: folds 
Uncalled bet (400) returned to Mahu2021
Mahu2021 collected 160 from pot
Mahu2021: doesn't show hand 
*** SUMMARY ***
Total pot 160 | Rake 0 
Seat 1: char8y (big blind) folded before Flop
Seat 3: Mahu2021 (button) (small blind) collected (160)



PokerStars Hand #245736065496: Tournament #3639608629, $0.92+$0.08 USD Hold'em No Limit - Level V (40/80) - 2023/09/02 22:09:09 CET [2023/09/02 16:09:09 ET]
Table '3639608629 1' 3-max Seat #1 is the button
Seat 1: char8y (940 in chips) 
Seat 3: Mahu2021 (560 in chips) 
char8y: posts small blind 40
Mahu2021: posts big blind 80
*** HOLE CARDS ***
Dealt to Mahu2021 [8s 9h]
char8y: folds 
Uncalled bet (40) returned to Mahu2021
Mahu2021 collected 80 from pot
Mahu2021: doesn't show hand 
*** SUMMARY ***
Total pot 80 | Rake 0 
Seat 1: char8y (button) (small blind) folded before Flop
Seat 3: Mahu2021 (big blind) collected (80)



PokerStars Hand #245736067265: Tournament #3639608629, $0.92+$0.08 USD Hold'em No Limit - Level V (40/80) - 2023/09/02 22:09:14 CET [2023/09/02 16:09:14 ET]
Table '3639608629 1' 3-max Seat #3 is the button
Seat 1: char8y (900 in chips) 
Seat 3: Mahu2021 (600 in chips) 
Mahu2021: posts small blind 40
char8y: posts big blind 80
*** HOLE CARDS ***
Dealt to Mahu2021 [Qh Qc]
Mahu2021: raises 520 to 600 and is all-in
char8y: folds 
Uncalled bet (520) returned to Mahu2021
Mahu2021 collected 160 from pot
Mahu2021: doesn't show hand 
*** SUMMARY ***
Total pot 160 | Rake 0 
Seat 1: char8y (big blind) folded before Flop
Seat 3: Mahu2021 (button) (small blind) collected (160)



PokerStars Hand #245736070327: Tournament #3639608629, $0.92+$0.08 USD Hold'em No Limit - Level V (40/80) - 2023/09/02 22:09:24 CET [2023/09/02 16:09:24 ET]
Table '3639608629 1' 3-max Seat #1 is the button
Seat 1: char8y (820 in chips) 
Seat 3: Mahu2021 (680 in chips) 
char8y: posts small blind 40
Mahu2021: posts big blind 80
*** HOLE CARDS ***
Dealt to Mahu2021 [9d 3s]
char8y: raises 740 to 820 and is all-in
Mahu2021: folds 
Uncalled bet (740) returned to char8y
char8y collected 160 from pot
char8y: doesn't show hand 
*** SUMMARY ***
Total pot 160 | Rake 0 
Seat 1: char8y (button) (small blind) collected (160)
Seat 3: Mahu2021 (big blind) folded before Flop



PokerStars Hand #245736072302: Tournament #3639608629, $0.92+$0.08 USD Hold'em No Limit - Level V (40/80) - 2023/09/02 22:09:30 CET [2023/09/02 16:09:30 ET]
Table '3639608629 1' 3-max Seat #3 is the button
Seat 1: char8y (900 in chips) 
Seat 3: Mahu2021 (600 in chips) 
Mahu2021: posts small blind 40
char8y: posts big blind 80
*** HOLE CARDS ***
Dealt to Mahu2021 [8d 3h]
Mahu2021: folds 
Uncalled bet (40) returned to char8y
char8y collected 80 from pot
char8y: doesn't show hand 
*** SUMMARY ***
Total pot 80 | Rake 0 
Seat 1: char8y (big blind) collected (80)
Seat 3: Mahu2021 (button) (small blind) folded before Flop



PokerStars Hand #245736073766: Tournament #3639608629, $0.92+$0.08 USD Hold'em No Limit - Level V (40/80) - 2023/09/02 22:09:34 CET [2023/09/02 16:09:34 ET]
Table '3639608629 1' 3-max Seat #1 is the button
Seat 1: char8y (940 in chips) 
Seat 3: Mahu2021 (560 in chips) 
char8y: posts small blind 40
Mahu2021: posts big blind 80
*** HOLE CARDS ***
Dealt to Mahu2021 [5s 7d]
char8y: folds 
Uncalled bet (40) returned to Mahu2021
Mahu2021 collected 80 from pot
Mahu2021: doesn't show hand 
*** SUMMARY ***
Total pot 80 | Rake 0 
Seat 1: char8y (button) (small blind) folded before Flop
Seat 3: Mahu2021 (big blind) collected (80)



PokerStars Hand #245736078037: Tournament #3639608629, $0.92+$0.08 USD Hold'em No Limit - Level VI (50/100) - 2023/09/02 22:09:47 CET [2023/09/02 16:09:47 ET]
Table '3639608629 1' 3-max Seat #3 is the button
Seat 1: char8y (900 in chips) 
Seat 3: Mahu2021 (600 in chips) 
Mahu2021: posts small blind 50
char8y: posts big blind 100
*** HOLE CARDS ***
Dealt to Mahu2021 [4s 4h]
Mahu2021: raises 500 to 600 and is all-in
char8y: calls 500
*** FLOP *** [3s 6d 6c]
*** TURN *** [3s 6d 6c] [Kc]
*** RIVER *** [3s 6d 6c Kc] [5s]
*** SHOW DOWN ***
char8y: shows [Ah 8h] (a pair of Sixes)
Mahu2021: shows [4s 4h] (two pair, Sixes and Fours)
Mahu2021 collected 1200 from pot
*** SUMMARY ***
Total pot 1200 | Rake 0 
Board [3s 6d 6c Kc 5s]
Seat 1: char8y (big blind) showed [Ah 8h] and lost with a pair of Sixes
Seat 3: Mahu2021 (button) (small blind) showed [4s 4h] and won (1200) with two pair, Sixes and Fours



PokerStars Hand #245736082572: Tournament #3639608629, $0.92+$0.08 USD Hold'em No Limit - Level VI (50/100) - 2023/09/02 22:10:00 CET [2023/09/02 16:10:00 ET]
Table '3639608629 1' 3-max Seat #1 is the button
Seat 1: char8y (300 in chips) 
Seat 3: Mahu2021 (1200 in chips) 
char8y: posts small blind 50
Mahu2021: posts big blind 100
*** HOLE CARDS ***
Dealt to Mahu2021 [4d 6d]
char8y: raises 200 to 300 and is all-in
Mahu2021: folds 
Uncalled bet (200) returned to char8y
char8y collected 200 from pot
char8y: doesn't show hand 
*** SUMMARY ***
Total pot 200 | Rake 0 
Seat 1: char8y (button) (small blind) collected (200)
Seat 3: Mahu2021 (big blind) folded before Flop



PokerStars Hand #245736085365: Tournament #3639608629, $0.92+$0.08 USD Hold'em No Limit - Level VI (50/100) - 2023/09/02 22:10:08 CET [2023/09/02 16:10:08 ET]
Table '3639608629 1' 3-max Seat #3 is the button
Seat 1: char8y (400 in chips) 
Seat 3: Mahu2021 (1100 in chips) 
Mahu2021: posts small blind 50
char8y: posts big blind 100
*** HOLE CARDS ***
Dealt to Mahu2021 [Qs 8h]
Mahu2021: calls 50
char8y: raises 300 to 400 and is all-in
Mahu2021: calls 300
*** FLOP *** [2d 7h Qd]
*** TURN *** [2d 7h Qd] [Ad]
*** RIVER *** [2d 7h Qd Ad] [Js]
*** SHOW DOWN ***
char8y: shows [4c Ah] (a pair of Aces)
Mahu2021: shows [Qs 8h] (a pair of Queens)
char8y collected 800 from pot
*** SUMMARY ***
Total pot 800 | Rake 0 
Board [2d 7h Qd Ad Js]
Seat 1: char8y (big blind) showed [4c Ah] and won (800) with a pair of Aces
Seat 3: Mahu2021 (button) (small blind) showed [Qs 8h] and lost with a pair of Queens



PokerStars Hand #245736090824: Tournament #3639608629, $0.92+$0.08 USD Hold'em No Limit - Level VI (50/100) - 2023/09/02 22:10:25 CET [2023/09/02 16:10:25 ET]
Table '3639608629 1' 3-max Seat #1 is the button
Seat 1: char8y (800 in chips) 
Seat 3: Mahu2021 (700 in chips) 
char8y: posts small blind 50
Mahu2021: posts big blind 100
*** HOLE CARDS ***
Dealt to Mahu2021 [9d Qs]
char8y: folds 
Uncalled bet (50) returned to Mahu2021
Mahu2021 collected 100 from pot
Mahu2021: doesn't show hand 
*** SUMMARY ***
Total pot 100 | Rake 0 
Seat 1: char8y (button) (small blind) folded before Flop
Seat 3: Mahu2021 (big blind) collected (100)



PokerStars Hand #245736093448: Tournament #3639608629, $0.92+$0.08 USD Hold'em No Limit - Level VI (50/100) - 2023/09/02 22:10:33 CET [2023/09/02 16:10:33 ET]
Table '3639608629 1' 3-max Seat #3 is the button
Seat 1: char8y (750 in chips) 
Seat 3: Mahu2021 (750 in chips) 
Mahu2021: posts small blind 50
char8y: posts big blind 100
*** HOLE CARDS ***
Dealt to Mahu2021 [7s 6d]
Mahu2021: calls 50
char8y: checks 
*** FLOP *** [3d 7c Ks]
char8y: checks 
Mahu2021: bets 100
char8y: calls 100
*** TURN *** [3d 7c Ks] [As]
char8y: checks 
Mahu2021: checks 
*** RIVER *** [3d 7c Ks As] [9c]
char8y: checks 
Mahu2021: checks 
*** SHOW DOWN ***
char8y: shows [7h Jd] (a pair of Sevens)
Mahu2021: mucks hand 
char8y collected 400 from pot
*** SUMMARY ***
Total pot 400 | Rake 0 
Board [3d 7c Ks As 9c]
Seat 1: char8y (big blind) showed [7h Jd] and won (400) with a pair of Sevens
Seat 3: Mahu2021 (button) (small blind) mucked [7s 6d]



PokerStars Hand #245736103225: Tournament #3639608629, $0.92+$0.08 USD Hold'em No Limit - Level VI (50/100) - 2023/09/02 22:11:02 CET [2023/09/02 16:11:02 ET]
Table '3639608629 1' 3-max Seat #1 is the button
Seat 1: char8y (950 in chips) 
Seat 3: Mahu2021 (550 in chips) 
char8y: posts small blind 50
Mahu2021: posts big blind 100
*** HOLE CARDS ***
Dealt to Mahu2021 [Th 4d]
char8y: raises 850 to 950 and is all-in
Mahu2021: folds 
Uncalled bet (850) returned to char8y
char8y collected 200 from pot
char8y: doesn't show hand 
*** SUMMARY ***
Total pot 200 | Rake 0 
Seat 1: char8y (button) (small blind) collected (200)
Seat 3: Mahu2021 (big blind) folded before Flop



PokerStars Hand #245736105579: Tournament #3639608629, $0.92+$0.08 USD Hold'em No Limit - Level VI (50/100) - 2023/09/02 22:11:09 CET [2023/09/02 16:11:09 ET]
Table '3639608629 1' 3-max Seat #3 is the button
Seat 1: char8y (1050 in chips) 
Seat 3: Mahu2021 (450 in chips) 
Mahu2021: posts small blind 50
char8y: posts big blind 100
*** HOLE CARDS ***
Dealt to Mahu2021 [5h Ts]
Mahu2021: folds 
Uncalled bet (50) returned to char8y
char8y collected 100 from pot
*** SUMMARY ***
Total pot 100 | Rake 0 
Seat 1: char8y (big blind) collected (100)
Seat 3: Mahu2021 (button) (small blind) folded before Flop



PokerStars Hand #245736106994: Tournament #3639608629, $0.92+$0.08 USD Hold'em No Limit - Level VI (50/100) - 2023/09/02 22:11:13 CET [2023/09/02 16:11:13 ET]
Table '3639608629 1' 3-max Seat #1 is the button
Seat 1: char8y (1100 in chips) 
Seat 3: Mahu2021 (400 in chips) 
char8y: posts small blind 50
Mahu2021: posts big blind 100
*** HOLE CARDS ***
Dealt to Mahu2021 [2c 5c]
char8y: folds 
Uncalled bet (50) returned to Mahu2021
Mahu2021 collected 100 from pot
Mahu2021: doesn't show hand 
*** SUMMARY ***
Total pot 100 | Rake 0 
Seat 1: char8y (button) (small blind) folded before Flop
Seat 3: Mahu2021 (big blind) collected (100)



PokerStars Hand #245736108857: Tournament #3639608629, $0.92+$0.08 USD Hold'em No Limit - Level VI (50/100) - 2023/09/02 22:11:18 CET [2023/09/02 16:11:18 ET]
Table '3639608629 1' 3-max Seat #3 is the button
Seat 1: char8y (1050 in chips) 
Seat 3: Mahu2021 (450 in chips) 
Mahu2021: posts small blind 50
char8y: posts big blind 100
*** HOLE CARDS ***
Dealt to Mahu2021 [7d Ah]
Mahu2021: raises 350 to 450 and is all-in
char8y: calls 350
*** FLOP *** [5h Jh 6h]
*** TURN *** [5h Jh 6h] [2d]
*** RIVER *** [5h Jh 6h 2d] [9d]
*** SHOW DOWN ***
char8y: shows [4c Ks] (high card King)
Mahu2021: shows [7d Ah] (high card Ace)
Mahu2021 collected 900 from pot
*** SUMMARY ***
Total pot 900 | Rake 0 
Board [5h Jh 6h 2d 9d]
Seat 1: char8y (big blind) showed [4c Ks] and lost with high card King
Seat 3: Mahu2021 (button) (small blind) showed [7d Ah] and won (900) with high card Ace



PokerStars Hand #245736113160: Tournament #3639608629, $0.92+$0.08 USD Hold'em No Limit - Level VI (50/100) - 2023/09/02 22:11:31 CET [2023/09/02 16:11:31 ET]
Table '3639608629 1' 3-max Seat #1 is the button
Seat 1: char8y (600 in chips) 
Seat 3: Mahu2021 (900 in chips) 
char8y: posts small blind 50
Mahu2021: posts big blind 100
*** HOLE CARDS ***
Dealt to Mahu2021 [4s Ts]
char8y: raises 500 to 600 and is all-in
Mahu2021: folds 
Uncalled bet (500) returned to char8y
char8y collected 200 from pot
char8y: doesn't show hand 
*** SUMMARY ***
Total pot 200 | Rake 0 
Seat 1: char8y (button) (small blind) collected (200)
Seat 3: Mahu2021 (big blind) folded before Flop



PokerStars Hand #245736115678: Tournament #3639608629, $0.92+$0.08 USD Hold'em No Limit - Level VI (50/100) - 2023/09/02 22:11:39 CET [2023/09/02 16:11:39 ET]
Table '3639608629 1' 3-max Seat #3 is the button
Seat 1: char8y (700 in chips) 
Seat 3: Mahu2021 (800 in chips) 
Mahu2021: posts small blind 50
char8y: posts big blind 100
*** HOLE CARDS ***
Dealt to Mahu2021 [2s Kc]
Mahu2021: raises 700 to 800 and is all-in
char8y: calls 600 and is all-in
Uncalled bet (100) returned to Mahu2021
*** FLOP *** [9h 2d 3h]
*** TURN *** [9h 2d 3h] [3c]
*** RIVER *** [9h 2d 3h 3c] [9d]
*** SHOW DOWN ***
char8y: shows [Ac 5d] (two pair, Nines and Threes)
Mahu2021: shows [2s Kc] (two pair, Nines and Threes - lower kicker)
char8y collected 1400 from pot
*** SUMMARY ***
Total pot 1400 | Rake 0 
Board [9h 2d 3h 3c 9d]
Seat 1: char8y (big blind) showed [Ac 5d] and won (1400) with two pair, Nines and Threes
Seat 3: Mahu2021 (button) (small blind) showed [2s Kc] and lost with two pair, Nines and Threes



PokerStars Hand #245736122024: Tournament #3639608629, $0.92+$0.08 USD Hold'em No Limit - Level VII (60/120) - 2023/09/02 22:11:57 CET [2023/09/02 16:11:57 ET]
Table '3639608629 1' 3-max Seat #1 is the button
Seat 1: char8y (1400 in chips) 
Seat 3: Mahu2021 (100 in chips) 
char8y: posts small blind 60
Mahu2021: posts big blind 100 and is all-in
*** HOLE CARDS ***
Dealt to Mahu2021 [4s 8d]
char8y: calls 40
*** FLOP *** [4h 9s Kh]
*** TURN *** [4h 9s Kh] [Qc]
*** RIVER *** [4h 9s Kh Qc] [Ad]
*** SHOW DOWN ***
Mahu2021: shows [4s 8d] (a pair of Fours)
char8y: shows [9c 3d] (a pair of Nines)
char8y collected 200 from pot
Mahu2021 finished the tournament in 2nd place
char8y wins the tournament and receives $2.00 - congratulations!
*** SUMMARY ***
Total pot 200 | Rake 0 
Board [4h 9s Kh Qc Ad]
Seat 1: char8y (button) (small blind) showed [9c 3d] and won (200) with a pair of Nines
Seat 3: Mahu2021 (big blind) showed [4s 8d] and lost with a pair of Fours



