PokerStars Hand #253597807161: Tournament #3827974522, $0.46+$0.04 USD Hold'em No Limit - Level I (10/20) - 2024/11/27 19:18:30 CET [2024/11/27 13:18:30 ET]
Table '3827974522 1' 3-max Seat #1 is the button
Seat 1: Jurez1999 (500 in chips) 
Seat 2: Mahu2021 (500 in chips) 
Seat 3: Vinicius MPG (500 in chips) 
Mahu2021: posts small blind 10
Vinicius MPG: posts big blind 20
*** HOLE CARDS ***
Dealt to Mahu2021 [Ts Ah]
Jurez1999: raises 20 to 40
Mahu2021: raises 460 to 500 and is all-in
Vinicius MPG: folds 
Jurez1999: calls 460 and is all-in
*** FLOP *** [8d Qd 6c]
*** TURN *** [8d Qd 6c] [Ad]
*** RIVER *** [8d Qd 6c Ad] [Qh]
*** SHOW DOWN ***
Mahu2021: shows [Ts Ah] (two pair, Aces and Queens)
Jurez1999: shows [9s Js] (a pair of Queens)
Mahu2021 collected 1020 from pot
Jurez1999 finished the tournament in 3rd place
*** SUMMARY ***
Total pot 1020 | Rake 0 
Board [8d Qd 6c Ad Qh]
Seat 1: Jurez1999 (button) showed [9s Js] and lost with a pair of Queens
Seat 2: Mahu2021 (small blind) showed [Ts Ah] and won (1020) with two pair, Aces and Queens
Seat 3: Vinicius MPG (big blind) folded before Flop



PokerStars Hand #253597811880: Tournament #3827974522, $0.46+$0.04 USD Hold'em No Limit - Level I (10/20) - 2024/11/27 19:18:50 CET [2024/11/27 13:18:50 ET]
Table '3827974522 1' 3-max Seat #3 is the button
Seat 2: Mahu2021 (1020 in chips) 
Seat 3: Vinicius MPG (480 in chips) 
Vinicius MPG: posts small blind 10
Mahu2021: posts big blind 20
*** HOLE CARDS ***
Dealt to Mahu2021 [Kc Qc]
Vinicius MPG: raises 460 to 480 and is all-in
Mahu2021: calls 460
*** FLOP *** [Tc 5h 3h]
*** TURN *** [Tc 5h 3h] [8c]
*** RIVER *** [Tc 5h 3h 8c] [3c]
*** SHOW DOWN ***
Mahu2021: shows [Kc Qc] (a flush, King high)
Vinicius MPG: shows [Td 4d] (two pair, Tens and Threes)
Mahu2021 collected 960 from pot
Vinicius MPG finished the tournament in 2nd place
Mahu2021 wins the tournament - congratulations!
Mahu2021 wins a '$1.50 Power Path Step 2 Ticket' ticket
*** SUMMARY ***
Total pot 960 | Rake 0 
Board [Tc 5h 3h 8c 3c]
Seat 2: Mahu2021 (big blind) showed [Kc Qc] and won (960) with a flush, King high
Seat 3: Vinicius MPG (button) (small blind) showed [Td 4d] and lost with two pair, Tens and Threes



