PokerStars Hand #247694138194: Tournament #3687288098, $1.84+$0.16 USD Hold'em No Limit - Level I (10/20) - 2023/12/16 18:08:08 CET [2023/12/16 12:08:08 ET]
Table '3687288098 1' 3-max Seat #1 is the button
Seat 1: JKDS506 (500 in chips) 
Seat 2: Mahu2021 (500 in chips) 
Seat 3: PrOKatana (500 in chips) 
Mahu2021: posts small blind 10
PrOKatana: posts big blind 20
*** HOLE CARDS ***
Dealt to Mahu2021 [Tc 2s]
JKDS506: folds 
Mahu2021: folds 
Uncalled bet (10) returned to PrOKatana
PrOKatana collected 20 from pot
*** SUMMARY ***
Total pot 20 | Rake 0 
Seat 1: JKDS506 (button) folded before Flop (didn't bet)
Seat 2: Mahu2021 (small blind) folded before Flop
Seat 3: PrOKatana (big blind) collected (20)



PokerStars Hand #247694139719: Tournament #3687288098, $1.84+$0.16 USD Hold'em No Limit - Level I (10/20) - 2023/12/16 18:08:13 CET [2023/12/16 12:08:13 ET]
Table '3687288098 1' 3-max Seat #2 is the button
Seat 1: JKDS506 (500 in chips) 
Seat 2: Mahu2021 (490 in chips) 
Seat 3: PrOKatana (510 in chips) 
PrOKatana: posts small blind 10
JKDS506: posts big blind 20
*** HOLE CARDS ***
Dealt to Mahu2021 [Td Ac]
Mahu2021: calls 20
PrOKatana: calls 10
JKDS506: raises 60 to 80
Mahu2021: calls 60
PrOKatana: calls 60
*** FLOP *** [5s 4h Qd]
PrOKatana: checks 
JKDS506: checks 
Mahu2021: checks 
*** TURN *** [5s 4h Qd] [4d]
PrOKatana: checks 
JKDS506: checks 
Mahu2021: checks 
*** RIVER *** [5s 4h Qd 4d] [5h]
PrOKatana: checks 
JKDS506: checks 
Mahu2021: checks 
*** SHOW DOWN ***
PrOKatana: shows [Tc Jd] (two pair, Fives and Fours)
JKDS506: shows [7h Jh] (two pair, Fives and Fours)
Mahu2021: shows [Td Ac] (two pair, Fives and Fours - Ace kicker)
Mahu2021 collected 240 from pot
*** SUMMARY ***
Total pot 240 | Rake 0 
Board [5s 4h Qd 4d 5h]
Seat 1: JKDS506 (big blind) showed [7h Jh] and lost with two pair, Fives and Fours
Seat 2: Mahu2021 (button) showed [Td Ac] and won (240) with two pair, Fives and Fours
Seat 3: PrOKatana (small blind) showed [Tc Jd] and lost with two pair, Fives and Fours



PokerStars Hand #247694148231: Tournament #3687288098, $1.84+$0.16 USD Hold'em No Limit - Level I (10/20) - 2023/12/16 18:08:43 CET [2023/12/16 12:08:43 ET]
Table '3687288098 1' 3-max Seat #3 is the button
Seat 1: JKDS506 (420 in chips) 
Seat 2: Mahu2021 (650 in chips) 
Seat 3: PrOKatana (430 in chips) 
JKDS506: posts small blind 10
Mahu2021: posts big blind 20
*** HOLE CARDS ***
Dealt to Mahu2021 [7c Kh]
PrOKatana: folds 
JKDS506: raises 400 to 420 and is all-in
Mahu2021: folds 
Uncalled bet (400) returned to JKDS506
JKDS506 collected 40 from pot
JKDS506: doesn't show hand 
*** SUMMARY ***
Total pot 40 | Rake 0 
Seat 1: JKDS506 (small blind) collected (40)
Seat 2: Mahu2021 (big blind) folded before Flop
Seat 3: PrOKatana (button) folded before Flop (didn't bet)



PokerStars Hand #247694150551: Tournament #3687288098, $1.84+$0.16 USD Hold'em No Limit - Level I (10/20) - 2023/12/16 18:08:52 CET [2023/12/16 12:08:52 ET]
Table '3687288098 1' 3-max Seat #1 is the button
Seat 1: JKDS506 (440 in chips) 
Seat 2: Mahu2021 (630 in chips) 
Seat 3: PrOKatana (430 in chips) 
Mahu2021: posts small blind 10
PrOKatana: posts big blind 20
*** HOLE CARDS ***
Dealt to Mahu2021 [3c 9d]
JKDS506: folds 
Mahu2021: folds 
Uncalled bet (10) returned to PrOKatana
PrOKatana collected 20 from pot
*** SUMMARY ***
Total pot 20 | Rake 0 
Seat 1: JKDS506 (button) folded before Flop (didn't bet)
Seat 2: Mahu2021 (small blind) folded before Flop
Seat 3: PrOKatana (big blind) collected (20)



PokerStars Hand #247694152331: Tournament #3687288098, $1.84+$0.16 USD Hold'em No Limit - Level I (10/20) - 2023/12/16 18:08:58 CET [2023/12/16 12:08:58 ET]
Table '3687288098 1' 3-max Seat #2 is the button
Seat 1: JKDS506 (440 in chips) 
Seat 2: Mahu2021 (620 in chips) 
Seat 3: PrOKatana (440 in chips) 
PrOKatana: posts small blind 10
JKDS506: posts big blind 20
*** HOLE CARDS ***
Dealt to Mahu2021 [As 6s]
Mahu2021: raises 20 to 40
PrOKatana: raises 20 to 60
JKDS506: folds 
Mahu2021: calls 20
*** FLOP *** [7d Qc 5h]
PrOKatana: bets 110
Mahu2021: folds 
Uncalled bet (110) returned to PrOKatana
PrOKatana collected 140 from pot
*** SUMMARY ***
Total pot 140 | Rake 0 
Board [7d Qc 5h]
Seat 1: JKDS506 (big blind) folded before Flop
Seat 2: Mahu2021 (button) folded on the Flop
Seat 3: PrOKatana (small blind) collected (140)



PokerStars Hand #247694156134: Tournament #3687288098, $1.84+$0.16 USD Hold'em No Limit - Level I (10/20) - 2023/12/16 18:09:11 CET [2023/12/16 12:09:11 ET]
Table '3687288098 1' 3-max Seat #3 is the button
Seat 1: JKDS506 (420 in chips) 
Seat 2: Mahu2021 (560 in chips) 
Seat 3: PrOKatana (520 in chips) 
JKDS506: posts small blind 10
Mahu2021: posts big blind 20
*** HOLE CARDS ***
Dealt to Mahu2021 [Ad Jh]
PrOKatana: folds 
JKDS506: raises 60 to 80
Mahu2021: calls 60
*** FLOP *** [Kh 6c Kd]
JKDS506: bets 340 and is all-in
Mahu2021: folds 
Uncalled bet (340) returned to JKDS506
JKDS506 collected 160 from pot
JKDS506: doesn't show hand 
*** SUMMARY ***
Total pot 160 | Rake 0 
Board [Kh 6c Kd]
Seat 1: JKDS506 (small blind) collected (160)
Seat 2: Mahu2021 (big blind) folded on the Flop
Seat 3: PrOKatana (button) folded before Flop (didn't bet)



PokerStars Hand #247694159951: Tournament #3687288098, $1.84+$0.16 USD Hold'em No Limit - Level I (10/20) - 2023/12/16 18:09:25 CET [2023/12/16 12:09:25 ET]
Table '3687288098 1' 3-max Seat #1 is the button
Seat 1: JKDS506 (500 in chips) 
Seat 2: Mahu2021 (480 in chips) 
Seat 3: PrOKatana (520 in chips) 
Mahu2021: posts small blind 10
PrOKatana: posts big blind 20
*** HOLE CARDS ***
Dealt to Mahu2021 [Kh 8c]
JKDS506: raises 40 to 60
Mahu2021: folds 
PrOKatana: folds 
Uncalled bet (40) returned to JKDS506
JKDS506 collected 50 from pot
JKDS506: doesn't show hand 
*** SUMMARY ***
Total pot 50 | Rake 0 
Seat 1: JKDS506 (button) collected (50)
Seat 2: Mahu2021 (small blind) folded before Flop
Seat 3: PrOKatana (big blind) folded before Flop



PokerStars Hand #247694162454: Tournament #3687288098, $1.84+$0.16 USD Hold'em No Limit - Level I (10/20) - 2023/12/16 18:09:34 CET [2023/12/16 12:09:34 ET]
Table '3687288098 1' 3-max Seat #2 is the button
Seat 1: JKDS506 (530 in chips) 
Seat 2: Mahu2021 (470 in chips) 
Seat 3: PrOKatana (500 in chips) 
PrOKatana: posts small blind 10
JKDS506: posts big blind 20
*** HOLE CARDS ***
Dealt to Mahu2021 [Ad Jh]
Mahu2021: raises 20 to 40
PrOKatana: raises 460 to 500 and is all-in
JKDS506: folds 
Mahu2021: calls 430 and is all-in
Uncalled bet (30) returned to PrOKatana
*** FLOP *** [3s 4h 9d]
*** TURN *** [3s 4h 9d] [9h]
*** RIVER *** [3s 4h 9d 9h] [Qs]
*** SHOW DOWN ***
PrOKatana: shows [6h 6s] (two pair, Nines and Sixes)
Mahu2021: shows [Ad Jh] (a pair of Nines)
PrOKatana collected 960 from pot
Mahu2021 finished the tournament in 3rd place
*** SUMMARY ***
Total pot 960 | Rake 0 
Board [3s 4h 9d 9h Qs]
Seat 1: JKDS506 (big blind) folded before Flop
Seat 2: Mahu2021 (button) showed [Ad Jh] and lost with a pair of Nines
Seat 3: PrOKatana (small blind) showed [6h 6s] and won (960) with two pair, Nines and Sixes



