PokerStars Hand #249290586891: Tournament #3725765564, $1.84+$0.16 USD Hold'em No Limit - Level I (10/20) - 2024/03/07 19:48:53 CET [2024/03/07 13:48:53 ET]
Table '3725765564 1' 3-max Seat #1 is the button
Seat 1: 0lifea (500 in chips) 
Seat 2: fschlager (500 in chips) 
Seat 3: Mahu2021 (500 in chips) 
fschlager: posts small blind 10
Mahu2021: posts big blind 20
*** HOLE CARDS ***
Dealt to Mahu2021 [Ts 7c]
0lifea: folds 
fschlager: raises 40 to 60
Mahu2021: folds 
Uncalled bet (40) returned to fschlager
fschlager collected 40 from pot
*** SUMMARY ***
Total pot 40 | Rake 0 
Seat 1: 0lifea (button) folded before Flop (didn't bet)
Seat 2: fschlager (small blind) collected (40)
Seat 3: Mahu2021 (big blind) folded before Flop



PokerStars Hand #249290589302: Tournament #3725765564, $1.84+$0.16 USD Hold'em No Limit - Level I (10/20) - 2024/03/07 19:49:01 CET [2024/03/07 13:49:01 ET]
Table '3725765564 1' 3-max Seat #2 is the button
Seat 1: 0lifea (500 in chips) 
Seat 2: fschlager (520 in chips) 
Seat 3: Mahu2021 (480 in chips) 
Mahu2021: posts small blind 10
0lifea: posts big blind 20
*** HOLE CARDS ***
Dealt to Mahu2021 [5s 6h]
fschlager: raises 20 to 40
Mahu2021: folds 
0lifea: calls 20
*** FLOP *** [6c 5h 8c]
0lifea: checks 
fschlager: checks 
*** TURN *** [6c 5h 8c] [Qs]
0lifea: checks 
fschlager: bets 20
0lifea: calls 20
*** RIVER *** [6c 5h 8c Qs] [8h]
0lifea: checks 
fschlager: bets 140
0lifea: folds 
Uncalled bet (140) returned to fschlager
fschlager collected 130 from pot
*** SUMMARY ***
Total pot 130 | Rake 0 
Board [6c 5h 8c Qs 8h]
Seat 1: 0lifea (big blind) folded on the River
Seat 2: fschlager (button) collected (130)
Seat 3: Mahu2021 (small blind) folded before Flop



PokerStars Hand #249290603853: Tournament #3725765564, $1.84+$0.16 USD Hold'em No Limit - Level I (10/20) - 2024/03/07 19:49:51 CET [2024/03/07 13:49:51 ET]
Table '3725765564 1' 3-max Seat #3 is the button
Seat 1: 0lifea (440 in chips) 
Seat 2: fschlager (590 in chips) 
Seat 3: Mahu2021 (470 in chips) 
0lifea: posts small blind 10
fschlager: posts big blind 20
*** HOLE CARDS ***
Dealt to Mahu2021 [8s Jd]
Mahu2021: calls 20
0lifea: raises 40 to 60
fschlager: folds 
Mahu2021: calls 40
*** FLOP *** [7h 7s 8c]
0lifea: bets 20
Mahu2021: raises 390 to 410 and is all-in
0lifea: calls 360 and is all-in
Uncalled bet (30) returned to Mahu2021
*** TURN *** [7h 7s 8c] [Kd]
*** RIVER *** [7h 7s 8c Kd] [3d]
*** SHOW DOWN ***
0lifea: shows [Qc Qs] (two pair, Queens and Sevens)
Mahu2021: shows [8s Jd] (two pair, Eights and Sevens)
0lifea collected 900 from pot
*** SUMMARY ***
Total pot 900 | Rake 0 
Board [7h 7s 8c Kd 3d]
Seat 1: 0lifea (small blind) showed [Qc Qs] and won (900) with two pair, Queens and Sevens
Seat 2: fschlager (big blind) folded before Flop
Seat 3: Mahu2021 (button) showed [8s Jd] and lost with two pair, Eights and Sevens



PokerStars Hand #249290612065: Tournament #3725765564, $1.84+$0.16 USD Hold'em No Limit - Level I (10/20) - 2024/03/07 19:50:19 CET [2024/03/07 13:50:19 ET]
Table '3725765564 1' 3-max Seat #1 is the button
Seat 1: 0lifea (900 in chips) 
Seat 2: fschlager (570 in chips) 
Seat 3: Mahu2021 (30 in chips) 
fschlager: posts small blind 10
Mahu2021: posts big blind 20
*** HOLE CARDS ***
Dealt to Mahu2021 [Kh 9s]
0lifea has timed out
0lifea: folds 
0lifea is sitting out
0lifea has returned
fschlager: calls 10
Mahu2021: raises 10 to 30 and is all-in
fschlager: calls 10
*** FLOP *** [4d Td Kc]
*** TURN *** [4d Td Kc] [Js]
*** RIVER *** [4d Td Kc Js] [2h]
*** SHOW DOWN ***
fschlager: shows [Ts 3s] (a pair of Tens)
Mahu2021: shows [Kh 9s] (a pair of Kings)
Mahu2021 collected 60 from pot
*** SUMMARY ***
Total pot 60 | Rake 0 
Board [4d Td Kc Js 2h]
Seat 1: 0lifea (button) folded before Flop (didn't bet)
Seat 2: fschlager (small blind) showed [Ts 3s] and lost with a pair of Tens
Seat 3: Mahu2021 (big blind) showed [Kh 9s] and won (60) with a pair of Kings



PokerStars Hand #249290620171: Tournament #3725765564, $1.84+$0.16 USD Hold'em No Limit - Level I (10/20) - 2024/03/07 19:50:46 CET [2024/03/07 13:50:46 ET]
Table '3725765564 1' 3-max Seat #2 is the button
Seat 1: 0lifea (900 in chips) 
Seat 2: fschlager (540 in chips) 
Seat 3: Mahu2021 (60 in chips) 
Mahu2021: posts small blind 10
0lifea: posts big blind 20
*** HOLE CARDS ***
Dealt to Mahu2021 [6d As]
fschlager: raises 20 to 40
Mahu2021: raises 20 to 60 and is all-in
0lifea: folds 
fschlager: calls 20
*** FLOP *** [8s Ac Qc]
*** TURN *** [8s Ac Qc] [2d]
*** RIVER *** [8s Ac Qc 2d] [Jh]
*** SHOW DOWN ***
Mahu2021: shows [6d As] (a pair of Aces)
fschlager: shows [Tc 7s] (high card Ace)
Mahu2021 collected 140 from pot
*** SUMMARY ***
Total pot 140 | Rake 0 
Board [8s Ac Qc 2d Jh]
Seat 1: 0lifea (big blind) folded before Flop
Seat 2: fschlager (button) showed [Tc 7s] and lost with high card Ace
Seat 3: Mahu2021 (small blind) showed [6d As] and won (140) with a pair of Aces



PokerStars Hand #249290625988: Tournament #3725765564, $1.84+$0.16 USD Hold'em No Limit - Level II (15/30) - 2024/03/07 19:51:06 CET [2024/03/07 13:51:06 ET]
Table '3725765564 1' 3-max Seat #3 is the button
Seat 1: 0lifea (880 in chips) 
Seat 2: fschlager (480 in chips) 
Seat 3: Mahu2021 (140 in chips) 
0lifea: posts small blind 15
fschlager: posts big blind 30
*** HOLE CARDS ***
Dealt to Mahu2021 [Ad 6s]
Mahu2021: raises 110 to 140 and is all-in
0lifea: folds 
fschlager: calls 110
*** FLOP *** [Ts 8c 3c]
*** TURN *** [Ts 8c 3c] [3h]
*** RIVER *** [Ts 8c 3c 3h] [Ac]
*** SHOW DOWN ***
fschlager: shows [Qc 7c] (a flush, Ace high)
Mahu2021: shows [Ad 6s] (two pair, Aces and Threes)
fschlager collected 295 from pot
Mahu2021 finished the tournament in 3rd place
*** SUMMARY ***
Total pot 295 | Rake 0 
Board [Ts 8c 3c 3h Ac]
Seat 1: 0lifea (small blind) folded before Flop
Seat 2: fschlager (big blind) showed [Qc 7c] and won (295) with a flush, Ace high
Seat 3: Mahu2021 (button) showed [Ad 6s] and lost with two pair, Aces and Threes



