PokerStars Hand #254842985766: Tournament #3858408487, $0.96+$0.04 USD Hold'em No Limit - Match Round I, Level I (25/50) - 2025/02/13 9:13:11 CET [2025/02/13 3:13:11 ET]
Table '3858408487 4' 4-max Seat #1 is the button
Seat 1: eftixischania (500 in chips) 
Seat 2: Mahu2021 (500 in chips) 
Seat 3: May 15th (500 in chips) 
Seat 4: gopropokst. (500 in chips) 
eftixischania: posts the ante 10
Mahu2021: posts the ante 10
May 15th: posts the ante 10
gopropokst.: posts the ante 10
Mahu2021: posts small blind 25
May 15th: posts big blind 50
*** HOLE CARDS ***
Dealt to Mahu2021 [Th Td]
gopropokst.: calls 50
eftixischania: raises 50 to 100
Mahu2021: raises 390 to 490 and is all-in
May 15th: folds 
gopropokst.: calls 440 and is all-in
eftixischania: calls 390 and is all-in
*** FLOP *** [Qc 8s Ad]
*** TURN *** [Qc 8s Ad] [4s]
*** RIVER *** [Qc 8s Ad 4s] [2h]
*** SHOW DOWN ***
Mahu2021: shows [Th Td] (a pair of Tens)
gopropokst.: shows [7c 3s] (high card Ace)
eftixischania: shows [Kc Ks] (a pair of Kings)
eftixischania collected 1560 from pot
Mahu2021 finished the tournament in 14th place
gopropokst. finished the tournament in 14th place
*** SUMMARY ***
Total pot 1560 | Rake 0 
Board [Qc 8s Ad 4s 2h]
Seat 1: eftixischania (button) showed [Kc Ks] and won (1560) with a pair of Kings
Seat 2: Mahu2021 (small blind) showed [Th Td] and lost with a pair of Tens
Seat 3: May 15th (big blind) folded before Flop
Seat 4: gopropokst. showed [7c 3s] and lost with high card Ace



