PokerStars Hand #252857580974: Tournament #3810316523, $1.84+$0.16 USD Hold'em No Limit - Level I (10/20) - 2024/10/10 14:56:10 CET [2024/10/10 8:56:10 ET]
Table '3810316523 1' 3-max Seat #1 is the button
Seat 1: tzak10 (500 in chips) 
Seat 2: Mahu2021 (500 in chips) 
Seat 3: boltik-demon (500 in chips) 
Mahu2021: posts small blind 10
boltik-demon: posts big blind 20
*** HOLE CARDS ***
Dealt to Mahu2021 [Ks 8s]
tzak10: calls 20
Mahu2021: calls 10
boltik-demon: raises 480 to 500 and is all-in
tzak10: folds 
Mahu2021: folds 
Uncalled bet (480) returned to boltik-demon
boltik-demon collected 60 from pot
*** SUMMARY ***
Total pot 60 | Rake 0 
Seat 1: tzak10 (button) folded before Flop
Seat 2: Mahu2021 (small blind) folded before Flop
Seat 3: boltik-demon (big blind) collected (60)



PokerStars Hand #252857582646: Tournament #3810316523, $1.84+$0.16 USD Hold'em No Limit - Level I (10/20) - 2024/10/10 14:56:23 CET [2024/10/10 8:56:23 ET]
Table '3810316523 1' 3-max Seat #2 is the button
Seat 1: tzak10 (480 in chips) 
Seat 2: Mahu2021 (480 in chips) 
Seat 3: boltik-demon (540 in chips) 
boltik-demon: posts small blind 10
tzak10: posts big blind 20
*** HOLE CARDS ***
Dealt to Mahu2021 [9c 8h]
Mahu2021: folds 
boltik-demon: calls 10
tzak10: checks 
*** FLOP *** [9d 4c Js]
boltik-demon: checks 
tzak10: bets 20
boltik-demon: folds 
Uncalled bet (20) returned to tzak10
tzak10 collected 40 from pot
tzak10: doesn't show hand 
*** SUMMARY ***
Total pot 40 | Rake 0 
Board [9d 4c Js]
Seat 1: tzak10 (big blind) collected (40)
Seat 2: Mahu2021 (button) folded before Flop (didn't bet)
Seat 3: boltik-demon (small blind) folded on the Flop



PokerStars Hand #252857585277: Tournament #3810316523, $1.84+$0.16 USD Hold'em No Limit - Level I (10/20) - 2024/10/10 14:56:43 CET [2024/10/10 8:56:43 ET]
Table '3810316523 1' 3-max Seat #3 is the button
Seat 1: tzak10 (500 in chips) 
Seat 2: Mahu2021 (480 in chips) 
Seat 3: boltik-demon (520 in chips) 
tzak10: posts small blind 10
Mahu2021: posts big blind 20
*** HOLE CARDS ***
Dealt to Mahu2021 [Jh 7c]
boltik-demon: folds 
tzak10: calls 10
Mahu2021: checks 
*** FLOP *** [5h 8d 5s]
tzak10: bets 20
Mahu2021: folds 
Uncalled bet (20) returned to tzak10
tzak10 collected 40 from pot
tzak10: doesn't show hand 
*** SUMMARY ***
Total pot 40 | Rake 0 
Board [5h 8d 5s]
Seat 1: tzak10 (small blind) collected (40)
Seat 2: Mahu2021 (big blind) folded on the Flop
Seat 3: boltik-demon (button) folded before Flop (didn't bet)



PokerStars Hand #252857586619: Tournament #3810316523, $1.84+$0.16 USD Hold'em No Limit - Level I (10/20) - 2024/10/10 14:56:53 CET [2024/10/10 8:56:53 ET]
Table '3810316523 1' 3-max Seat #1 is the button
Seat 1: tzak10 (520 in chips) 
Seat 2: Mahu2021 (460 in chips) 
Seat 3: boltik-demon (520 in chips) 
Mahu2021: posts small blind 10
boltik-demon: posts big blind 20
*** HOLE CARDS ***
Dealt to Mahu2021 [5d 4h]
tzak10: folds 
Mahu2021: folds 
Uncalled bet (10) returned to boltik-demon
boltik-demon collected 20 from pot
*** SUMMARY ***
Total pot 20 | Rake 0 
Seat 1: tzak10 (button) folded before Flop (didn't bet)
Seat 2: Mahu2021 (small blind) folded before Flop
Seat 3: boltik-demon (big blind) collected (20)



PokerStars Hand #252857587332: Tournament #3810316523, $1.84+$0.16 USD Hold'em No Limit - Level I (10/20) - 2024/10/10 14:56:58 CET [2024/10/10 8:56:58 ET]
Table '3810316523 1' 3-max Seat #2 is the button
Seat 1: tzak10 (520 in chips) 
Seat 2: Mahu2021 (450 in chips) 
Seat 3: boltik-demon (530 in chips) 
boltik-demon: posts small blind 10
tzak10: posts big blind 20
*** HOLE CARDS ***
Dealt to Mahu2021 [Th 5d]
Mahu2021: folds 
boltik-demon: raises 60 to 80
tzak10: folds 
Uncalled bet (60) returned to boltik-demon
boltik-demon collected 40 from pot
*** SUMMARY ***
Total pot 40 | Rake 0 
Seat 1: tzak10 (big blind) folded before Flop
Seat 2: Mahu2021 (button) folded before Flop (didn't bet)
Seat 3: boltik-demon (small blind) collected (40)



PokerStars Hand #252857588576: Tournament #3810316523, $1.84+$0.16 USD Hold'em No Limit - Level I (10/20) - 2024/10/10 14:57:07 CET [2024/10/10 8:57:07 ET]
Table '3810316523 1' 3-max Seat #3 is the button
Seat 1: tzak10 (500 in chips) 
Seat 2: Mahu2021 (450 in chips) 
Seat 3: boltik-demon (550 in chips) 
tzak10: posts small blind 10
Mahu2021: posts big blind 20
*** HOLE CARDS ***
Dealt to Mahu2021 [8s 8d]
boltik-demon: calls 20
tzak10: folds 
Mahu2021: raises 60 to 80
boltik-demon: folds 
Uncalled bet (60) returned to Mahu2021
Mahu2021 collected 50 from pot
Mahu2021: doesn't show hand 
*** SUMMARY ***
Total pot 50 | Rake 0 
Seat 1: tzak10 (small blind) folded before Flop
Seat 2: Mahu2021 (big blind) collected (50)
Seat 3: boltik-demon (button) folded before Flop



PokerStars Hand #252857590410: Tournament #3810316523, $1.84+$0.16 USD Hold'em No Limit - Level I (10/20) - 2024/10/10 14:57:21 CET [2024/10/10 8:57:21 ET]
Table '3810316523 1' 3-max Seat #1 is the button
Seat 1: tzak10 (490 in chips) 
Seat 2: Mahu2021 (480 in chips) 
Seat 3: boltik-demon (530 in chips) 
Mahu2021: posts small blind 10
boltik-demon: posts big blind 20
*** HOLE CARDS ***
Dealt to Mahu2021 [Qh Kc]
tzak10: calls 20
Mahu2021: calls 10
boltik-demon: checks 
*** FLOP *** [6s 8c 8h]
Mahu2021: checks 
boltik-demon: bets 20
tzak10: folds 
Mahu2021: calls 20
*** TURN *** [6s 8c 8h] [9d]
Mahu2021: checks 
boltik-demon: checks 
*** RIVER *** [6s 8c 8h 9d] [3h]
Mahu2021: checks 
boltik-demon: bets 60
Mahu2021: folds 
Uncalled bet (60) returned to boltik-demon
boltik-demon collected 100 from pot
*** SUMMARY ***
Total pot 100 | Rake 0 
Board [6s 8c 8h 9d 3h]
Seat 1: tzak10 (button) folded on the Flop
Seat 2: Mahu2021 (small blind) folded on the River
Seat 3: boltik-demon (big blind) collected (100)



PokerStars Hand #252857593391: Tournament #3810316523, $1.84+$0.16 USD Hold'em No Limit - Level I (10/20) - 2024/10/10 14:57:43 CET [2024/10/10 8:57:43 ET]
Table '3810316523 1' 3-max Seat #2 is the button
Seat 1: tzak10 (470 in chips) 
Seat 2: Mahu2021 (440 in chips) 
Seat 3: boltik-demon (590 in chips) 
boltik-demon: posts small blind 10
tzak10: posts big blind 20
*** HOLE CARDS ***
Dealt to Mahu2021 [4c 6h]
Mahu2021: folds 
boltik-demon: calls 10
tzak10: checks 
*** FLOP *** [Qh 4s 9h]
boltik-demon: bets 20
tzak10: calls 20
*** TURN *** [Qh 4s 9h] [8h]
boltik-demon: bets 20
tzak10: calls 20
*** RIVER *** [Qh 4s 9h 8h] [3c]
boltik-demon: bets 20
tzak10: calls 20
*** SHOW DOWN ***
boltik-demon: shows [9s Jd] (a pair of Nines)
tzak10: mucks hand 
boltik-demon collected 160 from pot
*** SUMMARY ***
Total pot 160 | Rake 0 
Board [Qh 4s 9h 8h 3c]
Seat 1: tzak10 (big blind) mucked [Td 8c]
Seat 2: Mahu2021 (button) folded before Flop (didn't bet)
Seat 3: boltik-demon (small blind) showed [9s Jd] and won (160) with a pair of Nines



PokerStars Hand #252857596308: Tournament #3810316523, $1.84+$0.16 USD Hold'em No Limit - Level I (10/20) - 2024/10/10 14:58:05 CET [2024/10/10 8:58:05 ET]
Table '3810316523 1' 3-max Seat #3 is the button
Seat 1: tzak10 (390 in chips) 
Seat 2: Mahu2021 (440 in chips) 
Seat 3: boltik-demon (670 in chips) 
tzak10: posts small blind 10
Mahu2021: posts big blind 20
*** HOLE CARDS ***
Dealt to Mahu2021 [5c 9s]
boltik-demon: folds 
tzak10: raises 370 to 390 and is all-in
Mahu2021: folds 
Uncalled bet (370) returned to tzak10
tzak10 collected 40 from pot
tzak10: doesn't show hand 
*** SUMMARY ***
Total pot 40 | Rake 0 
Seat 1: tzak10 (small blind) collected (40)
Seat 2: Mahu2021 (big blind) folded before Flop
Seat 3: boltik-demon (button) folded before Flop (didn't bet)



PokerStars Hand #252857597369: Tournament #3810316523, $1.84+$0.16 USD Hold'em No Limit - Level I (10/20) - 2024/10/10 14:58:12 CET [2024/10/10 8:58:12 ET]
Table '3810316523 1' 3-max Seat #1 is the button
Seat 1: tzak10 (410 in chips) 
Seat 2: Mahu2021 (420 in chips) 
Seat 3: boltik-demon (670 in chips) 
Mahu2021: posts small blind 10
boltik-demon: posts big blind 20
*** HOLE CARDS ***
Dealt to Mahu2021 [5h 8s]
tzak10: calls 20
Mahu2021: folds 
boltik-demon: checks 
*** FLOP *** [9c 5d 6s]
boltik-demon: checks 
tzak10: checks 
*** TURN *** [9c 5d 6s] [5s]
boltik-demon: checks 
tzak10: checks 
*** RIVER *** [9c 5d 6s 5s] [6h]
boltik-demon: checks 
tzak10: checks 
*** SHOW DOWN ***
boltik-demon: shows [2d 3h] (two pair, Sixes and Fives)
tzak10: shows [7c Ac] (two pair, Sixes and Fives - Ace kicker)
tzak10 collected 50 from pot
*** SUMMARY ***
Total pot 50 | Rake 0 
Board [9c 5d 6s 5s 6h]
Seat 1: tzak10 (button) showed [7c Ac] and won (50) with two pair, Sixes and Fives
Seat 2: Mahu2021 (small blind) folded before Flop
Seat 3: boltik-demon (big blind) showed [2d 3h] and lost with two pair, Sixes and Fives



PokerStars Hand #252857600271: Tournament #3810316523, $1.84+$0.16 USD Hold'em No Limit - Level I (10/20) - 2024/10/10 14:58:34 CET [2024/10/10 8:58:34 ET]
Table '3810316523 1' 3-max Seat #2 is the button
Seat 1: tzak10 (440 in chips) 
Seat 2: Mahu2021 (410 in chips) 
Seat 3: boltik-demon (650 in chips) 
boltik-demon: posts small blind 10
tzak10: posts big blind 20
*** HOLE CARDS ***
Dealt to Mahu2021 [6s 8s]
Mahu2021: calls 20
boltik-demon: folds 
tzak10: checks 
*** FLOP *** [Ac Qc Kd]
tzak10: bets 60
Mahu2021: folds 
Uncalled bet (60) returned to tzak10
tzak10 collected 50 from pot
tzak10: doesn't show hand 
*** SUMMARY ***
Total pot 50 | Rake 0 
Board [Ac Qc Kd]
Seat 1: tzak10 (big blind) collected (50)
Seat 2: Mahu2021 (button) folded on the Flop
Seat 3: boltik-demon (small blind) folded before Flop



PokerStars Hand #252857602103: Tournament #3810316523, $1.84+$0.16 USD Hold'em No Limit - Level I (10/20) - 2024/10/10 14:58:47 CET [2024/10/10 8:58:47 ET]
Table '3810316523 1' 3-max Seat #3 is the button
Seat 1: tzak10 (470 in chips) 
Seat 2: Mahu2021 (390 in chips) 
Seat 3: boltik-demon (640 in chips) 
tzak10: posts small blind 10
Mahu2021: posts big blind 20
*** HOLE CARDS ***
Dealt to Mahu2021 [Qd 8c]
boltik-demon: calls 20
tzak10: folds 
Mahu2021: checks 
*** FLOP *** [4c 6d 5s]
Mahu2021: checks 
boltik-demon: checks 
*** TURN *** [4c 6d 5s] [Ah]
Mahu2021: checks 
boltik-demon: checks 
*** RIVER *** [4c 6d 5s Ah] [3s]
Mahu2021: checks 
boltik-demon: checks 
*** SHOW DOWN ***
Mahu2021: shows [Qd 8c] (high card Ace)
boltik-demon: mucks hand 
Mahu2021 collected 50 from pot
*** SUMMARY ***
Total pot 50 | Rake 0 
Board [4c 6d 5s Ah 3s]
Seat 1: tzak10 (small blind) folded before Flop
Seat 2: Mahu2021 (big blind) showed [Qd 8c] and won (50) with high card Ace
Seat 3: boltik-demon (button) mucked [Jd Tc]



PokerStars Hand #252857604497: Tournament #3810316523, $1.84+$0.16 USD Hold'em No Limit - Level I (10/20) - 2024/10/10 14:59:05 CET [2024/10/10 8:59:05 ET]
Table '3810316523 1' 3-max Seat #1 is the button
Seat 1: tzak10 (460 in chips) 
Seat 2: Mahu2021 (420 in chips) 
Seat 3: boltik-demon (620 in chips) 
Mahu2021: posts small blind 10
boltik-demon: posts big blind 20
*** HOLE CARDS ***
Dealt to Mahu2021 [Qd As]
tzak10: folds 
Mahu2021: raises 40 to 60
boltik-demon: folds 
Uncalled bet (40) returned to Mahu2021
Mahu2021 collected 40 from pot
Mahu2021: doesn't show hand 
*** SUMMARY ***
Total pot 40 | Rake 0 
Seat 1: tzak10 (button) folded before Flop (didn't bet)
Seat 2: Mahu2021 (small blind) collected (40)
Seat 3: boltik-demon (big blind) folded before Flop



PokerStars Hand #252857605396: Tournament #3810316523, $1.84+$0.16 USD Hold'em No Limit - Level I (10/20) - 2024/10/10 14:59:11 CET [2024/10/10 8:59:11 ET]
Table '3810316523 1' 3-max Seat #2 is the button
Seat 1: tzak10 (460 in chips) 
Seat 2: Mahu2021 (440 in chips) 
Seat 3: boltik-demon (600 in chips) 
boltik-demon: posts small blind 10
tzak10: posts big blind 20
*** HOLE CARDS ***
Dealt to Mahu2021 [3s 3c]
Mahu2021: calls 20
boltik-demon: raises 100 to 120
tzak10: folds 
Mahu2021: folds 
Uncalled bet (100) returned to boltik-demon
boltik-demon collected 60 from pot
*** SUMMARY ***
Total pot 60 | Rake 0 
Seat 1: tzak10 (big blind) folded before Flop
Seat 2: Mahu2021 (button) folded before Flop
Seat 3: boltik-demon (small blind) collected (60)



PokerStars Hand #252857606640: Tournament #3810316523, $1.84+$0.16 USD Hold'em No Limit - Level I (10/20) - 2024/10/10 14:59:21 CET [2024/10/10 8:59:21 ET]
Table '3810316523 1' 3-max Seat #3 is the button
Seat 1: tzak10 (440 in chips) 
Seat 2: Mahu2021 (420 in chips) 
Seat 3: boltik-demon (640 in chips) 
tzak10: posts small blind 10
Mahu2021: posts big blind 20
*** HOLE CARDS ***
Dealt to Mahu2021 [Ts 5s]
boltik-demon: calls 20
tzak10: calls 10
Mahu2021: checks 
*** FLOP *** [3s Jd 4h]
tzak10: checks 
Mahu2021: checks 
boltik-demon: checks 
*** TURN *** [3s Jd 4h] [Qd]
tzak10: bets 40
Mahu2021: folds 
boltik-demon: calls 40
*** RIVER *** [3s Jd 4h Qd] [7h]
tzak10: checks 
boltik-demon: checks 
*** SHOW DOWN ***
tzak10: shows [2s Qs] (a pair of Queens)
boltik-demon: mucks hand 
tzak10 collected 140 from pot
*** SUMMARY ***
Total pot 140 | Rake 0 
Board [3s Jd 4h Qd 7h]
Seat 1: tzak10 (small blind) showed [2s Qs] and won (140) with a pair of Queens
Seat 2: Mahu2021 (big blind) folded on the Turn
Seat 3: boltik-demon (button) mucked [2d Ad]



PokerStars Hand #252857609817: Tournament #3810316523, $1.84+$0.16 USD Hold'em No Limit - Level I (10/20) - 2024/10/10 14:59:44 CET [2024/10/10 8:59:44 ET]
Table '3810316523 1' 3-max Seat #1 is the button
Seat 1: tzak10 (520 in chips) 
Seat 2: Mahu2021 (400 in chips) 
Seat 3: boltik-demon (580 in chips) 
Mahu2021: posts small blind 10
boltik-demon: posts big blind 20
*** HOLE CARDS ***
Dealt to Mahu2021 [8s 5c]
tzak10: folds 
Mahu2021: folds 
Uncalled bet (10) returned to boltik-demon
boltik-demon collected 20 from pot
*** SUMMARY ***
Total pot 20 | Rake 0 
Seat 1: tzak10 (button) folded before Flop (didn't bet)
Seat 2: Mahu2021 (small blind) folded before Flop
Seat 3: boltik-demon (big blind) collected (20)



PokerStars Hand #252857610422: Tournament #3810316523, $1.84+$0.16 USD Hold'em No Limit - Level I (10/20) - 2024/10/10 14:59:49 CET [2024/10/10 8:59:49 ET]
Table '3810316523 1' 3-max Seat #2 is the button
Seat 1: tzak10 (520 in chips) 
Seat 2: Mahu2021 (390 in chips) 
Seat 3: boltik-demon (590 in chips) 
boltik-demon: posts small blind 10
tzak10: posts big blind 20
*** HOLE CARDS ***
Dealt to Mahu2021 [6s 8c]
Mahu2021: folds 
boltik-demon: folds 
Uncalled bet (10) returned to tzak10
tzak10 collected 20 from pot
tzak10: doesn't show hand 
*** SUMMARY ***
Total pot 20 | Rake 0 
Seat 1: tzak10 (big blind) collected (20)
Seat 2: Mahu2021 (button) folded before Flop (didn't bet)
Seat 3: boltik-demon (small blind) folded before Flop



PokerStars Hand #252857611338: Tournament #3810316523, $1.84+$0.16 USD Hold'em No Limit - Level I (10/20) - 2024/10/10 14:59:55 CET [2024/10/10 8:59:55 ET]
Table '3810316523 1' 3-max Seat #3 is the button
Seat 1: tzak10 (530 in chips) 
Seat 2: Mahu2021 (390 in chips) 
Seat 3: boltik-demon (580 in chips) 
tzak10: posts small blind 10
Mahu2021: posts big blind 20
*** HOLE CARDS ***
Dealt to Mahu2021 [Ks Js]
boltik-demon: folds 
tzak10: folds 
Uncalled bet (10) returned to Mahu2021
Mahu2021 collected 20 from pot
Mahu2021: doesn't show hand 
*** SUMMARY ***
Total pot 20 | Rake 0 
Seat 1: tzak10 (small blind) folded before Flop
Seat 2: Mahu2021 (big blind) collected (20)
Seat 3: boltik-demon (button) folded before Flop (didn't bet)



PokerStars Hand #252857612157: Tournament #3810316523, $1.84+$0.16 USD Hold'em No Limit - Level I (10/20) - 2024/10/10 15:00:01 CET [2024/10/10 9:00:01 ET]
Table '3810316523 1' 3-max Seat #1 is the button
Seat 1: tzak10 (520 in chips) 
Seat 2: Mahu2021 (400 in chips) 
Seat 3: boltik-demon (580 in chips) 
Mahu2021: posts small blind 10
boltik-demon: posts big blind 20
*** HOLE CARDS ***
Dealt to Mahu2021 [4s 2d]
tzak10: folds 
Mahu2021: folds 
Uncalled bet (10) returned to boltik-demon
boltik-demon collected 20 from pot
*** SUMMARY ***
Total pot 20 | Rake 0 
Seat 1: tzak10 (button) folded before Flop (didn't bet)
Seat 2: Mahu2021 (small blind) folded before Flop
Seat 3: boltik-demon (big blind) collected (20)



PokerStars Hand #252857612880: Tournament #3810316523, $1.84+$0.16 USD Hold'em No Limit - Level I (10/20) - 2024/10/10 15:00:07 CET [2024/10/10 9:00:07 ET]
Table '3810316523 1' 3-max Seat #2 is the button
Seat 1: tzak10 (520 in chips) 
Seat 2: Mahu2021 (390 in chips) 
Seat 3: boltik-demon (590 in chips) 
boltik-demon: posts small blind 10
tzak10: posts big blind 20
*** HOLE CARDS ***
Dealt to Mahu2021 [9h 3d]
Mahu2021: folds 
boltik-demon: calls 10
tzak10: checks 
*** FLOP *** [4s 8c Kc]
boltik-demon: bets 20
tzak10: folds 
Uncalled bet (20) returned to boltik-demon
boltik-demon collected 40 from pot
*** SUMMARY ***
Total pot 40 | Rake 0 
Board [4s 8c Kc]
Seat 1: tzak10 (big blind) folded on the Flop
Seat 2: Mahu2021 (button) folded before Flop (didn't bet)
Seat 3: boltik-demon (small blind) collected (40)



PokerStars Hand #252857615275: Tournament #3810316523, $1.84+$0.16 USD Hold'em No Limit - Level II (15/30) - 2024/10/10 15:00:24 CET [2024/10/10 9:00:24 ET]
Table '3810316523 1' 3-max Seat #3 is the button
Seat 1: tzak10 (500 in chips) 
Seat 2: Mahu2021 (390 in chips) 
Seat 3: boltik-demon (610 in chips) 
tzak10: posts small blind 15
Mahu2021: posts big blind 30
*** HOLE CARDS ***
Dealt to Mahu2021 [Js Ad]
boltik-demon: folds 
tzak10: folds 
Uncalled bet (15) returned to Mahu2021
Mahu2021 collected 30 from pot
Mahu2021: doesn't show hand 
*** SUMMARY ***
Total pot 30 | Rake 0 
Seat 1: tzak10 (small blind) folded before Flop
Seat 2: Mahu2021 (big blind) collected (30)
Seat 3: boltik-demon (button) folded before Flop (didn't bet)



PokerStars Hand #252857616084: Tournament #3810316523, $1.84+$0.16 USD Hold'em No Limit - Level II (15/30) - 2024/10/10 15:00:30 CET [2024/10/10 9:00:30 ET]
Table '3810316523 1' 3-max Seat #1 is the button
Seat 1: tzak10 (485 in chips) 
Seat 2: Mahu2021 (405 in chips) 
Seat 3: boltik-demon (610 in chips) 
Mahu2021: posts small blind 15
boltik-demon: posts big blind 30
*** HOLE CARDS ***
Dealt to Mahu2021 [Qd Js]
tzak10: calls 30
Mahu2021: calls 15
boltik-demon: checks 
*** FLOP *** [8s 3h 8c]
Mahu2021: checks 
boltik-demon: checks 
tzak10: bets 30
Mahu2021: folds 
boltik-demon: folds 
Uncalled bet (30) returned to tzak10
tzak10 collected 90 from pot
tzak10: doesn't show hand 
*** SUMMARY ***
Total pot 90 | Rake 0 
Board [8s 3h 8c]
Seat 1: tzak10 (button) collected (90)
Seat 2: Mahu2021 (small blind) folded on the Flop
Seat 3: boltik-demon (big blind) folded on the Flop



PokerStars Hand #252857618200: Tournament #3810316523, $1.84+$0.16 USD Hold'em No Limit - Level II (15/30) - 2024/10/10 15:00:45 CET [2024/10/10 9:00:45 ET]
Table '3810316523 1' 3-max Seat #2 is the button
Seat 1: tzak10 (545 in chips) 
Seat 2: Mahu2021 (375 in chips) 
Seat 3: boltik-demon (580 in chips) 
boltik-demon: posts small blind 15
tzak10: posts big blind 30
*** HOLE CARDS ***
Dealt to Mahu2021 [As 7c]
Mahu2021: calls 30
boltik-demon: raises 90 to 120
tzak10: folds 
Mahu2021: folds 
Uncalled bet (90) returned to boltik-demon
boltik-demon collected 90 from pot
*** SUMMARY ***
Total pot 90 | Rake 0 
Seat 1: tzak10 (big blind) folded before Flop
Seat 2: Mahu2021 (button) folded before Flop
Seat 3: boltik-demon (small blind) collected (90)



PokerStars Hand #252857619478: Tournament #3810316523, $1.84+$0.16 USD Hold'em No Limit - Level II (15/30) - 2024/10/10 15:00:54 CET [2024/10/10 9:00:54 ET]
Table '3810316523 1' 3-max Seat #3 is the button
Seat 1: tzak10 (515 in chips) 
Seat 2: Mahu2021 (345 in chips) 
Seat 3: boltik-demon (640 in chips) 
tzak10: posts small blind 15
Mahu2021: posts big blind 30
*** HOLE CARDS ***
Dealt to Mahu2021 [6s 5h]
boltik-demon: folds 
tzak10: calls 15
Mahu2021: checks 
*** FLOP *** [8h 7s Ad]
tzak10: bets 60
Mahu2021: calls 60
*** TURN *** [8h 7s Ad] [Js]
tzak10: checks 
Mahu2021: checks 
*** RIVER *** [8h 7s Ad Js] [Kc]
tzak10: checks 
Mahu2021: checks 
*** SHOW DOWN ***
tzak10: shows [4c Ks] (a pair of Kings)
Mahu2021: mucks hand 
tzak10 collected 180 from pot
*** SUMMARY ***
Total pot 180 | Rake 0 
Board [8h 7s Ad Js Kc]
Seat 1: tzak10 (small blind) showed [4c Ks] and won (180) with a pair of Kings
Seat 2: Mahu2021 (big blind) mucked [6s 5h]
Seat 3: boltik-demon (button) folded before Flop (didn't bet)



PokerStars Hand #252857622086: Tournament #3810316523, $1.84+$0.16 USD Hold'em No Limit - Level II (15/30) - 2024/10/10 15:01:10 CET [2024/10/10 9:01:10 ET]
Table '3810316523 1' 3-max Seat #1 is the button
Seat 1: tzak10 (605 in chips) 
Seat 2: Mahu2021 (255 in chips) 
Seat 3: boltik-demon (640 in chips) 
Mahu2021: posts small blind 15
boltik-demon: posts big blind 30
*** HOLE CARDS ***
Dealt to Mahu2021 [8c 4s]
tzak10: folds 
Mahu2021: folds 
Uncalled bet (15) returned to boltik-demon
boltik-demon collected 30 from pot
*** SUMMARY ***
Total pot 30 | Rake 0 
Seat 1: tzak10 (button) folded before Flop (didn't bet)
Seat 2: Mahu2021 (small blind) folded before Flop
Seat 3: boltik-demon (big blind) collected (30)



PokerStars Hand #252857622927: Tournament #3810316523, $1.84+$0.16 USD Hold'em No Limit - Level II (15/30) - 2024/10/10 15:01:16 CET [2024/10/10 9:01:16 ET]
Table '3810316523 1' 3-max Seat #2 is the button
Seat 1: tzak10 (605 in chips) 
Seat 2: Mahu2021 (240 in chips) 
Seat 3: boltik-demon (655 in chips) 
boltik-demon: posts small blind 15
tzak10: posts big blind 30
*** HOLE CARDS ***
Dealt to Mahu2021 [2c 3h]
Mahu2021: folds 
boltik-demon: folds 
Uncalled bet (15) returned to tzak10
tzak10 collected 30 from pot
tzak10: doesn't show hand 
*** SUMMARY ***
Total pot 30 | Rake 0 
Seat 1: tzak10 (big blind) collected (30)
Seat 2: Mahu2021 (button) folded before Flop (didn't bet)
Seat 3: boltik-demon (small blind) folded before Flop



PokerStars Hand #252857623788: Tournament #3810316523, $1.84+$0.16 USD Hold'em No Limit - Level II (15/30) - 2024/10/10 15:01:21 CET [2024/10/10 9:01:21 ET]
Table '3810316523 1' 3-max Seat #3 is the button
Seat 1: tzak10 (620 in chips) 
Seat 2: Mahu2021 (240 in chips) 
Seat 3: boltik-demon (640 in chips) 
tzak10: posts small blind 15
Mahu2021: posts big blind 30
*** HOLE CARDS ***
Dealt to Mahu2021 [Js Jd]
boltik-demon: folds 
tzak10: calls 15
Mahu2021: raises 210 to 240 and is all-in
tzak10: folds 
Uncalled bet (210) returned to Mahu2021
Mahu2021 collected 60 from pot
Mahu2021: doesn't show hand 
*** SUMMARY ***
Total pot 60 | Rake 0 
Seat 1: tzak10 (small blind) folded before Flop
Seat 2: Mahu2021 (big blind) collected (60)
Seat 3: boltik-demon (button) folded before Flop (didn't bet)



PokerStars Hand #252857625247: Tournament #3810316523, $1.84+$0.16 USD Hold'em No Limit - Level II (15/30) - 2024/10/10 15:01:30 CET [2024/10/10 9:01:30 ET]
Table '3810316523 1' 3-max Seat #1 is the button
Seat 1: tzak10 (590 in chips) 
Seat 2: Mahu2021 (270 in chips) 
Seat 3: boltik-demon (640 in chips) 
Mahu2021: posts small blind 15
boltik-demon: posts big blind 30
*** HOLE CARDS ***
Dealt to Mahu2021 [Td 7s]
tzak10: folds 
Mahu2021: folds 
Uncalled bet (15) returned to boltik-demon
boltik-demon collected 30 from pot
*** SUMMARY ***
Total pot 30 | Rake 0 
Seat 1: tzak10 (button) folded before Flop (didn't bet)
Seat 2: Mahu2021 (small blind) folded before Flop
Seat 3: boltik-demon (big blind) collected (30)



PokerStars Hand #252857626130: Tournament #3810316523, $1.84+$0.16 USD Hold'em No Limit - Level II (15/30) - 2024/10/10 15:01:35 CET [2024/10/10 9:01:35 ET]
Table '3810316523 1' 3-max Seat #2 is the button
Seat 1: tzak10 (590 in chips) 
Seat 2: Mahu2021 (255 in chips) 
Seat 3: boltik-demon (655 in chips) 
boltik-demon: posts small blind 15
tzak10: posts big blind 30
*** HOLE CARDS ***
Dealt to Mahu2021 [5s Qd]
Mahu2021: folds 
boltik-demon: raises 60 to 90
tzak10: folds 
Uncalled bet (60) returned to boltik-demon
boltik-demon collected 60 from pot
*** SUMMARY ***
Total pot 60 | Rake 0 
Seat 1: tzak10 (big blind) folded before Flop
Seat 2: Mahu2021 (button) folded before Flop (didn't bet)
Seat 3: boltik-demon (small blind) collected (60)



PokerStars Hand #252857627492: Tournament #3810316523, $1.84+$0.16 USD Hold'em No Limit - Level II (15/30) - 2024/10/10 15:01:44 CET [2024/10/10 9:01:44 ET]
Table '3810316523 1' 3-max Seat #3 is the button
Seat 1: tzak10 (560 in chips) 
Seat 2: Mahu2021 (255 in chips) 
Seat 3: boltik-demon (685 in chips) 
tzak10: posts small blind 15
Mahu2021: posts big blind 30
*** HOLE CARDS ***
Dealt to Mahu2021 [Qs Tc]
boltik-demon: raises 120 to 150
tzak10: folds 
Mahu2021: folds 
Uncalled bet (120) returned to boltik-demon
boltik-demon collected 75 from pot
*** SUMMARY ***
Total pot 75 | Rake 0 
Seat 1: tzak10 (small blind) folded before Flop
Seat 2: Mahu2021 (big blind) folded before Flop
Seat 3: boltik-demon (button) collected (75)



PokerStars Hand #252857628630: Tournament #3810316523, $1.84+$0.16 USD Hold'em No Limit - Level II (15/30) - 2024/10/10 15:01:51 CET [2024/10/10 9:01:51 ET]
Table '3810316523 1' 3-max Seat #1 is the button
Seat 1: tzak10 (545 in chips) 
Seat 2: Mahu2021 (225 in chips) 
Seat 3: boltik-demon (730 in chips) 
Mahu2021: posts small blind 15
boltik-demon: posts big blind 30
*** HOLE CARDS ***
Dealt to Mahu2021 [9s 2s]
tzak10: calls 30
Mahu2021: folds 
boltik-demon: checks 
*** FLOP *** [Ac 8h Ad]
boltik-demon: checks 
tzak10: bets 30
boltik-demon: folds 
Uncalled bet (30) returned to tzak10
tzak10 collected 75 from pot
tzak10: doesn't show hand 
*** SUMMARY ***
Total pot 75 | Rake 0 
Board [Ac 8h Ad]
Seat 1: tzak10 (button) collected (75)
Seat 2: Mahu2021 (small blind) folded before Flop
Seat 3: boltik-demon (big blind) folded on the Flop



PokerStars Hand #252857630713: Tournament #3810316523, $1.84+$0.16 USD Hold'em No Limit - Level II (15/30) - 2024/10/10 15:02:03 CET [2024/10/10 9:02:03 ET]
Table '3810316523 1' 3-max Seat #2 is the button
Seat 1: tzak10 (590 in chips) 
Seat 2: Mahu2021 (210 in chips) 
Seat 3: boltik-demon (700 in chips) 
boltik-demon: posts small blind 15
tzak10: posts big blind 30
*** HOLE CARDS ***
Dealt to Mahu2021 [3d 6h]
Mahu2021: folds 
boltik-demon: folds 
Uncalled bet (15) returned to tzak10
tzak10 collected 30 from pot
tzak10: doesn't show hand 
*** SUMMARY ***
Total pot 30 | Rake 0 
Seat 1: tzak10 (big blind) collected (30)
Seat 2: Mahu2021 (button) folded before Flop (didn't bet)
Seat 3: boltik-demon (small blind) folded before Flop



PokerStars Hand #252857631924: Tournament #3810316523, $1.84+$0.16 USD Hold'em No Limit - Level II (15/30) - 2024/10/10 15:02:10 CET [2024/10/10 9:02:10 ET]
Table '3810316523 1' 3-max Seat #3 is the button
Seat 1: tzak10 (605 in chips) 
Seat 2: Mahu2021 (210 in chips) 
Seat 3: boltik-demon (685 in chips) 
tzak10: posts small blind 15
Mahu2021: posts big blind 30
*** HOLE CARDS ***
Dealt to Mahu2021 [7h Kh]
boltik-demon: folds 
tzak10: calls 15
Mahu2021: checks 
*** FLOP *** [Kd Ad 4s]
tzak10: bets 30
Mahu2021: calls 30
*** TURN *** [Kd Ad 4s] [5c]
tzak10: checks 
Mahu2021: checks 
*** RIVER *** [Kd Ad 4s 5c] [3d]
tzak10: checks 
Mahu2021: bets 30
tzak10: folds 
Uncalled bet (30) returned to Mahu2021
Mahu2021 collected 120 from pot
Mahu2021: doesn't show hand 
*** SUMMARY ***
Total pot 120 | Rake 0 
Board [Kd Ad 4s 5c 3d]
Seat 1: tzak10 (small blind) folded on the River
Seat 2: Mahu2021 (big blind) collected (120)
Seat 3: boltik-demon (button) folded before Flop (didn't bet)



PokerStars Hand #252857634874: Tournament #3810316523, $1.84+$0.16 USD Hold'em No Limit - Level II (15/30) - 2024/10/10 15:02:29 CET [2024/10/10 9:02:29 ET]
Table '3810316523 1' 3-max Seat #1 is the button
Seat 1: tzak10 (545 in chips) 
Seat 2: Mahu2021 (270 in chips) 
Seat 3: boltik-demon (685 in chips) 
Mahu2021: posts small blind 15
boltik-demon: posts big blind 30
*** HOLE CARDS ***
Dealt to Mahu2021 [6c 6h]
tzak10: calls 30
Mahu2021: calls 15
boltik-demon: checks 
*** FLOP *** [4s 5s 8h]
Mahu2021: checks 
boltik-demon: checks 
tzak10: bets 60
Mahu2021: calls 60
boltik-demon: folds 
*** TURN *** [4s 5s 8h] [Qd]
Mahu2021: checks 
tzak10: checks 
*** RIVER *** [4s 5s 8h Qd] [5d]
Mahu2021: bets 60
tzak10: calls 60
*** SHOW DOWN ***
Mahu2021: shows [6c 6h] (two pair, Sixes and Fives)
tzak10: shows [8d As] (two pair, Eights and Fives)
tzak10 collected 330 from pot
*** SUMMARY ***
Total pot 330 | Rake 0 
Board [4s 5s 8h Qd 5d]
Seat 1: tzak10 (button) showed [8d As] and won (330) with two pair, Eights and Fives
Seat 2: Mahu2021 (small blind) showed [6c 6h] and lost with two pair, Sixes and Fives
Seat 3: boltik-demon (big blind) folded on the Flop



PokerStars Hand #252857638304: Tournament #3810316523, $1.84+$0.16 USD Hold'em No Limit - Level II (15/30) - 2024/10/10 15:02:49 CET [2024/10/10 9:02:49 ET]
Table '3810316523 1' 3-max Seat #2 is the button
Seat 1: tzak10 (725 in chips) 
Seat 2: Mahu2021 (120 in chips) 
Seat 3: boltik-demon (655 in chips) 
boltik-demon: posts small blind 15
tzak10: posts big blind 30
*** HOLE CARDS ***
Dealt to Mahu2021 [5s Th]
Mahu2021: folds 
boltik-demon: calls 15
tzak10: checks 
*** FLOP *** [3s 5c 2h]
boltik-demon: checks 
tzak10: checks 
*** TURN *** [3s 5c 2h] [Ts]
boltik-demon: bets 30
tzak10: calls 30
*** RIVER *** [3s 5c 2h Ts] [3d]
boltik-demon: bets 30
tzak10: folds 
Uncalled bet (30) returned to boltik-demon
boltik-demon collected 120 from pot
*** SUMMARY ***
Total pot 120 | Rake 0 
Board [3s 5c 2h Ts 3d]
Seat 1: tzak10 (big blind) folded on the River
Seat 2: Mahu2021 (button) folded before Flop (didn't bet)
Seat 3: boltik-demon (small blind) collected (120)



PokerStars Hand #252857641252: Tournament #3810316523, $1.84+$0.16 USD Hold'em No Limit - Level II (15/30) - 2024/10/10 15:03:07 CET [2024/10/10 9:03:07 ET]
Table '3810316523 1' 3-max Seat #3 is the button
Seat 1: tzak10 (665 in chips) 
Seat 2: Mahu2021 (120 in chips) 
Seat 3: boltik-demon (715 in chips) 
tzak10: posts small blind 15
Mahu2021: posts big blind 30
*** HOLE CARDS ***
Dealt to Mahu2021 [5s Kc]
boltik-demon: folds 
tzak10: raises 30 to 60
Mahu2021: folds 
Uncalled bet (30) returned to tzak10
tzak10 collected 60 from pot
tzak10: doesn't show hand 
*** SUMMARY ***
Total pot 60 | Rake 0 
Seat 1: tzak10 (small blind) collected (60)
Seat 2: Mahu2021 (big blind) folded before Flop
Seat 3: boltik-demon (button) folded before Flop (didn't bet)



PokerStars Hand #252857642781: Tournament #3810316523, $1.84+$0.16 USD Hold'em No Limit - Level II (15/30) - 2024/10/10 15:03:16 CET [2024/10/10 9:03:16 ET]
Table '3810316523 1' 3-max Seat #1 is the button
Seat 1: tzak10 (695 in chips) 
Seat 2: Mahu2021 (90 in chips) 
Seat 3: boltik-demon (715 in chips) 
Mahu2021: posts small blind 15
boltik-demon: posts big blind 30
*** HOLE CARDS ***
Dealt to Mahu2021 [9h Jh]
tzak10: folds 
Mahu2021: raises 60 to 90 and is all-in
boltik-demon: calls 60
*** FLOP *** [6c 9d Qs]
*** TURN *** [6c 9d Qs] [4c]
*** RIVER *** [6c 9d Qs 4c] [3h]
*** SHOW DOWN ***
Mahu2021: shows [9h Jh] (a pair of Nines)
boltik-demon: shows [Js Tc] (high card Queen)
Mahu2021 collected 180 from pot
*** SUMMARY ***
Total pot 180 | Rake 0 
Board [6c 9d Qs 4c 3h]
Seat 1: tzak10 (button) folded before Flop (didn't bet)
Seat 2: Mahu2021 (small blind) showed [9h Jh] and won (180) with a pair of Nines
Seat 3: boltik-demon (big blind) showed [Js Tc] and lost with high card Queen



PokerStars Hand #252857645115: Tournament #3810316523, $1.84+$0.16 USD Hold'em No Limit - Level II (15/30) - 2024/10/10 15:03:30 CET [2024/10/10 9:03:30 ET]
Table '3810316523 1' 3-max Seat #2 is the button
Seat 1: tzak10 (695 in chips) 
Seat 2: Mahu2021 (180 in chips) 
Seat 3: boltik-demon (625 in chips) 
boltik-demon: posts small blind 15
tzak10: posts big blind 30
*** HOLE CARDS ***
Dealt to Mahu2021 [Ts 2c]
Mahu2021: folds 
boltik-demon: raises 60 to 90
tzak10: calls 60
*** FLOP *** [4s 8c 6h]
boltik-demon: checks 
tzak10: bets 90
boltik-demon: calls 90
*** TURN *** [4s 8c 6h] [6c]
boltik-demon: checks 
tzak10: bets 90
boltik-demon: calls 90
*** RIVER *** [4s 8c 6h 6c] [7d]
boltik-demon: checks 
tzak10: checks 
*** SHOW DOWN ***
boltik-demon: shows [4c Kc] (two pair, Sixes and Fours)
tzak10: shows [8d As] (two pair, Eights and Sixes)
tzak10 collected 540 from pot
*** SUMMARY ***
Total pot 540 | Rake 0 
Board [4s 8c 6h 6c 7d]
Seat 1: tzak10 (big blind) showed [8d As] and won (540) with two pair, Eights and Sixes
Seat 2: Mahu2021 (button) folded before Flop (didn't bet)
Seat 3: boltik-demon (small blind) showed [4c Kc] and lost with two pair, Sixes and Fours



PokerStars Hand #252857649092: Tournament #3810316523, $1.84+$0.16 USD Hold'em No Limit - Level II (15/30) - 2024/10/10 15:03:54 CET [2024/10/10 9:03:54 ET]
Table '3810316523 1' 3-max Seat #3 is the button
Seat 1: tzak10 (965 in chips) 
Seat 2: Mahu2021 (180 in chips) 
Seat 3: boltik-demon (355 in chips) 
tzak10: posts small blind 15
Mahu2021: posts big blind 30
*** HOLE CARDS ***
Dealt to Mahu2021 [8h Kh]
boltik-demon: raises 60 to 90
tzak10: folds 
Mahu2021: folds 
Uncalled bet (60) returned to boltik-demon
boltik-demon collected 75 from pot
*** SUMMARY ***
Total pot 75 | Rake 0 
Seat 1: tzak10 (small blind) folded before Flop
Seat 2: Mahu2021 (big blind) folded before Flop
Seat 3: boltik-demon (button) collected (75)



PokerStars Hand #252857650430: Tournament #3810316523, $1.84+$0.16 USD Hold'em No Limit - Level II (15/30) - 2024/10/10 15:04:01 CET [2024/10/10 9:04:01 ET]
Table '3810316523 1' 3-max Seat #1 is the button
Seat 1: tzak10 (950 in chips) 
Seat 2: Mahu2021 (150 in chips) 
Seat 3: boltik-demon (400 in chips) 
Mahu2021: posts small blind 15
boltik-demon: posts big blind 30
*** HOLE CARDS ***
Dealt to Mahu2021 [5h Jc]
tzak10: folds 
Mahu2021: folds 
Uncalled bet (15) returned to boltik-demon
boltik-demon collected 30 from pot
*** SUMMARY ***
Total pot 30 | Rake 0 
Seat 1: tzak10 (button) folded before Flop (didn't bet)
Seat 2: Mahu2021 (small blind) folded before Flop
Seat 3: boltik-demon (big blind) collected (30)



PokerStars Hand #252857651175: Tournament #3810316523, $1.84+$0.16 USD Hold'em No Limit - Level II (15/30) - 2024/10/10 15:04:06 CET [2024/10/10 9:04:06 ET]
Table '3810316523 1' 3-max Seat #2 is the button
Seat 1: tzak10 (950 in chips) 
Seat 2: Mahu2021 (135 in chips) 
Seat 3: boltik-demon (415 in chips) 
boltik-demon: posts small blind 15
tzak10: posts big blind 30
*** HOLE CARDS ***
Dealt to Mahu2021 [Ts Jc]
Mahu2021: folds 
boltik-demon: raises 30 to 60
tzak10: folds 
Uncalled bet (30) returned to boltik-demon
boltik-demon collected 60 from pot
*** SUMMARY ***
Total pot 60 | Rake 0 
Seat 1: tzak10 (big blind) folded before Flop
Seat 2: Mahu2021 (button) folded before Flop (didn't bet)
Seat 3: boltik-demon (small blind) collected (60)



PokerStars Hand #252857652244: Tournament #3810316523, $1.84+$0.16 USD Hold'em No Limit - Level II (15/30) - 2024/10/10 15:04:12 CET [2024/10/10 9:04:12 ET]
Table '3810316523 1' 3-max Seat #3 is the button
Seat 1: tzak10 (920 in chips) 
Seat 2: Mahu2021 (135 in chips) 
Seat 3: boltik-demon (445 in chips) 
tzak10: posts small blind 15
Mahu2021: posts big blind 30
*** HOLE CARDS ***
Dealt to Mahu2021 [Th 6h]
boltik-demon: folds 
tzak10: raises 30 to 60
Mahu2021: folds 
Uncalled bet (30) returned to tzak10
tzak10 collected 60 from pot
tzak10: doesn't show hand 
*** SUMMARY ***
Total pot 60 | Rake 0 
Seat 1: tzak10 (small blind) collected (60)
Seat 2: Mahu2021 (big blind) folded before Flop
Seat 3: boltik-demon (button) folded before Flop (didn't bet)



PokerStars Hand #252857654183: Tournament #3810316523, $1.84+$0.16 USD Hold'em No Limit - Level III (20/40) - 2024/10/10 15:04:23 CET [2024/10/10 9:04:23 ET]
Table '3810316523 1' 3-max Seat #1 is the button
Seat 1: tzak10 (950 in chips) 
Seat 2: Mahu2021 (105 in chips) 
Seat 3: boltik-demon (445 in chips) 
Mahu2021: posts small blind 20
boltik-demon: posts big blind 40
*** HOLE CARDS ***
Dealt to Mahu2021 [7c Jc]
tzak10: folds 
Mahu2021: folds 
Uncalled bet (20) returned to boltik-demon
boltik-demon collected 40 from pot
*** SUMMARY ***
Total pot 40 | Rake 0 
Seat 1: tzak10 (button) folded before Flop (didn't bet)
Seat 2: Mahu2021 (small blind) folded before Flop
Seat 3: boltik-demon (big blind) collected (40)



PokerStars Hand #252857655036: Tournament #3810316523, $1.84+$0.16 USD Hold'em No Limit - Level III (20/40) - 2024/10/10 15:04:29 CET [2024/10/10 9:04:29 ET]
Table '3810316523 1' 3-max Seat #2 is the button
Seat 1: tzak10 (950 in chips) 
Seat 2: Mahu2021 (85 in chips) 
Seat 3: boltik-demon (465 in chips) 
boltik-demon: posts small blind 20
tzak10: posts big blind 40
*** HOLE CARDS ***
Dealt to Mahu2021 [6h Qs]
Mahu2021: folds 
boltik-demon: folds 
Uncalled bet (20) returned to tzak10
tzak10 collected 40 from pot
tzak10: doesn't show hand 
*** SUMMARY ***
Total pot 40 | Rake 0 
Seat 1: tzak10 (big blind) collected (40)
Seat 2: Mahu2021 (button) folded before Flop (didn't bet)
Seat 3: boltik-demon (small blind) folded before Flop



PokerStars Hand #252857655948: Tournament #3810316523, $1.84+$0.16 USD Hold'em No Limit - Level III (20/40) - 2024/10/10 15:04:34 CET [2024/10/10 9:04:34 ET]
Table '3810316523 1' 3-max Seat #3 is the button
Seat 1: tzak10 (970 in chips) 
Seat 2: Mahu2021 (85 in chips) 
Seat 3: boltik-demon (445 in chips) 
tzak10: posts small blind 20
Mahu2021: posts big blind 40
*** HOLE CARDS ***
Dealt to Mahu2021 [7c 3s]
boltik-demon: folds 
tzak10: calls 20
Mahu2021: checks 
*** FLOP *** [8c 3d 4h]
tzak10: checks 
Mahu2021: bets 45 and is all-in
tzak10: calls 45
*** TURN *** [8c 3d 4h] [Qs]
*** RIVER *** [8c 3d 4h Qs] [Kc]
*** SHOW DOWN ***
tzak10: shows [Jc 5d] (high card King)
Mahu2021: shows [7c 3s] (a pair of Threes)
Mahu2021 collected 170 from pot
*** SUMMARY ***
Total pot 170 | Rake 0 
Board [8c 3d 4h Qs Kc]
Seat 1: tzak10 (small blind) showed [Jc 5d] and lost with high card King
Seat 2: Mahu2021 (big blind) showed [7c 3s] and won (170) with a pair of Threes
Seat 3: boltik-demon (button) folded before Flop (didn't bet)



PokerStars Hand #252857658605: Tournament #3810316523, $1.84+$0.16 USD Hold'em No Limit - Level III (20/40) - 2024/10/10 15:04:50 CET [2024/10/10 9:04:50 ET]
Table '3810316523 1' 3-max Seat #1 is the button
Seat 1: tzak10 (885 in chips) 
Seat 2: Mahu2021 (170 in chips) 
Seat 3: boltik-demon (445 in chips) 
Mahu2021: posts small blind 20
boltik-demon: posts big blind 40
*** HOLE CARDS ***
Dealt to Mahu2021 [2d 5s]
tzak10: calls 40
Mahu2021: folds 
boltik-demon: checks 
*** FLOP *** [3h Ts 7c]
boltik-demon: checks 
tzak10: checks 
*** TURN *** [3h Ts 7c] [6d]
boltik-demon: checks 
tzak10: checks 
*** RIVER *** [3h Ts 7c 6d] [7h]
boltik-demon: checks 
tzak10: checks 
*** SHOW DOWN ***
boltik-demon: shows [5h 2h] (a pair of Sevens)
tzak10: shows [Ks Jh] (a pair of Sevens - King kicker)
tzak10 collected 100 from pot
*** SUMMARY ***
Total pot 100 | Rake 0 
Board [3h Ts 7c 6d 7h]
Seat 1: tzak10 (button) showed [Ks Jh] and won (100) with a pair of Sevens
Seat 2: Mahu2021 (small blind) folded before Flop
Seat 3: boltik-demon (big blind) showed [5h 2h] and lost with a pair of Sevens



PokerStars Hand #252857663827: Tournament #3810316523, $1.84+$0.16 USD Hold'em No Limit - Level III (20/40) - 2024/10/10 15:05:20 CET [2024/10/10 9:05:20 ET]
Table '3810316523 1' 3-max Seat #2 is the button
Seat 1: tzak10 (945 in chips) 
Seat 2: Mahu2021 (150 in chips) 
Seat 3: boltik-demon (405 in chips) 
boltik-demon: posts small blind 20
tzak10: posts big blind 40
*** HOLE CARDS ***
Dealt to Mahu2021 [2s 6d]
Mahu2021: folds 
boltik-demon: calls 20
tzak10: checks 
*** FLOP *** [Ac Qc 7s]
boltik-demon: checks 
tzak10: bets 40
boltik-demon: calls 40
*** TURN *** [Ac Qc 7s] [Kc]
boltik-demon: checks 
tzak10: checks 
*** RIVER *** [Ac Qc 7s Kc] [Ad]
boltik-demon: checks 
tzak10: checks 
*** SHOW DOWN ***
boltik-demon: shows [Qd Ts] (two pair, Aces and Queens)
tzak10: mucks hand 
boltik-demon collected 160 from pot
*** SUMMARY ***
Total pot 160 | Rake 0 
Board [Ac Qc 7s Kc Ad]
Seat 1: tzak10 (big blind) mucked [8s 5h]
Seat 2: Mahu2021 (button) folded before Flop (didn't bet)
Seat 3: boltik-demon (small blind) showed [Qd Ts] and won (160) with two pair, Aces and Queens



PokerStars Hand #252857667796: Tournament #3810316523, $1.84+$0.16 USD Hold'em No Limit - Level III (20/40) - 2024/10/10 15:05:43 CET [2024/10/10 9:05:43 ET]
Table '3810316523 1' 3-max Seat #3 is the button
Seat 1: tzak10 (865 in chips) 
Seat 2: Mahu2021 (150 in chips) 
Seat 3: boltik-demon (485 in chips) 
tzak10: posts small blind 20
Mahu2021: posts big blind 40
*** HOLE CARDS ***
Dealt to Mahu2021 [Kh Qd]
boltik-demon: folds 
tzak10: calls 20
Mahu2021: raises 110 to 150 and is all-in
tzak10: folds 
Uncalled bet (110) returned to Mahu2021
Mahu2021 collected 80 from pot
Mahu2021: doesn't show hand 
*** SUMMARY ***
Total pot 80 | Rake 0 
Seat 1: tzak10 (small blind) folded before Flop
Seat 2: Mahu2021 (big blind) collected (80)
Seat 3: boltik-demon (button) folded before Flop (didn't bet)



PokerStars Hand #252857669333: Tournament #3810316523, $1.84+$0.16 USD Hold'em No Limit - Level III (20/40) - 2024/10/10 15:05:52 CET [2024/10/10 9:05:52 ET]
Table '3810316523 1' 3-max Seat #1 is the button
Seat 1: tzak10 (825 in chips) 
Seat 2: Mahu2021 (190 in chips) 
Seat 3: boltik-demon (485 in chips) 
Mahu2021: posts small blind 20
boltik-demon: posts big blind 40
*** HOLE CARDS ***
Dealt to Mahu2021 [2d Kd]
tzak10: calls 40
Mahu2021: calls 20
boltik-demon: checks 
*** FLOP *** [5s 8d Qs]
Mahu2021: checks 
boltik-demon: bets 40
tzak10: folds 
Mahu2021: folds 
Uncalled bet (40) returned to boltik-demon
boltik-demon collected 120 from pot
*** SUMMARY ***
Total pot 120 | Rake 0 
Board [5s 8d Qs]
Seat 1: tzak10 (button) folded on the Flop
Seat 2: Mahu2021 (small blind) folded on the Flop
Seat 3: boltik-demon (big blind) collected (120)



PokerStars Hand #252857672380: Tournament #3810316523, $1.84+$0.16 USD Hold'em No Limit - Level III (20/40) - 2024/10/10 15:06:10 CET [2024/10/10 9:06:10 ET]
Table '3810316523 1' 3-max Seat #2 is the button
Seat 1: tzak10 (785 in chips) 
Seat 2: Mahu2021 (150 in chips) 
Seat 3: boltik-demon (565 in chips) 
boltik-demon: posts small blind 20
tzak10: posts big blind 40
*** HOLE CARDS ***
Dealt to Mahu2021 [7h Ad]
Mahu2021: raises 110 to 150 and is all-in
boltik-demon: folds 
tzak10: calls 110
*** FLOP *** [2d Td 6d]
*** TURN *** [2d Td 6d] [9c]
*** RIVER *** [2d Td 6d 9c] [5s]
*** SHOW DOWN ***
tzak10: shows [Kh Qs] (high card King)
Mahu2021: shows [7h Ad] (high card Ace)
Mahu2021 collected 320 from pot
*** SUMMARY ***
Total pot 320 | Rake 0 
Board [2d Td 6d 9c 5s]
Seat 1: tzak10 (big blind) showed [Kh Qs] and lost with high card King
Seat 2: Mahu2021 (button) showed [7h Ad] and won (320) with high card Ace
Seat 3: boltik-demon (small blind) folded before Flop



PokerStars Hand #252857674891: Tournament #3810316523, $1.84+$0.16 USD Hold'em No Limit - Level III (20/40) - 2024/10/10 15:06:24 CET [2024/10/10 9:06:24 ET]
Table '3810316523 1' 3-max Seat #3 is the button
Seat 1: tzak10 (635 in chips) 
Seat 2: Mahu2021 (320 in chips) 
Seat 3: boltik-demon (545 in chips) 
tzak10: posts small blind 20
Mahu2021: posts big blind 40
*** HOLE CARDS ***
Dealt to Mahu2021 [9c 2h]
boltik-demon: folds 
tzak10: folds 
Uncalled bet (20) returned to Mahu2021
Mahu2021 collected 40 from pot
Mahu2021: doesn't show hand 
*** SUMMARY ***
Total pot 40 | Rake 0 
Seat 1: tzak10 (small blind) folded before Flop
Seat 2: Mahu2021 (big blind) collected (40)
Seat 3: boltik-demon (button) folded before Flop (didn't bet)



PokerStars Hand #252857675597: Tournament #3810316523, $1.84+$0.16 USD Hold'em No Limit - Level III (20/40) - 2024/10/10 15:06:29 CET [2024/10/10 9:06:29 ET]
Table '3810316523 1' 3-max Seat #1 is the button
Seat 1: tzak10 (615 in chips) 
Seat 2: Mahu2021 (340 in chips) 
Seat 3: boltik-demon (545 in chips) 
Mahu2021: posts small blind 20
boltik-demon: posts big blind 40
*** HOLE CARDS ***
Dealt to Mahu2021 [3d 4c]
tzak10: folds 
Mahu2021: folds 
Uncalled bet (20) returned to boltik-demon
boltik-demon collected 40 from pot
*** SUMMARY ***
Total pot 40 | Rake 0 
Seat 1: tzak10 (button) folded before Flop (didn't bet)
Seat 2: Mahu2021 (small blind) folded before Flop
Seat 3: boltik-demon (big blind) collected (40)



PokerStars Hand #252857676458: Tournament #3810316523, $1.84+$0.16 USD Hold'em No Limit - Level III (20/40) - 2024/10/10 15:06:34 CET [2024/10/10 9:06:34 ET]
Table '3810316523 1' 3-max Seat #2 is the button
Seat 1: tzak10 (615 in chips) 
Seat 2: Mahu2021 (320 in chips) 
Seat 3: boltik-demon (565 in chips) 
boltik-demon: posts small blind 20
tzak10: posts big blind 40
*** HOLE CARDS ***
Dealt to Mahu2021 [Tc 8d]
Mahu2021: folds 
boltik-demon: calls 20
tzak10: checks 
*** FLOP *** [8s 7d Qs]
boltik-demon: bets 40
tzak10: folds 
Uncalled bet (40) returned to boltik-demon
boltik-demon collected 80 from pot
*** SUMMARY ***
Total pot 80 | Rake 0 
Board [8s 7d Qs]
Seat 1: tzak10 (big blind) folded on the Flop
Seat 2: Mahu2021 (button) folded before Flop (didn't bet)
Seat 3: boltik-demon (small blind) collected (80)



PokerStars Hand #252857678752: Tournament #3810316523, $1.84+$0.16 USD Hold'em No Limit - Level III (20/40) - 2024/10/10 15:06:47 CET [2024/10/10 9:06:47 ET]
Table '3810316523 1' 3-max Seat #3 is the button
Seat 1: tzak10 (575 in chips) 
Seat 2: Mahu2021 (320 in chips) 
Seat 3: boltik-demon (605 in chips) 
tzak10: posts small blind 20
Mahu2021: posts big blind 40
*** HOLE CARDS ***
Dealt to Mahu2021 [6c 8c]
boltik-demon: folds 
tzak10: calls 20
Mahu2021: checks 
*** FLOP *** [Js 4s 3s]
tzak10: checks 
Mahu2021: checks 
*** TURN *** [Js 4s 3s] [2h]
tzak10: bets 120
Mahu2021: folds 
Uncalled bet (120) returned to tzak10
tzak10 collected 80 from pot
tzak10: doesn't show hand 
*** SUMMARY ***
Total pot 80 | Rake 0 
Board [Js 4s 3s 2h]
Seat 1: tzak10 (small blind) collected (80)
Seat 2: Mahu2021 (big blind) folded on the Turn
Seat 3: boltik-demon (button) folded before Flop (didn't bet)



PokerStars Hand #252857681327: Tournament #3810316523, $1.84+$0.16 USD Hold'em No Limit - Level III (20/40) - 2024/10/10 15:07:02 CET [2024/10/10 9:07:02 ET]
Table '3810316523 1' 3-max Seat #1 is the button
Seat 1: tzak10 (615 in chips) 
Seat 2: Mahu2021 (280 in chips) 
Seat 3: boltik-demon (605 in chips) 
Mahu2021: posts small blind 20
boltik-demon: posts big blind 40
*** HOLE CARDS ***
Dealt to Mahu2021 [Ac 7d]
tzak10 has timed out
tzak10: folds 
tzak10 is sitting out
Mahu2021: calls 20
boltik-demon: checks 
*** FLOP *** [Js 4d Td]
Mahu2021: checks 
boltik-demon: checks 
*** TURN *** [Js 4d Td] [Kh]
Mahu2021: checks 
boltik-demon: bets 40
Mahu2021: folds 
Uncalled bet (40) returned to boltik-demon
boltik-demon collected 80 from pot
*** SUMMARY ***
Total pot 80 | Rake 0 
Board [Js 4d Td Kh]
Seat 1: tzak10 (button) folded before Flop (didn't bet)
Seat 2: Mahu2021 (small blind) folded on the Turn
Seat 3: boltik-demon (big blind) collected (80)



PokerStars Hand #252857687437: Tournament #3810316523, $1.84+$0.16 USD Hold'em No Limit - Level III (20/40) - 2024/10/10 15:07:38 CET [2024/10/10 9:07:38 ET]
Table '3810316523 1' 3-max Seat #2 is the button
Seat 1: tzak10 (615 in chips) is sitting out
Seat 2: Mahu2021 (240 in chips) 
Seat 3: boltik-demon (645 in chips) 
boltik-demon: posts small blind 20
tzak10: posts big blind 40
*** HOLE CARDS ***
Dealt to Mahu2021 [3s 4c]
tzak10 has returned
Mahu2021: folds 
boltik-demon: raises 80 to 120
tzak10: folds 
Uncalled bet (80) returned to boltik-demon
boltik-demon collected 80 from pot
*** SUMMARY ***
Total pot 80 | Rake 0 
Seat 1: tzak10 (big blind) folded before Flop
Seat 2: Mahu2021 (button) folded before Flop (didn't bet)
Seat 3: boltik-demon (small blind) collected (80)



PokerStars Hand #252857688528: Tournament #3810316523, $1.84+$0.16 USD Hold'em No Limit - Level III (20/40) - 2024/10/10 15:07:44 CET [2024/10/10 9:07:44 ET]
Table '3810316523 1' 3-max Seat #3 is the button
Seat 1: tzak10 (575 in chips) 
Seat 2: Mahu2021 (240 in chips) 
Seat 3: boltik-demon (685 in chips) 
tzak10: posts small blind 20
Mahu2021: posts big blind 40
*** HOLE CARDS ***
Dealt to Mahu2021 [2s Td]
boltik-demon: folds 
tzak10: calls 20
Mahu2021: checks 
*** FLOP *** [6s 4c 6d]
tzak10: checks 
Mahu2021: checks 
*** TURN *** [6s 4c 6d] [Qc]
tzak10: checks 
Mahu2021: checks 
*** RIVER *** [6s 4c 6d Qc] [6h]
tzak10: checks 
Mahu2021: checks 
*** SHOW DOWN ***
tzak10: shows [Ad 9s] (three of a kind, Sixes)
Mahu2021: mucks hand 
tzak10 collected 80 from pot
*** SUMMARY ***
Total pot 80 | Rake 0 
Board [6s 4c 6d Qc 6h]
Seat 1: tzak10 (small blind) showed [Ad 9s] and won (80) with three of a kind, Sixes
Seat 2: Mahu2021 (big blind) mucked [2s Td]
Seat 3: boltik-demon (button) folded before Flop (didn't bet)



PokerStars Hand #252857691089: Tournament #3810316523, $1.84+$0.16 USD Hold'em No Limit - Level III (20/40) - 2024/10/10 15:07:59 CET [2024/10/10 9:07:59 ET]
Table '3810316523 1' 3-max Seat #1 is the button
Seat 1: tzak10 (615 in chips) 
Seat 2: Mahu2021 (200 in chips) 
Seat 3: boltik-demon (685 in chips) 
Mahu2021: posts small blind 20
boltik-demon: posts big blind 40
*** HOLE CARDS ***
Dealt to Mahu2021 [6h 8c]
tzak10: calls 40
Mahu2021: folds 
boltik-demon: checks 
*** FLOP *** [3d Jh 9d]
boltik-demon: checks 
tzak10: checks 
*** TURN *** [3d Jh 9d] [Kc]
boltik-demon: checks 
tzak10: checks 
*** RIVER *** [3d Jh 9d Kc] [5h]
boltik-demon: checks 
tzak10: checks 
*** SHOW DOWN ***
boltik-demon: shows [Ts 3s] (a pair of Threes)
tzak10: mucks hand 
boltik-demon collected 100 from pot
*** SUMMARY ***
Total pot 100 | Rake 0 
Board [3d Jh 9d Kc 5h]
Seat 1: tzak10 (button) mucked [7h 6d]
Seat 2: Mahu2021 (small blind) folded before Flop
Seat 3: boltik-demon (big blind) showed [Ts 3s] and won (100) with a pair of Threes



PokerStars Hand #252857695455: Tournament #3810316523, $1.84+$0.16 USD Hold'em No Limit - Level IV (30/60) - 2024/10/10 15:08:25 CET [2024/10/10 9:08:25 ET]
Table '3810316523 1' 3-max Seat #2 is the button
Seat 1: tzak10 (575 in chips) 
Seat 2: Mahu2021 (180 in chips) 
Seat 3: boltik-demon (745 in chips) 
boltik-demon: posts small blind 30
tzak10: posts big blind 60
*** HOLE CARDS ***
Dealt to Mahu2021 [5h 7d]
Mahu2021: folds 
boltik-demon: calls 30
tzak10: checks 
*** FLOP *** [Ac 2c 8h]
boltik-demon: bets 60
tzak10: calls 60
*** TURN *** [Ac 2c 8h] [Ks]
boltik-demon: checks 
tzak10: bets 180
boltik-demon: folds 
Uncalled bet (180) returned to tzak10
tzak10 collected 240 from pot
tzak10: doesn't show hand 
*** SUMMARY ***
Total pot 240 | Rake 0 
Board [Ac 2c 8h Ks]
Seat 1: tzak10 (big blind) collected (240)
Seat 2: Mahu2021 (button) folded before Flop (didn't bet)
Seat 3: boltik-demon (small blind) folded on the Turn



PokerStars Hand #252857699702: Tournament #3810316523, $1.84+$0.16 USD Hold'em No Limit - Level IV (30/60) - 2024/10/10 15:08:50 CET [2024/10/10 9:08:50 ET]
Table '3810316523 1' 3-max Seat #3 is the button
Seat 1: tzak10 (695 in chips) 
Seat 2: Mahu2021 (180 in chips) 
Seat 3: boltik-demon (625 in chips) 
tzak10: posts small blind 30
Mahu2021: posts big blind 60
*** HOLE CARDS ***
Dealt to Mahu2021 [3h Jd]
boltik-demon: folds 
tzak10: folds 
Uncalled bet (30) returned to Mahu2021
Mahu2021 collected 60 from pot
Mahu2021: doesn't show hand 
*** SUMMARY ***
Total pot 60 | Rake 0 
Seat 1: tzak10 (small blind) folded before Flop
Seat 2: Mahu2021 (big blind) collected (60)
Seat 3: boltik-demon (button) folded before Flop (didn't bet)



PokerStars Hand #252857704045: Tournament #3810316523, $1.84+$0.16 USD Hold'em No Limit - Level IV (30/60) - 2024/10/10 15:09:15 CET [2024/10/10 9:09:15 ET]
Table '3810316523 1' 3-max Seat #1 is the button
Seat 1: tzak10 (665 in chips) 
Seat 2: Mahu2021 (210 in chips) 
Seat 3: boltik-demon (625 in chips) 
Mahu2021: posts small blind 30
boltik-demon: posts big blind 60
*** HOLE CARDS ***
Dealt to Mahu2021 [Ts 7s]
tzak10: folds 
Mahu2021: folds 
Uncalled bet (30) returned to boltik-demon
boltik-demon collected 60 from pot
*** SUMMARY ***
Total pot 60 | Rake 0 
Seat 1: tzak10 (button) folded before Flop (didn't bet)
Seat 2: Mahu2021 (small blind) folded before Flop
Seat 3: boltik-demon (big blind) collected (60)



PokerStars Hand #252857704884: Tournament #3810316523, $1.84+$0.16 USD Hold'em No Limit - Level IV (30/60) - 2024/10/10 15:09:20 CET [2024/10/10 9:09:20 ET]
Table '3810316523 1' 3-max Seat #2 is the button
Seat 1: tzak10 (665 in chips) 
Seat 2: Mahu2021 (180 in chips) 
Seat 3: boltik-demon (655 in chips) 
boltik-demon: posts small blind 30
tzak10: posts big blind 60
*** HOLE CARDS ***
Dealt to Mahu2021 [3s 3c]
Mahu2021: raises 120 to 180 and is all-in
boltik-demon: folds 
tzak10: folds 
Uncalled bet (120) returned to Mahu2021
Mahu2021 collected 150 from pot
Mahu2021: doesn't show hand 
*** SUMMARY ***
Total pot 150 | Rake 0 
Seat 1: tzak10 (big blind) folded before Flop
Seat 2: Mahu2021 (button) collected (150)
Seat 3: boltik-demon (small blind) folded before Flop



PokerStars Hand #252857706103: Tournament #3810316523, $1.84+$0.16 USD Hold'em No Limit - Level IV (30/60) - 2024/10/10 15:09:27 CET [2024/10/10 9:09:27 ET]
Table '3810316523 1' 3-max Seat #3 is the button
Seat 1: tzak10 (605 in chips) 
Seat 2: Mahu2021 (270 in chips) 
Seat 3: boltik-demon (625 in chips) 
tzak10: posts small blind 30
Mahu2021: posts big blind 60
*** HOLE CARDS ***
Dealt to Mahu2021 [8c 4h]
boltik-demon: folds 
tzak10: calls 30
Mahu2021: checks 
*** FLOP *** [5h 9c 9s]
tzak10: checks 
Mahu2021: checks 
*** TURN *** [5h 9c 9s] [6c]
tzak10: checks 
Mahu2021: bets 60
tzak10: folds 
Uncalled bet (60) returned to Mahu2021
Mahu2021 collected 120 from pot
Mahu2021: doesn't show hand 
*** SUMMARY ***
Total pot 120 | Rake 0 
Board [5h 9c 9s 6c]
Seat 1: tzak10 (small blind) folded on the Turn
Seat 2: Mahu2021 (big blind) collected (120)
Seat 3: boltik-demon (button) folded before Flop (didn't bet)



PokerStars Hand #252857709172: Tournament #3810316523, $1.84+$0.16 USD Hold'em No Limit - Level IV (30/60) - 2024/10/10 15:09:45 CET [2024/10/10 9:09:45 ET]
Table '3810316523 1' 3-max Seat #1 is the button
Seat 1: tzak10 (545 in chips) 
Seat 2: Mahu2021 (330 in chips) 
Seat 3: boltik-demon (625 in chips) 
Mahu2021: posts small blind 30
boltik-demon: posts big blind 60
*** HOLE CARDS ***
Dealt to Mahu2021 [5h 9h]
tzak10: raises 60 to 120
Mahu2021: folds 
boltik-demon: calls 60
*** FLOP *** [8s Qh 6s]
boltik-demon: checks 
tzak10: bets 425 and is all-in
boltik-demon: folds 
Uncalled bet (425) returned to tzak10
tzak10 collected 270 from pot
tzak10: doesn't show hand 
*** SUMMARY ***
Total pot 270 | Rake 0 
Board [8s Qh 6s]
Seat 1: tzak10 (button) collected (270)
Seat 2: Mahu2021 (small blind) folded before Flop
Seat 3: boltik-demon (big blind) folded on the Flop



PokerStars Hand #252857713801: Tournament #3810316523, $1.84+$0.16 USD Hold'em No Limit - Level IV (30/60) - 2024/10/10 15:10:12 CET [2024/10/10 9:10:12 ET]
Table '3810316523 1' 3-max Seat #2 is the button
Seat 1: tzak10 (695 in chips) 
Seat 2: Mahu2021 (300 in chips) 
Seat 3: boltik-demon (505 in chips) 
boltik-demon: posts small blind 30
tzak10: posts big blind 60
*** HOLE CARDS ***
Dealt to Mahu2021 [9d 5d]
Mahu2021: folds 
boltik-demon: raises 445 to 505 and is all-in
tzak10: calls 445
*** FLOP *** [Tc 3c 2h]
*** TURN *** [Tc 3c 2h] [Jc]
*** RIVER *** [Tc 3c 2h Jc] [9h]
*** SHOW DOWN ***
boltik-demon: shows [Ts 9s] (two pair, Tens and Nines)
tzak10: shows [Ks Kd] (a pair of Kings)
boltik-demon collected 1010 from pot
*** SUMMARY ***
Total pot 1010 | Rake 0 
Board [Tc 3c 2h Jc 9h]
Seat 1: tzak10 (big blind) showed [Ks Kd] and lost with a pair of Kings
Seat 2: Mahu2021 (button) folded before Flop (didn't bet)
Seat 3: boltik-demon (small blind) showed [Ts 9s] and won (1010) with two pair, Tens and Nines



PokerStars Hand #252857718793: Tournament #3810316523, $1.84+$0.16 USD Hold'em No Limit - Level IV (30/60) - 2024/10/10 15:10:42 CET [2024/10/10 9:10:42 ET]
Table '3810316523 1' 3-max Seat #3 is the button
Seat 1: tzak10 (190 in chips) 
Seat 2: Mahu2021 (300 in chips) 
Seat 3: boltik-demon (1010 in chips) 
tzak10: posts small blind 30
Mahu2021: posts big blind 60
*** HOLE CARDS ***
Dealt to Mahu2021 [9h 7h]
boltik-demon: folds 
tzak10: raises 130 to 190 and is all-in
Mahu2021: folds 
Uncalled bet (130) returned to tzak10
tzak10 collected 120 from pot
tzak10: doesn't show hand 
*** SUMMARY ***
Total pot 120 | Rake 0 
Seat 1: tzak10 (small blind) collected (120)
Seat 2: Mahu2021 (big blind) folded before Flop
Seat 3: boltik-demon (button) folded before Flop (didn't bet)



PokerStars Hand #252857720436: Tournament #3810316523, $1.84+$0.16 USD Hold'em No Limit - Level IV (30/60) - 2024/10/10 15:10:52 CET [2024/10/10 9:10:52 ET]
Table '3810316523 1' 3-max Seat #1 is the button
Seat 1: tzak10 (250 in chips) 
Seat 2: Mahu2021 (240 in chips) 
Seat 3: boltik-demon (1010 in chips) 
Mahu2021: posts small blind 30
boltik-demon: posts big blind 60
*** HOLE CARDS ***
Dealt to Mahu2021 [3d 6h]
tzak10: folds 
Mahu2021: folds 
Uncalled bet (30) returned to boltik-demon
boltik-demon collected 60 from pot
*** SUMMARY ***
Total pot 60 | Rake 0 
Seat 1: tzak10 (button) folded before Flop (didn't bet)
Seat 2: Mahu2021 (small blind) folded before Flop
Seat 3: boltik-demon (big blind) collected (60)



PokerStars Hand #252857721334: Tournament #3810316523, $1.84+$0.16 USD Hold'em No Limit - Level IV (30/60) - 2024/10/10 15:10:57 CET [2024/10/10 9:10:57 ET]
Table '3810316523 1' 3-max Seat #2 is the button
Seat 1: tzak10 (250 in chips) 
Seat 2: Mahu2021 (210 in chips) 
Seat 3: boltik-demon (1040 in chips) 
boltik-demon: posts small blind 30
tzak10: posts big blind 60
*** HOLE CARDS ***
Dealt to Mahu2021 [Ts 4s]
Mahu2021: folds 
boltik-demon: raises 980 to 1040 and is all-in
tzak10: folds 
Uncalled bet (980) returned to boltik-demon
boltik-demon collected 120 from pot
*** SUMMARY ***
Total pot 120 | Rake 0 
Seat 1: tzak10 (big blind) folded before Flop
Seat 2: Mahu2021 (button) folded before Flop (didn't bet)
Seat 3: boltik-demon (small blind) collected (120)



PokerStars Hand #252857722514: Tournament #3810316523, $1.84+$0.16 USD Hold'em No Limit - Level IV (30/60) - 2024/10/10 15:11:04 CET [2024/10/10 9:11:04 ET]
Table '3810316523 1' 3-max Seat #3 is the button
Seat 1: tzak10 (190 in chips) 
Seat 2: Mahu2021 (210 in chips) 
Seat 3: boltik-demon (1100 in chips) 
tzak10: posts small blind 30
Mahu2021: posts big blind 60
*** HOLE CARDS ***
Dealt to Mahu2021 [4c 9c]
boltik-demon: raises 120 to 180
tzak10: raises 10 to 190 and is all-in
Mahu2021: folds 
boltik-demon: calls 10
*** FLOP *** [4d 2h Ts]
*** TURN *** [4d 2h Ts] [3d]
*** RIVER *** [4d 2h Ts 3d] [8d]
*** SHOW DOWN ***
tzak10: shows [6d Ad] (a flush, Ace high)
boltik-demon: shows [8s Qs] (a pair of Eights)
tzak10 collected 440 from pot
*** SUMMARY ***
Total pot 440 | Rake 0 
Board [4d 2h Ts 3d 8d]
Seat 1: tzak10 (small blind) showed [6d Ad] and won (440) with a flush, Ace high
Seat 2: Mahu2021 (big blind) folded before Flop
Seat 3: boltik-demon (button) showed [8s Qs] and lost with a pair of Eights



PokerStars Hand #252857725356: Tournament #3810316523, $1.84+$0.16 USD Hold'em No Limit - Level IV (30/60) - 2024/10/10 15:11:20 CET [2024/10/10 9:11:20 ET]
Table '3810316523 1' 3-max Seat #1 is the button
Seat 1: tzak10 (440 in chips) 
Seat 2: Mahu2021 (150 in chips) 
Seat 3: boltik-demon (910 in chips) 
Mahu2021: posts small blind 30
boltik-demon: posts big blind 60
*** HOLE CARDS ***
Dealt to Mahu2021 [3s Js]
tzak10: folds 
Mahu2021: folds 
Uncalled bet (30) returned to boltik-demon
boltik-demon collected 60 from pot
*** SUMMARY ***
Total pot 60 | Rake 0 
Seat 1: tzak10 (button) folded before Flop (didn't bet)
Seat 2: Mahu2021 (small blind) folded before Flop
Seat 3: boltik-demon (big blind) collected (60)



PokerStars Hand #252857726317: Tournament #3810316523, $1.84+$0.16 USD Hold'em No Limit - Level IV (30/60) - 2024/10/10 15:11:26 CET [2024/10/10 9:11:26 ET]
Table '3810316523 1' 3-max Seat #2 is the button
Seat 1: tzak10 (440 in chips) 
Seat 2: Mahu2021 (120 in chips) 
Seat 3: boltik-demon (940 in chips) 
boltik-demon: posts small blind 30
tzak10: posts big blind 60
*** HOLE CARDS ***
Dealt to Mahu2021 [4d 3d]
Mahu2021: folds 
boltik-demon: folds 
Uncalled bet (30) returned to tzak10
tzak10 collected 60 from pot
tzak10: doesn't show hand 
*** SUMMARY ***
Total pot 60 | Rake 0 
Seat 1: tzak10 (big blind) collected (60)
Seat 2: Mahu2021 (button) folded before Flop (didn't bet)
Seat 3: boltik-demon (small blind) folded before Flop



PokerStars Hand #252857727278: Tournament #3810316523, $1.84+$0.16 USD Hold'em No Limit - Level IV (30/60) - 2024/10/10 15:11:32 CET [2024/10/10 9:11:32 ET]
Table '3810316523 1' 3-max Seat #3 is the button
Seat 1: tzak10 (470 in chips) 
Seat 2: Mahu2021 (120 in chips) 
Seat 3: boltik-demon (910 in chips) 
tzak10: posts small blind 30
Mahu2021: posts big blind 60
*** HOLE CARDS ***
Dealt to Mahu2021 [9d Ah]
boltik-demon: folds 
tzak10: calls 30
Mahu2021: raises 60 to 120 and is all-in
tzak10: calls 60
*** FLOP *** [Qh Kc 5d]
*** TURN *** [Qh Kc 5d] [4s]
*** RIVER *** [Qh Kc 5d 4s] [2s]
*** SHOW DOWN ***
tzak10: shows [9h Ks] (a pair of Kings)
Mahu2021: shows [9d Ah] (high card Ace)
tzak10 collected 240 from pot
Mahu2021 finished the tournament in 3rd place and received $4.00.
*** SUMMARY ***
Total pot 240 | Rake 0 
Board [Qh Kc 5d 4s 2s]
Seat 1: tzak10 (small blind) showed [9h Ks] and won (240) with a pair of Kings
Seat 2: Mahu2021 (big blind) showed [9d Ah] and lost with high card Ace
Seat 3: boltik-demon (button) folded before Flop (didn't bet)



