PokerStars Hand #246506137920: Tournament #3658310023, $0.92+$0.08 USD Hold'em No Limit - Level I (10/20) - 2023/10/13 12:20:26 CET [2023/10/13 6:20:26 ET]
Table '3658310023 1' 3-max Seat #1 is the button
Seat 1: kepilali1 (500 in chips) 
Seat 2: Mahu2021 (500 in chips) 
Seat 3: Damastesa (500 in chips) 
Mahu2021: posts small blind 10
Damastesa: posts big blind 20
*** HOLE CARDS ***
Dealt to Mahu2021 [Qc Ah]
kepilali1: raises 40 to 60
Mahu2021: calls 50
Damastesa: folds 
*** FLOP *** [9d Jh 4c]
Mahu2021: checks 
kepilali1: checks 
*** TURN *** [9d Jh 4c] [5c]
Mahu2021: checks 
kepilali1: checks 
*** RIVER *** [9d Jh 4c 5c] [7d]
Mahu2021: checks 
kepilali1: checks 
*** SHOW DOWN ***
Mahu2021: shows [Qc Ah] (high card Ace)
kepilali1: shows [As Ks] (high card Ace - King kicker)
kepilali1 collected 140 from pot
*** SUMMARY ***
Total pot 140 | Rake 0 
Board [9d Jh 4c 5c 7d]
Seat 1: kepilali1 (button) showed [As Ks] and won (140) with high card Ace
Seat 2: Mahu2021 (small blind) showed [Qc Ah] and lost with high card Ace
Seat 3: Damastesa (big blind) folded before Flop



PokerStars Hand #246506141044: Tournament #3658310023, $0.92+$0.08 USD Hold'em No Limit - Level I (10/20) - 2023/10/13 12:20:48 CET [2023/10/13 6:20:48 ET]
Table '3658310023 1' 3-max Seat #2 is the button
Seat 1: kepilali1 (580 in chips) 
Seat 2: Mahu2021 (440 in chips) 
Seat 3: Damastesa (480 in chips) 
Damastesa: posts small blind 10
kepilali1: posts big blind 20
*** HOLE CARDS ***
Dealt to Mahu2021 [Ad 4d]
Mahu2021: raises 20 to 40
Damastesa: folds 
kepilali1: folds 
Uncalled bet (20) returned to Mahu2021
Mahu2021 collected 50 from pot
Mahu2021: doesn't show hand 
*** SUMMARY ***
Total pot 50 | Rake 0 
Seat 1: kepilali1 (big blind) folded before Flop
Seat 2: Mahu2021 (button) collected (50)
Seat 3: Damastesa (small blind) folded before Flop



PokerStars Hand #246506141915: Tournament #3658310023, $0.92+$0.08 USD Hold'em No Limit - Level I (10/20) - 2023/10/13 12:20:54 CET [2023/10/13 6:20:54 ET]
Table '3658310023 1' 3-max Seat #3 is the button
Seat 1: kepilali1 (560 in chips) 
Seat 2: Mahu2021 (470 in chips) 
Seat 3: Damastesa (470 in chips) 
kepilali1: posts small blind 10
Mahu2021: posts big blind 20
*** HOLE CARDS ***
Dealt to Mahu2021 [Kc Jh]
Damastesa: raises 20 to 40
kepilali1: folds 
Mahu2021: calls 20
*** FLOP *** [As 3d 8d]
Mahu2021: checks 
Damastesa: bets 20
Mahu2021: folds 
Uncalled bet (20) returned to Damastesa
Damastesa collected 90 from pot
*** SUMMARY ***
Total pot 90 | Rake 0 
Board [As 3d 8d]
Seat 1: kepilali1 (small blind) folded before Flop
Seat 2: Mahu2021 (big blind) folded on the Flop
Seat 3: Damastesa (button) collected (90)



PokerStars Hand #246506143476: Tournament #3658310023, $0.92+$0.08 USD Hold'em No Limit - Level I (10/20) - 2023/10/13 12:21:05 CET [2023/10/13 6:21:05 ET]
Table '3658310023 1' 3-max Seat #1 is the button
Seat 1: kepilali1 (550 in chips) 
Seat 2: Mahu2021 (430 in chips) 
Seat 3: Damastesa (520 in chips) 
Mahu2021: posts small blind 10
Damastesa: posts big blind 20
*** HOLE CARDS ***
Dealt to Mahu2021 [5d Ts]
kepilali1: folds 
Mahu2021: folds 
Uncalled bet (10) returned to Damastesa
Damastesa collected 20 from pot
*** SUMMARY ***
Total pot 20 | Rake 0 
Seat 1: kepilali1 (button) folded before Flop (didn't bet)
Seat 2: Mahu2021 (small blind) folded before Flop
Seat 3: Damastesa (big blind) collected (20)



PokerStars Hand #246506144170: Tournament #3658310023, $0.92+$0.08 USD Hold'em No Limit - Level I (10/20) - 2023/10/13 12:21:10 CET [2023/10/13 6:21:10 ET]
Table '3658310023 1' 3-max Seat #2 is the button
Seat 1: kepilali1 (550 in chips) 
Seat 2: Mahu2021 (420 in chips) 
Seat 3: Damastesa (530 in chips) 
Damastesa: posts small blind 10
kepilali1: posts big blind 20
*** HOLE CARDS ***
Dealt to Mahu2021 [Jh 8s]
Mahu2021: raises 20 to 40
Damastesa: folds 
kepilali1: raises 90 to 130
Mahu2021: folds 
Uncalled bet (90) returned to kepilali1
kepilali1 collected 90 from pot
*** SUMMARY ***
Total pot 90 | Rake 0 
Seat 1: kepilali1 (big blind) collected (90)
Seat 2: Mahu2021 (button) folded before Flop
Seat 3: Damastesa (small blind) folded before Flop



PokerStars Hand #246506145560: Tournament #3658310023, $0.92+$0.08 USD Hold'em No Limit - Level I (10/20) - 2023/10/13 12:21:20 CET [2023/10/13 6:21:20 ET]
Table '3658310023 1' 3-max Seat #3 is the button
Seat 1: kepilali1 (600 in chips) 
Seat 2: Mahu2021 (380 in chips) 
Seat 3: Damastesa (520 in chips) 
kepilali1: posts small blind 10
Mahu2021: posts big blind 20
*** HOLE CARDS ***
Dealt to Mahu2021 [Qs Qh]
Damastesa: folds 
kepilali1: calls 10
Mahu2021: raises 40 to 60
kepilali1: calls 40
*** FLOP *** [9h 6d 7h]
kepilali1: checks 
Mahu2021: bets 320 and is all-in
kepilali1: calls 320
*** TURN *** [9h 6d 7h] [Jh]
*** RIVER *** [9h 6d 7h Jh] [9c]
*** SHOW DOWN ***
kepilali1: shows [6h 5c] (two pair, Nines and Sixes)
Mahu2021: shows [Qs Qh] (two pair, Queens and Nines)
Mahu2021 collected 760 from pot
*** SUMMARY ***
Total pot 760 | Rake 0 
Board [9h 6d 7h Jh 9c]
Seat 1: kepilali1 (small blind) showed [6h 5c] and lost with two pair, Nines and Sixes
Seat 2: Mahu2021 (big blind) showed [Qs Qh] and won (760) with two pair, Queens and Nines
Seat 3: Damastesa (button) folded before Flop (didn't bet)



PokerStars Hand #246506147993: Tournament #3658310023, $0.92+$0.08 USD Hold'em No Limit - Level I (10/20) - 2023/10/13 12:21:36 CET [2023/10/13 6:21:36 ET]
Table '3658310023 1' 3-max Seat #1 is the button
Seat 1: kepilali1 (220 in chips) 
Seat 2: Mahu2021 (760 in chips) 
Seat 3: Damastesa (520 in chips) 
Mahu2021: posts small blind 10
Damastesa: posts big blind 20
*** HOLE CARDS ***
Dealt to Mahu2021 [6s Ad]
kepilali1: folds 
Mahu2021: calls 10
Damastesa: checks 
*** FLOP *** [Qs 8d Qh]
Mahu2021: checks 
Damastesa: checks 
*** TURN *** [Qs 8d Qh] [5c]
Mahu2021: bets 20
Damastesa: folds 
Uncalled bet (20) returned to Mahu2021
Mahu2021 collected 40 from pot
Mahu2021: doesn't show hand 
*** SUMMARY ***
Total pot 40 | Rake 0 
Board [Qs 8d Qh 5c]
Seat 1: kepilali1 (button) folded before Flop (didn't bet)
Seat 2: Mahu2021 (small blind) collected (40)
Seat 3: Damastesa (big blind) folded on the Turn



PokerStars Hand #246506149975: Tournament #3658310023, $0.92+$0.08 USD Hold'em No Limit - Level I (10/20) - 2023/10/13 12:21:50 CET [2023/10/13 6:21:50 ET]
Table '3658310023 1' 3-max Seat #2 is the button
Seat 1: kepilali1 (220 in chips) 
Seat 2: Mahu2021 (780 in chips) 
Seat 3: Damastesa (500 in chips) 
Damastesa: posts small blind 10
kepilali1: posts big blind 20
*** HOLE CARDS ***
Dealt to Mahu2021 [4s Ts]
Mahu2021: folds 
Damastesa: calls 10
kepilali1: checks 
*** FLOP *** [Ks 5s 4c]
Damastesa: checks 
kepilali1: bets 40
Damastesa: folds 
Uncalled bet (40) returned to kepilali1
kepilali1 collected 40 from pot
*** SUMMARY ***
Total pot 40 | Rake 0 
Board [Ks 5s 4c]
Seat 1: kepilali1 (big blind) collected (40)
Seat 2: Mahu2021 (button) folded before Flop (didn't bet)
Seat 3: Damastesa (small blind) folded on the Flop



PokerStars Hand #246506151729: Tournament #3658310023, $0.92+$0.08 USD Hold'em No Limit - Level I (10/20) - 2023/10/13 12:22:02 CET [2023/10/13 6:22:02 ET]
Table '3658310023 1' 3-max Seat #3 is the button
Seat 1: kepilali1 (240 in chips) 
Seat 2: Mahu2021 (780 in chips) 
Seat 3: Damastesa (480 in chips) 
kepilali1: posts small blind 10
Mahu2021: posts big blind 20
*** HOLE CARDS ***
Dealt to Mahu2021 [3d 9c]
Damastesa: raises 20 to 40
kepilali1: calls 30
Mahu2021: folds 
*** FLOP *** [2c Ad Kc]
kepilali1: checks 
Damastesa: bets 40
kepilali1: calls 40
*** TURN *** [2c Ad Kc] [6s]
kepilali1: checks 
Damastesa: bets 40
kepilali1: calls 40
*** RIVER *** [2c Ad Kc 6s] [Ts]
kepilali1: checks 
Damastesa: bets 90
kepilali1: calls 90
*** SHOW DOWN ***
Damastesa: shows [Th Ah] (two pair, Aces and Tens)
kepilali1: mucks hand 
Damastesa collected 440 from pot
*** SUMMARY ***
Total pot 440 | Rake 0 
Board [2c Ad Kc 6s Ts]
Seat 1: kepilali1 (small blind) mucked [Kd Qs]
Seat 2: Mahu2021 (big blind) folded before Flop
Seat 3: Damastesa (button) showed [Th Ah] and won (440) with two pair, Aces and Tens



PokerStars Hand #246506154998: Tournament #3658310023, $0.92+$0.08 USD Hold'em No Limit - Level I (10/20) - 2023/10/13 12:22:25 CET [2023/10/13 6:22:25 ET]
Table '3658310023 1' 3-max Seat #1 is the button
Seat 1: kepilali1 (30 in chips) 
Seat 2: Mahu2021 (760 in chips) 
Seat 3: Damastesa (710 in chips) 
Mahu2021: posts small blind 10
Damastesa: posts big blind 20
*** HOLE CARDS ***
Dealt to Mahu2021 [8c Ts]
kepilali1: calls 20
Mahu2021: folds 
Damastesa: checks 
*** FLOP *** [3d 2c Jc]
Damastesa: checks 
kepilali1: checks 
*** TURN *** [3d 2c Jc] [Jh]
Damastesa: checks 
kepilali1: checks 
*** RIVER *** [3d 2c Jc Jh] [4h]
Damastesa: checks 
kepilali1: checks 
*** SHOW DOWN ***
Damastesa: shows [7c 5s] (a pair of Jacks)
kepilali1: shows [As Kc] (a pair of Jacks - Ace kicker)
kepilali1 collected 50 from pot
*** SUMMARY ***
Total pot 50 | Rake 0 
Board [3d 2c Jc Jh 4h]
Seat 1: kepilali1 (button) showed [As Kc] and won (50) with a pair of Jacks
Seat 2: Mahu2021 (small blind) folded before Flop
Seat 3: Damastesa (big blind) showed [7c 5s] and lost with a pair of Jacks



PokerStars Hand #246506157120: Tournament #3658310023, $0.92+$0.08 USD Hold'em No Limit - Level I (10/20) - 2023/10/13 12:22:39 CET [2023/10/13 6:22:39 ET]
Table '3658310023 1' 3-max Seat #2 is the button
Seat 1: kepilali1 (60 in chips) 
Seat 2: Mahu2021 (750 in chips) 
Seat 3: Damastesa (690 in chips) 
Damastesa: posts small blind 10
kepilali1: posts big blind 20
*** HOLE CARDS ***
Dealt to Mahu2021 [9h Ac]
Mahu2021: raises 40 to 60
Damastesa: calls 50
kepilali1: folds 
*** FLOP *** [5s Qc 9d]
Damastesa: checks 
Mahu2021: checks 
*** TURN *** [5s Qc 9d] [8c]
Damastesa: checks 
Mahu2021: checks 
*** RIVER *** [5s Qc 9d 8c] [5c]
Damastesa: checks 
Mahu2021: checks 
*** SHOW DOWN ***
Damastesa: shows [Jh Ad] (a pair of Fives)
Mahu2021: shows [9h Ac] (two pair, Nines and Fives)
Mahu2021 collected 140 from pot
*** SUMMARY ***
Total pot 140 | Rake 0 
Board [5s Qc 9d 8c 5c]
Seat 1: kepilali1 (big blind) folded before Flop
Seat 2: Mahu2021 (button) showed [9h Ac] and won (140) with two pair, Nines and Fives
Seat 3: Damastesa (small blind) showed [Jh Ad] and lost with a pair of Fives



PokerStars Hand #246506159557: Tournament #3658310023, $0.92+$0.08 USD Hold'em No Limit - Level I (10/20) - 2023/10/13 12:22:56 CET [2023/10/13 6:22:56 ET]
Table '3658310023 1' 3-max Seat #3 is the button
Seat 1: kepilali1 (40 in chips) 
Seat 2: Mahu2021 (830 in chips) 
Seat 3: Damastesa (630 in chips) 
kepilali1: posts small blind 10
Mahu2021: posts big blind 20
*** HOLE CARDS ***
Dealt to Mahu2021 [7d 8c]
Damastesa: raises 20 to 40
kepilali1: calls 30 and is all-in
Mahu2021: calls 20
*** FLOP *** [7s Jd 4h]
Mahu2021: checks 
Damastesa: checks 
*** TURN *** [7s Jd 4h] [9h]
Mahu2021: checks 
Damastesa: checks 
*** RIVER *** [7s Jd 4h 9h] [8s]
Mahu2021: bets 40
Damastesa: folds 
Uncalled bet (40) returned to Mahu2021
*** SHOW DOWN ***
Mahu2021: shows [7d 8c] (two pair, Eights and Sevens)
kepilali1: shows [Qh 6d] (high card Queen)
Mahu2021 collected 120 from pot
kepilali1 finished the tournament in 3rd place
*** SUMMARY ***
Total pot 120 | Rake 0 
Board [7s Jd 4h 9h 8s]
Seat 1: kepilali1 (small blind) showed [Qh 6d] and lost with high card Queen
Seat 2: Mahu2021 (big blind) showed [7d 8c] and won (120) with two pair, Eights and Sevens
Seat 3: Damastesa (button) folded on the River



PokerStars Hand #246506162332: Tournament #3658310023, $0.92+$0.08 USD Hold'em No Limit - Level I (10/20) - 2023/10/13 12:23:15 CET [2023/10/13 6:23:15 ET]
Table '3658310023 1' 3-max Seat #2 is the button
Seat 2: Mahu2021 (910 in chips) 
Seat 3: Damastesa (590 in chips) 
Mahu2021: posts small blind 10
Damastesa: posts big blind 20
*** HOLE CARDS ***
Dealt to Mahu2021 [7s Qd]
Mahu2021: calls 10
Damastesa: checks 
*** FLOP *** [As 9c 7d]
Damastesa: bets 20
Mahu2021: calls 20
*** TURN *** [As 9c 7d] [8c]
Damastesa: bets 20
Mahu2021: folds 
Uncalled bet (20) returned to Damastesa
Damastesa collected 80 from pot
*** SUMMARY ***
Total pot 80 | Rake 0 
Board [As 9c 7d 8c]
Seat 2: Mahu2021 (button) (small blind) folded on the Turn
Seat 3: Damastesa (big blind) collected (80)



PokerStars Hand #246506164980: Tournament #3658310023, $0.92+$0.08 USD Hold'em No Limit - Level II (15/30) - 2023/10/13 12:23:33 CET [2023/10/13 6:23:33 ET]
Table '3658310023 1' 3-max Seat #3 is the button
Seat 2: Mahu2021 (870 in chips) 
Seat 3: Damastesa (630 in chips) 
Damastesa: posts small blind 15
Mahu2021: posts big blind 30
*** HOLE CARDS ***
Dealt to Mahu2021 [4s 5s]
Damastesa: folds 
Uncalled bet (15) returned to Mahu2021
Mahu2021 collected 30 from pot
Mahu2021: doesn't show hand 
*** SUMMARY ***
Total pot 30 | Rake 0 
Seat 2: Mahu2021 (big blind) collected (30)
Seat 3: Damastesa (button) (small blind) folded before Flop



PokerStars Hand #246506165601: Tournament #3658310023, $0.92+$0.08 USD Hold'em No Limit - Level II (15/30) - 2023/10/13 12:23:38 CET [2023/10/13 6:23:38 ET]
Table '3658310023 1' 3-max Seat #2 is the button
Seat 2: Mahu2021 (885 in chips) 
Seat 3: Damastesa (615 in chips) 
Mahu2021: posts small blind 15
Damastesa: posts big blind 30
*** HOLE CARDS ***
Dealt to Mahu2021 [2h 6h]
Mahu2021: calls 15
Damastesa: checks 
*** FLOP *** [7h 9d Ad]
Damastesa: checks 
Mahu2021: bets 30
Damastesa: folds 
Uncalled bet (30) returned to Mahu2021
Mahu2021 collected 60 from pot
Mahu2021: doesn't show hand 
*** SUMMARY ***
Total pot 60 | Rake 0 
Board [7h 9d Ad]
Seat 2: Mahu2021 (button) (small blind) collected (60)
Seat 3: Damastesa (big blind) folded on the Flop



PokerStars Hand #246506167096: Tournament #3658310023, $0.92+$0.08 USD Hold'em No Limit - Level II (15/30) - 2023/10/13 12:23:48 CET [2023/10/13 6:23:48 ET]
Table '3658310023 1' 3-max Seat #3 is the button
Seat 2: Mahu2021 (915 in chips) 
Seat 3: Damastesa (585 in chips) 
Damastesa: posts small blind 15
Mahu2021: posts big blind 30
*** HOLE CARDS ***
Dealt to Mahu2021 [6h 7c]
Damastesa: folds 
Uncalled bet (15) returned to Mahu2021
Mahu2021 collected 30 from pot
Mahu2021: doesn't show hand 
*** SUMMARY ***
Total pot 30 | Rake 0 
Seat 2: Mahu2021 (big blind) collected (30)
Seat 3: Damastesa (button) (small blind) folded before Flop



PokerStars Hand #246506167588: Tournament #3658310023, $0.92+$0.08 USD Hold'em No Limit - Level II (15/30) - 2023/10/13 12:23:52 CET [2023/10/13 6:23:52 ET]
Table '3658310023 1' 3-max Seat #2 is the button
Seat 2: Mahu2021 (930 in chips) 
Seat 3: Damastesa (570 in chips) 
Mahu2021: posts small blind 15
Damastesa: posts big blind 30
*** HOLE CARDS ***
Dealt to Mahu2021 [4d Jh]
Mahu2021: calls 15
Damastesa: checks 
*** FLOP *** [Jd 7s Td]
Damastesa: bets 30
Mahu2021: calls 30
*** TURN *** [Jd 7s Td] [2h]
Damastesa: checks 
Mahu2021: bets 30
Damastesa: folds 
Uncalled bet (30) returned to Mahu2021
Mahu2021 collected 120 from pot
Mahu2021: doesn't show hand 
*** SUMMARY ***
Total pot 120 | Rake 0 
Board [Jd 7s Td 2h]
Seat 2: Mahu2021 (button) (small blind) collected (120)
Seat 3: Damastesa (big blind) folded on the Turn



PokerStars Hand #246506169637: Tournament #3658310023, $0.92+$0.08 USD Hold'em No Limit - Level II (15/30) - 2023/10/13 12:24:06 CET [2023/10/13 6:24:06 ET]
Table '3658310023 1' 3-max Seat #3 is the button
Seat 2: Mahu2021 (990 in chips) 
Seat 3: Damastesa (510 in chips) 
Damastesa: posts small blind 15
Mahu2021: posts big blind 30
*** HOLE CARDS ***
Dealt to Mahu2021 [5h As]
Damastesa: raises 30 to 60
Mahu2021: raises 930 to 990 and is all-in
Damastesa: folds 
Uncalled bet (930) returned to Mahu2021
Mahu2021 collected 120 from pot
Mahu2021: doesn't show hand 
*** SUMMARY ***
Total pot 120 | Rake 0 
Seat 2: Mahu2021 (big blind) collected (120)
Seat 3: Damastesa (button) (small blind) folded before Flop



PokerStars Hand #246506172246: Tournament #3658310023, $0.92+$0.08 USD Hold'em No Limit - Level II (15/30) - 2023/10/13 12:24:24 CET [2023/10/13 6:24:24 ET]
Table '3658310023 1' 3-max Seat #2 is the button
Seat 2: Mahu2021 (1050 in chips) 
Seat 3: Damastesa (450 in chips) 
Mahu2021: posts small blind 15
Damastesa: posts big blind 30
*** HOLE CARDS ***
Dealt to Mahu2021 [2h Qc]
Mahu2021: folds 
Uncalled bet (15) returned to Damastesa
Damastesa collected 30 from pot
*** SUMMARY ***
Total pot 30 | Rake 0 
Seat 2: Mahu2021 (button) (small blind) folded before Flop
Seat 3: Damastesa (big blind) collected (30)



PokerStars Hand #246506172928: Tournament #3658310023, $0.92+$0.08 USD Hold'em No Limit - Level II (15/30) - 2023/10/13 12:24:28 CET [2023/10/13 6:24:28 ET]
Table '3658310023 1' 3-max Seat #3 is the button
Seat 2: Mahu2021 (1035 in chips) 
Seat 3: Damastesa (465 in chips) 
Damastesa: posts small blind 15
Mahu2021: posts big blind 30
*** HOLE CARDS ***
Dealt to Mahu2021 [Qc 6h]
Damastesa: calls 15
Mahu2021: checks 
*** FLOP *** [Qh 4h 8d]
Mahu2021: checks 
Damastesa: checks 
*** TURN *** [Qh 4h 8d] [5s]
Mahu2021: checks 
Damastesa: checks 
*** RIVER *** [Qh 4h 8d 5s] [2h]
Mahu2021: bets 30
Damastesa: calls 30
*** SHOW DOWN ***
Mahu2021: shows [Qc 6h] (a pair of Queens)
Damastesa: mucks hand 
Mahu2021 collected 120 from pot
*** SUMMARY ***
Total pot 120 | Rake 0 
Board [Qh 4h 8d 5s 2h]
Seat 2: Mahu2021 (big blind) showed [Qc 6h] and won (120) with a pair of Queens
Seat 3: Damastesa (button) (small blind) mucked [Ks 2s]



PokerStars Hand #246506174990: Tournament #3658310023, $0.92+$0.08 USD Hold'em No Limit - Level II (15/30) - 2023/10/13 12:24:43 CET [2023/10/13 6:24:43 ET]
Table '3658310023 1' 3-max Seat #2 is the button
Seat 2: Mahu2021 (1095 in chips) 
Seat 3: Damastesa (405 in chips) 
Mahu2021: posts small blind 15
Damastesa: posts big blind 30
*** HOLE CARDS ***
Dealt to Mahu2021 [Jd 3d]
Mahu2021: raises 30 to 60
Damastesa: folds 
Uncalled bet (30) returned to Mahu2021
Mahu2021 collected 60 from pot
Mahu2021: doesn't show hand 
*** SUMMARY ***
Total pot 60 | Rake 0 
Seat 2: Mahu2021 (button) (small blind) collected (60)
Seat 3: Damastesa (big blind) folded before Flop



PokerStars Hand #246506175651: Tournament #3658310023, $0.92+$0.08 USD Hold'em No Limit - Level II (15/30) - 2023/10/13 12:24:47 CET [2023/10/13 6:24:47 ET]
Table '3658310023 1' 3-max Seat #3 is the button
Seat 2: Mahu2021 (1125 in chips) 
Seat 3: Damastesa (375 in chips) 
Damastesa: posts small blind 15
Mahu2021: posts big blind 30
*** HOLE CARDS ***
Dealt to Mahu2021 [Ks Kc]
Damastesa: raises 30 to 60
Mahu2021: raises 90 to 150
Damastesa: calls 90
*** FLOP *** [4c 7d 2h]
Mahu2021: bets 975 and is all-in
Damastesa: folds 
Uncalled bet (975) returned to Mahu2021
Mahu2021 collected 300 from pot
Mahu2021: doesn't show hand 
*** SUMMARY ***
Total pot 300 | Rake 0 
Board [4c 7d 2h]
Seat 2: Mahu2021 (big blind) collected (300)
Seat 3: Damastesa (button) (small blind) folded on the Flop



PokerStars Hand #246506177553: Tournament #3658310023, $0.92+$0.08 USD Hold'em No Limit - Level II (15/30) - 2023/10/13 12:25:00 CET [2023/10/13 6:25:00 ET]
Table '3658310023 1' 3-max Seat #2 is the button
Seat 2: Mahu2021 (1275 in chips) 
Seat 3: Damastesa (225 in chips) 
Mahu2021: posts small blind 15
Damastesa: posts big blind 30
*** HOLE CARDS ***
Dealt to Mahu2021 [8c 8d]
Mahu2021: raises 1245 to 1275 and is all-in
Damastesa: calls 195 and is all-in
Uncalled bet (1050) returned to Mahu2021
*** FLOP *** [As 2s 8s]
*** TURN *** [As 2s 8s] [Ac]
*** RIVER *** [As 2s 8s Ac] [Ah]
*** SHOW DOWN ***
Damastesa: shows [5h Ad] (four of a kind, Aces)
Mahu2021: shows [8c 8d] (a full house, Aces full of Eights)
Damastesa collected 450 from pot
*** SUMMARY ***
Total pot 450 | Rake 0 
Board [As 2s 8s Ac Ah]
Seat 2: Mahu2021 (button) (small blind) showed [8c 8d] and lost with a full house, Aces full of Eights
Seat 3: Damastesa (big blind) showed [5h Ad] and won (450) with four of a kind, Aces



PokerStars Hand #246506179367: Tournament #3658310023, $0.92+$0.08 USD Hold'em No Limit - Level II (15/30) - 2023/10/13 12:25:13 CET [2023/10/13 6:25:13 ET]
Table '3658310023 1' 3-max Seat #3 is the button
Seat 2: Mahu2021 (1050 in chips) 
Seat 3: Damastesa (450 in chips) 
Damastesa: posts small blind 15
Mahu2021: posts big blind 30
*** HOLE CARDS ***
Dealt to Mahu2021 [Qc Ks]
Damastesa: calls 15
Mahu2021: raises 60 to 90
Damastesa: folds 
Uncalled bet (60) returned to Mahu2021
Mahu2021 collected 60 from pot
Mahu2021: doesn't show hand 
*** SUMMARY ***
Total pot 60 | Rake 0 
Seat 2: Mahu2021 (big blind) collected (60)
Seat 3: Damastesa (button) (small blind) folded before Flop



PokerStars Hand #246506181472: Tournament #3658310023, $0.92+$0.08 USD Hold'em No Limit - Level II (15/30) - 2023/10/13 12:25:27 CET [2023/10/13 6:25:27 ET]
Table '3658310023 1' 3-max Seat #2 is the button
Seat 2: Mahu2021 (1080 in chips) 
Seat 3: Damastesa (420 in chips) 
Mahu2021: posts small blind 15
Damastesa: posts big blind 30
*** HOLE CARDS ***
Dealt to Mahu2021 [4d 2d]
Mahu2021: calls 15
Damastesa: checks 
*** FLOP *** [2c Jd 8c]
Damastesa: checks 
Mahu2021: bets 30
Damastesa: folds 
Uncalled bet (30) returned to Mahu2021
Mahu2021 collected 60 from pot
Mahu2021: doesn't show hand 
*** SUMMARY ***
Total pot 60 | Rake 0 
Board [2c Jd 8c]
Seat 2: Mahu2021 (button) (small blind) collected (60)
Seat 3: Damastesa (big blind) folded on the Flop



PokerStars Hand #246506182983: Tournament #3658310023, $0.92+$0.08 USD Hold'em No Limit - Level II (15/30) - 2023/10/13 12:25:37 CET [2023/10/13 6:25:37 ET]
Table '3658310023 1' 3-max Seat #3 is the button
Seat 2: Mahu2021 (1110 in chips) 
Seat 3: Damastesa (390 in chips) 
Damastesa: posts small blind 15
Mahu2021: posts big blind 30
*** HOLE CARDS ***
Dealt to Mahu2021 [4h Qs]
Damastesa: raises 60 to 90
Mahu2021: folds 
Uncalled bet (60) returned to Damastesa
Damastesa collected 60 from pot
*** SUMMARY ***
Total pot 60 | Rake 0 
Seat 2: Mahu2021 (big blind) folded before Flop
Seat 3: Damastesa (button) (small blind) collected (60)



PokerStars Hand #246506184190: Tournament #3658310023, $0.92+$0.08 USD Hold'em No Limit - Level II (15/30) - 2023/10/13 12:25:45 CET [2023/10/13 6:25:45 ET]
Table '3658310023 1' 3-max Seat #2 is the button
Seat 2: Mahu2021 (1080 in chips) 
Seat 3: Damastesa (420 in chips) 
Mahu2021: posts small blind 15
Damastesa: posts big blind 30
*** HOLE CARDS ***
Dealt to Mahu2021 [Ts Td]
Mahu2021: raises 30 to 60
Damastesa: calls 30
*** FLOP *** [8h 6d 7c]
Damastesa: checks 
Mahu2021: bets 1020 and is all-in
Damastesa: calls 360 and is all-in
Uncalled bet (660) returned to Mahu2021
*** TURN *** [8h 6d 7c] [Qc]
*** RIVER *** [8h 6d 7c Qc] [4s]
*** SHOW DOWN ***
Damastesa: shows [9s Ad] (high card Ace)
Mahu2021: shows [Ts Td] (a pair of Tens)
Mahu2021 collected 840 from pot
Damastesa finished the tournament in 2nd place
Mahu2021 wins the tournament and receives $3.00 - congratulations!
*** SUMMARY ***
Total pot 840 | Rake 0 
Board [8h 6d 7c Qc 4s]
Seat 2: Mahu2021 (button) (small blind) showed [Ts Td] and won (840) with a pair of Tens
Seat 3: Damastesa (big blind) showed [9s Ad] and lost with high card Ace



