PokerStars Hand #248388642317: Tournament #3703813110, $1.84+$0.16 USD Hold'em No Limit - Level I (10/20) - 2024/01/20 15:28:00 CET [2024/01/20 9:28:00 ET]
Table '3703813110 1' 3-max Seat #1 is the button
Seat 1: youcantwinmebro (500 in chips) 
Seat 2: bloodyfrog74 (500 in chips) 
Seat 3: Mahu2021 (500 in chips) 
bloodyfrog74: posts small blind 10
Mahu2021: posts big blind 20
*** HOLE CARDS ***
Dealt to Mahu2021 [3h Th]
youcantwinmebro: raises 20 to 40
bloodyfrog74: raises 60 to 100
Mahu2021: folds 
youcantwinmebro: folds 
Uncalled bet (60) returned to bloodyfrog74
bloodyfrog74 collected 100 from pot
*** SUMMARY ***
Total pot 100 | Rake 0 
Seat 1: youcantwinmebro (button) folded before Flop
Seat 2: bloodyfrog74 (small blind) collected (100)
Seat 3: Mahu2021 (big blind) folded before Flop



PokerStars Hand #248388646739: Tournament #3703813110, $1.84+$0.16 USD Hold'em No Limit - Level I (10/20) - 2024/01/20 15:28:18 CET [2024/01/20 9:28:18 ET]
Table '3703813110 1' 3-max Seat #2 is the button
Seat 1: youcantwinmebro (460 in chips) 
Seat 2: bloodyfrog74 (560 in chips) 
Seat 3: Mahu2021 (480 in chips) 
Mahu2021: posts small blind 10
youcantwinmebro: posts big blind 20
*** HOLE CARDS ***
Dealt to Mahu2021 [Qd Jh]
bloodyfrog74: folds 
Mahu2021: raises 20 to 40
youcantwinmebro: calls 20
*** FLOP *** [Ac 8c 9h]
Mahu2021: checks 
youcantwinmebro: bets 20
Mahu2021: calls 20
*** TURN *** [Ac 8c 9h] [2c]
Mahu2021: checks 
youcantwinmebro: bets 90
Mahu2021: folds 
Uncalled bet (90) returned to youcantwinmebro
youcantwinmebro collected 120 from pot
youcantwinmebro: doesn't show hand 
*** SUMMARY ***
Total pot 120 | Rake 0 
Board [Ac 8c 9h 2c]
Seat 1: youcantwinmebro (big blind) collected (120)
Seat 2: bloodyfrog74 (button) folded before Flop (didn't bet)
Seat 3: Mahu2021 (small blind) folded on the Turn



PokerStars Hand #248388655047: Tournament #3703813110, $1.84+$0.16 USD Hold'em No Limit - Level I (10/20) - 2024/01/20 15:28:51 CET [2024/01/20 9:28:51 ET]
Table '3703813110 1' 3-max Seat #3 is the button
Seat 1: youcantwinmebro (520 in chips) 
Seat 2: bloodyfrog74 (560 in chips) 
Seat 3: Mahu2021 (420 in chips) 
youcantwinmebro: posts small blind 10
bloodyfrog74: posts big blind 20
*** HOLE CARDS ***
Dealt to Mahu2021 [4s Jd]
Mahu2021: folds 
youcantwinmebro: raises 20 to 40
bloodyfrog74: calls 20
*** FLOP *** [Ts 2c Qd]
youcantwinmebro: bets 40
bloodyfrog74: folds 
Uncalled bet (40) returned to youcantwinmebro
youcantwinmebro collected 80 from pot
youcantwinmebro: doesn't show hand 
*** SUMMARY ***
Total pot 80 | Rake 0 
Board [Ts 2c Qd]
Seat 1: youcantwinmebro (small blind) collected (80)
Seat 2: bloodyfrog74 (big blind) folded on the Flop
Seat 3: Mahu2021 (button) folded before Flop (didn't bet)



PokerStars Hand #248388658377: Tournament #3703813110, $1.84+$0.16 USD Hold'em No Limit - Level I (10/20) - 2024/01/20 15:29:04 CET [2024/01/20 9:29:04 ET]
Table '3703813110 1' 3-max Seat #1 is the button
Seat 1: youcantwinmebro (560 in chips) 
Seat 2: bloodyfrog74 (520 in chips) 
Seat 3: Mahu2021 (420 in chips) 
bloodyfrog74: posts small blind 10
Mahu2021: posts big blind 20
*** HOLE CARDS ***
Dealt to Mahu2021 [6s 7d]
youcantwinmebro: raises 20 to 40
bloodyfrog74: folds 
Mahu2021: calls 20
*** FLOP *** [9d Qc Ks]
Mahu2021: checks 
youcantwinmebro: checks 
*** TURN *** [9d Qc Ks] [Jh]
Mahu2021: checks 
youcantwinmebro: checks 
*** RIVER *** [9d Qc Ks Jh] [Qs]
Mahu2021: checks 
youcantwinmebro: bets 68
Mahu2021: folds 
Uncalled bet (68) returned to youcantwinmebro
youcantwinmebro collected 90 from pot
youcantwinmebro: doesn't show hand 
*** SUMMARY ***
Total pot 90 | Rake 0 
Board [9d Qc Ks Jh Qs]
Seat 1: youcantwinmebro (button) collected (90)
Seat 2: bloodyfrog74 (small blind) folded before Flop
Seat 3: Mahu2021 (big blind) folded on the River



PokerStars Hand #248388664876: Tournament #3703813110, $1.84+$0.16 USD Hold'em No Limit - Level I (10/20) - 2024/01/20 15:29:30 CET [2024/01/20 9:29:30 ET]
Table '3703813110 1' 3-max Seat #2 is the button
Seat 1: youcantwinmebro (610 in chips) 
Seat 2: bloodyfrog74 (510 in chips) 
Seat 3: Mahu2021 (380 in chips) 
Mahu2021: posts small blind 10
youcantwinmebro: posts big blind 20
*** HOLE CARDS ***
Dealt to Mahu2021 [5d 6h]
bloodyfrog74: raises 20 to 40
Mahu2021: folds 
youcantwinmebro: raises 570 to 610 and is all-in
bloodyfrog74: calls 470 and is all-in
Uncalled bet (100) returned to youcantwinmebro
*** FLOP *** [Js Ts Qs]
*** TURN *** [Js Ts Qs] [4h]
*** RIVER *** [Js Ts Qs 4h] [9c]
*** SHOW DOWN ***
youcantwinmebro: shows [Tc Ac] (a pair of Tens)
bloodyfrog74: shows [Kh 5h] (a straight, Nine to King)
bloodyfrog74 collected 1030 from pot
*** SUMMARY ***
Total pot 1030 | Rake 0 
Board [Js Ts Qs 4h 9c]
Seat 1: youcantwinmebro (big blind) showed [Tc Ac] and lost with a pair of Tens
Seat 2: bloodyfrog74 (button) showed [Kh 5h] and won (1030) with a straight, Nine to King
Seat 3: Mahu2021 (small blind) folded before Flop



PokerStars Hand #248388669227: Tournament #3703813110, $1.84+$0.16 USD Hold'em No Limit - Level I (10/20) - 2024/01/20 15:29:48 CET [2024/01/20 9:29:48 ET]
Table '3703813110 1' 3-max Seat #3 is the button
Seat 1: youcantwinmebro (100 in chips) 
Seat 2: bloodyfrog74 (1030 in chips) 
Seat 3: Mahu2021 (370 in chips) 
youcantwinmebro: posts small blind 10
bloodyfrog74: posts big blind 20
*** HOLE CARDS ***
Dealt to Mahu2021 [6h 5d]
Mahu2021: folds 
youcantwinmebro: folds 
Uncalled bet (10) returned to bloodyfrog74
bloodyfrog74 collected 20 from pot
*** SUMMARY ***
Total pot 20 | Rake 0 
Seat 1: youcantwinmebro (small blind) folded before Flop
Seat 2: bloodyfrog74 (big blind) collected (20)
Seat 3: Mahu2021 (button) folded before Flop (didn't bet)



PokerStars Hand #248388670727: Tournament #3703813110, $1.84+$0.16 USD Hold'em No Limit - Level I (10/20) - 2024/01/20 15:29:54 CET [2024/01/20 9:29:54 ET]
Table '3703813110 1' 3-max Seat #1 is the button
Seat 1: youcantwinmebro (90 in chips) 
Seat 2: bloodyfrog74 (1040 in chips) 
Seat 3: Mahu2021 (370 in chips) 
bloodyfrog74: posts small blind 10
Mahu2021: posts big blind 20
*** HOLE CARDS ***
Dealt to Mahu2021 [Ks Qs]
youcantwinmebro: folds 
bloodyfrog74: raises 40 to 60
Mahu2021: calls 40
*** FLOP *** [Jc 9s 8d]
bloodyfrog74: checks 
Mahu2021: checks 
*** TURN *** [Jc 9s 8d] [4d]
bloodyfrog74: checks 
Mahu2021: checks 
*** RIVER *** [Jc 9s 8d 4d] [6d]
bloodyfrog74: checks 
Mahu2021: checks 
*** SHOW DOWN ***
bloodyfrog74: shows [As 5d] (high card Ace)
Mahu2021: mucks hand 
bloodyfrog74 collected 120 from pot
*** SUMMARY ***
Total pot 120 | Rake 0 
Board [Jc 9s 8d 4d 6d]
Seat 1: youcantwinmebro (button) folded before Flop (didn't bet)
Seat 2: bloodyfrog74 (small blind) showed [As 5d] and won (120) with high card Ace
Seat 3: Mahu2021 (big blind) mucked [Ks Qs]



PokerStars Hand #248388676756: Tournament #3703813110, $1.84+$0.16 USD Hold'em No Limit - Level II (15/30) - 2024/01/20 15:30:16 CET [2024/01/20 9:30:16 ET]
Table '3703813110 1' 3-max Seat #2 is the button
Seat 1: youcantwinmebro (90 in chips) 
Seat 2: bloodyfrog74 (1100 in chips) 
Seat 3: Mahu2021 (310 in chips) 
Mahu2021: posts small blind 15
youcantwinmebro: posts big blind 30
*** HOLE CARDS ***
Dealt to Mahu2021 [Th Js]
bloodyfrog74: raises 30 to 60
Mahu2021: folds 
youcantwinmebro: raises 30 to 90 and is all-in
bloodyfrog74: calls 30
*** FLOP *** [Ks 2d 8s]
*** TURN *** [Ks 2d 8s] [Ad]
*** RIVER *** [Ks 2d 8s Ad] [3s]
*** SHOW DOWN ***
youcantwinmebro: shows [Kd Tc] (a pair of Kings)
bloodyfrog74: shows [Qc Qh] (a pair of Queens)
youcantwinmebro collected 195 from pot
*** SUMMARY ***
Total pot 195 | Rake 0 
Board [Ks 2d 8s Ad 3s]
Seat 1: youcantwinmebro (big blind) showed [Kd Tc] and won (195) with a pair of Kings
Seat 2: bloodyfrog74 (button) showed [Qc Qh] and lost with a pair of Queens
Seat 3: Mahu2021 (small blind) folded before Flop



PokerStars Hand #248388681353: Tournament #3703813110, $1.84+$0.16 USD Hold'em No Limit - Level II (15/30) - 2024/01/20 15:30:35 CET [2024/01/20 9:30:35 ET]
Table '3703813110 1' 3-max Seat #3 is the button
Seat 1: youcantwinmebro (195 in chips) 
Seat 2: bloodyfrog74 (1010 in chips) 
Seat 3: Mahu2021 (295 in chips) 
youcantwinmebro: posts small blind 15
bloodyfrog74: posts big blind 30
*** HOLE CARDS ***
Dealt to Mahu2021 [Th Jd]
Mahu2021: folds 
youcantwinmebro: raises 165 to 195 and is all-in
bloodyfrog74: folds 
Uncalled bet (165) returned to youcantwinmebro
youcantwinmebro collected 60 from pot
youcantwinmebro: doesn't show hand 
*** SUMMARY ***
Total pot 60 | Rake 0 
Seat 1: youcantwinmebro (small blind) collected (60)
Seat 2: bloodyfrog74 (big blind) folded before Flop
Seat 3: Mahu2021 (button) folded before Flop (didn't bet)



PokerStars Hand #248388683169: Tournament #3703813110, $1.84+$0.16 USD Hold'em No Limit - Level II (15/30) - 2024/01/20 15:30:42 CET [2024/01/20 9:30:42 ET]
Table '3703813110 1' 3-max Seat #1 is the button
Seat 1: youcantwinmebro (225 in chips) 
Seat 2: bloodyfrog74 (980 in chips) 
Seat 3: Mahu2021 (295 in chips) 
bloodyfrog74: posts small blind 15
Mahu2021: posts big blind 30
*** HOLE CARDS ***
Dealt to Mahu2021 [Tc 9h]
youcantwinmebro: folds 
bloodyfrog74: calls 15
Mahu2021: checks 
*** FLOP *** [5h 6c 6d]
bloodyfrog74: bets 30
Mahu2021: folds 
Uncalled bet (30) returned to bloodyfrog74
bloodyfrog74 collected 60 from pot
*** SUMMARY ***
Total pot 60 | Rake 0 
Board [5h 6c 6d]
Seat 1: youcantwinmebro (button) folded before Flop (didn't bet)
Seat 2: bloodyfrog74 (small blind) collected (60)
Seat 3: Mahu2021 (big blind) folded on the Flop



PokerStars Hand #248388686818: Tournament #3703813110, $1.84+$0.16 USD Hold'em No Limit - Level II (15/30) - 2024/01/20 15:30:57 CET [2024/01/20 9:30:57 ET]
Table '3703813110 1' 3-max Seat #2 is the button
Seat 1: youcantwinmebro (225 in chips) 
Seat 2: bloodyfrog74 (1010 in chips) 
Seat 3: Mahu2021 (265 in chips) 
Mahu2021: posts small blind 15
youcantwinmebro: posts big blind 30
*** HOLE CARDS ***
Dealt to Mahu2021 [2s Kh]
bloodyfrog74: folds 
Mahu2021: folds 
Uncalled bet (15) returned to youcantwinmebro
youcantwinmebro collected 30 from pot
youcantwinmebro: doesn't show hand 
*** SUMMARY ***
Total pot 30 | Rake 0 
Seat 1: youcantwinmebro (big blind) collected (30)
Seat 2: bloodyfrog74 (button) folded before Flop (didn't bet)
Seat 3: Mahu2021 (small blind) folded before Flop



PokerStars Hand #248388688153: Tournament #3703813110, $1.84+$0.16 USD Hold'em No Limit - Level II (15/30) - 2024/01/20 15:31:02 CET [2024/01/20 9:31:02 ET]
Table '3703813110 1' 3-max Seat #3 is the button
Seat 1: youcantwinmebro (240 in chips) 
Seat 2: bloodyfrog74 (1010 in chips) 
Seat 3: Mahu2021 (250 in chips) 
youcantwinmebro: posts small blind 15
bloodyfrog74: posts big blind 30
*** HOLE CARDS ***
Dealt to Mahu2021 [Kc 8c]
Mahu2021: raises 30 to 60
youcantwinmebro: raises 180 to 240 and is all-in
bloodyfrog74: folds 
Mahu2021: calls 180
*** FLOP *** [5c 4d Qc]
*** TURN *** [5c 4d Qc] [7h]
*** RIVER *** [5c 4d Qc 7h] [2d]
*** SHOW DOWN ***
youcantwinmebro: shows [Ah 3h] (a straight, Ace to Five)
Mahu2021: shows [Kc 8c] (high card King)
youcantwinmebro collected 510 from pot
*** SUMMARY ***
Total pot 510 | Rake 0 
Board [5c 4d Qc 7h 2d]
Seat 1: youcantwinmebro (small blind) showed [Ah 3h] and won (510) with a straight, Ace to Five
Seat 2: bloodyfrog74 (big blind) folded before Flop
Seat 3: Mahu2021 (button) showed [Kc 8c] and lost with high card King



PokerStars Hand #248388693006: Tournament #3703813110, $1.84+$0.16 USD Hold'em No Limit - Level II (15/30) - 2024/01/20 15:31:21 CET [2024/01/20 9:31:21 ET]
Table '3703813110 1' 3-max Seat #1 is the button
Seat 1: youcantwinmebro (510 in chips) 
Seat 2: bloodyfrog74 (980 in chips) 
Seat 3: Mahu2021 (10 in chips) 
bloodyfrog74: posts small blind 15
Mahu2021: posts big blind 10 and is all-in
*** HOLE CARDS ***
Dealt to Mahu2021 [9c Qh]
youcantwinmebro: raises 45 to 60
bloodyfrog74: calls 45
*** FLOP *** [7h 6c 3c]
bloodyfrog74: checks 
youcantwinmebro: checks 
*** TURN *** [7h 6c 3c] [Jd]
bloodyfrog74: checks 
youcantwinmebro: checks 
*** RIVER *** [7h 6c 3c Jd] [2h]
bloodyfrog74: checks 
youcantwinmebro: bets 98
bloodyfrog74: folds 
Uncalled bet (98) returned to youcantwinmebro
*** SHOW DOWN ***
youcantwinmebro: shows [Ks Th] (high card King)
youcantwinmebro collected 100 from side pot
Mahu2021: shows [9c Qh] (high card Queen)
youcantwinmebro collected 30 from main pot
Mahu2021 finished the tournament in 3rd place
*** SUMMARY ***
Total pot 130 Main pot 30. Side pot 100. | Rake 0 
Board [7h 6c 3c Jd 2h]
Seat 1: youcantwinmebro (button) showed [Ks Th] and won (130) with high card King
Seat 2: bloodyfrog74 (small blind) folded on the River
Seat 3: Mahu2021 (big blind) showed [9c Qh] and lost with high card Queen



