PokerStars Hand #243030433592: Tournament #3576083308, $0.92+$0.08 USD Hold'em No Limit - Level I (10/20) - 2023/04/11 20:50:48 CET [2023/04/11 14:50:48 ET]
Table '3576083308 1' 3-max Seat #1 is the button
Seat 1: BulletBest (500 in chips) 
Seat 2: xguirosa (500 in chips) 
Seat 3: Mahu2021 (500 in chips) 
xguirosa: posts small blind 10
Mahu2021: posts big blind 20
*** HOLE CARDS ***
Dealt to Mahu2021 [5c Jc]
BulletBest: raises 20 to 40
xguirosa: calls 30
Mahu2021: calls 20
*** FLOP *** [6h 9c 3d]
xguirosa: checks 
Mahu2021: checks 
BulletBest: checks 
*** TURN *** [6h 9c 3d] [As]
xguirosa: checks 
Mahu2021: checks 
BulletBest: checks 
*** RIVER *** [6h 9c 3d As] [6c]
xguirosa: checks 
Mahu2021: checks 
BulletBest: checks 
*** SHOW DOWN ***
xguirosa: shows [7d 8s] (a pair of Sixes)
Mahu2021: shows [5c Jc] (a pair of Sixes - Ace+Jack kicker)
BulletBest: shows [Qc Td] (a pair of Sixes - Ace+Queen kicker)
BulletBest collected 120 from pot
*** SUMMARY ***
Total pot 120 | Rake 0 
Board [6h 9c 3d As 6c]
Seat 1: BulletBest (button) showed [Qc Td] and won (120) with a pair of Sixes
Seat 2: xguirosa (small blind) showed [7d 8s] and lost with a pair of Sixes
Seat 3: Mahu2021 (big blind) showed [5c Jc] and lost with a pair of Sixes



PokerStars Hand #243030444031: Tournament #3576083308, $0.92+$0.08 USD Hold'em No Limit - Level I (10/20) - 2023/04/11 20:51:16 CET [2023/04/11 14:51:16 ET]
Table '3576083308 1' 3-max Seat #2 is the button
Seat 1: BulletBest (580 in chips) 
Seat 2: xguirosa (460 in chips) 
Seat 3: Mahu2021 (460 in chips) 
Mahu2021: posts small blind 10
BulletBest: posts big blind 20
*** HOLE CARDS ***
Dealt to Mahu2021 [3h 4c]
xguirosa: folds 
Mahu2021: folds 
Uncalled bet (10) returned to BulletBest
BulletBest collected 20 from pot
*** SUMMARY ***
Total pot 20 | Rake 0 
Seat 1: BulletBest (big blind) collected (20)
Seat 2: xguirosa (button) folded before Flop (didn't bet)
Seat 3: Mahu2021 (small blind) folded before Flop



PokerStars Hand #243030446882: Tournament #3576083308, $0.92+$0.08 USD Hold'em No Limit - Level I (10/20) - 2023/04/11 20:51:24 CET [2023/04/11 14:51:24 ET]
Table '3576083308 1' 3-max Seat #3 is the button
Seat 1: BulletBest (590 in chips) 
Seat 2: xguirosa (460 in chips) 
Seat 3: Mahu2021 (450 in chips) 
BulletBest: posts small blind 10
xguirosa: posts big blind 20
*** HOLE CARDS ***
Dealt to Mahu2021 [4h 4c]
Mahu2021: raises 430 to 450 and is all-in
BulletBest: folds 
xguirosa: folds 
Uncalled bet (430) returned to Mahu2021
Mahu2021 collected 50 from pot
Mahu2021: doesn't show hand 
*** SUMMARY ***
Total pot 50 | Rake 0 
Seat 1: BulletBest (small blind) folded before Flop
Seat 2: xguirosa (big blind) folded before Flop
Seat 3: Mahu2021 (button) collected (50)



PokerStars Hand #243030451771: Tournament #3576083308, $0.92+$0.08 USD Hold'em No Limit - Level I (10/20) - 2023/04/11 20:51:37 CET [2023/04/11 14:51:37 ET]
Table '3576083308 1' 3-max Seat #1 is the button
Seat 1: BulletBest (580 in chips) 
Seat 2: xguirosa (440 in chips) 
Seat 3: Mahu2021 (480 in chips) 
xguirosa: posts small blind 10
Mahu2021: posts big blind 20
*** HOLE CARDS ***
Dealt to Mahu2021 [8c Th]
BulletBest: folds 
xguirosa: calls 10
Mahu2021: checks 
*** FLOP *** [4c 6s 4h]
xguirosa: checks 
Mahu2021: checks 
*** TURN *** [4c 6s 4h] [Js]
xguirosa: checks 
Mahu2021: checks 
*** RIVER *** [4c 6s 4h Js] [6c]
xguirosa: checks 
Mahu2021: checks 
*** SHOW DOWN ***
xguirosa: shows [2h Kh] (two pair, Sixes and Fours)
Mahu2021: mucks hand 
xguirosa collected 40 from pot
*** SUMMARY ***
Total pot 40 | Rake 0 
Board [4c 6s 4h Js 6c]
Seat 1: BulletBest (button) folded before Flop (didn't bet)
Seat 2: xguirosa (small blind) showed [2h Kh] and won (40) with two pair, Sixes and Fours
Seat 3: Mahu2021 (big blind) mucked [8c Th]



PokerStars Hand #243030460730: Tournament #3576083308, $0.92+$0.08 USD Hold'em No Limit - Level I (10/20) - 2023/04/11 20:52:01 CET [2023/04/11 14:52:01 ET]
Table '3576083308 1' 3-max Seat #2 is the button
Seat 1: BulletBest (580 in chips) 
Seat 2: xguirosa (460 in chips) 
Seat 3: Mahu2021 (460 in chips) 
Mahu2021: posts small blind 10
BulletBest: posts big blind 20
*** HOLE CARDS ***
Dealt to Mahu2021 [Jh 7h]
xguirosa: calls 20
Mahu2021: calls 10
BulletBest: raises 60 to 80
xguirosa: folds 
Mahu2021: folds 
Uncalled bet (60) returned to BulletBest
BulletBest collected 60 from pot
*** SUMMARY ***
Total pot 60 | Rake 0 
Seat 1: BulletBest (big blind) collected (60)
Seat 2: xguirosa (button) folded before Flop
Seat 3: Mahu2021 (small blind) folded before Flop



PokerStars Hand #243030468281: Tournament #3576083308, $0.92+$0.08 USD Hold'em No Limit - Level I (10/20) - 2023/04/11 20:52:22 CET [2023/04/11 14:52:22 ET]
Table '3576083308 1' 3-max Seat #3 is the button
Seat 1: BulletBest (620 in chips) 
Seat 2: xguirosa (440 in chips) 
Seat 3: Mahu2021 (440 in chips) 
BulletBest: posts small blind 10
xguirosa: posts big blind 20
*** HOLE CARDS ***
Dealt to Mahu2021 [2c 2s]
Mahu2021: raises 420 to 440 and is all-in
BulletBest: raises 180 to 620 and is all-in
xguirosa: folds 
Uncalled bet (180) returned to BulletBest
*** FLOP *** [6d 8c Ks]
*** TURN *** [6d 8c Ks] [2h]
*** RIVER *** [6d 8c Ks 2h] [7h]
*** SHOW DOWN ***
BulletBest: shows [Jh Ad] (high card Ace)
Mahu2021: shows [2c 2s] (three of a kind, Deuces)
Mahu2021 collected 900 from pot
*** SUMMARY ***
Total pot 900 | Rake 0 
Board [6d 8c Ks 2h 7h]
Seat 1: BulletBest (small blind) showed [Jh Ad] and lost with high card Ace
Seat 2: xguirosa (big blind) folded before Flop
Seat 3: Mahu2021 (button) showed [2c 2s] and won (900) with three of a kind, Deuces



PokerStars Hand #243030474740: Tournament #3576083308, $0.92+$0.08 USD Hold'em No Limit - Level I (10/20) - 2023/04/11 20:52:39 CET [2023/04/11 14:52:39 ET]
Table '3576083308 1' 3-max Seat #1 is the button
Seat 1: BulletBest (180 in chips) 
Seat 2: xguirosa (420 in chips) 
Seat 3: Mahu2021 (900 in chips) 
xguirosa: posts small blind 10
Mahu2021: posts big blind 20
*** HOLE CARDS ***
Dealt to Mahu2021 [3c Qd]
BulletBest: folds 
xguirosa: raises 20 to 40
Mahu2021: folds 
Uncalled bet (20) returned to xguirosa
xguirosa collected 40 from pot
*** SUMMARY ***
Total pot 40 | Rake 0 
Seat 1: BulletBest (button) folded before Flop (didn't bet)
Seat 2: xguirosa (small blind) collected (40)
Seat 3: Mahu2021 (big blind) folded before Flop



PokerStars Hand #243030478767: Tournament #3576083308, $0.92+$0.08 USD Hold'em No Limit - Level I (10/20) - 2023/04/11 20:52:50 CET [2023/04/11 14:52:50 ET]
Table '3576083308 1' 3-max Seat #2 is the button
Seat 1: BulletBest (180 in chips) 
Seat 2: xguirosa (440 in chips) 
Seat 3: Mahu2021 (880 in chips) 
Mahu2021: posts small blind 10
BulletBest: posts big blind 20
*** HOLE CARDS ***
Dealt to Mahu2021 [2d Jc]
xguirosa: calls 20
Mahu2021: folds 
BulletBest: checks 
*** FLOP *** [Tc 3d 8s]
BulletBest: bets 40
xguirosa: raises 40 to 80
BulletBest: raises 80 to 160 and is all-in
xguirosa: calls 80
*** TURN *** [Tc 3d 8s] [2c]
*** RIVER *** [Tc 3d 8s 2c] [6c]
*** SHOW DOWN ***
BulletBest: shows [3s 8h] (two pair, Eights and Threes)
xguirosa: shows [Ts 7h] (a pair of Tens)
BulletBest collected 370 from pot
*** SUMMARY ***
Total pot 370 | Rake 0 
Board [Tc 3d 8s 2c 6c]
Seat 1: BulletBest (big blind) showed [3s 8h] and won (370) with two pair, Eights and Threes
Seat 2: xguirosa (button) showed [Ts 7h] and lost with a pair of Tens
Seat 3: Mahu2021 (small blind) folded before Flop



PokerStars Hand #243030489045: Tournament #3576083308, $0.92+$0.08 USD Hold'em No Limit - Level I (10/20) - 2023/04/11 20:53:18 CET [2023/04/11 14:53:18 ET]
Table '3576083308 1' 3-max Seat #3 is the button
Seat 1: BulletBest (370 in chips) 
Seat 2: xguirosa (260 in chips) 
Seat 3: Mahu2021 (870 in chips) 
BulletBest: posts small blind 10
xguirosa: posts big blind 20
*** HOLE CARDS ***
Dealt to Mahu2021 [3d Ts]
Mahu2021: folds 
BulletBest: folds 
Uncalled bet (10) returned to xguirosa
xguirosa collected 20 from pot
*** SUMMARY ***
Total pot 20 | Rake 0 
Seat 1: BulletBest (small blind) folded before Flop
Seat 2: xguirosa (big blind) collected (20)
Seat 3: Mahu2021 (button) folded before Flop (didn't bet)



PokerStars Hand #243030496062: Tournament #3576083308, $0.92+$0.08 USD Hold'em No Limit - Level I (10/20) - 2023/04/11 20:53:37 CET [2023/04/11 14:53:37 ET]
Table '3576083308 1' 3-max Seat #1 is the button
Seat 1: BulletBest (360 in chips) 
Seat 2: xguirosa (270 in chips) 
Seat 3: Mahu2021 (870 in chips) 
xguirosa: posts small blind 10
Mahu2021: posts big blind 20
*** HOLE CARDS ***
Dealt to Mahu2021 [Ad 5s]
BulletBest: calls 20
xguirosa: calls 10
Mahu2021: checks 
*** FLOP *** [5d Qh 6h]
xguirosa: checks 
Mahu2021: checks 
BulletBest: bets 40
xguirosa: calls 40
Mahu2021: folds 
*** TURN *** [5d Qh 6h] [Js]
xguirosa: checks 
BulletBest: checks 
*** RIVER *** [5d Qh 6h Js] [As]
xguirosa: checks 
BulletBest: checks 
*** SHOW DOWN ***
xguirosa: shows [9s 3c] (high card Ace)
BulletBest: shows [6s 4h] (a pair of Sixes)
BulletBest collected 140 from pot
*** SUMMARY ***
Total pot 140 | Rake 0 
Board [5d Qh 6h Js As]
Seat 1: BulletBest (button) showed [6s 4h] and won (140) with a pair of Sixes
Seat 2: xguirosa (small blind) showed [9s 3c] and lost with high card Ace
Seat 3: Mahu2021 (big blind) folded on the Flop



PokerStars Hand #243030509699: Tournament #3576083308, $0.92+$0.08 USD Hold'em No Limit - Level II (15/30) - 2023/04/11 20:54:14 CET [2023/04/11 14:54:14 ET]
Table '3576083308 1' 3-max Seat #2 is the button
Seat 1: BulletBest (440 in chips) 
Seat 2: xguirosa (210 in chips) 
Seat 3: Mahu2021 (850 in chips) 
Mahu2021: posts small blind 15
BulletBest: posts big blind 30
*** HOLE CARDS ***
Dealt to Mahu2021 [5d Jh]
xguirosa: folds 
Mahu2021: calls 15
BulletBest: checks 
*** FLOP *** [9d Kd Kh]
Mahu2021: bets 30
BulletBest: folds 
Uncalled bet (30) returned to Mahu2021
Mahu2021 collected 60 from pot
Mahu2021: doesn't show hand 
*** SUMMARY ***
Total pot 60 | Rake 0 
Board [9d Kd Kh]
Seat 1: BulletBest (big blind) folded on the Flop
Seat 2: xguirosa (button) folded before Flop (didn't bet)
Seat 3: Mahu2021 (small blind) collected (60)



PokerStars Hand #243030520096: Tournament #3576083308, $0.92+$0.08 USD Hold'em No Limit - Level II (15/30) - 2023/04/11 20:54:43 CET [2023/04/11 14:54:43 ET]
Table '3576083308 1' 3-max Seat #3 is the button
Seat 1: BulletBest (410 in chips) 
Seat 2: xguirosa (210 in chips) 
Seat 3: Mahu2021 (880 in chips) 
BulletBest: posts small blind 15
xguirosa: posts big blind 30
*** HOLE CARDS ***
Dealt to Mahu2021 [Qc Jh]
Mahu2021: calls 30
BulletBest: folds 
xguirosa: checks 
*** FLOP *** [8d 4d Kd]
xguirosa: checks 
Mahu2021: checks 
*** TURN *** [8d 4d Kd] [9c]
xguirosa: bets 30
Mahu2021: calls 30
*** RIVER *** [8d 4d Kd 9c] [3d]
xguirosa: bets 90
Mahu2021: folds 
Uncalled bet (90) returned to xguirosa
xguirosa collected 135 from pot
*** SUMMARY ***
Total pot 135 | Rake 0 
Board [8d 4d Kd 9c 3d]
Seat 1: BulletBest (small blind) folded before Flop
Seat 2: xguirosa (big blind) collected (135)
Seat 3: Mahu2021 (button) folded on the River



PokerStars Hand #243030528007: Tournament #3576083308, $0.92+$0.08 USD Hold'em No Limit - Level II (15/30) - 2023/04/11 20:55:04 CET [2023/04/11 14:55:04 ET]
Table '3576083308 1' 3-max Seat #1 is the button
Seat 1: BulletBest (395 in chips) 
Seat 2: xguirosa (285 in chips) 
Seat 3: Mahu2021 (820 in chips) 
xguirosa: posts small blind 15
Mahu2021: posts big blind 30
*** HOLE CARDS ***
Dealt to Mahu2021 [9s Kh]
BulletBest: calls 30
xguirosa: calls 15
Mahu2021: checks 
*** FLOP *** [Jh 3s 2c]
xguirosa: checks 
Mahu2021: checks 
BulletBest: bets 90
xguirosa: folds 
Mahu2021: folds 
Uncalled bet (90) returned to BulletBest
BulletBest collected 90 from pot
*** SUMMARY ***
Total pot 90 | Rake 0 
Board [Jh 3s 2c]
Seat 1: BulletBest (button) collected (90)
Seat 2: xguirosa (small blind) folded on the Flop
Seat 3: Mahu2021 (big blind) folded on the Flop



PokerStars Hand #243030537284: Tournament #3576083308, $0.92+$0.08 USD Hold'em No Limit - Level II (15/30) - 2023/04/11 20:55:35 CET [2023/04/11 14:55:35 ET]
Table '3576083308 1' 3-max Seat #2 is the button
Seat 1: BulletBest (455 in chips) 
Seat 2: xguirosa (255 in chips) 
Seat 3: Mahu2021 (790 in chips) 
Mahu2021: posts small blind 15
BulletBest: posts big blind 30
*** HOLE CARDS ***
Dealt to Mahu2021 [Jh Kd]
xguirosa: calls 30
Mahu2021: calls 15
BulletBest: checks 
*** FLOP *** [Ad Kh 8c]
Mahu2021: checks 
BulletBest: checks 
xguirosa: checks 
*** TURN *** [Ad Kh 8c] [Qc]
Mahu2021: checks 
BulletBest: checks 
xguirosa: checks 
*** RIVER *** [Ad Kh 8c Qc] [Ks]
Mahu2021: bets 90
BulletBest: folds 
xguirosa: folds 
Uncalled bet (90) returned to Mahu2021
Mahu2021 collected 90 from pot
Mahu2021: doesn't show hand 
*** SUMMARY ***
Total pot 90 | Rake 0 
Board [Ad Kh 8c Qc Ks]
Seat 1: BulletBest (big blind) folded on the River
Seat 2: xguirosa (button) folded on the River
Seat 3: Mahu2021 (small blind) collected (90)



PokerStars Hand #243030549834: Tournament #3576083308, $0.92+$0.08 USD Hold'em No Limit - Level II (15/30) - 2023/04/11 20:56:21 CET [2023/04/11 14:56:21 ET]
Table '3576083308 1' 3-max Seat #3 is the button
Seat 1: BulletBest (425 in chips) 
Seat 2: xguirosa (225 in chips) 
Seat 3: Mahu2021 (850 in chips) 
BulletBest: posts small blind 15
xguirosa: posts big blind 30
*** HOLE CARDS ***
Dealt to Mahu2021 [Jc 5c]
Mahu2021: calls 30
BulletBest: calls 15
xguirosa: raises 30 to 60
Mahu2021: calls 30
BulletBest: calls 30
*** FLOP *** [8d 2c 3h]
BulletBest: checks 
xguirosa: checks 
Mahu2021: checks 
*** TURN *** [8d 2c 3h] [7h]
BulletBest: bets 120
xguirosa: calls 120
Mahu2021: folds 
*** RIVER *** [8d 2c 3h 7h] [Th]
BulletBest: checks 
xguirosa: checks 
*** SHOW DOWN ***
BulletBest: shows [Qd 7d] (a pair of Sevens)
xguirosa: mucks hand 
BulletBest collected 420 from pot
*** SUMMARY ***
Total pot 420 | Rake 0 
Board [8d 2c 3h 7h Th]
Seat 1: BulletBest (small blind) showed [Qd 7d] and won (420) with a pair of Sevens
Seat 2: xguirosa (big blind) mucked [Js 2s]
Seat 3: Mahu2021 (button) folded on the Turn



PokerStars Hand #243030566072: Tournament #3576083308, $0.92+$0.08 USD Hold'em No Limit - Level III (20/40) - 2023/04/11 20:57:19 CET [2023/04/11 14:57:19 ET]
Table '3576083308 1' 3-max Seat #1 is the button
Seat 1: BulletBest (665 in chips) 
Seat 2: xguirosa (45 in chips) 
Seat 3: Mahu2021 (790 in chips) 
xguirosa: posts small blind 20
Mahu2021: posts big blind 40
*** HOLE CARDS ***
Dealt to Mahu2021 [Jc 4h]
BulletBest: folds 
xguirosa: calls 20
Mahu2021: checks 
*** FLOP *** [Kd Ad 3c]
xguirosa: checks 
Mahu2021: checks 
*** TURN *** [Kd Ad 3c] [Ah]
xguirosa: checks 
Mahu2021: checks 
*** RIVER *** [Kd Ad 3c Ah] [9d]
xguirosa: checks 
Mahu2021: checks 
*** SHOW DOWN ***
xguirosa: shows [8h Js] (a pair of Aces)
Mahu2021: shows [Jc 4h] (a pair of Aces)
xguirosa collected 40 from pot
Mahu2021 collected 40 from pot
*** SUMMARY ***
Total pot 80 | Rake 0 
Board [Kd Ad 3c Ah 9d]
Seat 1: BulletBest (button) folded before Flop (didn't bet)
Seat 2: xguirosa (small blind) showed [8h Js] and won (40) with a pair of Aces
Seat 3: Mahu2021 (big blind) showed [Jc 4h] and won (40) with a pair of Aces



PokerStars Hand #243030572399: Tournament #3576083308, $0.92+$0.08 USD Hold'em No Limit - Level III (20/40) - 2023/04/11 20:57:42 CET [2023/04/11 14:57:42 ET]
Table '3576083308 1' 3-max Seat #2 is the button
Seat 1: BulletBest (665 in chips) 
Seat 2: xguirosa (45 in chips) 
Seat 3: Mahu2021 (790 in chips) 
Mahu2021: posts small blind 20
BulletBest: posts big blind 40
*** HOLE CARDS ***
Dealt to Mahu2021 [6h 9d]
xguirosa: raises 5 to 45 and is all-in
Mahu2021: folds 
BulletBest: calls 5
*** FLOP *** [7d 3h 6s]
*** TURN *** [7d 3h 6s] [9c]
*** RIVER *** [7d 3h 6s 9c] [2s]
*** SHOW DOWN ***
BulletBest: shows [Th Kh] (high card King)
xguirosa: shows [As Jh] (high card Ace)
xguirosa collected 110 from pot
*** SUMMARY ***
Total pot 110 | Rake 0 
Board [7d 3h 6s 9c 2s]
Seat 1: BulletBest (big blind) showed [Th Kh] and lost with high card King
Seat 2: xguirosa (button) showed [As Jh] and won (110) with high card Ace
Seat 3: Mahu2021 (small blind) folded before Flop



PokerStars Hand #243030576062: Tournament #3576083308, $0.92+$0.08 USD Hold'em No Limit - Level III (20/40) - 2023/04/11 20:57:56 CET [2023/04/11 14:57:56 ET]
Table '3576083308 1' 3-max Seat #3 is the button
Seat 1: BulletBest (620 in chips) 
Seat 2: xguirosa (110 in chips) 
Seat 3: Mahu2021 (770 in chips) 
BulletBest: posts small blind 20
xguirosa: posts big blind 40
*** HOLE CARDS ***
Dealt to Mahu2021 [Ac Kd]
Mahu2021: raises 80 to 120
BulletBest: folds 
xguirosa: folds 
Uncalled bet (80) returned to Mahu2021
Mahu2021 collected 100 from pot
Mahu2021: doesn't show hand 
*** SUMMARY ***
Total pot 100 | Rake 0 
Seat 1: BulletBest (small blind) folded before Flop
Seat 2: xguirosa (big blind) folded before Flop
Seat 3: Mahu2021 (button) collected (100)



PokerStars Hand #243030578928: Tournament #3576083308, $0.92+$0.08 USD Hold'em No Limit - Level III (20/40) - 2023/04/11 20:58:06 CET [2023/04/11 14:58:06 ET]
Table '3576083308 1' 3-max Seat #1 is the button
Seat 1: BulletBest (600 in chips) 
Seat 2: xguirosa (70 in chips) 
Seat 3: Mahu2021 (830 in chips) 
xguirosa: posts small blind 20
Mahu2021: posts big blind 40
*** HOLE CARDS ***
Dealt to Mahu2021 [7h 6h]
BulletBest: calls 40
xguirosa: raises 30 to 70 and is all-in
Mahu2021: calls 30
BulletBest has timed out
BulletBest: folds 
BulletBest is sitting out
*** FLOP *** [3c 9c 6s]
*** TURN *** [3c 9c 6s] [2d]
*** RIVER *** [3c 9c 6s 2d] [Td]
*** SHOW DOWN ***
xguirosa: shows [Qc 2c] (a pair of Deuces)
Mahu2021: shows [7h 6h] (a pair of Sixes)
Mahu2021 collected 180 from pot
xguirosa finished the tournament in 3rd place
*** SUMMARY ***
Total pot 180 | Rake 0 
Board [3c 9c 6s 2d Td]
Seat 1: BulletBest (button) folded before Flop
Seat 2: xguirosa (small blind) showed [Qc 2c] and lost with a pair of Deuces
Seat 3: Mahu2021 (big blind) showed [7h 6h] and won (180) with a pair of Sixes



PokerStars Hand #243030589318: Tournament #3576083308, $0.92+$0.08 USD Hold'em No Limit - Level III (20/40) - 2023/04/11 20:58:44 CET [2023/04/11 14:58:44 ET]
Table '3576083308 1' 3-max Seat #3 is the button
Seat 1: BulletBest (560 in chips) is sitting out
Seat 3: Mahu2021 (940 in chips) 
Mahu2021: posts small blind 20
BulletBest: posts big blind 40
*** HOLE CARDS ***
Dealt to Mahu2021 [7s 8d]
BulletBest has returned
Mahu2021: raises 40 to 80
BulletBest: calls 40
*** FLOP *** [Td 6c Kc]
BulletBest: bets 53
Mahu2021: calls 53
*** TURN *** [Td 6c Kc] [Qc]
BulletBest: checks 
Mahu2021: bets 266
BulletBest: folds 
Uncalled bet (266) returned to Mahu2021
Mahu2021 collected 266 from pot
Mahu2021: doesn't show hand 
*** SUMMARY ***
Total pot 266 | Rake 0 
Board [Td 6c Kc Qc]
Seat 1: BulletBest (big blind) folded on the Turn
Seat 3: Mahu2021 (button) (small blind) collected (266)



PokerStars Hand #243030594997: Tournament #3576083308, $0.92+$0.08 USD Hold'em No Limit - Level III (20/40) - 2023/04/11 20:59:05 CET [2023/04/11 14:59:05 ET]
Table '3576083308 1' 3-max Seat #1 is the button
Seat 1: BulletBest (427 in chips) 
Seat 3: Mahu2021 (1073 in chips) 
BulletBest: posts small blind 20
Mahu2021: posts big blind 40
*** HOLE CARDS ***
Dealt to Mahu2021 [Jd 4h]
BulletBest: calls 20
Mahu2021: checks 
*** FLOP *** [7c 8d Kc]
Mahu2021: checks 
BulletBest: bets 40
Mahu2021: folds 
Uncalled bet (40) returned to BulletBest
BulletBest collected 80 from pot
*** SUMMARY ***
Total pot 80 | Rake 0 
Board [7c 8d Kc]
Seat 1: BulletBest (button) (small blind) collected (80)
Seat 3: Mahu2021 (big blind) folded on the Flop



PokerStars Hand #243030598765: Tournament #3576083308, $0.92+$0.08 USD Hold'em No Limit - Level III (20/40) - 2023/04/11 20:59:19 CET [2023/04/11 14:59:19 ET]
Table '3576083308 1' 3-max Seat #3 is the button
Seat 1: BulletBest (467 in chips) 
Seat 3: Mahu2021 (1033 in chips) 
Mahu2021: posts small blind 20
BulletBest: posts big blind 40
*** HOLE CARDS ***
Dealt to Mahu2021 [3c 8s]
Mahu2021: folds 
Uncalled bet (20) returned to BulletBest
BulletBest collected 40 from pot
*** SUMMARY ***
Total pot 40 | Rake 0 
Seat 1: BulletBest (big blind) collected (40)
Seat 3: Mahu2021 (button) (small blind) folded before Flop



PokerStars Hand #243030600122: Tournament #3576083308, $0.92+$0.08 USD Hold'em No Limit - Level III (20/40) - 2023/04/11 20:59:24 CET [2023/04/11 14:59:24 ET]
Table '3576083308 1' 3-max Seat #1 is the button
Seat 1: BulletBest (487 in chips) 
Seat 3: Mahu2021 (1013 in chips) 
BulletBest: posts small blind 20
Mahu2021: posts big blind 40
*** HOLE CARDS ***
Dealt to Mahu2021 [6h Ac]
BulletBest: raises 447 to 487 and is all-in
Mahu2021: folds 
Uncalled bet (447) returned to BulletBest
BulletBest collected 80 from pot
*** SUMMARY ***
Total pot 80 | Rake 0 
Seat 1: BulletBest (button) (small blind) collected (80)
Seat 3: Mahu2021 (big blind) folded before Flop



PokerStars Hand #243030602775: Tournament #3576083308, $0.92+$0.08 USD Hold'em No Limit - Level III (20/40) - 2023/04/11 20:59:34 CET [2023/04/11 14:59:34 ET]
Table '3576083308 1' 3-max Seat #3 is the button
Seat 1: BulletBest (527 in chips) 
Seat 3: Mahu2021 (973 in chips) 
Mahu2021: posts small blind 20
BulletBest: posts big blind 40
*** HOLE CARDS ***
Dealt to Mahu2021 [5d 9s]
Mahu2021: folds 
Uncalled bet (20) returned to BulletBest
BulletBest collected 40 from pot
*** SUMMARY ***
Total pot 40 | Rake 0 
Seat 1: BulletBest (big blind) collected (40)
Seat 3: Mahu2021 (button) (small blind) folded before Flop



PokerStars Hand #243030604033: Tournament #3576083308, $0.92+$0.08 USD Hold'em No Limit - Level III (20/40) - 2023/04/11 20:59:38 CET [2023/04/11 14:59:38 ET]
Table '3576083308 1' 3-max Seat #1 is the button
Seat 1: BulletBest (547 in chips) 
Seat 3: Mahu2021 (953 in chips) 
BulletBest: posts small blind 20
Mahu2021: posts big blind 40
*** HOLE CARDS ***
Dealt to Mahu2021 [Kc 8s]
BulletBest: calls 20
Mahu2021: checks 
*** FLOP *** [3s 3d 9h]
Mahu2021: checks 
BulletBest: checks 
*** TURN *** [3s 3d 9h] [8d]
Mahu2021: bets 40
BulletBest: calls 40
*** RIVER *** [3s 3d 9h 8d] [Kh]
Mahu2021: bets 160
BulletBest: calls 160
*** SHOW DOWN ***
Mahu2021: shows [Kc 8s] (two pair, Kings and Eights)
BulletBest: mucks hand 
Mahu2021 collected 480 from pot
*** SUMMARY ***
Total pot 480 | Rake 0 
Board [3s 3d 9h 8d Kh]
Seat 1: BulletBest (button) (small blind) mucked [Kd 5s]
Seat 3: Mahu2021 (big blind) showed [Kc 8s] and won (480) with two pair, Kings and Eights



PokerStars Hand #243030610966: Tournament #3576083308, $0.92+$0.08 USD Hold'em No Limit - Level IV (30/60) - 2023/04/11 21:00:03 CET [2023/04/11 15:00:03 ET]
Table '3576083308 1' 3-max Seat #3 is the button
Seat 1: BulletBest (307 in chips) 
Seat 3: Mahu2021 (1193 in chips) 
Mahu2021: posts small blind 30
BulletBest: posts big blind 60
*** HOLE CARDS ***
Dealt to Mahu2021 [Ks 8c]
Mahu2021: raises 1133 to 1193 and is all-in
BulletBest: folds 
Uncalled bet (1133) returned to Mahu2021
Mahu2021 collected 120 from pot
Mahu2021: doesn't show hand 
*** SUMMARY ***
Total pot 120 | Rake 0 
Seat 1: BulletBest (big blind) folded before Flop
Seat 3: Mahu2021 (button) (small blind) collected (120)



PokerStars Hand #243030612863: Tournament #3576083308, $0.92+$0.08 USD Hold'em No Limit - Level IV (30/60) - 2023/04/11 21:00:10 CET [2023/04/11 15:00:10 ET]
Table '3576083308 1' 3-max Seat #1 is the button
Seat 1: BulletBest (247 in chips) 
Seat 3: Mahu2021 (1253 in chips) 
BulletBest: posts small blind 30
Mahu2021: posts big blind 60
*** HOLE CARDS ***
Dealt to Mahu2021 [Js Kh]
BulletBest: folds 
Uncalled bet (30) returned to Mahu2021
Mahu2021 collected 60 from pot
Mahu2021: doesn't show hand 
*** SUMMARY ***
Total pot 60 | Rake 0 
Seat 1: BulletBest (button) (small blind) folded before Flop
Seat 3: Mahu2021 (big blind) collected (60)



PokerStars Hand #243030614100: Tournament #3576083308, $0.92+$0.08 USD Hold'em No Limit - Level IV (30/60) - 2023/04/11 21:00:14 CET [2023/04/11 15:00:14 ET]
Table '3576083308 1' 3-max Seat #3 is the button
Seat 1: BulletBest (217 in chips) 
Seat 3: Mahu2021 (1283 in chips) 
Mahu2021: posts small blind 30
BulletBest: posts big blind 60
*** HOLE CARDS ***
Dealt to Mahu2021 [8d 7c]
Mahu2021: raises 1223 to 1283 and is all-in
BulletBest: calls 157 and is all-in
Uncalled bet (1066) returned to Mahu2021
*** FLOP *** [Kd Td As]
*** TURN *** [Kd Td As] [Kh]
*** RIVER *** [Kd Td As Kh] [4s]
*** SHOW DOWN ***
BulletBest: shows [5s 5h] (two pair, Kings and Fives)
Mahu2021: shows [8d 7c] (a pair of Kings)
BulletBest collected 434 from pot
*** SUMMARY ***
Total pot 434 | Rake 0 
Board [Kd Td As Kh 4s]
Seat 1: BulletBest (big blind) showed [5s 5h] and won (434) with two pair, Kings and Fives
Seat 3: Mahu2021 (button) (small blind) showed [8d 7c] and lost with a pair of Kings



PokerStars Hand #243030617671: Tournament #3576083308, $0.92+$0.08 USD Hold'em No Limit - Level IV (30/60) - 2023/04/11 21:00:27 CET [2023/04/11 15:00:27 ET]
Table '3576083308 1' 3-max Seat #1 is the button
Seat 1: BulletBest (434 in chips) 
Seat 3: Mahu2021 (1066 in chips) 
BulletBest: posts small blind 30
Mahu2021: posts big blind 60
*** HOLE CARDS ***
Dealt to Mahu2021 [4d 2h]
BulletBest: raises 374 to 434 and is all-in
Mahu2021: folds 
Uncalled bet (374) returned to BulletBest
BulletBest collected 120 from pot
*** SUMMARY ***
Total pot 120 | Rake 0 
Seat 1: BulletBest (button) (small blind) collected (120)
Seat 3: Mahu2021 (big blind) folded before Flop



PokerStars Hand #243030619558: Tournament #3576083308, $0.92+$0.08 USD Hold'em No Limit - Level IV (30/60) - 2023/04/11 21:00:33 CET [2023/04/11 15:00:33 ET]
Table '3576083308 1' 3-max Seat #3 is the button
Seat 1: BulletBest (494 in chips) 
Seat 3: Mahu2021 (1006 in chips) 
Mahu2021: posts small blind 30
BulletBest: posts big blind 60
*** HOLE CARDS ***
Dealt to Mahu2021 [4c Jh]
Mahu2021: folds 
Uncalled bet (30) returned to BulletBest
BulletBest collected 60 from pot
*** SUMMARY ***
Total pot 60 | Rake 0 
Seat 1: BulletBest (big blind) collected (60)
Seat 3: Mahu2021 (button) (small blind) folded before Flop



PokerStars Hand #243030620847: Tournament #3576083308, $0.92+$0.08 USD Hold'em No Limit - Level IV (30/60) - 2023/04/11 21:00:38 CET [2023/04/11 15:00:38 ET]
Table '3576083308 1' 3-max Seat #1 is the button
Seat 1: BulletBest (524 in chips) 
Seat 3: Mahu2021 (976 in chips) 
BulletBest: posts small blind 30
Mahu2021: posts big blind 60
*** HOLE CARDS ***
Dealt to Mahu2021 [Ks 9c]
BulletBest: folds 
Uncalled bet (30) returned to Mahu2021
Mahu2021 collected 60 from pot
Mahu2021: doesn't show hand 
*** SUMMARY ***
Total pot 60 | Rake 0 
Seat 1: BulletBest (button) (small blind) folded before Flop
Seat 3: Mahu2021 (big blind) collected (60)



PokerStars Hand #243030622106: Tournament #3576083308, $0.92+$0.08 USD Hold'em No Limit - Level IV (30/60) - 2023/04/11 21:00:42 CET [2023/04/11 15:00:42 ET]
Table '3576083308 1' 3-max Seat #3 is the button
Seat 1: BulletBest (494 in chips) 
Seat 3: Mahu2021 (1006 in chips) 
Mahu2021: posts small blind 30
BulletBest: posts big blind 60
*** HOLE CARDS ***
Dealt to Mahu2021 [5h Ah]
Mahu2021: raises 946 to 1006 and is all-in
BulletBest: folds 
Uncalled bet (946) returned to Mahu2021
Mahu2021 collected 120 from pot
Mahu2021: doesn't show hand 
*** SUMMARY ***
Total pot 120 | Rake 0 
Seat 1: BulletBest (big blind) folded before Flop
Seat 3: Mahu2021 (button) (small blind) collected (120)



PokerStars Hand #243030623951: Tournament #3576083308, $0.92+$0.08 USD Hold'em No Limit - Level IV (30/60) - 2023/04/11 21:00:49 CET [2023/04/11 15:00:49 ET]
Table '3576083308 1' 3-max Seat #1 is the button
Seat 1: BulletBest (434 in chips) 
Seat 3: Mahu2021 (1066 in chips) 
BulletBest: posts small blind 30
Mahu2021: posts big blind 60
*** HOLE CARDS ***
Dealt to Mahu2021 [Jc 9c]
BulletBest: calls 30
Mahu2021: checks 
*** FLOP *** [Qh Ac 3s]
Mahu2021: checks 
BulletBest: checks 
*** TURN *** [Qh Ac 3s] [7s]
Mahu2021: checks 
BulletBest: checks 
*** RIVER *** [Qh Ac 3s 7s] [Kh]
Mahu2021: checks 
BulletBest: bets 374 and is all-in
Mahu2021: folds 
Uncalled bet (374) returned to BulletBest
BulletBest collected 120 from pot
*** SUMMARY ***
Total pot 120 | Rake 0 
Board [Qh Ac 3s 7s Kh]
Seat 1: BulletBest (button) (small blind) collected (120)
Seat 3: Mahu2021 (big blind) folded on the River



PokerStars Hand #243030628299: Tournament #3576083308, $0.92+$0.08 USD Hold'em No Limit - Level IV (30/60) - 2023/04/11 21:01:04 CET [2023/04/11 15:01:04 ET]
Table '3576083308 1' 3-max Seat #3 is the button
Seat 1: BulletBest (494 in chips) 
Seat 3: Mahu2021 (1006 in chips) 
Mahu2021: posts small blind 30
BulletBest: posts big blind 60
*** HOLE CARDS ***
Dealt to Mahu2021 [Ts Ah]
Mahu2021: raises 946 to 1006 and is all-in
BulletBest: folds 
Uncalled bet (946) returned to Mahu2021
Mahu2021 collected 120 from pot
Mahu2021: doesn't show hand 
*** SUMMARY ***
Total pot 120 | Rake 0 
Seat 1: BulletBest (big blind) folded before Flop
Seat 3: Mahu2021 (button) (small blind) collected (120)



PokerStars Hand #243030631233: Tournament #3576083308, $0.92+$0.08 USD Hold'em No Limit - Level IV (30/60) - 2023/04/11 21:01:13 CET [2023/04/11 15:01:13 ET]
Table '3576083308 1' 3-max Seat #1 is the button
Seat 1: BulletBest (434 in chips) 
Seat 3: Mahu2021 (1066 in chips) 
BulletBest: posts small blind 30
Mahu2021: posts big blind 60
*** HOLE CARDS ***
Dealt to Mahu2021 [5h Jh]
BulletBest: folds 
Uncalled bet (30) returned to Mahu2021
Mahu2021 collected 60 from pot
Mahu2021: doesn't show hand 
*** SUMMARY ***
Total pot 60 | Rake 0 
Seat 1: BulletBest (button) (small blind) folded before Flop
Seat 3: Mahu2021 (big blind) collected (60)



PokerStars Hand #243030633162: Tournament #3576083308, $0.92+$0.08 USD Hold'em No Limit - Level IV (30/60) - 2023/04/11 21:01:19 CET [2023/04/11 15:01:19 ET]
Table '3576083308 1' 3-max Seat #3 is the button
Seat 1: BulletBest (404 in chips) 
Seat 3: Mahu2021 (1096 in chips) 
Mahu2021: posts small blind 30
BulletBest: posts big blind 60
*** HOLE CARDS ***
Dealt to Mahu2021 [Ks Qh]
Mahu2021: raises 1036 to 1096 and is all-in
BulletBest: folds 
Uncalled bet (1036) returned to Mahu2021
Mahu2021 collected 120 from pot
Mahu2021: doesn't show hand 
*** SUMMARY ***
Total pot 120 | Rake 0 
Seat 1: BulletBest (big blind) folded before Flop
Seat 3: Mahu2021 (button) (small blind) collected (120)



PokerStars Hand #243030637129: Tournament #3576083308, $0.92+$0.08 USD Hold'em No Limit - Level IV (30/60) - 2023/04/11 21:01:31 CET [2023/04/11 15:01:31 ET]
Table '3576083308 1' 3-max Seat #1 is the button
Seat 1: BulletBest (344 in chips) 
Seat 3: Mahu2021 (1156 in chips) 
BulletBest: posts small blind 30
Mahu2021: posts big blind 60
*** HOLE CARDS ***
Dealt to Mahu2021 [4d 8c]
BulletBest: folds 
Uncalled bet (30) returned to Mahu2021
Mahu2021 collected 60 from pot
Mahu2021: doesn't show hand 
*** SUMMARY ***
Total pot 60 | Rake 0 
Seat 1: BulletBest (button) (small blind) folded before Flop
Seat 3: Mahu2021 (big blind) collected (60)



PokerStars Hand #243030638356: Tournament #3576083308, $0.92+$0.08 USD Hold'em No Limit - Level IV (30/60) - 2023/04/11 21:01:36 CET [2023/04/11 15:01:36 ET]
Table '3576083308 1' 3-max Seat #3 is the button
Seat 1: BulletBest (314 in chips) 
Seat 3: Mahu2021 (1186 in chips) 
Mahu2021: posts small blind 30
BulletBest: posts big blind 60
*** HOLE CARDS ***
Dealt to Mahu2021 [Jh 5d]
Mahu2021: folds 
Uncalled bet (30) returned to BulletBest
BulletBest collected 60 from pot
*** SUMMARY ***
Total pot 60 | Rake 0 
Seat 1: BulletBest (big blind) collected (60)
Seat 3: Mahu2021 (button) (small blind) folded before Flop



PokerStars Hand #243030639859: Tournament #3576083308, $0.92+$0.08 USD Hold'em No Limit - Level IV (30/60) - 2023/04/11 21:01:41 CET [2023/04/11 15:01:41 ET]
Table '3576083308 1' 3-max Seat #1 is the button
Seat 1: BulletBest (344 in chips) 
Seat 3: Mahu2021 (1156 in chips) 
BulletBest: posts small blind 30
Mahu2021: posts big blind 60
*** HOLE CARDS ***
Dealt to Mahu2021 [8s Qd]
BulletBest: raises 284 to 344 and is all-in
Mahu2021: folds 
Uncalled bet (284) returned to BulletBest
BulletBest collected 120 from pot
*** SUMMARY ***
Total pot 120 | Rake 0 
Seat 1: BulletBest (button) (small blind) collected (120)
Seat 3: Mahu2021 (big blind) folded before Flop



PokerStars Hand #243030642245: Tournament #3576083308, $0.92+$0.08 USD Hold'em No Limit - Level IV (30/60) - 2023/04/11 21:01:47 CET [2023/04/11 15:01:47 ET]
Table '3576083308 1' 3-max Seat #3 is the button
Seat 1: BulletBest (404 in chips) 
Seat 3: Mahu2021 (1096 in chips) 
Mahu2021: posts small blind 30
BulletBest: posts big blind 60
*** HOLE CARDS ***
Dealt to Mahu2021 [3d Kh]
Mahu2021: raises 1036 to 1096 and is all-in
BulletBest: folds 
Uncalled bet (1036) returned to Mahu2021
Mahu2021 collected 120 from pot
Mahu2021: doesn't show hand 
*** SUMMARY ***
Total pot 120 | Rake 0 
Seat 1: BulletBest (big blind) folded before Flop
Seat 3: Mahu2021 (button) (small blind) collected (120)



PokerStars Hand #243030645519: Tournament #3576083308, $0.92+$0.08 USD Hold'em No Limit - Level IV (30/60) - 2023/04/11 21:01:57 CET [2023/04/11 15:01:57 ET]
Table '3576083308 1' 3-max Seat #1 is the button
Seat 1: BulletBest (344 in chips) 
Seat 3: Mahu2021 (1156 in chips) 
BulletBest: posts small blind 30
Mahu2021: posts big blind 60
*** HOLE CARDS ***
Dealt to Mahu2021 [6d Jd]
BulletBest: raises 284 to 344 and is all-in
Mahu2021: folds 
Uncalled bet (284) returned to BulletBest
BulletBest collected 120 from pot
*** SUMMARY ***
Total pot 120 | Rake 0 
Seat 1: BulletBest (button) (small blind) collected (120)
Seat 3: Mahu2021 (big blind) folded before Flop



PokerStars Hand #243030647731: Tournament #3576083308, $0.92+$0.08 USD Hold'em No Limit - Level IV (30/60) - 2023/04/11 21:02:03 CET [2023/04/11 15:02:03 ET]
Table '3576083308 1' 3-max Seat #3 is the button
Seat 1: BulletBest (404 in chips) 
Seat 3: Mahu2021 (1096 in chips) 
Mahu2021: posts small blind 30
BulletBest: posts big blind 60
*** HOLE CARDS ***
Dealt to Mahu2021 [Ah 3s]
Mahu2021: raises 1036 to 1096 and is all-in
BulletBest: calls 344 and is all-in
Uncalled bet (692) returned to Mahu2021
*** FLOP *** [Td As Tc]
*** TURN *** [Td As Tc] [Ts]
*** RIVER *** [Td As Tc Ts] [6s]
*** SHOW DOWN ***
BulletBest: shows [Kd 4c] (three of a kind, Tens)
Mahu2021: shows [Ah 3s] (a full house, Tens full of Aces)
Mahu2021 collected 808 from pot
BulletBest finished the tournament in 2nd place
Mahu2021 wins the tournament and receives $3.00 - congratulations!
*** SUMMARY ***
Total pot 808 | Rake 0 
Board [Td As Tc Ts 6s]
Seat 1: BulletBest (big blind) showed [Kd 4c] and lost with three of a kind, Tens
Seat 3: Mahu2021 (button) (small blind) showed [Ah 3s] and won (808) with a full house, Tens full of Aces



