PokerStars Hand #248075527963: Tournament #3696397416, $1.84+$0.16 USD Hold'em No Limit - Level I (10/20) - 2024/01/05 12:03:11 CET [2024/01/05 6:03:11 ET]
Table '3696397416 1' 3-max Seat #1 is the button
Seat 1: Mahu2021 (500 in chips) 
Seat 2: TAKOS3914 (500 in chips) 
Seat 3: Geckleberry (500 in chips) 
TAKOS3914: posts small blind 10
Geckleberry: posts big blind 20
*** HOLE CARDS ***
Dealt to Mahu2021 [8s Jd]
Mahu2021: folds 
TAKOS3914: calls 10
Geckleberry: checks 
*** FLOP *** [3h 6d 5s]
TAKOS3914: checks 
Geckleberry: bets 20
TAKOS3914: calls 20
*** TURN *** [3h 6d 5s] [Qh]
TAKOS3914: checks 
Geckleberry: bets 60
TAKOS3914: folds 
Uncalled bet (60) returned to Geckleberry
Geckleberry collected 80 from pot
*** SUMMARY ***
Total pot 80 | Rake 0 
Board [3h 6d 5s Qh]
Seat 1: Mahu2021 (button) folded before Flop (didn't bet)
Seat 2: TAKOS3914 (small blind) folded on the Turn
Seat 3: Geckleberry (big blind) collected (80)



PokerStars Hand #248075530764: Tournament #3696397416, $1.84+$0.16 USD Hold'em No Limit - Level I (10/20) - 2024/01/05 12:03:29 CET [2024/01/05 6:03:29 ET]
Table '3696397416 1' 3-max Seat #2 is the button
Seat 1: Mahu2021 (500 in chips) 
Seat 2: TAKOS3914 (460 in chips) 
Seat 3: Geckleberry (540 in chips) 
Geckleberry: posts small blind 10
Mahu2021: posts big blind 20
*** HOLE CARDS ***
Dealt to Mahu2021 [Kh 7h]
TAKOS3914: raises 40 to 60
Geckleberry: folds 
Mahu2021: calls 40
*** FLOP *** [9c Ts Ah]
Mahu2021: checks 
TAKOS3914: bets 20
Mahu2021: folds 
Uncalled bet (20) returned to TAKOS3914
TAKOS3914 collected 130 from pot
*** SUMMARY ***
Total pot 130 | Rake 0 
Board [9c Ts Ah]
Seat 1: Mahu2021 (big blind) folded on the Flop
Seat 2: TAKOS3914 (button) collected (130)
Seat 3: Geckleberry (small blind) folded before Flop



PokerStars Hand #248075532504: Tournament #3696397416, $1.84+$0.16 USD Hold'em No Limit - Level I (10/20) - 2024/01/05 12:03:41 CET [2024/01/05 6:03:41 ET]
Table '3696397416 1' 3-max Seat #3 is the button
Seat 1: Mahu2021 (440 in chips) 
Seat 2: TAKOS3914 (530 in chips) 
Seat 3: Geckleberry (530 in chips) 
Mahu2021: posts small blind 10
TAKOS3914: posts big blind 20
*** HOLE CARDS ***
Dealt to Mahu2021 [7d 3d]
Geckleberry: folds 
Mahu2021: calls 10
TAKOS3914: checks 
*** FLOP *** [8h Th 6d]
Mahu2021: checks 
TAKOS3914: checks 
*** TURN *** [8h Th 6d] [5s]
Mahu2021: bets 20
TAKOS3914: folds 
Uncalled bet (20) returned to Mahu2021
Mahu2021 collected 40 from pot
Mahu2021: doesn't show hand 
*** SUMMARY ***
Total pot 40 | Rake 0 
Board [8h Th 6d 5s]
Seat 1: Mahu2021 (small blind) collected (40)
Seat 2: TAKOS3914 (big blind) folded on the Turn
Seat 3: Geckleberry (button) folded before Flop (didn't bet)



PokerStars Hand #248075534529: Tournament #3696397416, $1.84+$0.16 USD Hold'em No Limit - Level I (10/20) - 2024/01/05 12:03:54 CET [2024/01/05 6:03:54 ET]
Table '3696397416 1' 3-max Seat #1 is the button
Seat 1: Mahu2021 (460 in chips) 
Seat 2: TAKOS3914 (510 in chips) 
Seat 3: Geckleberry (530 in chips) 
TAKOS3914: posts small blind 10
Geckleberry: posts big blind 20
*** HOLE CARDS ***
Dealt to Mahu2021 [Th 2s]
Mahu2021: folds 
TAKOS3914: calls 10
Geckleberry: checks 
*** FLOP *** [7s As 3d]
TAKOS3914: checks 
Geckleberry: bets 20
TAKOS3914: calls 20
*** TURN *** [7s As 3d] [6h]
TAKOS3914: checks 
Geckleberry: checks 
*** RIVER *** [7s As 3d 6h] [Jd]
TAKOS3914: checks 
Geckleberry: checks 
*** SHOW DOWN ***
TAKOS3914: shows [3h Td] (a pair of Threes)
Geckleberry: mucks hand 
TAKOS3914 collected 80 from pot
*** SUMMARY ***
Total pot 80 | Rake 0 
Board [7s As 3d 6h Jd]
Seat 1: Mahu2021 (button) folded before Flop (didn't bet)
Seat 2: TAKOS3914 (small blind) showed [3h Td] and won (80) with a pair of Threes
Seat 3: Geckleberry (big blind) mucked [3s 2d]



PokerStars Hand #248075538056: Tournament #3696397416, $1.84+$0.16 USD Hold'em No Limit - Level I (10/20) - 2024/01/05 12:04:18 CET [2024/01/05 6:04:18 ET]
Table '3696397416 1' 3-max Seat #2 is the button
Seat 1: Mahu2021 (460 in chips) 
Seat 2: TAKOS3914 (550 in chips) 
Seat 3: Geckleberry (490 in chips) 
Geckleberry: posts small blind 10
Mahu2021: posts big blind 20
*** HOLE CARDS ***
Dealt to Mahu2021 [6h 4h]
TAKOS3914: calls 20
Geckleberry: calls 10
Mahu2021: checks 
*** FLOP *** [Qc Qd 2c]
Geckleberry: checks 
Mahu2021: checks 
TAKOS3914: checks 
*** TURN *** [Qc Qd 2c] [Kd]
Geckleberry: bets 45
Mahu2021: folds 
TAKOS3914: calls 45
*** RIVER *** [Qc Qd 2c Kd] [4c]
Geckleberry: bets 75
TAKOS3914: calls 75
*** SHOW DOWN ***
Geckleberry: shows [Jc Qh] (three of a kind, Queens)
TAKOS3914: mucks hand 
Geckleberry collected 300 from pot
*** SUMMARY ***
Total pot 300 | Rake 0 
Board [Qc Qd 2c Kd 4c]
Seat 1: Mahu2021 (big blind) folded on the Turn
Seat 2: TAKOS3914 (button) mucked [3h Kh]
Seat 3: Geckleberry (small blind) showed [Jc Qh] and won (300) with three of a kind, Queens



PokerStars Hand #248075543725: Tournament #3696397416, $1.84+$0.16 USD Hold'em No Limit - Level I (10/20) - 2024/01/05 12:04:55 CET [2024/01/05 6:04:55 ET]
Table '3696397416 1' 3-max Seat #3 is the button
Seat 1: Mahu2021 (440 in chips) 
Seat 2: TAKOS3914 (410 in chips) 
Seat 3: Geckleberry (650 in chips) 
Mahu2021: posts small blind 10
TAKOS3914: posts big blind 20
*** HOLE CARDS ***
Dealt to Mahu2021 [2s 4s]
Geckleberry: raises 20 to 40
Mahu2021: calls 30
TAKOS3914: folds 
*** FLOP *** [3s 4d 8d]
Mahu2021: checks 
Geckleberry: checks 
*** TURN *** [3s 4d 8d] [6d]
Mahu2021: checks 
Geckleberry: bets 50
Mahu2021: calls 50
*** RIVER *** [3s 4d 8d 6d] [Qh]
Mahu2021: checks 
Geckleberry: bets 150
Mahu2021: folds 
Uncalled bet (150) returned to Geckleberry
Geckleberry collected 200 from pot
*** SUMMARY ***
Total pot 200 | Rake 0 
Board [3s 4d 8d 6d Qh]
Seat 1: Mahu2021 (small blind) folded on the River
Seat 2: TAKOS3914 (big blind) folded before Flop
Seat 3: Geckleberry (button) collected (200)



PokerStars Hand #248075547581: Tournament #3696397416, $1.84+$0.16 USD Hold'em No Limit - Level II (15/30) - 2024/01/05 12:05:21 CET [2024/01/05 6:05:21 ET]
Table '3696397416 1' 3-max Seat #1 is the button
Seat 1: Mahu2021 (350 in chips) 
Seat 2: TAKOS3914 (390 in chips) 
Seat 3: Geckleberry (760 in chips) 
TAKOS3914: posts small blind 15
Geckleberry: posts big blind 30
*** HOLE CARDS ***
Dealt to Mahu2021 [7s 9c]
Mahu2021: folds 
TAKOS3914: calls 15
Geckleberry: checks 
*** FLOP *** [6s 8h Td]
TAKOS3914: checks 
Geckleberry: checks 
*** TURN *** [6s 8h Td] [5s]
TAKOS3914: checks 
Geckleberry: checks 
*** RIVER *** [6s 8h Td 5s] [6c]
TAKOS3914: checks 
Geckleberry: bets 60
TAKOS3914: folds 
Uncalled bet (60) returned to Geckleberry
Geckleberry collected 60 from pot
*** SUMMARY ***
Total pot 60 | Rake 0 
Board [6s 8h Td 5s 6c]
Seat 1: Mahu2021 (button) folded before Flop (didn't bet)
Seat 2: TAKOS3914 (small blind) folded on the River
Seat 3: Geckleberry (big blind) collected (60)



PokerStars Hand #248075551137: Tournament #3696397416, $1.84+$0.16 USD Hold'em No Limit - Level II (15/30) - 2024/01/05 12:05:44 CET [2024/01/05 6:05:44 ET]
Table '3696397416 1' 3-max Seat #2 is the button
Seat 1: Mahu2021 (350 in chips) 
Seat 2: TAKOS3914 (360 in chips) 
Seat 3: Geckleberry (790 in chips) 
Geckleberry: posts small blind 15
Mahu2021: posts big blind 30
*** HOLE CARDS ***
Dealt to Mahu2021 [8h 2h]
TAKOS3914: calls 30
Geckleberry: folds 
Mahu2021: checks 
*** FLOP *** [6h 6c Tc]
Mahu2021: checks 
TAKOS3914: checks 
*** TURN *** [6h 6c Tc] [Kc]
Mahu2021: checks 
TAKOS3914: checks 
*** RIVER *** [6h 6c Tc Kc] [5d]
Mahu2021: checks 
TAKOS3914: checks 
*** SHOW DOWN ***
Mahu2021: shows [8h 2h] (a pair of Sixes)
TAKOS3914: shows [Qh Jd] (a pair of Sixes - King+Queen kicker)
TAKOS3914 collected 75 from pot
*** SUMMARY ***
Total pot 75 | Rake 0 
Board [6h 6c Tc Kc 5d]
Seat 1: Mahu2021 (big blind) showed [8h 2h] and lost with a pair of Sixes
Seat 2: TAKOS3914 (button) showed [Qh Jd] and won (75) with a pair of Sixes
Seat 3: Geckleberry (small blind) folded before Flop



PokerStars Hand #248075553412: Tournament #3696397416, $1.84+$0.16 USD Hold'em No Limit - Level II (15/30) - 2024/01/05 12:05:59 CET [2024/01/05 6:05:59 ET]
Table '3696397416 1' 3-max Seat #3 is the button
Seat 1: Mahu2021 (320 in chips) 
Seat 2: TAKOS3914 (405 in chips) 
Seat 3: Geckleberry (775 in chips) 
Mahu2021: posts small blind 15
TAKOS3914: posts big blind 30
*** HOLE CARDS ***
Dealt to Mahu2021 [8s Ad]
Geckleberry: folds 
Mahu2021: raises 30 to 60
TAKOS3914: calls 30
*** FLOP *** [5s Qd Qh]
Mahu2021: checks 
TAKOS3914: checks 
*** TURN *** [5s Qd Qh] [9h]
Mahu2021: bets 30
TAKOS3914: calls 30
*** RIVER *** [5s Qd Qh 9h] [7s]
Mahu2021: bets 230 and is all-in
TAKOS3914: calls 230
*** SHOW DOWN ***
Mahu2021: shows [8s Ad] (a pair of Queens)
TAKOS3914: shows [6c 8h] (a straight, Five to Nine)
TAKOS3914 collected 640 from pot
Mahu2021 finished the tournament in 3rd place
*** SUMMARY ***
Total pot 640 | Rake 0 
Board [5s Qd Qh 9h 7s]
Seat 1: Mahu2021 (small blind) showed [8s Ad] and lost with a pair of Queens
Seat 2: TAKOS3914 (big blind) showed [6c 8h] and won (640) with a straight, Five to Nine
Seat 3: Geckleberry (button) folded before Flop (didn't bet)



