PokerStars Hand #246442875844: Tournament #3656259724, $0.92+$0.08 USD Hold'em No Limit - Level I (10/20) - 2023/10/09 21:04:00 CET [2023/10/09 15:04:00 ET]
Table '3656259724 1' 3-max Seat #1 is the button
Seat 1: PKKorwin (500 in chips) 
Seat 2: jessieann p (500 in chips) 
Seat 3: Mahu2021 (500 in chips) 
jessieann p: posts small blind 10
Mahu2021: posts big blind 20
*** HOLE CARDS ***
Dealt to Mahu2021 [6d 8c]
PKKorwin: raises 20 to 40
jessieann p: calls 30
Mahu2021: folds 
*** FLOP *** [7c 6c Th]
jessieann p: bets 460 and is all-in
PKKorwin: folds 
Uncalled bet (460) returned to jessieann p
jessieann p collected 100 from pot
jessieann p: doesn't show hand 
*** SUMMARY ***
Total pot 100 | Rake 0 
Board [7c 6c Th]
Seat 1: PKKorwin (button) folded on the Flop
Seat 2: jessieann p (small blind) collected (100)
Seat 3: Mahu2021 (big blind) folded before Flop



PokerStars Hand #246442883228: Tournament #3656259724, $0.92+$0.08 USD Hold'em No Limit - Level I (10/20) - 2023/10/09 21:04:20 CET [2023/10/09 15:04:20 ET]
Table '3656259724 1' 3-max Seat #2 is the button
Seat 1: PKKorwin (460 in chips) 
Seat 2: jessieann p (560 in chips) 
Seat 3: Mahu2021 (480 in chips) 
Mahu2021: posts small blind 10
PKKorwin: posts big blind 20
*** HOLE CARDS ***
Dealt to Mahu2021 [8d Kc]
jessieann p: calls 20
Mahu2021: calls 10
PKKorwin: checks 
*** FLOP *** [Qs Kh 4s]
Mahu2021: checks 
PKKorwin: checks 
jessieann p: bets 20
Mahu2021: calls 20
PKKorwin: folds 
*** TURN *** [Qs Kh 4s] [Ks]
Mahu2021: checks 
jessieann p: checks 
*** RIVER *** [Qs Kh 4s Ks] [9h]
Mahu2021: checks 
jessieann p: checks 
*** SHOW DOWN ***
Mahu2021: shows [8d Kc] (three of a kind, Kings)
jessieann p: mucks hand 
Mahu2021 collected 100 from pot
*** SUMMARY ***
Total pot 100 | Rake 0 
Board [Qs Kh 4s Ks 9h]
Seat 1: PKKorwin (big blind) folded on the Flop
Seat 2: jessieann p (button) mucked [9d Jd]
Seat 3: Mahu2021 (small blind) showed [8d Kc] and won (100) with three of a kind, Kings



PokerStars Hand #246442892306: Tournament #3656259724, $0.92+$0.08 USD Hold'em No Limit - Level I (10/20) - 2023/10/09 21:04:45 CET [2023/10/09 15:04:45 ET]
Table '3656259724 1' 3-max Seat #3 is the button
Seat 1: PKKorwin (440 in chips) 
Seat 2: jessieann p (520 in chips) 
Seat 3: Mahu2021 (540 in chips) 
PKKorwin: posts small blind 10
jessieann p: posts big blind 20
*** HOLE CARDS ***
Dealt to Mahu2021 [9h 3h]
Mahu2021: folds 
PKKorwin: calls 10
jessieann p: checks 
*** FLOP *** [9d 6h 7s]
PKKorwin: checks 
jessieann p: bets 20
PKKorwin: calls 20
*** TURN *** [9d 6h 7s] [9s]
PKKorwin: checks 
jessieann p: bets 20
PKKorwin: calls 20
*** RIVER *** [9d 6h 7s 9s] [Ts]
PKKorwin: checks 
jessieann p: checks 
*** SHOW DOWN ***
PKKorwin: shows [4d 8s] (a straight, Six to Ten)
jessieann p: mucks hand 
PKKorwin collected 120 from pot
*** SUMMARY ***
Total pot 120 | Rake 0 
Board [9d 6h 7s 9s Ts]
Seat 1: PKKorwin (small blind) showed [4d 8s] and won (120) with a straight, Six to Ten
Seat 2: jessieann p (big blind) mucked [Qc 6c]
Seat 3: Mahu2021 (button) folded before Flop (didn't bet)



PokerStars Hand #246442903186: Tournament #3656259724, $0.92+$0.08 USD Hold'em No Limit - Level I (10/20) - 2023/10/09 21:05:14 CET [2023/10/09 15:05:14 ET]
Table '3656259724 1' 3-max Seat #1 is the button
Seat 1: PKKorwin (500 in chips) 
Seat 2: jessieann p (460 in chips) 
Seat 3: Mahu2021 (540 in chips) 
jessieann p: posts small blind 10
Mahu2021: posts big blind 20
*** HOLE CARDS ***
Dealt to Mahu2021 [7c Ac]
PKKorwin: folds 
jessieann p: calls 10
Mahu2021: raises 40 to 60
jessieann p: folds 
Uncalled bet (40) returned to Mahu2021
Mahu2021 collected 40 from pot
Mahu2021: doesn't show hand 
*** SUMMARY ***
Total pot 40 | Rake 0 
Seat 1: PKKorwin (button) folded before Flop (didn't bet)
Seat 2: jessieann p (small blind) folded before Flop
Seat 3: Mahu2021 (big blind) collected (40)



PokerStars Hand #246442908390: Tournament #3656259724, $0.92+$0.08 USD Hold'em No Limit - Level I (10/20) - 2023/10/09 21:05:28 CET [2023/10/09 15:05:28 ET]
Table '3656259724 1' 3-max Seat #2 is the button
Seat 1: PKKorwin (500 in chips) 
Seat 2: jessieann p (440 in chips) 
Seat 3: Mahu2021 (560 in chips) 
Mahu2021: posts small blind 10
PKKorwin: posts big blind 20
*** HOLE CARDS ***
Dealt to Mahu2021 [9h 5s]
jessieann p: folds 
Mahu2021: folds 
Uncalled bet (10) returned to PKKorwin
PKKorwin collected 20 from pot
*** SUMMARY ***
Total pot 20 | Rake 0 
Seat 1: PKKorwin (big blind) collected (20)
Seat 2: jessieann p (button) folded before Flop (didn't bet)
Seat 3: Mahu2021 (small blind) folded before Flop



PokerStars Hand #246442910861: Tournament #3656259724, $0.92+$0.08 USD Hold'em No Limit - Level I (10/20) - 2023/10/09 21:05:35 CET [2023/10/09 15:05:35 ET]
Table '3656259724 1' 3-max Seat #3 is the button
Seat 1: PKKorwin (510 in chips) 
Seat 2: jessieann p (440 in chips) 
Seat 3: Mahu2021 (550 in chips) 
PKKorwin: posts small blind 10
jessieann p: posts big blind 20
*** HOLE CARDS ***
Dealt to Mahu2021 [2d 9c]
Mahu2021: folds 
PKKorwin: calls 10
jessieann p: raises 420 to 440 and is all-in
PKKorwin: folds 
Uncalled bet (420) returned to jessieann p
jessieann p collected 40 from pot
jessieann p: doesn't show hand 
*** SUMMARY ***
Total pot 40 | Rake 0 
Seat 1: PKKorwin (small blind) folded before Flop
Seat 2: jessieann p (big blind) collected (40)
Seat 3: Mahu2021 (button) folded before Flop (didn't bet)



PokerStars Hand #246442914935: Tournament #3656259724, $0.92+$0.08 USD Hold'em No Limit - Level I (10/20) - 2023/10/09 21:05:46 CET [2023/10/09 15:05:46 ET]
Table '3656259724 1' 3-max Seat #1 is the button
Seat 1: PKKorwin (490 in chips) 
Seat 2: jessieann p (460 in chips) 
Seat 3: Mahu2021 (550 in chips) 
jessieann p: posts small blind 10
Mahu2021: posts big blind 20
*** HOLE CARDS ***
Dealt to Mahu2021 [8d Qd]
PKKorwin: raises 20 to 40
jessieann p: raises 420 to 460 and is all-in
Mahu2021: folds 
PKKorwin: folds 
Uncalled bet (420) returned to jessieann p
jessieann p collected 100 from pot
jessieann p: doesn't show hand 
*** SUMMARY ***
Total pot 100 | Rake 0 
Seat 1: PKKorwin (button) folded before Flop
Seat 2: jessieann p (small blind) collected (100)
Seat 3: Mahu2021 (big blind) folded before Flop



PokerStars Hand #246442920719: Tournament #3656259724, $0.92+$0.08 USD Hold'em No Limit - Level I (10/20) - 2023/10/09 21:06:01 CET [2023/10/09 15:06:01 ET]
Table '3656259724 1' 3-max Seat #2 is the button
Seat 1: PKKorwin (450 in chips) 
Seat 2: jessieann p (520 in chips) 
Seat 3: Mahu2021 (530 in chips) 
Mahu2021: posts small blind 10
PKKorwin: posts big blind 20
*** HOLE CARDS ***
Dealt to Mahu2021 [8d 6d]
jessieann p: folds 
Mahu2021: calls 10
PKKorwin: raises 20 to 40
Mahu2021: calls 20
*** FLOP *** [6c Qd Js]
Mahu2021: checks 
PKKorwin: bets 40
Mahu2021: folds 
Uncalled bet (40) returned to PKKorwin
PKKorwin collected 80 from pot
*** SUMMARY ***
Total pot 80 | Rake 0 
Board [6c Qd Js]
Seat 1: PKKorwin (big blind) collected (80)
Seat 2: jessieann p (button) folded before Flop (didn't bet)
Seat 3: Mahu2021 (small blind) folded on the Flop



PokerStars Hand #246442929965: Tournament #3656259724, $0.92+$0.08 USD Hold'em No Limit - Level I (10/20) - 2023/10/09 21:06:25 CET [2023/10/09 15:06:25 ET]
Table '3656259724 1' 3-max Seat #3 is the button
Seat 1: PKKorwin (490 in chips) 
Seat 2: jessieann p (520 in chips) 
Seat 3: Mahu2021 (490 in chips) 
PKKorwin: posts small blind 10
jessieann p: posts big blind 20
*** HOLE CARDS ***
Dealt to Mahu2021 [9d Ks]
Mahu2021: raises 20 to 40
PKKorwin: calls 30
jessieann p: calls 20
*** FLOP *** [3h Kh 8h]
PKKorwin: checks 
jessieann p: checks 
Mahu2021: bets 120
PKKorwin has timed out
PKKorwin: folds 
PKKorwin is sitting out
jessieann p: folds 
Uncalled bet (120) returned to Mahu2021
Mahu2021 collected 120 from pot
Mahu2021: doesn't show hand 
PKKorwin has returned
*** SUMMARY ***
Total pot 120 | Rake 0 
Board [3h Kh 8h]
Seat 1: PKKorwin (small blind) folded on the Flop
Seat 2: jessieann p (big blind) folded on the Flop
Seat 3: Mahu2021 (button) collected (120)



PokerStars Hand #246442948438: Tournament #3656259724, $0.92+$0.08 USD Hold'em No Limit - Level II (15/30) - 2023/10/09 21:07:14 CET [2023/10/09 15:07:14 ET]
Table '3656259724 1' 3-max Seat #1 is the button
Seat 1: PKKorwin (450 in chips) 
Seat 2: jessieann p (480 in chips) 
Seat 3: Mahu2021 (570 in chips) 
jessieann p: posts small blind 15
Mahu2021: posts big blind 30
*** HOLE CARDS ***
Dealt to Mahu2021 [Jc 6h]
PKKorwin: folds 
jessieann p: calls 15
Mahu2021: checks 
*** FLOP *** [7d 4c 8s]
jessieann p: bets 30
Mahu2021: calls 30
*** TURN *** [7d 4c 8s] [7c]
jessieann p: bets 30
Mahu2021: calls 30
*** RIVER *** [7d 4c 8s 7c] [9s]
jessieann p: bets 30
Mahu2021: folds 
Uncalled bet (30) returned to jessieann p
jessieann p collected 180 from pot
jessieann p: doesn't show hand 
*** SUMMARY ***
Total pot 180 | Rake 0 
Board [7d 4c 8s 7c 9s]
Seat 1: PKKorwin (button) folded before Flop (didn't bet)
Seat 2: jessieann p (small blind) collected (180)
Seat 3: Mahu2021 (big blind) folded on the River



PokerStars Hand #246442958427: Tournament #3656259724, $0.92+$0.08 USD Hold'em No Limit - Level II (15/30) - 2023/10/09 21:07:41 CET [2023/10/09 15:07:41 ET]
Table '3656259724 1' 3-max Seat #2 is the button
Seat 1: PKKorwin (450 in chips) 
Seat 2: jessieann p (570 in chips) 
Seat 3: Mahu2021 (480 in chips) 
Mahu2021: posts small blind 15
PKKorwin: posts big blind 30
*** HOLE CARDS ***
Dealt to Mahu2021 [Ts Ac]
jessieann p: calls 30
Mahu2021: raises 60 to 90
PKKorwin: folds 
jessieann p: calls 60
*** FLOP *** [5d 7d 4d]
Mahu2021: checks 
jessieann p: bets 480 and is all-in
Mahu2021: folds 
Uncalled bet (480) returned to jessieann p
jessieann p collected 210 from pot
jessieann p: doesn't show hand 
*** SUMMARY ***
Total pot 210 | Rake 0 
Board [5d 7d 4d]
Seat 1: PKKorwin (big blind) folded before Flop
Seat 2: jessieann p (button) collected (210)
Seat 3: Mahu2021 (small blind) folded on the Flop



PokerStars Hand #246442964888: Tournament #3656259724, $0.92+$0.08 USD Hold'em No Limit - Level II (15/30) - 2023/10/09 21:07:57 CET [2023/10/09 15:07:57 ET]
Table '3656259724 1' 3-max Seat #3 is the button
Seat 1: PKKorwin (420 in chips) 
Seat 2: jessieann p (690 in chips) 
Seat 3: Mahu2021 (390 in chips) 
PKKorwin: posts small blind 15
jessieann p: posts big blind 30
*** HOLE CARDS ***
Dealt to Mahu2021 [5c Jc]
Mahu2021: calls 30
PKKorwin: calls 15
jessieann p: checks 
*** FLOP *** [4s Ts Jh]
PKKorwin: checks 
jessieann p: bets 30
Mahu2021: raises 60 to 90
PKKorwin: folds 
jessieann p: calls 60
*** TURN *** [4s Ts Jh] [7c]
jessieann p: checks 
Mahu2021: bets 270 and is all-in
jessieann p: folds 
Uncalled bet (270) returned to Mahu2021
Mahu2021 collected 270 from pot
Mahu2021: doesn't show hand 
*** SUMMARY ***
Total pot 270 | Rake 0 
Board [4s Ts Jh 7c]
Seat 1: PKKorwin (small blind) folded on the Flop
Seat 2: jessieann p (big blind) folded on the Turn
Seat 3: Mahu2021 (button) collected (270)



PokerStars Hand #246442975152: Tournament #3656259724, $0.92+$0.08 USD Hold'em No Limit - Level II (15/30) - 2023/10/09 21:08:25 CET [2023/10/09 15:08:25 ET]
Table '3656259724 1' 3-max Seat #1 is the button
Seat 1: PKKorwin (390 in chips) 
Seat 2: jessieann p (570 in chips) 
Seat 3: Mahu2021 (540 in chips) 
jessieann p: posts small blind 15
Mahu2021: posts big blind 30
*** HOLE CARDS ***
Dealt to Mahu2021 [Jc 5s]
PKKorwin: folds 
jessieann p: folds 
Uncalled bet (15) returned to Mahu2021
Mahu2021 collected 30 from pot
Mahu2021: doesn't show hand 
*** SUMMARY ***
Total pot 30 | Rake 0 
Seat 1: PKKorwin (button) folded before Flop (didn't bet)
Seat 2: jessieann p (small blind) folded before Flop
Seat 3: Mahu2021 (big blind) collected (30)



PokerStars Hand #246442977374: Tournament #3656259724, $0.92+$0.08 USD Hold'em No Limit - Level II (15/30) - 2023/10/09 21:08:30 CET [2023/10/09 15:08:30 ET]
Table '3656259724 1' 3-max Seat #2 is the button
Seat 1: PKKorwin (390 in chips) 
Seat 2: jessieann p (555 in chips) 
Seat 3: Mahu2021 (555 in chips) 
Mahu2021: posts small blind 15
PKKorwin: posts big blind 30
*** HOLE CARDS ***
Dealt to Mahu2021 [Js 8c]
jessieann p: folds 
Mahu2021: calls 15
PKKorwin: checks 
*** FLOP *** [5s Jh 8s]
Mahu2021: checks 
PKKorwin: bets 30
Mahu2021: calls 30
*** TURN *** [5s Jh 8s] [7h]
Mahu2021: checks 
PKKorwin: bets 30
Mahu2021: calls 30
*** RIVER *** [5s Jh 8s 7h] [Kh]
Mahu2021: bets 60
PKKorwin: raises 120 to 180
Mahu2021: calls 120
*** SHOW DOWN ***
PKKorwin: shows [5h Kd] (two pair, Kings and Fives)
Mahu2021: mucks hand 
PKKorwin collected 540 from pot
*** SUMMARY ***
Total pot 540 | Rake 0 
Board [5s Jh 8s 7h Kh]
Seat 1: PKKorwin (big blind) showed [5h Kd] and won (540) with two pair, Kings and Fives
Seat 2: jessieann p (button) folded before Flop (didn't bet)
Seat 3: Mahu2021 (small blind) mucked [Js 8c]



PokerStars Hand #246442987375: Tournament #3656259724, $0.92+$0.08 USD Hold'em No Limit - Level II (15/30) - 2023/10/09 21:08:56 CET [2023/10/09 15:08:56 ET]
Table '3656259724 1' 3-max Seat #3 is the button
Seat 1: PKKorwin (660 in chips) 
Seat 2: jessieann p (555 in chips) 
Seat 3: Mahu2021 (285 in chips) 
PKKorwin: posts small blind 15
jessieann p: posts big blind 30
*** HOLE CARDS ***
Dealt to Mahu2021 [9s 2d]
Mahu2021: folds 
PKKorwin: raises 30 to 60
jessieann p: folds 
Uncalled bet (30) returned to PKKorwin
PKKorwin collected 60 from pot
*** SUMMARY ***
Total pot 60 | Rake 0 
Seat 1: PKKorwin (small blind) collected (60)
Seat 2: jessieann p (big blind) folded before Flop
Seat 3: Mahu2021 (button) folded before Flop (didn't bet)



PokerStars Hand #246442989828: Tournament #3656259724, $0.92+$0.08 USD Hold'em No Limit - Level II (15/30) - 2023/10/09 21:09:03 CET [2023/10/09 15:09:03 ET]
Table '3656259724 1' 3-max Seat #1 is the button
Seat 1: PKKorwin (690 in chips) 
Seat 2: jessieann p (525 in chips) 
Seat 3: Mahu2021 (285 in chips) 
jessieann p: posts small blind 15
Mahu2021: posts big blind 30
*** HOLE CARDS ***
Dealt to Mahu2021 [Jh 4d]
PKKorwin: folds 
jessieann p: calls 15
Mahu2021: checks 
*** FLOP *** [4c 5h 9c]
jessieann p: checks 
Mahu2021: bets 30
jessieann p: folds 
Uncalled bet (30) returned to Mahu2021
Mahu2021 collected 60 from pot
Mahu2021: doesn't show hand 
*** SUMMARY ***
Total pot 60 | Rake 0 
Board [4c 5h 9c]
Seat 1: PKKorwin (button) folded before Flop (didn't bet)
Seat 2: jessieann p (small blind) folded on the Flop
Seat 3: Mahu2021 (big blind) collected (60)



PokerStars Hand #246442994447: Tournament #3656259724, $0.92+$0.08 USD Hold'em No Limit - Level II (15/30) - 2023/10/09 21:09:15 CET [2023/10/09 15:09:15 ET]
Table '3656259724 1' 3-max Seat #2 is the button
Seat 1: PKKorwin (690 in chips) 
Seat 2: jessieann p (495 in chips) 
Seat 3: Mahu2021 (315 in chips) 
Mahu2021: posts small blind 15
PKKorwin: posts big blind 30
*** HOLE CARDS ***
Dealt to Mahu2021 [9d 7s]
jessieann p: folds 
Mahu2021: folds 
Uncalled bet (15) returned to PKKorwin
PKKorwin collected 30 from pot
*** SUMMARY ***
Total pot 30 | Rake 0 
Seat 1: PKKorwin (big blind) collected (30)
Seat 2: jessieann p (button) folded before Flop (didn't bet)
Seat 3: Mahu2021 (small blind) folded before Flop



PokerStars Hand #246442996543: Tournament #3656259724, $0.92+$0.08 USD Hold'em No Limit - Level II (15/30) - 2023/10/09 21:09:20 CET [2023/10/09 15:09:20 ET]
Table '3656259724 1' 3-max Seat #3 is the button
Seat 1: PKKorwin (705 in chips) 
Seat 2: jessieann p (495 in chips) 
Seat 3: Mahu2021 (300 in chips) 
PKKorwin: posts small blind 15
jessieann p: posts big blind 30
*** HOLE CARDS ***
Dealt to Mahu2021 [7d 8c]
Mahu2021: calls 30
PKKorwin: calls 15
jessieann p: checks 
*** FLOP *** [2h 6h 9c]
PKKorwin: bets 30
jessieann p: folds 
Mahu2021: raises 240 to 270 and is all-in
PKKorwin has timed out
PKKorwin: folds 
PKKorwin is sitting out
Uncalled bet (240) returned to Mahu2021
Mahu2021 collected 150 from pot
Mahu2021: doesn't show hand 
*** SUMMARY ***
Total pot 150 | Rake 0 
Board [2h 6h 9c]
Seat 1: PKKorwin (small blind) folded on the Flop
Seat 2: jessieann p (big blind) folded on the Flop
Seat 3: Mahu2021 (button) collected (150)



PokerStars Hand #246443005924: Tournament #3656259724, $0.92+$0.08 USD Hold'em No Limit - Level II (15/30) - 2023/10/09 21:09:45 CET [2023/10/09 15:09:45 ET]
Table '3656259724 1' 3-max Seat #1 is the button
Seat 1: PKKorwin (645 in chips) is sitting out
Seat 2: jessieann p (465 in chips) 
Seat 3: Mahu2021 (390 in chips) 
jessieann p: posts small blind 15
Mahu2021: posts big blind 30
*** HOLE CARDS ***
Dealt to Mahu2021 [8c 2s]
PKKorwin: folds 
PKKorwin has returned
jessieann p: calls 15
Mahu2021: checks 
*** FLOP *** [Qh 6c 4s]
jessieann p: bets 30
Mahu2021: folds 
Uncalled bet (30) returned to jessieann p
jessieann p collected 60 from pot
jessieann p: doesn't show hand 
*** SUMMARY ***
Total pot 60 | Rake 0 
Board [Qh 6c 4s]
Seat 1: PKKorwin (button) folded before Flop (didn't bet)
Seat 2: jessieann p (small blind) collected (60)
Seat 3: Mahu2021 (big blind) folded on the Flop



PokerStars Hand #246443010105: Tournament #3656259724, $0.92+$0.08 USD Hold'em No Limit - Level II (15/30) - 2023/10/09 21:09:56 CET [2023/10/09 15:09:56 ET]
Table '3656259724 1' 3-max Seat #2 is the button
Seat 1: PKKorwin (645 in chips) 
Seat 2: jessieann p (495 in chips) 
Seat 3: Mahu2021 (360 in chips) 
Mahu2021: posts small blind 15
PKKorwin: posts big blind 30
*** HOLE CARDS ***
Dealt to Mahu2021 [4h 5h]
jessieann p: raises 465 to 495 and is all-in
Mahu2021: folds 
PKKorwin: folds 
Uncalled bet (465) returned to jessieann p
jessieann p collected 75 from pot
jessieann p: doesn't show hand 
*** SUMMARY ***
Total pot 75 | Rake 0 
Seat 1: PKKorwin (big blind) folded before Flop
Seat 2: jessieann p (button) collected (75)
Seat 3: Mahu2021 (small blind) folded before Flop



PokerStars Hand #246443014251: Tournament #3656259724, $0.92+$0.08 USD Hold'em No Limit - Level III (20/40) - 2023/10/09 21:10:07 CET [2023/10/09 15:10:07 ET]
Table '3656259724 1' 3-max Seat #3 is the button
Seat 1: PKKorwin (615 in chips) 
Seat 2: jessieann p (540 in chips) 
Seat 3: Mahu2021 (345 in chips) 
PKKorwin: posts small blind 20
jessieann p: posts big blind 40
*** HOLE CARDS ***
Dealt to Mahu2021 [3d 4h]
Mahu2021: folds 
PKKorwin: calls 20
jessieann p: checks 
*** FLOP *** [4c Jd 5d]
PKKorwin: bets 40
jessieann p: folds 
Uncalled bet (40) returned to PKKorwin
PKKorwin collected 80 from pot
*** SUMMARY ***
Total pot 80 | Rake 0 
Board [4c Jd 5d]
Seat 1: PKKorwin (small blind) collected (80)
Seat 2: jessieann p (big blind) folded on the Flop
Seat 3: Mahu2021 (button) folded before Flop (didn't bet)



PokerStars Hand #246443019415: Tournament #3656259724, $0.92+$0.08 USD Hold'em No Limit - Level III (20/40) - 2023/10/09 21:10:20 CET [2023/10/09 15:10:20 ET]
Table '3656259724 1' 3-max Seat #1 is the button
Seat 1: PKKorwin (655 in chips) 
Seat 2: jessieann p (500 in chips) 
Seat 3: Mahu2021 (345 in chips) 
jessieann p: posts small blind 20
Mahu2021: posts big blind 40
*** HOLE CARDS ***
Dealt to Mahu2021 [8d Ah]
PKKorwin: folds 
jessieann p: calls 20
Mahu2021: raises 305 to 345 and is all-in
jessieann p: folds 
Uncalled bet (305) returned to Mahu2021
Mahu2021 collected 80 from pot
Mahu2021: doesn't show hand 
*** SUMMARY ***
Total pot 80 | Rake 0 
Seat 1: PKKorwin (button) folded before Flop (didn't bet)
Seat 2: jessieann p (small blind) folded before Flop
Seat 3: Mahu2021 (big blind) collected (80)



PokerStars Hand #246443023015: Tournament #3656259724, $0.92+$0.08 USD Hold'em No Limit - Level III (20/40) - 2023/10/09 21:10:30 CET [2023/10/09 15:10:30 ET]
Table '3656259724 1' 3-max Seat #2 is the button
Seat 1: PKKorwin (655 in chips) 
Seat 2: jessieann p (460 in chips) 
Seat 3: Mahu2021 (385 in chips) 
Mahu2021: posts small blind 20
PKKorwin: posts big blind 40
*** HOLE CARDS ***
Dealt to Mahu2021 [Ad Jh]
jessieann p: calls 40
Mahu2021: raises 345 to 385 and is all-in
PKKorwin: folds 
jessieann p: folds 
Uncalled bet (345) returned to Mahu2021
Mahu2021 collected 120 from pot
Mahu2021: doesn't show hand 
*** SUMMARY ***
Total pot 120 | Rake 0 
Seat 1: PKKorwin (big blind) folded before Flop
Seat 2: jessieann p (button) folded before Flop
Seat 3: Mahu2021 (small blind) collected (120)



PokerStars Hand #246443027737: Tournament #3656259724, $0.92+$0.08 USD Hold'em No Limit - Level III (20/40) - 2023/10/09 21:10:42 CET [2023/10/09 15:10:42 ET]
Table '3656259724 1' 3-max Seat #3 is the button
Seat 1: PKKorwin (615 in chips) 
Seat 2: jessieann p (420 in chips) 
Seat 3: Mahu2021 (465 in chips) 
PKKorwin: posts small blind 20
jessieann p: posts big blind 40
*** HOLE CARDS ***
Dealt to Mahu2021 [Qd Td]
Mahu2021: calls 40
PKKorwin: folds 
jessieann p: checks 
*** FLOP *** [Kc 9c 6h]
jessieann p: bets 40
Mahu2021: calls 40
*** TURN *** [Kc 9c 6h] [6d]
jessieann p: bets 40
Mahu2021: calls 40
*** RIVER *** [Kc 9c 6h 6d] [7s]
jessieann p: bets 40
Mahu2021: folds 
Uncalled bet (40) returned to jessieann p
jessieann p collected 260 from pot
jessieann p: doesn't show hand 
*** SUMMARY ***
Total pot 260 | Rake 0 
Board [Kc 9c 6h 6d 7s]
Seat 1: PKKorwin (small blind) folded before Flop
Seat 2: jessieann p (big blind) collected (260)
Seat 3: Mahu2021 (button) folded on the River



PokerStars Hand #246443034828: Tournament #3656259724, $0.92+$0.08 USD Hold'em No Limit - Level III (20/40) - 2023/10/09 21:11:01 CET [2023/10/09 15:11:01 ET]
Table '3656259724 1' 3-max Seat #1 is the button
Seat 1: PKKorwin (595 in chips) 
Seat 2: jessieann p (560 in chips) 
Seat 3: Mahu2021 (345 in chips) 
jessieann p: posts small blind 20
Mahu2021: posts big blind 40
*** HOLE CARDS ***
Dealt to Mahu2021 [5d As]
PKKorwin: raises 40 to 80
jessieann p: calls 60
Mahu2021: raises 265 to 345 and is all-in
PKKorwin: calls 265
jessieann p: calls 265
*** FLOP *** [Kc 9d 2d]
jessieann p: checks 
PKKorwin: bets 40
jessieann p: calls 40
*** TURN *** [Kc 9d 2d] [4h]
jessieann p: checks 
PKKorwin: checks 
*** RIVER *** [Kc 9d 2d 4h] [3c]
jessieann p: checks 
PKKorwin: checks 
*** SHOW DOWN ***
jessieann p: shows [8s 8c] (a pair of Eights)
PKKorwin: mucks hand 
jessieann p collected 80 from side pot
Mahu2021: shows [5d As] (a straight, Ace to Five)
Mahu2021 collected 1035 from main pot
*** SUMMARY ***
Total pot 1115 Main pot 1035. Side pot 80. | Rake 0 
Board [Kc 9d 2d 4h 3c]
Seat 1: PKKorwin (button) mucked [Jh Tc]
Seat 2: jessieann p (small blind) showed [8s 8c] and won (80) with a pair of Eights
Seat 3: Mahu2021 (big blind) showed [5d As] and won (1035) with a straight, Ace to Five



PokerStars Hand #246443046173: Tournament #3656259724, $0.92+$0.08 USD Hold'em No Limit - Level III (20/40) - 2023/10/09 21:11:31 CET [2023/10/09 15:11:31 ET]
Table '3656259724 1' 3-max Seat #2 is the button
Seat 1: PKKorwin (210 in chips) 
Seat 2: jessieann p (255 in chips) 
Seat 3: Mahu2021 (1035 in chips) 
Mahu2021: posts small blind 20
PKKorwin: posts big blind 40
*** HOLE CARDS ***
Dealt to Mahu2021 [7s 2c]
jessieann p: folds 
Mahu2021: folds 
Uncalled bet (20) returned to PKKorwin
PKKorwin collected 40 from pot
*** SUMMARY ***
Total pot 40 | Rake 0 
Seat 1: PKKorwin (big blind) collected (40)
Seat 2: jessieann p (button) folded before Flop (didn't bet)
Seat 3: Mahu2021 (small blind) folded before Flop



PokerStars Hand #246443048124: Tournament #3656259724, $0.92+$0.08 USD Hold'em No Limit - Level III (20/40) - 2023/10/09 21:11:36 CET [2023/10/09 15:11:36 ET]
Table '3656259724 1' 3-max Seat #3 is the button
Seat 1: PKKorwin (230 in chips) 
Seat 2: jessieann p (255 in chips) 
Seat 3: Mahu2021 (1015 in chips) 
PKKorwin: posts small blind 20
jessieann p: posts big blind 40
*** HOLE CARDS ***
Dealt to Mahu2021 [3s Jd]
Mahu2021: folds 
PKKorwin: calls 20
jessieann p: checks 
*** FLOP *** [Ad 6d Kc]
PKKorwin: bets 40
jessieann p: raises 175 to 215 and is all-in
PKKorwin: calls 150 and is all-in
Uncalled bet (25) returned to jessieann p
*** TURN *** [Ad 6d Kc] [9d]
*** RIVER *** [Ad 6d Kc 9d] [4s]
*** SHOW DOWN ***
PKKorwin: shows [Ks 2s] (a pair of Kings)
jessieann p: shows [Qd Td] (a flush, Ace high)
jessieann p collected 460 from pot
PKKorwin finished the tournament in 3rd place
*** SUMMARY ***
Total pot 460 | Rake 0 
Board [Ad 6d Kc 9d 4s]
Seat 1: PKKorwin (small blind) showed [Ks 2s] and lost with a pair of Kings
Seat 2: jessieann p (big blind) showed [Qd Td] and won (460) with a flush, Ace high
Seat 3: Mahu2021 (button) folded before Flop (didn't bet)



PokerStars Hand #246443056299: Tournament #3656259724, $0.92+$0.08 USD Hold'em No Limit - Level III (20/40) - 2023/10/09 21:11:57 CET [2023/10/09 15:11:57 ET]
Table '3656259724 1' 3-max Seat #2 is the button
Seat 2: jessieann p (485 in chips) 
Seat 3: Mahu2021 (1015 in chips) 
jessieann p: posts small blind 20
Mahu2021: posts big blind 40
*** HOLE CARDS ***
Dealt to Mahu2021 [4s Jh]
jessieann p: folds 
Uncalled bet (20) returned to Mahu2021
Mahu2021 collected 40 from pot
Mahu2021: doesn't show hand 
*** SUMMARY ***
Total pot 40 | Rake 0 
Seat 2: jessieann p (button) (small blind) folded before Flop
Seat 3: Mahu2021 (big blind) collected (40)



PokerStars Hand #246443058050: Tournament #3656259724, $0.92+$0.08 USD Hold'em No Limit - Level III (20/40) - 2023/10/09 21:12:02 CET [2023/10/09 15:12:02 ET]
Table '3656259724 1' 3-max Seat #3 is the button
Seat 2: jessieann p (465 in chips) 
Seat 3: Mahu2021 (1035 in chips) 
Mahu2021: posts small blind 20
jessieann p: posts big blind 40
*** HOLE CARDS ***
Dealt to Mahu2021 [9c 4c]
Mahu2021: folds 
Uncalled bet (20) returned to jessieann p
jessieann p collected 40 from pot
jessieann p: doesn't show hand 
*** SUMMARY ***
Total pot 40 | Rake 0 
Seat 2: jessieann p (big blind) collected (40)
Seat 3: Mahu2021 (button) (small blind) folded before Flop



PokerStars Hand #246443059916: Tournament #3656259724, $0.92+$0.08 USD Hold'em No Limit - Level III (20/40) - 2023/10/09 21:12:07 CET [2023/10/09 15:12:07 ET]
Table '3656259724 1' 3-max Seat #2 is the button
Seat 2: jessieann p (485 in chips) 
Seat 3: Mahu2021 (1015 in chips) 
jessieann p: posts small blind 20
Mahu2021: posts big blind 40
*** HOLE CARDS ***
Dealt to Mahu2021 [8c Jh]
jessieann p: calls 20
Mahu2021: checks 
*** FLOP *** [Js Kd Kh]
Mahu2021: bets 40
jessieann p: folds 
Uncalled bet (40) returned to Mahu2021
Mahu2021 collected 80 from pot
Mahu2021: doesn't show hand 
*** SUMMARY ***
Total pot 80 | Rake 0 
Board [Js Kd Kh]
Seat 2: jessieann p (button) (small blind) folded on the Flop
Seat 3: Mahu2021 (big blind) collected (80)



PokerStars Hand #246443065202: Tournament #3656259724, $0.92+$0.08 USD Hold'em No Limit - Level III (20/40) - 2023/10/09 21:12:20 CET [2023/10/09 15:12:20 ET]
Table '3656259724 1' 3-max Seat #3 is the button
Seat 2: jessieann p (445 in chips) 
Seat 3: Mahu2021 (1055 in chips) 
Mahu2021: posts small blind 20
jessieann p: posts big blind 40
*** HOLE CARDS ***
Dealt to Mahu2021 [Ad Ac]
Mahu2021: raises 40 to 80
jessieann p: folds 
Uncalled bet (40) returned to Mahu2021
Mahu2021 collected 80 from pot
Mahu2021: doesn't show hand 
*** SUMMARY ***
Total pot 80 | Rake 0 
Seat 2: jessieann p (big blind) folded before Flop
Seat 3: Mahu2021 (button) (small blind) collected (80)



PokerStars Hand #246443067753: Tournament #3656259724, $0.92+$0.08 USD Hold'em No Limit - Level III (20/40) - 2023/10/09 21:12:27 CET [2023/10/09 15:12:27 ET]
Table '3656259724 1' 3-max Seat #2 is the button
Seat 2: jessieann p (405 in chips) 
Seat 3: Mahu2021 (1095 in chips) 
jessieann p: posts small blind 20
Mahu2021: posts big blind 40
*** HOLE CARDS ***
Dealt to Mahu2021 [4h 7s]
jessieann p: folds 
Uncalled bet (20) returned to Mahu2021
Mahu2021 collected 40 from pot
Mahu2021: doesn't show hand 
*** SUMMARY ***
Total pot 40 | Rake 0 
Seat 2: jessieann p (button) (small blind) folded before Flop
Seat 3: Mahu2021 (big blind) collected (40)



PokerStars Hand #246443069418: Tournament #3656259724, $0.92+$0.08 USD Hold'em No Limit - Level III (20/40) - 2023/10/09 21:12:31 CET [2023/10/09 15:12:31 ET]
Table '3656259724 1' 3-max Seat #3 is the button
Seat 2: jessieann p (385 in chips) 
Seat 3: Mahu2021 (1115 in chips) 
Mahu2021: posts small blind 20
jessieann p: posts big blind 40
*** HOLE CARDS ***
Dealt to Mahu2021 [7h 6s]
Mahu2021: calls 20
jessieann p: checks 
*** FLOP *** [4s 5d 9c]
jessieann p: bets 40
Mahu2021: calls 40
*** TURN *** [4s 5d 9c] [9h]
jessieann p: bets 40
Mahu2021: calls 40
*** RIVER *** [4s 5d 9c 9h] [3c]
jessieann p: bets 40
Mahu2021: raises 955 to 995 and is all-in
jessieann p: folds 
Uncalled bet (955) returned to Mahu2021
Mahu2021 collected 320 from pot
Mahu2021: doesn't show hand 
*** SUMMARY ***
Total pot 320 | Rake 0 
Board [4s 5d 9c 9h 3c]
Seat 2: jessieann p (big blind) folded on the River
Seat 3: Mahu2021 (button) (small blind) collected (320)



PokerStars Hand #246443077127: Tournament #3656259724, $0.92+$0.08 USD Hold'em No Limit - Level III (20/40) - 2023/10/09 21:12:51 CET [2023/10/09 15:12:51 ET]
Table '3656259724 1' 3-max Seat #2 is the button
Seat 2: jessieann p (225 in chips) 
Seat 3: Mahu2021 (1275 in chips) 
jessieann p: posts small blind 20
Mahu2021: posts big blind 40
*** HOLE CARDS ***
Dealt to Mahu2021 [Ad 5h]
jessieann p: raises 185 to 225 and is all-in
Mahu2021: calls 185
*** FLOP *** [8d 4s 7h]
*** TURN *** [8d 4s 7h] [3d]
*** RIVER *** [8d 4s 7h 3d] [4c]
*** SHOW DOWN ***
Mahu2021: shows [Ad 5h] (a pair of Fours)
jessieann p: shows [Jc 6c] (a pair of Fours - lower kicker)
Mahu2021 collected 450 from pot
jessieann p finished the tournament in 2nd place
Mahu2021 wins the tournament and receives $3.00 - congratulations!
*** SUMMARY ***
Total pot 450 | Rake 0 
Board [8d 4s 7h 3d 4c]
Seat 2: jessieann p (button) (small blind) showed [Jc 6c] and lost with a pair of Fours
Seat 3: Mahu2021 (big blind) showed [Ad 5h] and won (450) with a pair of Fours



