PokerStars Hand #251548605288: Tournament #3779227826, $1.84+$0.16 USD Hold'em No Limit - Level I (10/20) - 2024/07/18 17:48:18 CET [2024/07/18 11:48:18 ET]
Table '3779227826 1' 3-max Seat #1 is the button
Seat 1: JensenDan (500 in chips) 
Seat 2: fredinhoBH (500 in chips) 
Seat 3: Mahu2021 (500 in chips) 
fredinhoBH: posts small blind 10
Mahu2021: posts big blind 20
*** HOLE CARDS ***
Dealt to Mahu2021 [Ks Qh]
JensenDan: raises 20 to 40
fredinhoBH: folds 
Mahu2021: calls 20
*** FLOP *** [Qd 3c 9s]
Mahu2021: checks 
JensenDan: checks 
*** TURN *** [Qd 3c 9s] [5s]
Mahu2021: checks 
JensenDan: checks 
*** RIVER *** [Qd 3c 9s 5s] [7d]
Mahu2021: bets 40
JensenDan: folds 
Uncalled bet (40) returned to Mahu2021
Mahu2021 collected 90 from pot
Mahu2021: doesn't show hand 
*** SUMMARY ***
Total pot 90 | Rake 0 
Board [Qd 3c 9s 5s 7d]
Seat 1: JensenDan (button) folded on the River
Seat 2: fredinhoBH (small blind) folded before Flop
Seat 3: Mahu2021 (big blind) collected (90)



PokerStars Hand #251548610804: Tournament #3779227826, $1.84+$0.16 USD Hold'em No Limit - Level I (10/20) - 2024/07/18 17:48:44 CET [2024/07/18 11:48:44 ET]
Table '3779227826 1' 3-max Seat #2 is the button
Seat 1: JensenDan (460 in chips) 
Seat 2: fredinhoBH (490 in chips) 
Seat 3: Mahu2021 (550 in chips) 
Mahu2021: posts small blind 10
JensenDan: posts big blind 20
*** HOLE CARDS ***
Dealt to Mahu2021 [Qc Js]
fredinhoBH: folds 
Mahu2021: raises 20 to 40
JensenDan: calls 20
*** FLOP *** [2s Kc Jd]
Mahu2021: checks 
JensenDan: checks 
*** TURN *** [2s Kc Jd] [5c]
Mahu2021: checks 
JensenDan: checks 
*** RIVER *** [2s Kc Jd 5c] [8d]
Mahu2021: bets 40
JensenDan: calls 40
*** SHOW DOWN ***
Mahu2021: shows [Qc Js] (a pair of Jacks)
JensenDan: mucks hand 
Mahu2021 collected 160 from pot
*** SUMMARY ***
Total pot 160 | Rake 0 
Board [2s Kc Jd 5c 8d]
Seat 1: JensenDan (big blind) mucked [5d As]
Seat 2: fredinhoBH (button) folded before Flop (didn't bet)
Seat 3: Mahu2021 (small blind) showed [Qc Js] and won (160) with a pair of Jacks



PokerStars Hand #251548617600: Tournament #3779227826, $1.84+$0.16 USD Hold'em No Limit - Level I (10/20) - 2024/07/18 17:49:15 CET [2024/07/18 11:49:15 ET]
Table '3779227826 1' 3-max Seat #3 is the button
Seat 1: JensenDan (380 in chips) 
Seat 2: fredinhoBH (490 in chips) 
Seat 3: Mahu2021 (630 in chips) 
JensenDan: posts small blind 10
fredinhoBH: posts big blind 20
*** HOLE CARDS ***
Dealt to Mahu2021 [6d 7c]
Mahu2021: calls 20
JensenDan: folds 
fredinhoBH: checks 
*** FLOP *** [Qc Ks 4d]
fredinhoBH: checks 
Mahu2021: checks 
*** TURN *** [Qc Ks 4d] [7h]
fredinhoBH: checks 
Mahu2021: checks 
*** RIVER *** [Qc Ks 4d 7h] [9s]
fredinhoBH: checks 
Mahu2021: checks 
*** SHOW DOWN ***
fredinhoBH: shows [4s Ts] (a pair of Fours)
Mahu2021: shows [6d 7c] (a pair of Sevens)
Mahu2021 collected 50 from pot
*** SUMMARY ***
Total pot 50 | Rake 0 
Board [Qc Ks 4d 7h 9s]
Seat 1: JensenDan (small blind) folded before Flop
Seat 2: fredinhoBH (big blind) showed [4s Ts] and lost with a pair of Fours
Seat 3: Mahu2021 (button) showed [6d 7c] and won (50) with a pair of Sevens



PokerStars Hand #251548625187: Tournament #3779227826, $1.84+$0.16 USD Hold'em No Limit - Level I (10/20) - 2024/07/18 17:49:50 CET [2024/07/18 11:49:50 ET]
Table '3779227826 1' 3-max Seat #1 is the button
Seat 1: JensenDan (370 in chips) 
Seat 2: fredinhoBH (470 in chips) 
Seat 3: Mahu2021 (660 in chips) 
fredinhoBH: posts small blind 10
Mahu2021: posts big blind 20
*** HOLE CARDS ***
Dealt to Mahu2021 [Ac 3h]
JensenDan: calls 20
fredinhoBH: folds 
Mahu2021: checks 
*** FLOP *** [6s 4d 2s]
Mahu2021: checks 
JensenDan: bets 40
Mahu2021: calls 40
*** TURN *** [6s 4d 2s] [Ks]
Mahu2021: checks 
JensenDan: checks 
*** RIVER *** [6s 4d 2s Ks] [6d]
Mahu2021: checks 
JensenDan: bets 60
Mahu2021: folds 
Uncalled bet (60) returned to JensenDan
JensenDan collected 130 from pot
JensenDan: doesn't show hand 
*** SUMMARY ***
Total pot 130 | Rake 0 
Board [6s 4d 2s Ks 6d]
Seat 1: JensenDan (button) collected (130)
Seat 2: fredinhoBH (small blind) folded before Flop
Seat 3: Mahu2021 (big blind) folded on the River



PokerStars Hand #251548631062: Tournament #3779227826, $1.84+$0.16 USD Hold'em No Limit - Level I (10/20) - 2024/07/18 17:50:17 CET [2024/07/18 11:50:17 ET]
Table '3779227826 1' 3-max Seat #2 is the button
Seat 1: JensenDan (440 in chips) 
Seat 2: fredinhoBH (460 in chips) 
Seat 3: Mahu2021 (600 in chips) 
Mahu2021: posts small blind 10
JensenDan: posts big blind 20
*** HOLE CARDS ***
Dealt to Mahu2021 [8d 8s]
fredinhoBH: raises 20 to 40
Mahu2021: raises 560 to 600 and is all-in
JensenDan: folds 
fredinhoBH: folds 
Uncalled bet (560) returned to Mahu2021
Mahu2021 collected 100 from pot
Mahu2021: doesn't show hand 
*** SUMMARY ***
Total pot 100 | Rake 0 
Seat 1: JensenDan (big blind) folded before Flop
Seat 2: fredinhoBH (button) folded before Flop
Seat 3: Mahu2021 (small blind) collected (100)



PokerStars Hand #251548633698: Tournament #3779227826, $1.84+$0.16 USD Hold'em No Limit - Level I (10/20) - 2024/07/18 17:50:29 CET [2024/07/18 11:50:29 ET]
Table '3779227826 1' 3-max Seat #3 is the button
Seat 1: JensenDan (420 in chips) 
Seat 2: fredinhoBH (420 in chips) 
Seat 3: Mahu2021 (660 in chips) 
JensenDan: posts small blind 10
fredinhoBH: posts big blind 20
*** HOLE CARDS ***
Dealt to Mahu2021 [Kc 3h]
Mahu2021: folds 
JensenDan: folds 
Uncalled bet (10) returned to fredinhoBH
fredinhoBH collected 20 from pot
fredinhoBH: doesn't show hand 
*** SUMMARY ***
Total pot 20 | Rake 0 
Seat 1: JensenDan (small blind) folded before Flop
Seat 2: fredinhoBH (big blind) collected (20)
Seat 3: Mahu2021 (button) folded before Flop (didn't bet)



PokerStars Hand #251548636380: Tournament #3779227826, $1.84+$0.16 USD Hold'em No Limit - Level I (10/20) - 2024/07/18 17:50:41 CET [2024/07/18 11:50:41 ET]
Table '3779227826 1' 3-max Seat #1 is the button
Seat 1: JensenDan (410 in chips) 
Seat 2: fredinhoBH (430 in chips) 
Seat 3: Mahu2021 (660 in chips) 
fredinhoBH: posts small blind 10
Mahu2021: posts big blind 20
*** HOLE CARDS ***
Dealt to Mahu2021 [5s 2s]
JensenDan: folds 
fredinhoBH: calls 10
Mahu2021: checks 
*** FLOP *** [4s Qh Ks]
fredinhoBH: bets 20
Mahu2021: raises 60 to 80
fredinhoBH: folds 
Uncalled bet (60) returned to Mahu2021
Mahu2021 collected 80 from pot
Mahu2021: doesn't show hand 
*** SUMMARY ***
Total pot 80 | Rake 0 
Board [4s Qh Ks]
Seat 1: JensenDan (button) folded before Flop (didn't bet)
Seat 2: fredinhoBH (small blind) folded on the Flop
Seat 3: Mahu2021 (big blind) collected (80)



PokerStars Hand #251548642566: Tournament #3779227826, $1.84+$0.16 USD Hold'em No Limit - Level I (10/20) - 2024/07/18 17:51:09 CET [2024/07/18 11:51:09 ET]
Table '3779227826 1' 3-max Seat #2 is the button
Seat 1: JensenDan (410 in chips) 
Seat 2: fredinhoBH (390 in chips) 
Seat 3: Mahu2021 (700 in chips) 
Mahu2021: posts small blind 10
JensenDan: posts big blind 20
*** HOLE CARDS ***
Dealt to Mahu2021 [6h As]
fredinhoBH: raises 20 to 40
Mahu2021: calls 30
JensenDan: folds 
*** FLOP *** [Ts Ah 3s]
Mahu2021: checks 
fredinhoBH: bets 25
Mahu2021: calls 25
*** TURN *** [Ts Ah 3s] [8d]
Mahu2021: checks 
fredinhoBH: bets 90
Mahu2021: calls 90
*** RIVER *** [Ts Ah 3s 8d] [Qh]
Mahu2021: checks 
fredinhoBH: checks 
*** SHOW DOWN ***
Mahu2021: shows [6h As] (a pair of Aces)
fredinhoBH: mucks hand 
Mahu2021 collected 330 from pot
*** SUMMARY ***
Total pot 330 | Rake 0 
Board [Ts Ah 3s 8d Qh]
Seat 1: JensenDan (big blind) folded before Flop
Seat 2: fredinhoBH (button) mucked [Js Jc]
Seat 3: Mahu2021 (small blind) showed [6h As] and won (330) with a pair of Aces



PokerStars Hand #251548649043: Tournament #3779227826, $1.84+$0.16 USD Hold'em No Limit - Level II (15/30) - 2024/07/18 17:51:39 CET [2024/07/18 11:51:39 ET]
Table '3779227826 1' 3-max Seat #3 is the button
Seat 1: JensenDan (390 in chips) 
Seat 2: fredinhoBH (235 in chips) 
Seat 3: Mahu2021 (875 in chips) 
JensenDan: posts small blind 15
fredinhoBH: posts big blind 30
*** HOLE CARDS ***
Dealt to Mahu2021 [8s 2h]
Mahu2021: folds 
JensenDan: folds 
Uncalled bet (15) returned to fredinhoBH
fredinhoBH collected 30 from pot
fredinhoBH: doesn't show hand 
*** SUMMARY ***
Total pot 30 | Rake 0 
Seat 1: JensenDan (small blind) folded before Flop
Seat 2: fredinhoBH (big blind) collected (30)
Seat 3: Mahu2021 (button) folded before Flop (didn't bet)



PokerStars Hand #251548650386: Tournament #3779227826, $1.84+$0.16 USD Hold'em No Limit - Level II (15/30) - 2024/07/18 17:51:45 CET [2024/07/18 11:51:45 ET]
Table '3779227826 1' 3-max Seat #1 is the button
Seat 1: JensenDan (375 in chips) 
Seat 2: fredinhoBH (250 in chips) 
Seat 3: Mahu2021 (875 in chips) 
fredinhoBH: posts small blind 15
Mahu2021: posts big blind 30
*** HOLE CARDS ***
Dealt to Mahu2021 [5s 9s]
JensenDan: folds 
fredinhoBH: calls 15
Mahu2021: checks 
*** FLOP *** [9d 6h Qs]
fredinhoBH: bets 30
Mahu2021: calls 30
*** TURN *** [9d 6h Qs] [6c]
fredinhoBH: bets 190 and is all-in
Mahu2021: folds 
Uncalled bet (190) returned to fredinhoBH
fredinhoBH collected 120 from pot
fredinhoBH: doesn't show hand 
*** SUMMARY ***
Total pot 120 | Rake 0 
Board [9d 6h Qs 6c]
Seat 1: JensenDan (button) folded before Flop (didn't bet)
Seat 2: fredinhoBH (small blind) collected (120)
Seat 3: Mahu2021 (big blind) folded on the Turn



PokerStars Hand #251548659196: Tournament #3779227826, $1.84+$0.16 USD Hold'em No Limit - Level II (15/30) - 2024/07/18 17:52:25 CET [2024/07/18 11:52:25 ET]
Table '3779227826 1' 3-max Seat #2 is the button
Seat 1: JensenDan (375 in chips) 
Seat 2: fredinhoBH (310 in chips) 
Seat 3: Mahu2021 (815 in chips) 
Mahu2021: posts small blind 15
JensenDan: posts big blind 30
*** HOLE CARDS ***
Dealt to Mahu2021 [8d 9d]
fredinhoBH: raises 280 to 310 and is all-in
Mahu2021: folds 
JensenDan: folds 
Uncalled bet (280) returned to fredinhoBH
fredinhoBH collected 75 from pot
fredinhoBH: doesn't show hand 
*** SUMMARY ***
Total pot 75 | Rake 0 
Seat 1: JensenDan (big blind) folded before Flop
Seat 2: fredinhoBH (button) collected (75)
Seat 3: Mahu2021 (small blind) folded before Flop



PokerStars Hand #251548661824: Tournament #3779227826, $1.84+$0.16 USD Hold'em No Limit - Level II (15/30) - 2024/07/18 17:52:37 CET [2024/07/18 11:52:37 ET]
Table '3779227826 1' 3-max Seat #3 is the button
Seat 1: JensenDan (345 in chips) 
Seat 2: fredinhoBH (355 in chips) 
Seat 3: Mahu2021 (800 in chips) 
JensenDan: posts small blind 15
fredinhoBH: posts big blind 30
*** HOLE CARDS ***
Dealt to Mahu2021 [9h 3d]
Mahu2021: folds 
JensenDan: folds 
Uncalled bet (15) returned to fredinhoBH
fredinhoBH collected 30 from pot
fredinhoBH: doesn't show hand 
*** SUMMARY ***
Total pot 30 | Rake 0 
Seat 1: JensenDan (small blind) folded before Flop
Seat 2: fredinhoBH (big blind) collected (30)
Seat 3: Mahu2021 (button) folded before Flop (didn't bet)



PokerStars Hand #251548663373: Tournament #3779227826, $1.84+$0.16 USD Hold'em No Limit - Level II (15/30) - 2024/07/18 17:52:44 CET [2024/07/18 11:52:44 ET]
Table '3779227826 1' 3-max Seat #1 is the button
Seat 1: JensenDan (330 in chips) 
Seat 2: fredinhoBH (370 in chips) 
Seat 3: Mahu2021 (800 in chips) 
fredinhoBH: posts small blind 15
Mahu2021: posts big blind 30
*** HOLE CARDS ***
Dealt to Mahu2021 [4c 2s]
JensenDan: raises 30 to 60
fredinhoBH: folds 
Mahu2021: calls 30
*** FLOP *** [Js 6s 8d]
Mahu2021: checks 
JensenDan: bets 60
Mahu2021: folds 
Uncalled bet (60) returned to JensenDan
JensenDan collected 135 from pot
JensenDan: doesn't show hand 
*** SUMMARY ***
Total pot 135 | Rake 0 
Board [Js 6s 8d]
Seat 1: JensenDan (button) collected (135)
Seat 2: fredinhoBH (small blind) folded before Flop
Seat 3: Mahu2021 (big blind) folded on the Flop



PokerStars Hand #251548666906: Tournament #3779227826, $1.84+$0.16 USD Hold'em No Limit - Level II (15/30) - 2024/07/18 17:53:00 CET [2024/07/18 11:53:00 ET]
Table '3779227826 1' 3-max Seat #2 is the button
Seat 1: JensenDan (405 in chips) 
Seat 2: fredinhoBH (355 in chips) 
Seat 3: Mahu2021 (740 in chips) 
Mahu2021: posts small blind 15
JensenDan: posts big blind 30
*** HOLE CARDS ***
Dealt to Mahu2021 [2d 9d]
fredinhoBH: folds 
Mahu2021: folds 
Uncalled bet (15) returned to JensenDan
JensenDan collected 30 from pot
JensenDan: doesn't show hand 
*** SUMMARY ***
Total pot 30 | Rake 0 
Seat 1: JensenDan (big blind) collected (30)
Seat 2: fredinhoBH (button) folded before Flop (didn't bet)
Seat 3: Mahu2021 (small blind) folded before Flop



PokerStars Hand #251548668031: Tournament #3779227826, $1.84+$0.16 USD Hold'em No Limit - Level II (15/30) - 2024/07/18 17:53:06 CET [2024/07/18 11:53:06 ET]
Table '3779227826 1' 3-max Seat #3 is the button
Seat 1: JensenDan (420 in chips) 
Seat 2: fredinhoBH (355 in chips) 
Seat 3: Mahu2021 (725 in chips) 
JensenDan: posts small blind 15
fredinhoBH: posts big blind 30
*** HOLE CARDS ***
Dealt to Mahu2021 [Qc 6c]
Mahu2021: raises 30 to 60
JensenDan: folds 
fredinhoBH: folds 
Uncalled bet (30) returned to Mahu2021
Mahu2021 collected 75 from pot
Mahu2021: doesn't show hand 
*** SUMMARY ***
Total pot 75 | Rake 0 
Seat 1: JensenDan (small blind) folded before Flop
Seat 2: fredinhoBH (big blind) folded before Flop
Seat 3: Mahu2021 (button) collected (75)



PokerStars Hand #251548670889: Tournament #3779227826, $1.84+$0.16 USD Hold'em No Limit - Level II (15/30) - 2024/07/18 17:53:19 CET [2024/07/18 11:53:19 ET]
Table '3779227826 1' 3-max Seat #1 is the button
Seat 1: JensenDan (405 in chips) 
Seat 2: fredinhoBH (325 in chips) 
Seat 3: Mahu2021 (770 in chips) 
fredinhoBH: posts small blind 15
Mahu2021: posts big blind 30
*** HOLE CARDS ***
Dealt to Mahu2021 [Qs Kd]
JensenDan: folds 
fredinhoBH: raises 295 to 325 and is all-in
Mahu2021: folds 
Uncalled bet (295) returned to fredinhoBH
fredinhoBH collected 60 from pot
fredinhoBH: doesn't show hand 
*** SUMMARY ***
Total pot 60 | Rake 0 
Seat 1: JensenDan (button) folded before Flop (didn't bet)
Seat 2: fredinhoBH (small blind) collected (60)
Seat 3: Mahu2021 (big blind) folded before Flop



PokerStars Hand #251548673976: Tournament #3779227826, $1.84+$0.16 USD Hold'em No Limit - Level II (15/30) - 2024/07/18 17:53:33 CET [2024/07/18 11:53:33 ET]
Table '3779227826 1' 3-max Seat #2 is the button
Seat 1: JensenDan (405 in chips) 
Seat 2: fredinhoBH (355 in chips) 
Seat 3: Mahu2021 (740 in chips) 
Mahu2021: posts small blind 15
JensenDan: posts big blind 30
*** HOLE CARDS ***
Dealt to Mahu2021 [7s Th]
fredinhoBH: folds 
Mahu2021: folds 
Uncalled bet (15) returned to JensenDan
JensenDan collected 30 from pot
JensenDan: doesn't show hand 
*** SUMMARY ***
Total pot 30 | Rake 0 
Seat 1: JensenDan (big blind) collected (30)
Seat 2: fredinhoBH (button) folded before Flop (didn't bet)
Seat 3: Mahu2021 (small blind) folded before Flop



PokerStars Hand #251548675006: Tournament #3779227826, $1.84+$0.16 USD Hold'em No Limit - Level II (15/30) - 2024/07/18 17:53:38 CET [2024/07/18 11:53:38 ET]
Table '3779227826 1' 3-max Seat #3 is the button
Seat 1: JensenDan (420 in chips) 
Seat 2: fredinhoBH (355 in chips) 
Seat 3: Mahu2021 (725 in chips) 
JensenDan: posts small blind 15
fredinhoBH: posts big blind 30
*** HOLE CARDS ***
Dealt to Mahu2021 [5c Ah]
Mahu2021: calls 30
JensenDan: calls 15
fredinhoBH: checks 
*** FLOP *** [Td 5d 9d]
JensenDan: checks 
fredinhoBH: checks 
Mahu2021: checks 
*** TURN *** [Td 5d 9d] [2s]
JensenDan: checks 
fredinhoBH: bets 60
Mahu2021: folds 
JensenDan: folds 
Uncalled bet (60) returned to fredinhoBH
fredinhoBH collected 90 from pot
fredinhoBH: doesn't show hand 
*** SUMMARY ***
Total pot 90 | Rake 0 
Board [Td 5d 9d 2s]
Seat 1: JensenDan (small blind) folded on the Turn
Seat 2: fredinhoBH (big blind) collected (90)
Seat 3: Mahu2021 (button) folded on the Turn



PokerStars Hand #251548683960: Tournament #3779227826, $1.84+$0.16 USD Hold'em No Limit - Level II (15/30) - 2024/07/18 17:54:19 CET [2024/07/18 11:54:19 ET]
Table '3779227826 1' 3-max Seat #1 is the button
Seat 1: JensenDan (390 in chips) 
Seat 2: fredinhoBH (415 in chips) 
Seat 3: Mahu2021 (695 in chips) 
fredinhoBH: posts small blind 15
Mahu2021: posts big blind 30
*** HOLE CARDS ***
Dealt to Mahu2021 [Qd 6h]
JensenDan: raises 30 to 60
fredinhoBH: raises 355 to 415 and is all-in
Mahu2021: folds 
JensenDan: calls 330 and is all-in
Uncalled bet (25) returned to fredinhoBH
*** FLOP *** [4h Td Kd]
*** TURN *** [4h Td Kd] [6s]
*** RIVER *** [4h Td Kd 6s] [8c]
*** SHOW DOWN ***
fredinhoBH: shows [Jh Ad] (high card Ace)
JensenDan: shows [Ac As] (a pair of Aces)
JensenDan collected 810 from pot
*** SUMMARY ***
Total pot 810 | Rake 0 
Board [4h Td Kd 6s 8c]
Seat 1: JensenDan (button) showed [Ac As] and won (810) with a pair of Aces
Seat 2: fredinhoBH (small blind) showed [Jh Ad] and lost with high card Ace
Seat 3: Mahu2021 (big blind) folded before Flop



PokerStars Hand #251548689108: Tournament #3779227826, $1.84+$0.16 USD Hold'em No Limit - Level III (20/40) - 2024/07/18 17:54:42 CET [2024/07/18 11:54:42 ET]
Table '3779227826 1' 3-max Seat #2 is the button
Seat 1: JensenDan (810 in chips) 
Seat 2: fredinhoBH (25 in chips) 
Seat 3: Mahu2021 (665 in chips) 
Mahu2021: posts small blind 20
JensenDan: posts big blind 40
*** HOLE CARDS ***
Dealt to Mahu2021 [Qc 3s]
fredinhoBH: calls 25 and is all-in
Mahu2021: calls 20
JensenDan: checks 
*** FLOP *** [4d 5s 3c]
Mahu2021: checks 
JensenDan: bets 80
Mahu2021: folds 
Uncalled bet (80) returned to JensenDan
*** TURN *** [4d 5s 3c] [7d]
*** RIVER *** [4d 5s 3c 7d] [Td]
*** SHOW DOWN ***
JensenDan: shows [5c 5d] (three of a kind, Fives)
JensenDan collected 30 from side pot
fredinhoBH: shows [Ad Ts] (a pair of Tens)
JensenDan collected 75 from main pot
fredinhoBH finished the tournament in 3rd place
*** SUMMARY ***
Total pot 105 Main pot 75. Side pot 30. | Rake 0 
Board [4d 5s 3c 7d Td]
Seat 1: JensenDan (big blind) showed [5c 5d] and won (105) with three of a kind, Fives
Seat 2: fredinhoBH (button) showed [Ad Ts] and lost with a pair of Tens
Seat 3: Mahu2021 (small blind) folded on the Flop



PokerStars Hand #251548694147: Tournament #3779227826, $1.84+$0.16 USD Hold'em No Limit - Level III (20/40) - 2024/07/18 17:55:06 CET [2024/07/18 11:55:06 ET]
Table '3779227826 1' 3-max Seat #1 is the button
Seat 1: JensenDan (875 in chips) 
Seat 3: Mahu2021 (625 in chips) 
JensenDan: posts small blind 20
Mahu2021: posts big blind 40
*** HOLE CARDS ***
Dealt to Mahu2021 [Tc 9d]
JensenDan: raises 40 to 80
Mahu2021: calls 40
*** FLOP *** [4d Kh Ah]
Mahu2021: checks 
JensenDan: bets 80
Mahu2021: folds 
Uncalled bet (80) returned to JensenDan
JensenDan collected 160 from pot
JensenDan: doesn't show hand 
*** SUMMARY ***
Total pot 160 | Rake 0 
Board [4d Kh Ah]
Seat 1: JensenDan (button) (small blind) collected (160)
Seat 3: Mahu2021 (big blind) folded on the Flop



PokerStars Hand #251548696867: Tournament #3779227826, $1.84+$0.16 USD Hold'em No Limit - Level III (20/40) - 2024/07/18 17:55:24 CET [2024/07/18 11:55:24 ET]
Table '3779227826 1' 3-max Seat #3 is the button
Seat 1: JensenDan (955 in chips) 
Seat 3: Mahu2021 (545 in chips) 
Mahu2021: posts small blind 20
JensenDan: posts big blind 40
*** HOLE CARDS ***
Dealt to Mahu2021 [Ks 6h]
Mahu2021: raises 40 to 80
JensenDan: calls 40
*** FLOP *** [Qh 4h Kc]
JensenDan: bets 80
Mahu2021: calls 80
*** TURN *** [Qh 4h Kc] [Qd]
JensenDan: bets 120
Mahu2021: raises 160 to 280
JensenDan: raises 160 to 440
Mahu2021: calls 105 and is all-in
Uncalled bet (55) returned to JensenDan
*** RIVER *** [Qh 4h Kc Qd] [9d]
*** SHOW DOWN ***
JensenDan: shows [9s Qs] (a full house, Queens full of Nines)
Mahu2021: shows [Ks 6h] (two pair, Kings and Queens)
JensenDan collected 1090 from pot
Mahu2021 finished the tournament in 2nd place
JensenDan wins the tournament and receives $6.00 - congratulations!
*** SUMMARY ***
Total pot 1090 | Rake 0 
Board [Qh 4h Kc Qd 9d]
Seat 1: JensenDan (big blind) showed [9s Qs] and won (1090) with a full house, Queens full of Nines
Seat 3: Mahu2021 (button) (small blind) showed [Ks 6h] and lost with two pair, Kings and Queens



