PokerStars Zoom Hand #254157971912:  Hold'em No Limit ($0.05/$0.10) - 2025/01/02 20:18:23 CET [2025/01/02 14:18:23 ET]
Table 'Aludra' 6-max Seat #1 is the button
Seat 1: ponkotsu_tanuki ($10.01 in chips) 
Seat 2: T-Bird_Tom ($12.86 in chips) 
Seat 3: Mahu2021 ($10 in chips) 
Seat 4: Jean-paul905 ($15.16 in chips) 
Seat 5: inekarma ($10.05 in chips) 
Seat 6: Aruce1 ($13.96 in chips) 
T-Bird_Tom: posts small blind $0.05
Mahu2021: posts big blind $0.10
*** HOLE CARDS ***
Dealt to Mahu2021 [Ks 7h]
Jean-paul905: folds 
inekarma: folds 
Aruce1: raises $0.15 to $0.25
ponkotsu_tanuki: folds 
T-Bird_Tom: folds 
Mahu2021: calls $0.15
*** FLOP *** [4s Qh 2s]
Mahu2021: checks 
Aruce1: bets $0.17
Mahu2021: calls $0.17
*** TURN *** [4s Qh 2s] [3c]
Mahu2021: checks 
Aruce1: bets $1.11
Mahu2021: folds 
Uncalled bet ($1.11) returned to Aruce1
Aruce1 collected $0.85 from pot
Aruce1: doesn't show hand 
*** SUMMARY ***
Total pot $0.89 | Rake $0.04 
Board [4s Qh 2s 3c]
Seat 1: ponkotsu_tanuki (button) folded before Flop (didn't bet)
Seat 2: T-Bird_Tom (small blind) folded before Flop
Seat 3: Mahu2021 (big blind) folded on the Turn
Seat 4: Jean-paul905 folded before Flop (didn't bet)
Seat 5: inekarma folded before Flop (didn't bet)
Seat 6: Aruce1 collected ($0.85)



PokerStars Zoom Hand #254157983816:  Hold'em No Limit ($0.05/$0.10) - 2025/01/02 20:18:59 CET [2025/01/02 14:18:59 ET]
Table 'Aludra' 6-max Seat #1 is the button
Seat 1: tombenno ($12.38 in chips) 
Seat 2: Mahu2021 ($9.58 in chips) 
Seat 3: CampeaoBra ($10 in chips) 
Seat 4: WideMonkaW ($15.32 in chips) 
Seat 5: pokking876 ($8.09 in chips) 
Seat 6: luusk ($58.36 in chips) 
Mahu2021: posts small blind $0.05
CampeaoBra: posts big blind $0.10
*** HOLE CARDS ***
Dealt to Mahu2021 [Ah Qc]
WideMonkaW: raises $0.10 to $0.20
pokking876: folds 
luusk: folds 
tombenno: folds 
Mahu2021: calls $0.15
CampeaoBra: folds 
*** FLOP *** [9h 4d 8s]
Mahu2021: checks 
WideMonkaW: bets $0.36
Mahu2021: folds 
Uncalled bet ($0.36) returned to WideMonkaW
WideMonkaW collected $0.48 from pot
WideMonkaW: doesn't show hand 
*** SUMMARY ***
Total pot $0.50 | Rake $0.02 
Board [9h 4d 8s]
Seat 1: tombenno (button) folded before Flop (didn't bet)
Seat 2: Mahu2021 (small blind) folded on the Flop
Seat 3: CampeaoBra (big blind) folded before Flop
Seat 4: WideMonkaW collected ($0.48)
Seat 5: pokking876 folded before Flop (didn't bet)
Seat 6: luusk folded before Flop (didn't bet)



PokerStars Zoom Hand #254157994890:  Hold'em No Limit ($0.05/$0.10) - 2025/01/02 20:19:32 CET [2025/01/02 14:19:32 ET]
Table 'Aludra' 6-max Seat #1 is the button
Seat 1: gelik32 ($10.42 in chips) 
Seat 2: joee84 ($35.08 in chips) 
Seat 3: chevins ($21.80 in chips) 
Seat 4: DonkeyKong1960 ($10.70 in chips) 
Seat 5: Mahu2021 ($9.38 in chips) 
Seat 6: Munk639 ($3.12 in chips) 
joee84: posts small blind $0.05
chevins: posts big blind $0.10
*** HOLE CARDS ***
Dealt to Mahu2021 [4h 3h]
DonkeyKong1960: folds 
Mahu2021: folds 
Munk639: folds 
gelik32: folds 
joee84: folds 
Uncalled bet ($0.05) returned to chevins
chevins collected $0.10 from pot
chevins: doesn't show hand 
*** SUMMARY ***
Total pot $0.10 | Rake $0 
Seat 1: gelik32 (button) folded before Flop (didn't bet)
Seat 2: joee84 (small blind) folded before Flop
Seat 3: chevins (big blind) collected ($0.10)
Seat 4: DonkeyKong1960 folded before Flop (didn't bet)
Seat 5: Mahu2021 folded before Flop (didn't bet)
Seat 6: Munk639 folded before Flop (didn't bet)



PokerStars Zoom Hand #254157996768:  Hold'em No Limit ($0.05/$0.10) - 2025/01/02 20:19:38 CET [2025/01/02 14:19:38 ET]
Table 'Aludra' 6-max Seat #1 is the button
Seat 1: Mahu2021 ($9.38 in chips) 
Seat 2: Munk639 ($12.64 in chips) 
Seat 3: BieberFan86 ($10.41 in chips) 
Seat 4: Tutin721 ($25.15 in chips) 
Seat 5: cr3tul ($5.24 in chips) 
Seat 6: COVEIROANCAP ($10.15 in chips) 
Munk639: posts small blind $0.05
BieberFan86: posts big blind $0.10
*** HOLE CARDS ***
Dealt to Mahu2021 [Ks 2c]
Tutin721: folds 
cr3tul: folds 
COVEIROANCAP: folds 
Mahu2021: folds 
Munk639: folds 
Uncalled bet ($0.05) returned to BieberFan86
BieberFan86 collected $0.10 from pot
BieberFan86: doesn't show hand 
*** SUMMARY ***
Total pot $0.10 | Rake $0 
Seat 1: Mahu2021 (button) folded before Flop (didn't bet)
Seat 2: Munk639 (small blind) folded before Flop
Seat 3: BieberFan86 (big blind) collected ($0.10)
Seat 4: Tutin721 folded before Flop (didn't bet)
Seat 5: cr3tul folded before Flop (didn't bet)
Seat 6: COVEIROANCAP folded before Flop (didn't bet)



PokerStars Zoom Hand #254157999409:  Hold'em No Limit ($0.05/$0.10) - 2025/01/02 20:19:46 CET [2025/01/02 14:19:46 ET]
Table 'Aludra' 6-max Seat #1 is the button
Seat 1: Aruce1 ($14.24 in chips) 
Seat 2: WideMonkaW ($15.50 in chips) 
Seat 3: Mahu2021 ($9.38 in chips) 
Seat 4: chilli60 ($11.84 in chips) 
Seat 5: charleymat8787 ($8.51 in chips) 
Seat 6: Zonizo ($16.74 in chips) 
WideMonkaW: posts small blind $0.05
Mahu2021: posts big blind $0.10
*** HOLE CARDS ***
Dealt to Mahu2021 [8s 9d]
chilli60: folds 
charleymat8787: raises $0.15 to $0.25
Zonizo: calls $0.25
Aruce1: folds 
WideMonkaW: folds 
Mahu2021: folds 
*** FLOP *** [Jc 9s 3d]
charleymat8787: checks 
Zonizo: bets $0.31
charleymat8787: folds 
Uncalled bet ($0.31) returned to Zonizo
Zonizo collected $0.62 from pot
Zonizo: doesn't show hand 
*** SUMMARY ***
Total pot $0.65 | Rake $0.03 
Board [Jc 9s 3d]
Seat 1: Aruce1 (button) folded before Flop (didn't bet)
Seat 2: WideMonkaW (small blind) folded before Flop
Seat 3: Mahu2021 (big blind) folded before Flop
Seat 4: chilli60 folded before Flop (didn't bet)
Seat 5: charleymat8787 folded on the Flop
Seat 6: Zonizo collected ($0.62)



PokerStars Zoom Hand #254157998102:  Hold'em No Limit ($0.05/$0.10) - 2025/01/02 20:19:42 CET [2025/01/02 14:19:42 ET]
Table 'Aludra' 6-max Seat #1 is the button
Seat 1: lordx777 ($10.77 in chips) 
Seat 2: andyzx79 ($7.79 in chips) 
Seat 3: Deegox_E ($10 in chips) 
Seat 4: gelik32 ($10.35 in chips) 
Seat 5: Franbostero2 ($5.04 in chips) 
Seat 6: Mahu2021 ($9.38 in chips) 
andyzx79: posts small blind $0.05
Deegox_E: posts big blind $0.10
*** HOLE CARDS ***
Dealt to Mahu2021 [2d Qh]
gelik32: folds 
Franbostero2: folds 
Mahu2021: folds 
lordx777: raises $0.15 to $0.25
andyzx79: folds 
Deegox_E: calls $0.15
*** FLOP *** [Tc Kd Jh]
Deegox_E: checks 
lordx777: checks 
*** TURN *** [Tc Kd Jh] [9d]
Deegox_E: bets $0.40
lordx777: folds 
Uncalled bet ($0.40) returned to Deegox_E
Deegox_E collected $0.53 from pot
Deegox_E: doesn't show hand 
*** SUMMARY ***
Total pot $0.55 | Rake $0.02 
Board [Tc Kd Jh 9d]
Seat 1: lordx777 (button) folded on the Turn
Seat 2: andyzx79 (small blind) folded before Flop
Seat 3: Deegox_E (big blind) collected ($0.53)
Seat 4: gelik32 folded before Flop (didn't bet)
Seat 5: Franbostero2 folded before Flop (didn't bet)
Seat 6: Mahu2021 folded before Flop (didn't bet)



PokerStars Zoom Hand #254158001273:  Hold'em No Limit ($0.05/$0.10) - 2025/01/02 20:19:52 CET [2025/01/02 14:19:52 ET]
Table 'Aludra' 6-max Seat #1 is the button
Seat 1: Teuvo L ($37.05 in chips) 
Seat 2: miker1980 ($14.99 in chips) 
Seat 3: stiucarul ($9.89 in chips) 
Seat 4: Bur1k ($5 in chips) 
Seat 5: Mahu2021 ($9.28 in chips) 
Seat 6: gelik32 ($10.30 in chips) 
miker1980: posts small blind $0.05
stiucarul: posts big blind $0.10
*** HOLE CARDS ***
Dealt to Mahu2021 [Qh Qs]
Bur1k: folds 
Mahu2021: raises $0.20 to $0.30
gelik32: folds 
Teuvo L: folds 
miker1980: folds 
stiucarul: folds 
Uncalled bet ($0.20) returned to Mahu2021
Mahu2021 collected $0.25 from pot
Mahu2021: doesn't show hand 
*** SUMMARY ***
Total pot $0.25 | Rake $0 
Seat 1: Teuvo L (button) folded before Flop (didn't bet)
Seat 2: miker1980 (small blind) folded before Flop
Seat 3: stiucarul (big blind) folded before Flop
Seat 4: Bur1k folded before Flop (didn't bet)
Seat 5: Mahu2021 collected ($0.25)
Seat 6: gelik32 folded before Flop (didn't bet)



PokerStars Zoom Hand #254158007222:  Hold'em No Limit ($0.05/$0.10) - 2025/01/02 20:20:10 CET [2025/01/02 14:20:10 ET]
Table 'Aludra' 6-max Seat #1 is the button
Seat 1: Bur1k ($5 in chips) 
Seat 2: Mahu2021 ($9.43 in chips) 
Seat 3: catastrevas ($10.80 in chips) 
Seat 4: kotaraka1312 ($23.28 in chips) 
Seat 5: stiucarul ($12.09 in chips) 
Seat 6: SaSaa2 ($1.94 in chips) 
Mahu2021: posts small blind $0.05
catastrevas: posts big blind $0.10
*** HOLE CARDS ***
Dealt to Mahu2021 [Tc Jd]
kotaraka1312: folds 
stiucarul: folds 
SaSaa2: folds 
Bur1k: folds 
Mahu2021: raises $0.20 to $0.30
catastrevas: folds 
Uncalled bet ($0.20) returned to Mahu2021
Mahu2021 collected $0.20 from pot
Mahu2021: doesn't show hand 
*** SUMMARY ***
Total pot $0.20 | Rake $0 
Seat 1: Bur1k (button) folded before Flop (didn't bet)
Seat 2: Mahu2021 (small blind) collected ($0.20)
Seat 3: catastrevas (big blind) folded before Flop
Seat 4: kotaraka1312 folded before Flop (didn't bet)
Seat 5: stiucarul folded before Flop (didn't bet)
Seat 6: SaSaa2 folded before Flop (didn't bet)



PokerStars Zoom Hand #254158012598:  Hold'em No Limit ($0.05/$0.10) - 2025/01/02 20:20:26 CET [2025/01/02 14:20:26 ET]
Table 'Aludra' 6-max Seat #1 is the button
Seat 1: Mahu2021 ($9.53 in chips) 
Seat 2: bmw8331 ($17.49 in chips) 
Seat 3: dim_chal89 ($9.27 in chips) 
Seat 4: Ruselllll ($10.36 in chips) 
Seat 5: luusk ($10.15 in chips) 
Seat 6: catastrevas ($12.39 in chips) 
bmw8331: posts small blind $0.05
dim_chal89: posts big blind $0.10
*** HOLE CARDS ***
Dealt to Mahu2021 [Ac Kd]
Ruselllll: folds 
luusk: folds 
catastrevas: folds 
Mahu2021: raises $0.20 to $0.30
bmw8331: calls $0.25
dim_chal89: folds 
*** FLOP *** [2s 7c 5c]
bmw8331: checks 
Mahu2021: checks 
*** TURN *** [2s 7c 5c] [5h]
bmw8331: checks 
Mahu2021: bets $0.30
bmw8331: calls $0.30
*** RIVER *** [2s 7c 5c 5h] [8d]
bmw8331: checks 
Mahu2021: checks 
*** SHOW DOWN ***
bmw8331: shows [Qc Ad] (a pair of Fives)
Mahu2021: shows [Ac Kd] (a pair of Fives - Ace+King kicker)
Mahu2021 collected $1.24 from pot
*** SUMMARY ***
Total pot $1.30 | Rake $0.06 
Board [2s 7c 5c 5h 8d]
Seat 1: Mahu2021 (button) showed [Ac Kd] and won ($1.24) with a pair of Fives
Seat 2: bmw8331 (small blind) showed [Qc Ad] and lost with a pair of Fives
Seat 3: dim_chal89 (big blind) folded before Flop
Seat 4: Ruselllll folded before Flop (didn't bet)
Seat 5: luusk folded before Flop (didn't bet)
Seat 6: catastrevas folded before Flop (didn't bet)



PokerStars Zoom Hand #254158027338:  Hold'em No Limit ($0.05/$0.10) - 2025/01/02 20:21:11 CET [2025/01/02 14:21:11 ET]
Table 'Aludra' 6-max Seat #1 is the button
Seat 1: Stavrinho ($27.55 in chips) 
Seat 2: jgo_G4 ($10 in chips) 
Seat 3: Mahu2021 ($10.17 in chips) 
Seat 4: apicius2 ($9.85 in chips) 
Seat 5: Isohani ($11.65 in chips) 
Seat 6: Allvisa ($13.86 in chips) 
jgo_G4: posts small blind $0.05
Mahu2021: posts big blind $0.10
*** HOLE CARDS ***
Dealt to Mahu2021 [5h Kc]
apicius2: folds 
Isohani: raises $0.15 to $0.25
Allvisa: folds 
Stavrinho: raises $0.65 to $0.90
jgo_G4: folds 
Mahu2021: folds 
Isohani: folds 
Uncalled bet ($0.65) returned to Stavrinho
Stavrinho collected $0.65 from pot
Stavrinho: doesn't show hand 
*** SUMMARY ***
Total pot $0.65 | Rake $0 
Seat 1: Stavrinho (button) collected ($0.65)
Seat 2: jgo_G4 (small blind) folded before Flop
Seat 3: Mahu2021 (big blind) folded before Flop
Seat 4: apicius2 folded before Flop (didn't bet)
Seat 5: Isohani folded before Flop
Seat 6: Allvisa folded before Flop (didn't bet)



PokerStars Zoom Hand #254158033502:  Hold'em No Limit ($0.05/$0.10) - 2025/01/02 20:21:29 CET [2025/01/02 14:21:29 ET]
Table 'Aludra' 6-max Seat #1 is the button
Seat 1: T-Bird_Tom ($12.66 in chips) 
Seat 2: inekarma ($12.20 in chips) 
Seat 3: DonkeyKong1960 ($10.53 in chips) 
Seat 4: Mahu2021 ($10.07 in chips) 
Seat 5: joee84 ($41.70 in chips) 
Seat 6: lordx777 ($12.57 in chips) 
inekarma: posts small blind $0.05
DonkeyKong1960: posts big blind $0.10
*** HOLE CARDS ***
Dealt to Mahu2021 [Ks Qs]
Mahu2021: raises $0.20 to $0.30
joee84: folds 
lordx777: folds 
T-Bird_Tom: calls $0.30
inekarma: raises $1.20 to $1.50
DonkeyKong1960: folds 
Mahu2021: folds 
T-Bird_Tom: folds 
Uncalled bet ($1.20) returned to inekarma
inekarma collected $1 from pot
inekarma: doesn't show hand 
*** SUMMARY ***
Total pot $1 | Rake $0 
Seat 1: T-Bird_Tom (button) folded before Flop
Seat 2: inekarma (small blind) collected ($1)
Seat 3: DonkeyKong1960 (big blind) folded before Flop
Seat 4: Mahu2021 folded before Flop
Seat 5: joee84 folded before Flop (didn't bet)
Seat 6: lordx777 folded before Flop (didn't bet)



PokerStars Zoom Hand #254158043719:  Hold'em No Limit ($0.05/$0.10) - 2025/01/02 20:22:00 CET [2025/01/02 14:22:00 ET]
Table 'Aludra' 6-max Seat #1 is the button
Seat 1: Hana_na650 ($3.93 in chips) 
Seat 2: Mahu2021 ($9.77 in chips) 
Seat 3: Luffy V ($10 in chips) 
Seat 4: puffy5555 ($10.25 in chips) 
Seat 5: ZAURBEKK2013 ($11.08 in chips) 
Seat 6: bernardi1323 ($11.27 in chips) 
Mahu2021: posts small blind $0.05
Luffy V: posts big blind $0.10
*** HOLE CARDS ***
Dealt to Mahu2021 [4c 4d]
puffy5555: folds 
ZAURBEKK2013: folds 
bernardi1323: raises $0.11 to $0.21
Hana_na650: folds 
Mahu2021: calls $0.16
Luffy V: folds 
*** FLOP *** [9h 7s 8h]
Mahu2021: checks 
bernardi1323: checks 
*** TURN *** [9h 7s 8h] [9d]
Mahu2021: bets $0.20
bernardi1323: calls $0.20
*** RIVER *** [9h 7s 8h 9d] [Jh]
Mahu2021: checks 
bernardi1323: checks 
*** SHOW DOWN ***
Mahu2021: shows [4c 4d] (two pair, Nines and Fours)
bernardi1323: shows [8s 7h] (two pair, Nines and Eights)
bernardi1323 collected $0.88 from pot
*** SUMMARY ***
Total pot $0.92 | Rake $0.04 
Board [9h 7s 8h 9d Jh]
Seat 1: Hana_na650 (button) folded before Flop (didn't bet)
Seat 2: Mahu2021 (small blind) showed [4c 4d] and lost with two pair, Nines and Fours
Seat 3: Luffy V (big blind) folded before Flop
Seat 4: puffy5555 folded before Flop (didn't bet)
Seat 5: ZAURBEKK2013 folded before Flop (didn't bet)
Seat 6: bernardi1323 showed [8s 7h] and won ($0.88) with two pair, Nines and Eights



PokerStars Zoom Hand #254158042320:  Hold'em No Limit ($0.05/$0.10) - 2025/01/02 20:21:56 CET [2025/01/02 14:21:56 ET]
Table 'Aludra' 6-max Seat #1 is the button
Seat 1: JareJaeCa ($13.71 in chips) 
Seat 2: Baratrum777 ($10.52 in chips) 
Seat 3: chevins ($10.16 in chips) 
Seat 4: pokking876 ($20.16 in chips) 
Seat 5: colAA49 ($10.33 in chips) 
Seat 6: Mahu2021 ($9.77 in chips) 
Baratrum777: posts small blind $0.05
chevins: posts big blind $0.10
*** HOLE CARDS ***
Dealt to Mahu2021 [5c Qd]
pokking876: folds 
colAA49: raises $0.15 to $0.25
Mahu2021: folds 
JareJaeCa: folds 
Baratrum777: folds 
chevins: calls $0.15
*** FLOP *** [Js 5s Jd]
chevins: checks 
colAA49: bets $0.40
chevins: calls $0.40
*** TURN *** [Js 5s Jd] [Td]
chevins: checks 
colAA49: checks 
*** RIVER *** [Js 5s Jd Td] [Qc]
chevins: bets $1.80
colAA49: calls $1.80
*** SHOW DOWN ***
chevins: shows [Th Tc] (a full house, Tens full of Jacks)
colAA49: mucks hand 
chevins collected $4.73 from pot
*** SUMMARY ***
Total pot $4.95 | Rake $0.22 
Board [Js 5s Jd Td Qc]
Seat 1: JareJaeCa (button) folded before Flop (didn't bet)
Seat 2: Baratrum777 (small blind) folded before Flop
Seat 3: chevins (big blind) showed [Th Tc] and won ($4.73) with a full house, Tens full of Jacks
Seat 4: pokking876 folded before Flop (didn't bet)
Seat 5: colAA49 mucked [Ks Kc]
Seat 6: Mahu2021 folded before Flop (didn't bet)



PokerStars Zoom Hand #254158030214:  Hold'em No Limit ($0.05/$0.10) - 2025/01/02 20:21:19 CET [2025/01/02 14:21:19 ET]
Table 'Aludra' 6-max Seat #1 is the button
Seat 1: 29kp5 ($11.13 in chips) 
Seat 2: Dimitar0141 ($10.62 in chips) 
Seat 3: iceballantyne ($10 in chips) 
Seat 4: Elsacron ($12.47 in chips) 
Seat 5: crackhead 37 ($10 in chips) 
Seat 6: Mahu2021 ($10.07 in chips) 
Dimitar0141: posts small blind $0.05
iceballantyne: posts big blind $0.10
*** HOLE CARDS ***
Dealt to Mahu2021 [8c Js]
Elsacron: folds 
crackhead 37: folds 
Mahu2021: folds 
29kp5: raises $0.20 to $0.30
Dimitar0141: folds 
iceballantyne: raises $0.95 to $1.25
29kp5: calls $0.95
*** FLOP *** [Ts Jh 2s]
iceballantyne: bets $1.20
29kp5: calls $1.20
*** TURN *** [Ts Jh 2s] [Qs]
iceballantyne: bets $1.42
29kp5: raises $1.48 to $2.90
iceballantyne: calls $1.48
*** RIVER *** [Ts Jh 2s Qs] [7h]
iceballantyne: checks 
29kp5: bets $5.78 and is all-in
iceballantyne: calls $4.65 and is all-in
Uncalled bet ($1.13) returned to 29kp5
*** SHOW DOWN ***
29kp5: shows [Ac Th] (a pair of Tens)
iceballantyne: shows [Kh Ah] (a straight, Ten to Ace)
iceballantyne collected $19.15 from pot
*** SUMMARY ***
Total pot $20.05 | Rake $0.90 
Board [Ts Jh 2s Qs 7h]
Seat 1: 29kp5 (button) showed [Ac Th] and lost with a pair of Tens
Seat 2: Dimitar0141 (small blind) folded before Flop
Seat 3: iceballantyne (big blind) showed [Kh Ah] and won ($19.15) with a straight, Ten to Ace
Seat 4: Elsacron folded before Flop (didn't bet)
Seat 5: crackhead 37 folded before Flop (didn't bet)
Seat 6: Mahu2021 folded before Flop (didn't bet)



PokerStars Zoom Hand #254158053645:  Hold'em No Limit ($0.05/$0.10) - 2025/01/02 20:22:30 CET [2025/01/02 14:22:30 ET]
Table 'Aludra' 6-max Seat #1 is the button
Seat 1: Mahu2021 ($9.36 in chips) 
Seat 2: Izabyx ($9.42 in chips) 
Seat 3: ChrisApa ($23.86 in chips) 
Seat 4: verkku6666 ($5.30 in chips) 
Seat 5: CampeaoBra ($11.19 in chips) 
Seat 6: zarpapis ($23.31 in chips) 
Izabyx: posts small blind $0.05
ChrisApa: posts big blind $0.10
*** HOLE CARDS ***
Dealt to Mahu2021 [Tc 2c]
verkku6666: raises $0.30 to $0.40
CampeaoBra: folds 
zarpapis: folds 
Mahu2021: folds 
Izabyx: calls $0.35
ChrisApa: folds 
*** FLOP *** [3h Ac Jd]
Izabyx: checks 
verkku6666: bets $4.90 and is all-in
Izabyx: folds 
Uncalled bet ($4.90) returned to verkku6666
verkku6666 collected $0.86 from pot
verkku6666: doesn't show hand 
*** SUMMARY ***
Total pot $0.90 | Rake $0.04 
Board [3h Ac Jd]
Seat 1: Mahu2021 (button) folded before Flop (didn't bet)
Seat 2: Izabyx (small blind) folded on the Flop
Seat 3: ChrisApa (big blind) folded before Flop
Seat 4: verkku6666 collected ($0.86)
Seat 5: CampeaoBra folded before Flop (didn't bet)
Seat 6: zarpapis folded before Flop (didn't bet)



PokerStars Zoom Hand #254158052387:  Hold'em No Limit ($0.05/$0.10) - 2025/01/02 20:22:26 CET [2025/01/02 14:22:26 ET]
Table 'Aludra' 6-max Seat #1 is the button
Seat 1: batalhafbf ($13.64 in chips) 
Seat 2: apicius2 ($10.11 in chips) 
Seat 3: crackhead 37 ($11.13 in chips) 
Seat 4: Franbostero2 ($6.04 in chips) 
Seat 5: Mahu2021 ($9.36 in chips) 
Seat 6: bananerebra ($5.07 in chips) 
apicius2: posts small blind $0.05
crackhead 37: posts big blind $0.10
*** HOLE CARDS ***
Dealt to Mahu2021 [8d 3s]
Franbostero2: folds 
Mahu2021: folds 
bananerebra: raises $0.10 to $0.20
batalhafbf: folds 
apicius2: folds 
crackhead 37: calls $0.10
*** FLOP *** [Kd 4h 3h]
crackhead 37: checks 
bananerebra: checks 
*** TURN *** [Kd 4h 3h] [Qh]
crackhead 37: checks 
bananerebra: checks 
*** RIVER *** [Kd 4h 3h Qh] [8c]
crackhead 37: checks 
bananerebra: checks 
*** SHOW DOWN ***
crackhead 37: shows [4s 6s] (a pair of Fours)
bananerebra: mucks hand 
crackhead 37 collected $0.43 from pot
*** SUMMARY ***
Total pot $0.45 | Rake $0.02 
Board [Kd 4h 3h Qh 8c]
Seat 1: batalhafbf (button) folded before Flop (didn't bet)
Seat 2: apicius2 (small blind) folded before Flop
Seat 3: crackhead 37 (big blind) showed [4s 6s] and won ($0.43) with a pair of Fours
Seat 4: Franbostero2 folded before Flop (didn't bet)
Seat 5: Mahu2021 folded before Flop (didn't bet)
Seat 6: bananerebra mucked [As Td]



PokerStars Zoom Hand #254158056625:  Hold'em No Limit ($0.05/$0.10) - 2025/01/02 20:22:39 CET [2025/01/02 14:22:39 ET]
Table 'Aludra' 6-max Seat #1 is the button
Seat 1: pokpvc ($10.83 in chips) 
Seat 2: iceballantyne ($19.15 in chips) 
Seat 3: Mahu2021 ($9.36 in chips) 
Seat 4: zarpapis ($23.31 in chips) 
Seat 5: 29kp5 ($1.13 in chips) 
Seat 6: Thelonius84 ($9.66 in chips) 
iceballantyne: posts small blind $0.05
Mahu2021: posts big blind $0.10
*** HOLE CARDS ***
Dealt to Mahu2021 [6s 2c]
zarpapis: folds 
29kp5: folds 
Thelonius84: folds 
pokpvc: folds 
iceballantyne: raises $0.20 to $0.30
Mahu2021: folds 
Uncalled bet ($0.20) returned to iceballantyne
iceballantyne collected $0.20 from pot
iceballantyne: doesn't show hand 
*** SUMMARY ***
Total pot $0.20 | Rake $0 
Seat 1: pokpvc (button) folded before Flop (didn't bet)
Seat 2: iceballantyne (small blind) collected ($0.20)
Seat 3: Mahu2021 (big blind) folded before Flop
Seat 4: zarpapis folded before Flop (didn't bet)
Seat 5: 29kp5 folded before Flop (didn't bet)
Seat 6: Thelonius84 folded before Flop (didn't bet)



PokerStars Zoom Hand #254158055367:  Hold'em No Limit ($0.05/$0.10) - 2025/01/02 20:22:35 CET [2025/01/02 14:22:35 ET]
Table 'Aludra' 6-max Seat #1 is the button
Seat 1: santivi1997 ($10 in chips) 
Seat 2: Dimitar0141 ($11.89 in chips) 
Seat 3: Mùúh 22 ($10.01 in chips) 
Seat 4: Mahu2021 ($9.36 in chips) 
Seat 5: royacht ($11.31 in chips) 
Seat 6: 77aum7 ($1.79 in chips) 
Dimitar0141: posts small blind $0.05
Mùúh 22: posts big blind $0.10
*** HOLE CARDS ***
Dealt to Mahu2021 [5c 8d]
Mahu2021: folds 
royacht: raises $0.10 to $0.20
77aum7: folds 
santivi1997: folds 
Dimitar0141: folds 
Mùúh 22: folds 
Uncalled bet ($0.10) returned to royacht
royacht collected $0.25 from pot
royacht: doesn't show hand 
*** SUMMARY ***
Total pot $0.25 | Rake $0 
Seat 1: santivi1997 (button) folded before Flop (didn't bet)
Seat 2: Dimitar0141 (small blind) folded before Flop
Seat 3: Mùúh 22 (big blind) folded before Flop
Seat 4: Mahu2021 folded before Flop (didn't bet)
Seat 5: royacht collected ($0.25)
Seat 6: 77aum7 folded before Flop (didn't bet)



PokerStars Zoom Hand #254158060372:  Hold'em No Limit ($0.05/$0.10) - 2025/01/02 20:22:51 CET [2025/01/02 14:22:51 ET]
Table 'Aludra' 6-max Seat #1 is the button
Seat 1: Mahu2021 ($9.26 in chips) 
Seat 2: gamehard ($10 in chips) 
Seat 3: stand123 ($10.78 in chips) 
Seat 4: bananerebra ($4.87 in chips) 
Seat 5: Teuvo L ($11.04 in chips) 
Seat 6: beas7m0de ($10.43 in chips) 
gamehard: posts small blind $0.05
stand123: posts big blind $0.10
*** HOLE CARDS ***
Dealt to Mahu2021 [5d 5c]
bananerebra: folds 
Teuvo L: folds 
beas7m0de: folds 
Mahu2021: raises $0.20 to $0.30
gamehard: folds 
stand123: folds 
Uncalled bet ($0.20) returned to Mahu2021
Mahu2021 collected $0.25 from pot
Mahu2021: doesn't show hand 
*** SUMMARY ***
Total pot $0.25 | Rake $0 
Seat 1: Mahu2021 (button) collected ($0.25)
Seat 2: gamehard (small blind) folded before Flop
Seat 3: stand123 (big blind) folded before Flop
Seat 4: bananerebra folded before Flop (didn't bet)
Seat 5: Teuvo L folded before Flop (didn't bet)
Seat 6: beas7m0de folded before Flop (didn't bet)



PokerStars Zoom Hand #254158064902:  Hold'em No Limit ($0.05/$0.10) - 2025/01/02 20:23:04 CET [2025/01/02 14:23:04 ET]
Table 'Aludra' 6-max Seat #1 is the button
Seat 1: gamehard ($10 in chips) 
Seat 2: Mahu2021 ($9.41 in chips) 
Seat 3: iceballantyne ($10 in chips) 
Seat 4: andyzx79 ($7.68 in chips) 
Seat 5: WideMonkaW ($21.79 in chips) 
Seat 6: xgolyx ($10.53 in chips) 
Mahu2021: posts small blind $0.05
iceballantyne: posts big blind $0.10
*** HOLE CARDS ***
Dealt to Mahu2021 [9c 3c]
andyzx79: folds 
WideMonkaW: raises $0.12 to $0.22
xgolyx: folds 
gamehard: folds 
Mahu2021: folds 
iceballantyne: folds 
Uncalled bet ($0.12) returned to WideMonkaW
WideMonkaW collected $0.25 from pot
WideMonkaW: doesn't show hand 
*** SUMMARY ***
Total pot $0.25 | Rake $0 
Seat 1: gamehard (button) folded before Flop (didn't bet)
Seat 2: Mahu2021 (small blind) folded before Flop
Seat 3: iceballantyne (big blind) folded before Flop
Seat 4: andyzx79 folded before Flop (didn't bet)
Seat 5: WideMonkaW collected ($0.25)
Seat 6: xgolyx folded before Flop (didn't bet)



PokerStars Zoom Hand #254158068146:  Hold'em No Limit ($0.05/$0.10) - 2025/01/02 20:23:14 CET [2025/01/02 14:23:14 ET]
Table 'Aludra' 6-max Seat #1 is the button
Seat 1: zarpapis ($10 in chips) 
Seat 2: Elsacron ($13.11 in chips) 
Seat 3: COVEIROANCAP ($10 in chips) 
Seat 4: stefanita24 ($19.81 in chips) 
Seat 5: Mahu2021 ($9.36 in chips) 
Seat 6: DonkeyKong1960 ($10 in chips) 
Elsacron: posts small blind $0.05
COVEIROANCAP: posts big blind $0.10
*** HOLE CARDS ***
Dealt to Mahu2021 [Qd 9s]
stefanita24: folds 
Mahu2021: folds 
DonkeyKong1960: raises $0.20 to $0.30
zarpapis: folds 
Elsacron: folds 
COVEIROANCAP: folds 
Uncalled bet ($0.20) returned to DonkeyKong1960
DonkeyKong1960 collected $0.25 from pot
DonkeyKong1960: doesn't show hand 
*** SUMMARY ***
Total pot $0.25 | Rake $0 
Seat 1: zarpapis (button) folded before Flop (didn't bet)
Seat 2: Elsacron (small blind) folded before Flop
Seat 3: COVEIROANCAP (big blind) folded before Flop
Seat 4: stefanita24 folded before Flop (didn't bet)
Seat 5: Mahu2021 folded before Flop (didn't bet)
Seat 6: DonkeyKong1960 collected ($0.25)



PokerStars Zoom Hand #254158066574:  Hold'em No Limit ($0.05/$0.10) - 2025/01/02 20:23:09 CET [2025/01/02 14:23:09 ET]
Table 'Aludra' 6-max Seat #1 is the button
Seat 1: T-Bird_Tom ($15.02 in chips) 
Seat 2: Tutin721 ($9.85 in chips) 
Seat 3: GeeBeeCee ($10.15 in chips) 
Seat 4: WideMonkaW ($39.08 in chips) 
Seat 5: teebeutel16 ($4.89 in chips) 
Seat 6: Mahu2021 ($9.36 in chips) 
Tutin721: posts small blind $0.05
GeeBeeCee: posts big blind $0.10
*** HOLE CARDS ***
Dealt to Mahu2021 [4c Tc]
WideMonkaW: folds 
teebeutel16: folds 
Mahu2021: folds 
T-Bird_Tom: folds 
Tutin721: raises $0.18 to $0.28
GeeBeeCee: folds 
Uncalled bet ($0.18) returned to Tutin721
Tutin721 collected $0.20 from pot
Tutin721: doesn't show hand 
*** SUMMARY ***
Total pot $0.20 | Rake $0 
Seat 1: T-Bird_Tom (button) folded before Flop (didn't bet)
Seat 2: Tutin721 (small blind) collected ($0.20)
Seat 3: GeeBeeCee (big blind) folded before Flop
Seat 4: WideMonkaW folded before Flop (didn't bet)
Seat 5: teebeutel16 folded before Flop (didn't bet)
Seat 6: Mahu2021 folded before Flop (didn't bet)



PokerStars Zoom Hand #254158069447:  Hold'em No Limit ($0.05/$0.10) - 2025/01/02 20:23:18 CET [2025/01/02 14:23:18 ET]
Table 'Aludra' 6-max Seat #1 is the button
Seat 1: Vandalar ($10.73 in chips) 
Seat 2: miker1980 ($12.85 in chips) 
Seat 3: Mahu2021 ($9.36 in chips) 
Seat 4: Allvisa ($13.26 in chips) 
Seat 5: Stavrinho ($16.05 in chips) 
Seat 6: Luffy V ($10.41 in chips) 
miker1980: posts small blind $0.05
Mahu2021: posts big blind $0.10
*** HOLE CARDS ***
Dealt to Mahu2021 [2h 8s]
Allvisa: folds 
Stavrinho: raises $0.20 to $0.30
Luffy V: folds 
Vandalar: folds 
miker1980: folds 
Mahu2021: folds 
Uncalled bet ($0.20) returned to Stavrinho
Stavrinho collected $0.25 from pot
Stavrinho: doesn't show hand 
*** SUMMARY ***
Total pot $0.25 | Rake $0 
Seat 1: Vandalar (button) folded before Flop (didn't bet)
Seat 2: miker1980 (small blind) folded before Flop
Seat 3: Mahu2021 (big blind) folded before Flop
Seat 4: Allvisa folded before Flop (didn't bet)
Seat 5: Stavrinho collected ($0.25)
Seat 6: Luffy V folded before Flop (didn't bet)



PokerStars Zoom Hand #254158071426:  Hold'em No Limit ($0.05/$0.10) - 2025/01/02 20:23:24 CET [2025/01/02 14:23:24 ET]
Table 'Aludra' 6-max Seat #1 is the button
Seat 1: Mahu2021 ($9.26 in chips) 
Seat 2: inekarma ($13.40 in chips) 
Seat 3: Munk639 ($9.18 in chips) 
Seat 4: ChrisApa ($23.12 in chips) 
Seat 5: catastrevas ($10 in chips) 
Seat 6: dim_chal89 ($8.89 in chips) 
inekarma: posts small blind $0.05
Munk639: posts big blind $0.10
*** HOLE CARDS ***
Dealt to Mahu2021 [Kd Qh]
ChrisApa: raises $0.15 to $0.25
catastrevas: folds 
dim_chal89: folds 
Mahu2021: calls $0.25
inekarma: raises $1.15 to $1.40
Munk639: folds 
ChrisApa: folds 
Mahu2021: folds 
Uncalled bet ($1.15) returned to inekarma
inekarma collected $0.85 from pot
inekarma: doesn't show hand 
*** SUMMARY ***
Total pot $0.85 | Rake $0 
Seat 1: Mahu2021 (button) folded before Flop
Seat 2: inekarma (small blind) collected ($0.85)
Seat 3: Munk639 (big blind) folded before Flop
Seat 4: ChrisApa folded before Flop
Seat 5: catastrevas folded before Flop (didn't bet)
Seat 6: dim_chal89 folded before Flop (didn't bet)



PokerStars Zoom Hand #254158080138:  Hold'em No Limit ($0.05/$0.10) - 2025/01/02 20:23:50 CET [2025/01/02 14:23:50 ET]
Table 'Aludra' 6-max Seat #1 is the button
Seat 1: zarpapis ($22.06 in chips) 
Seat 2: chilli60 ($10.40 in chips) 
Seat 3: Teuvo L ($10.57 in chips) 
Seat 4: bernardi1323 ($13.38 in chips) 
Seat 5: hong0627 ($10 in chips) 
Seat 6: Mahu2021 ($9.01 in chips) 
chilli60: posts small blind $0.05
Teuvo L: posts big blind $0.10
*** HOLE CARDS ***
Dealt to Mahu2021 [7d Js]
bernardi1323: folds 
hong0627: folds 
Mahu2021: folds 
zarpapis: folds 
chilli60: folds 
Uncalled bet ($0.05) returned to Teuvo L
Teuvo L collected $0.10 from pot
Teuvo L: doesn't show hand 
*** SUMMARY ***
Total pot $0.10 | Rake $0 
Seat 1: zarpapis (button) folded before Flop (didn't bet)
Seat 2: chilli60 (small blind) folded before Flop
Seat 3: Teuvo L (big blind) collected ($0.10)
Seat 4: bernardi1323 folded before Flop (didn't bet)
Seat 5: hong0627 folded before Flop (didn't bet)
Seat 6: Mahu2021 folded before Flop (didn't bet)



PokerStars Zoom Hand #254158081469:  Hold'em No Limit ($0.05/$0.10) - 2025/01/02 20:23:54 CET [2025/01/02 14:23:54 ET]
Table 'Aludra' 6-max Seat #1 is the button
Seat 1: hong0627 ($10 in chips) 
Seat 2: Mahu2021 ($9.01 in chips) 
Seat 3: pokking876 ($20.26 in chips) 
Seat 4: DonkeyKong1960 ($10 in chips) 
Seat 5: Luffy V ($10.46 in chips) 
Seat 6: perry623 ($14.97 in chips) 
Mahu2021: posts small blind $0.05
pokking876: posts big blind $0.10
*** HOLE CARDS ***
Dealt to Mahu2021 [Kd 2h]
DonkeyKong1960: raises $0.20 to $0.30
Luffy V: folds 
perry623: folds 
hong0627: folds 
Mahu2021: folds 
pokking876: folds 
Uncalled bet ($0.20) returned to DonkeyKong1960
DonkeyKong1960 collected $0.25 from pot
DonkeyKong1960: doesn't show hand 
*** SUMMARY ***
Total pot $0.25 | Rake $0 
Seat 1: hong0627 (button) folded before Flop (didn't bet)
Seat 2: Mahu2021 (small blind) folded before Flop
Seat 3: pokking876 (big blind) folded before Flop
Seat 4: DonkeyKong1960 collected ($0.25)
Seat 5: Luffy V folded before Flop (didn't bet)
Seat 6: perry623 folded before Flop (didn't bet)



PokerStars Zoom Hand #254158083810:  Hold'em No Limit ($0.05/$0.10) - 2025/01/02 20:24:01 CET [2025/01/02 14:24:01 ET]
Table 'Aludra' 6-max Seat #1 is the button
Seat 1: Mùúh 22 ($10.81 in chips) 
Seat 2: gelik32 ($10 in chips) 
Seat 3: beas7m0de ($10 in chips) 
Seat 4: Munk639 ($8.98 in chips) 
Seat 5: Mahu2021 ($8.96 in chips) 
Seat 6: Smart_brs ($11.65 in chips) 
gelik32: posts small blind $0.05
beas7m0de: posts big blind $0.10
*** HOLE CARDS ***
Dealt to Mahu2021 [Ac Ah]
Munk639: folds 
Mahu2021: raises $0.20 to $0.30
Smart_brs: folds 
Mùúh 22: folds 
gelik32: folds 
beas7m0de: folds 
Uncalled bet ($0.20) returned to Mahu2021
Mahu2021 collected $0.25 from pot
Mahu2021: doesn't show hand 
*** SUMMARY ***
Total pot $0.25 | Rake $0 
Seat 1: Mùúh 22 (button) folded before Flop (didn't bet)
Seat 2: gelik32 (small blind) folded before Flop
Seat 3: beas7m0de (big blind) folded before Flop
Seat 4: Munk639 folded before Flop (didn't bet)
Seat 5: Mahu2021 collected ($0.25)
Seat 6: Smart_brs folded before Flop (didn't bet)



PokerStars Zoom Hand #254158088430:  Hold'em No Limit ($0.05/$0.10) - 2025/01/02 20:24:15 CET [2025/01/02 14:24:15 ET]
Table 'Aludra' 6-max Seat #1 is the button
Seat 1: beas7m0de ($10.51 in chips) 
Seat 2: lkameya ($12.46 in chips) 
Seat 3: brdoyle81 ($10 in chips) 
Seat 4: Mahu2021 ($9.11 in chips) 
Seat 5: hong0627 ($10 in chips) 
Seat 6: Thelonius84 ($11.78 in chips) 
lkameya: posts small blind $0.05
brdoyle81: posts big blind $0.10
*** HOLE CARDS ***
Dealt to Mahu2021 [Qd 9d]
Mahu2021: folds 
hong0627: folds 
Thelonius84: folds 
beas7m0de: folds 
lkameya: folds 
Uncalled bet ($0.05) returned to brdoyle81
brdoyle81 collected $0.10 from pot
brdoyle81: doesn't show hand 
*** SUMMARY ***
Total pot $0.10 | Rake $0 
Seat 1: beas7m0de (button) folded before Flop (didn't bet)
Seat 2: lkameya (small blind) folded before Flop
Seat 3: brdoyle81 (big blind) collected ($0.10)
Seat 4: Mahu2021 folded before Flop (didn't bet)
Seat 5: hong0627 folded before Flop (didn't bet)
Seat 6: Thelonius84 folded before Flop (didn't bet)



PokerStars Zoom Hand #254158094121:  Hold'em No Limit ($0.05/$0.10) - 2025/01/02 20:24:32 CET [2025/01/02 14:24:32 ET]
Table 'Aludra' 6-max Seat #1 is the button
Seat 1: MasterVBM ($2.21 in chips) 
Seat 2: Mahu2021 ($9.01 in chips) 
Seat 3: CampeaoBra ($11.03 in chips) 
Seat 4: adambuddy2 ($25.32 in chips) 
Seat 5: zarpapis ($14.40 in chips) 
Seat 6: hong0627 ($10 in chips) 
Mahu2021: posts small blind $0.05
CampeaoBra: posts big blind $0.10
*** HOLE CARDS ***
Dealt to Mahu2021 [Qd 7s]
adambuddy2: folds 
zarpapis: folds 
hong0627: folds 
MasterVBM: folds 
Mahu2021: folds 
Uncalled bet ($0.05) returned to CampeaoBra
CampeaoBra collected $0.10 from pot
CampeaoBra: doesn't show hand 
*** SUMMARY ***
Total pot $0.10 | Rake $0 
Seat 1: MasterVBM (button) folded before Flop (didn't bet)
Seat 2: Mahu2021 (small blind) folded before Flop
Seat 3: CampeaoBra (big blind) collected ($0.10)
Seat 4: adambuddy2 folded before Flop (didn't bet)
Seat 5: zarpapis folded before Flop (didn't bet)
Seat 6: hong0627 folded before Flop (didn't bet)



PokerStars Zoom Hand #254158096795:  Hold'em No Limit ($0.05/$0.10) - 2025/01/02 20:24:40 CET [2025/01/02 14:24:40 ET]
Table 'Aludra' 6-max Seat #1 is the button
Seat 1: Mahu2021 ($8.96 in chips) 
Seat 2: ChrisApa ($22.62 in chips) 
Seat 3: lkameya ($12.31 in chips) 
Seat 4: Avimismus ($10.05 in chips) 
Seat 5: GKallai ($26.52 in chips) 
Seat 6: hong0627 ($10 in chips) 
ChrisApa: posts small blind $0.05
lkameya: posts big blind $0.10
*** HOLE CARDS ***
Dealt to Mahu2021 [8s 3d]
Avimismus: folds 
GKallai: folds 
hong0627: folds 
Mahu2021: folds 
ChrisApa: folds 
Uncalled bet ($0.05) returned to lkameya
lkameya collected $0.10 from pot
lkameya: doesn't show hand 
*** SUMMARY ***
Total pot $0.10 | Rake $0 
Seat 1: Mahu2021 (button) folded before Flop (didn't bet)
Seat 2: ChrisApa (small blind) folded before Flop
Seat 3: lkameya (big blind) collected ($0.10)
Seat 4: Avimismus folded before Flop (didn't bet)
Seat 5: GKallai folded before Flop (didn't bet)
Seat 6: hong0627 folded before Flop (didn't bet)



PokerStars Zoom Hand #254158098072:  Hold'em No Limit ($0.05/$0.10) - 2025/01/02 20:24:44 CET [2025/01/02 14:24:44 ET]
Table 'Aludra' 6-max Seat #1 is the button
Seat 1: brdoyle81 ($10 in chips) 
Seat 2: Baratrum777 ($10.51 in chips) 
Seat 3: jgo_G4 ($10.47 in chips) 
Seat 4: iceballantyne ($10.15 in chips) 
Seat 5: Mahu2021 ($8.96 in chips) 
Seat 6: zarpapis ($21.91 in chips) 
Baratrum777: posts small blind $0.05
jgo_G4: posts big blind $0.10
*** HOLE CARDS ***
Dealt to Mahu2021 [5h Jd]
iceballantyne: folds 
Mahu2021: folds 
zarpapis: folds 
brdoyle81: folds 
Baratrum777: folds 
Uncalled bet ($0.05) returned to jgo_G4
jgo_G4 collected $0.10 from pot
jgo_G4: doesn't show hand 
*** SUMMARY ***
Total pot $0.10 | Rake $0 
Seat 1: brdoyle81 (button) folded before Flop (didn't bet)
Seat 2: Baratrum777 (small blind) folded before Flop
Seat 3: jgo_G4 (big blind) collected ($0.10)
Seat 4: iceballantyne folded before Flop (didn't bet)
Seat 5: Mahu2021 folded before Flop (didn't bet)
Seat 6: zarpapis folded before Flop (didn't bet)



PokerStars Zoom Hand #254158078783:  Hold'em No Limit ($0.05/$0.10) - 2025/01/02 20:23:46 CET [2025/01/02 14:23:46 ET]
Table 'Aludra' 6-max Seat #1 is the button
Seat 1: IIDARKROBOTII ($12.93 in chips) 
Seat 2: GI Joe 005 ($22.35 in chips) 
Seat 3: teapark ($21.55 in chips) 
Seat 4: Mahu2021 ($9.01 in chips) 
Seat 5: bmw8331 ($16.74 in chips) 
Seat 6: Vandalar ($10.68 in chips) 
GI Joe 005: posts small blind $0.05
teapark: posts big blind $0.10
*** HOLE CARDS ***
Dealt to Mahu2021 [4c 5s]
Mahu2021: folds 
bmw8331: folds 
IIDARKROBOTII is disconnected 
Vandalar: raises $0.25 to $0.35
IIDARKROBOTII has timed out while disconnected
IIDARKROBOTII: folds 
GI Joe 005: calls $0.30
teapark: calls $0.25
*** FLOP *** [3s 6d 7d]
GI Joe 005: checks 
teapark: checks 
Vandalar: checks 
*** TURN *** [3s 6d 7d] [6s]
GI Joe 005: checks 
teapark: checks 
Vandalar: bets $0.50
GI Joe 005: folds 
teapark: folds 
Uncalled bet ($0.50) returned to Vandalar
Vandalar collected $1 from pot
Vandalar: doesn't show hand 
*** SUMMARY ***
Total pot $1.05 | Rake $0.05 
Board [3s 6d 7d 6s]
Seat 1: IIDARKROBOTII (button) folded before Flop (didn't bet)
Seat 2: GI Joe 005 (small blind) folded on the Turn
Seat 3: teapark (big blind) folded on the Turn
Seat 4: Mahu2021 folded before Flop (didn't bet)
Seat 5: bmw8331 folded before Flop (didn't bet)
Seat 6: Vandalar collected ($1)



PokerStars Zoom Hand #254158098970:  Hold'em No Limit ($0.05/$0.10) - 2025/01/02 20:24:47 CET [2025/01/02 14:24:47 ET]
Table 'Aludra' 6-max Seat #1 is the button
Seat 1: perry623 ($14.97 in chips) 
Seat 2: xgolyx ($10.28 in chips) 
Seat 3: Mahu2021 ($8.96 in chips) 
Seat 4: pokpvc ($11.14 in chips) 
Seat 5: 1-9-9-0.-.ch ($1.88 in chips) 
Seat 6: gamehard ($19.92 in chips) 
xgolyx: posts small blind $0.05
Mahu2021: posts big blind $0.10
*** HOLE CARDS ***
Dealt to Mahu2021 [Th 2s]
pokpvc: folds 
1-9-9-0.-.ch: calls $0.10
gamehard: calls $0.10
perry623: folds 
xgolyx: folds 
Mahu2021: checks 
*** FLOP *** [5h Jh Qh]
Mahu2021: checks 
1-9-9-0.-.ch: bets $0.10
gamehard: folds 
Mahu2021: calls $0.10
*** TURN *** [5h Jh Qh] [6h]
Mahu2021: checks 
1-9-9-0.-.ch: checks 
*** RIVER *** [5h Jh Qh 6h] [6d]
Mahu2021: bets $0.53
1-9-9-0.-.ch: calls $0.53
*** SHOW DOWN ***
Mahu2021: shows [Th 2s] (a flush, Queen high)
1-9-9-0.-.ch: mucks hand 
Mahu2021 collected $1.54 from pot
*** SUMMARY ***
Total pot $1.61 | Rake $0.07 
Board [5h Jh Qh 6h 6d]
Seat 1: perry623 (button) folded before Flop (didn't bet)
Seat 2: xgolyx (small blind) folded before Flop
Seat 3: Mahu2021 (big blind) showed [Th 2s] and won ($1.54) with a flush, Queen high
Seat 4: pokpvc folded before Flop (didn't bet)
Seat 5: 1-9-9-0.-.ch mucked [Qd Ks]
Seat 6: gamehard folded on the Flop



PokerStars Zoom Hand #254158095434:  Hold'em No Limit ($0.05/$0.10) - 2025/01/02 20:24:36 CET [2025/01/02 14:24:36 ET]
Table 'Aludra' 6-max Seat #1 is the button
Seat 1: Tutin721 ($26.11 in chips) 
Seat 2: DonkeyKong1960 ($10.05 in chips) 
Seat 3: JYCKF ($14.21 in chips) 
Seat 4: Aruce1 ($18.42 in chips) 
Seat 5: inekarma ($13.77 in chips) 
Seat 6: Mahu2021 ($8.96 in chips) 
DonkeyKong1960: posts small blind $0.05
JYCKF: posts big blind $0.10
*** HOLE CARDS ***
Dealt to Mahu2021 [4s 7c]
Aruce1: folds 
inekarma: folds 
Mahu2021: folds 
Tutin721: raises $0.10 to $0.20
DonkeyKong1960: folds 
JYCKF: calls $0.10
*** FLOP *** [8d 2s 9h]
JYCKF: checks 
Tutin721: bets $0.22
JYCKF: raises $0.70 to $0.92
Tutin721: calls $0.70
*** TURN *** [8d 2s 9h] [4h]
JYCKF: bets $3.29
Tutin721: folds 
Uncalled bet ($3.29) returned to JYCKF
JYCKF collected $2.19 from pot
JYCKF: doesn't show hand 
*** SUMMARY ***
Total pot $2.29 | Rake $0.10 
Board [8d 2s 9h 4h]
Seat 1: Tutin721 (button) folded on the Turn
Seat 2: DonkeyKong1960 (small blind) folded before Flop
Seat 3: JYCKF (big blind) collected ($2.19)
Seat 4: Aruce1 folded before Flop (didn't bet)
Seat 5: inekarma folded before Flop (didn't bet)
Seat 6: Mahu2021 folded before Flop (didn't bet)



PokerStars Zoom Hand #254158106714:  Hold'em No Limit ($0.05/$0.10) - 2025/01/02 20:25:11 CET [2025/01/02 14:25:11 ET]
Table 'Aludra' 6-max Seat #1 is the button
Seat 1: Tutin721 ($9.23 in chips) 
Seat 2: Mahu2021 ($9.77 in chips) 
Seat 3: brdoyle81 ($10 in chips) 
Seat 4: adambuddy2 ($10 in chips) 
Seat 5: adamm1990 ($9.85 in chips) 
Seat 6: iceballantyne ($10 in chips) 
Mahu2021: posts small blind $0.05
brdoyle81: posts big blind $0.10
*** HOLE CARDS ***
Dealt to Mahu2021 [7d Ad]
adambuddy2: folds 
adamm1990: raises $0.10 to $0.20
iceballantyne: folds 
Tutin721: folds 
Mahu2021: calls $0.15
brdoyle81: folds 
*** FLOP *** [2s 4s 6c]
Mahu2021: checks 
adamm1990: bets $0.24
Mahu2021: folds 
Uncalled bet ($0.24) returned to adamm1990
adamm1990 collected $0.48 from pot
adamm1990: doesn't show hand 
*** SUMMARY ***
Total pot $0.50 | Rake $0.02 
Board [2s 4s 6c]
Seat 1: Tutin721 (button) folded before Flop (didn't bet)
Seat 2: Mahu2021 (small blind) folded on the Flop
Seat 3: brdoyle81 (big blind) folded before Flop
Seat 4: adambuddy2 folded before Flop (didn't bet)
Seat 5: adamm1990 collected ($0.48)
Seat 6: iceballantyne folded before Flop (didn't bet)



PokerStars Zoom Hand #254158089709:  Hold'em No Limit ($0.05/$0.10) - 2025/01/02 20:24:19 CET [2025/01/02 14:24:19 ET]
Table 'Aludra' 6-max Seat #1 is the button
Seat 1: Thelonius84 ($11.78 in chips) 
Seat 2: miker1980 ($18.02 in chips) 
Seat 3: Mahu2021 ($9.11 in chips) 
Seat 4: catastrevas ($10.37 in chips) 
Seat 5: Teuvo L ($5.98 in chips) 
Seat 6: Ruselllll ($10 in chips) 
miker1980: posts small blind $0.05
Mahu2021: posts big blind $0.10
*** HOLE CARDS ***
Dealt to Mahu2021 [4c 8s]
catastrevas: folds 
Teuvo L: raises $0.12 to $0.22
Ruselllll: folds 
Thelonius84: calls $0.22
miker1980: folds 
Mahu2021: folds 
*** FLOP *** [5h Ah 9h]
Teuvo L: checks 
Thelonius84: checks 
*** TURN *** [5h Ah 9h] [5s]
Teuvo L: checks 
Thelonius84: bets $0.17
Teuvo L: calls $0.17
*** RIVER *** [5h Ah 9h 5s] [9c]
Teuvo L: checks 
Thelonius84: checks 
*** SHOW DOWN ***
Teuvo L: shows [Ac Jh] (two pair, Aces and Nines)
Thelonius84: shows [Jc As] (two pair, Aces and Nines)
Teuvo L collected $0.45 from pot
Thelonius84 collected $0.44 from pot
*** SUMMARY ***
Total pot $0.93 | Rake $0.04 
Board [5h Ah 9h 5s 9c]
Seat 1: Thelonius84 (button) showed [Jc As] and won ($0.44) with two pair, Aces and Nines
Seat 2: miker1980 (small blind) folded before Flop
Seat 3: Mahu2021 (big blind) folded before Flop
Seat 4: catastrevas folded before Flop (didn't bet)
Seat 5: Teuvo L showed [Ac Jh] and won ($0.45) with two pair, Aces and Nines
Seat 6: Ruselllll folded before Flop (didn't bet)



PokerStars Zoom Hand #254158112346:  Hold'em No Limit ($0.05/$0.10) - 2025/01/02 20:25:28 CET [2025/01/02 14:25:28 ET]
Table 'Aludra' 6-max Seat #1 is the button
Seat 1: 93Pancho93 ($20.10 in chips) 
Seat 2: Baratrum777 ($10.03 in chips) 
Seat 3: adambuddy2 ($10 in chips) 
Seat 4: Mahu2021 ($9.57 in chips) 
Seat 5: teebeutel16 ($5.59 in chips) 
Seat 6: DonkeyKong1960 ($10 in chips) 
Baratrum777: posts small blind $0.05
adambuddy2: posts big blind $0.10
*** HOLE CARDS ***
Dealt to Mahu2021 [Kd As]
Mahu2021: raises $0.20 to $0.30
teebeutel16: folds 
DonkeyKong1960: folds 
93Pancho93: folds 
Baratrum777: folds 
adambuddy2: folds 
Uncalled bet ($0.20) returned to Mahu2021
Mahu2021 collected $0.25 from pot
Mahu2021: doesn't show hand 
*** SUMMARY ***
Total pot $0.25 | Rake $0 
Seat 1: 93Pancho93 (button) folded before Flop (didn't bet)
Seat 2: Baratrum777 (small blind) folded before Flop
Seat 3: adambuddy2 (big blind) folded before Flop
Seat 4: Mahu2021 collected ($0.25)
Seat 5: teebeutel16 folded before Flop (didn't bet)
Seat 6: DonkeyKong1960 folded before Flop (didn't bet)



PokerStars Zoom Hand #254158115542:  Hold'em No Limit ($0.05/$0.10) - 2025/01/02 20:25:37 CET [2025/01/02 14:25:37 ET]
Table 'Aludra' 6-max Seat #1 is the button
Seat 1: Elsacron ($13.97 in chips) 
Seat 2: luusk ($57.51 in chips) 
Seat 3: Frenchy1738 ($4.97 in chips) 
Seat 4: crackhead 37 ($10.45 in chips) 
Seat 5: huchen5 ($9.44 in chips) 
Seat 6: Mahu2021 ($9.72 in chips) 
luusk: posts small blind $0.05
Frenchy1738: posts big blind $0.10
*** HOLE CARDS ***
Dealt to Mahu2021 [2h Ah]
crackhead 37: folds 
huchen5: folds 
Mahu2021: raises $0.20 to $0.30
Elsacron: raises $0.75 to $1.05
luusk: folds 
Frenchy1738: folds 
Mahu2021: folds 
Uncalled bet ($0.75) returned to Elsacron
Elsacron collected $0.75 from pot
Elsacron: doesn't show hand 
*** SUMMARY ***
Total pot $0.75 | Rake $0 
Seat 1: Elsacron (button) collected ($0.75)
Seat 2: luusk (small blind) folded before Flop
Seat 3: Frenchy1738 (big blind) folded before Flop
Seat 4: crackhead 37 folded before Flop (didn't bet)
Seat 5: huchen5 folded before Flop (didn't bet)
Seat 6: Mahu2021 folded before Flop



PokerStars Zoom Hand #254158120275:  Hold'em No Limit ($0.05/$0.10) - 2025/01/02 20:25:52 CET [2025/01/02 14:25:52 ET]
Table 'Aludra' 6-max Seat #1 is the button
Seat 1: chabby36 ($9.85 in chips) 
Seat 2: santivi1997 ($15.25 in chips) 
Seat 3: Mahu2021 ($9.42 in chips) 
Seat 4: teapark ($27.37 in chips) 
Seat 5: lordx777 ($10.18 in chips) 
Seat 6: Allvisa ($12.62 in chips) 
santivi1997: posts small blind $0.05
Mahu2021: posts big blind $0.10
*** HOLE CARDS ***
Dealt to Mahu2021 [5d As]
teapark: raises $0.20 to $0.30
lordx777: folds 
Allvisa: folds 
chabby36: folds 
santivi1997: folds 
Mahu2021: calls $0.20
*** FLOP *** [6s Tc Ks]
Mahu2021: checks 
teapark: bets $0.31
Mahu2021: folds 
Uncalled bet ($0.31) returned to teapark
teapark collected $0.62 from pot
teapark: doesn't show hand 
*** SUMMARY ***
Total pot $0.65 | Rake $0.03 
Board [6s Tc Ks]
Seat 1: chabby36 (button) folded before Flop (didn't bet)
Seat 2: santivi1997 (small blind) folded before Flop
Seat 3: Mahu2021 (big blind) folded on the Flop
Seat 4: teapark collected ($0.62)
Seat 5: lordx777 folded before Flop (didn't bet)
Seat 6: Allvisa folded before Flop (didn't bet)



PokerStars Zoom Hand #254158125727:  Hold'em No Limit ($0.05/$0.10) - 2025/01/02 20:26:08 CET [2025/01/02 14:26:08 ET]
Table 'Aludra' 6-max Seat #1 is the button
Seat 1: Mahu2021 ($9.12 in chips) 
Seat 2: pokking876 ($21.42 in chips) 
Seat 3: GI Joe 005 ($19.87 in chips) 
Seat 4: Stavrinho ($29.93 in chips) 
Seat 5: DonkeyKong1960 ($10 in chips) 
Seat 6: gamehard ($10 in chips) 
pokking876: posts small blind $0.05
GI Joe 005: posts big blind $0.10
*** HOLE CARDS ***
Dealt to Mahu2021 [6h Qd]
Stavrinho: folds 
DonkeyKong1960: folds 
gamehard: raises $0.15 to $0.25
Mahu2021: folds 
pokking876: folds 
GI Joe 005: folds 
Uncalled bet ($0.15) returned to gamehard
gamehard collected $0.25 from pot
gamehard: doesn't show hand 
*** SUMMARY ***
Total pot $0.25 | Rake $0 
Seat 1: Mahu2021 (button) folded before Flop (didn't bet)
Seat 2: pokking876 (small blind) folded before Flop
Seat 3: GI Joe 005 (big blind) folded before Flop
Seat 4: Stavrinho folded before Flop (didn't bet)
Seat 5: DonkeyKong1960 folded before Flop (didn't bet)
Seat 6: gamehard collected ($0.25)



PokerStars Zoom Hand #254158127145:  Hold'em No Limit ($0.05/$0.10) - 2025/01/02 20:26:12 CET [2025/01/02 14:26:12 ET]
Table 'Aludra' 6-max Seat #1 is the button
Seat 1: Mahu2021 ($9.12 in chips) 
Seat 2: GKallai ($27.16 in chips) 
Seat 3: chevins ($13.74 in chips) 
Seat 4: stefanita24 ($19.15 in chips) 
Seat 5: puffy5555 ($12.09 in chips) 
Seat 6: Baratrum777 ($10 in chips) 
GKallai: posts small blind $0.05
chevins: posts big blind $0.10
*** HOLE CARDS ***
Dealt to Mahu2021 [8h Qc]
stefanita24: folds 
puffy5555: folds 
Baratrum777: folds 
Mahu2021: folds 
GKallai: folds 
Uncalled bet ($0.05) returned to chevins
chevins collected $0.10 from pot
chevins: doesn't show hand 
*** SUMMARY ***
Total pot $0.10 | Rake $0 
Seat 1: Mahu2021 (button) folded before Flop (didn't bet)
Seat 2: GKallai (small blind) folded before Flop
Seat 3: chevins (big blind) collected ($0.10)
Seat 4: stefanita24 folded before Flop (didn't bet)
Seat 5: puffy5555 folded before Flop (didn't bet)
Seat 6: Baratrum777 folded before Flop (didn't bet)



PokerStars Zoom Hand #254158130190:  Hold'em No Limit ($0.05/$0.10) - 2025/01/02 20:26:22 CET [2025/01/02 14:26:22 ET]
Table 'Aludra' 6-max Seat #1 is the button
Seat 1: Ryudim ($9.99 in chips) 
Seat 2: Mahu2021 ($9.12 in chips) 
Seat 3: stefanita24 ($19.15 in chips) 
Seat 4: Munk639 ($9.71 in chips) 
Seat 5: cr3tul ($9.34 in chips) 
Seat 6: Mùúh 22 ($13.55 in chips) 
Mahu2021: posts small blind $0.05
stefanita24: posts big blind $0.10
*** HOLE CARDS ***
Dealt to Mahu2021 [7c 8h]
Munk639: folds 
cr3tul: calls $0.10
Mùúh 22: folds 
Ryudim: folds 
Mahu2021: calls $0.05
stefanita24: checks 
*** FLOP *** [9c 3s 7s]
Mahu2021: bets $0.10
stefanita24: raises $0.49 to $0.59
cr3tul: folds 
Mahu2021: folds 
Uncalled bet ($0.49) returned to stefanita24
stefanita24 collected $0.48 from pot
stefanita24: doesn't show hand 
*** SUMMARY ***
Total pot $0.50 | Rake $0.02 
Board [9c 3s 7s]
Seat 1: Ryudim (button) folded before Flop (didn't bet)
Seat 2: Mahu2021 (small blind) folded on the Flop
Seat 3: stefanita24 (big blind) collected ($0.48)
Seat 4: Munk639 folded before Flop (didn't bet)
Seat 5: cr3tul folded on the Flop
Seat 6: Mùúh 22 folded before Flop (didn't bet)



PokerStars Zoom Hand #254158128868:  Hold'em No Limit ($0.05/$0.10) - 2025/01/02 20:26:18 CET [2025/01/02 14:26:18 ET]
Table 'Aludra' 6-max Seat #1 is the button
Seat 1: H&PAG ($15.54 in chips) 
Seat 2: apicius2 ($10.26 in chips) 
Seat 3: catastrevas ($11.69 in chips) 
Seat 4: zarpapis ($14.66 in chips) 
Seat 5: Mahu2021 ($9.12 in chips) 
Seat 6: kotaraka1312 ($18.58 in chips) 
apicius2: posts small blind $0.05
catastrevas: posts big blind $0.10
*** HOLE CARDS ***
Dealt to Mahu2021 [4d 7c]
zarpapis: folds 
Mahu2021: folds 
kotaraka1312: folds 
H&PAG: folds 
apicius2: folds 
Uncalled bet ($0.05) returned to catastrevas
catastrevas collected $0.10 from pot
catastrevas: doesn't show hand 
*** SUMMARY ***
Total pot $0.10 | Rake $0 
Seat 1: H&PAG (button) folded before Flop (didn't bet)
Seat 2: apicius2 (small blind) folded before Flop
Seat 3: catastrevas (big blind) collected ($0.10)
Seat 4: zarpapis folded before Flop (didn't bet)
Seat 5: Mahu2021 folded before Flop (didn't bet)
Seat 6: kotaraka1312 folded before Flop (didn't bet)



PokerStars Zoom Hand #254158136585:  Hold'em No Limit ($0.05/$0.10) - 2025/01/02 20:26:41 CET [2025/01/02 14:26:41 ET]
Table 'Aludra' 6-max Seat #1 is the button
Seat 1: Mace F1 ($18.91 in chips) 
Seat 2: ChrisApa ($17.15 in chips) 
Seat 3: teebeutel16 ($5.89 in chips) 
Seat 4: Munk639 ($17.91 in chips) 
Seat 5: H&PAG ($15.49 in chips) 
Seat 6: Mahu2021 ($8.92 in chips) 
ChrisApa: posts small blind $0.05
teebeutel16: posts big blind $0.10
*** HOLE CARDS ***
Dealt to Mahu2021 [3s Qs]
Munk639: folds 
H&PAG: raises $0.25 to $0.35
Mahu2021: folds 
Mace F1: folds 
ChrisApa: folds 
teebeutel16: folds 
Uncalled bet ($0.25) returned to H&PAG
H&PAG collected $0.25 from pot
H&PAG: doesn't show hand 
*** SUMMARY ***
Total pot $0.25 | Rake $0 
Seat 1: Mace F1 (button) folded before Flop (didn't bet)
Seat 2: ChrisApa (small blind) folded before Flop
Seat 3: teebeutel16 (big blind) folded before Flop
Seat 4: Munk639 folded before Flop (didn't bet)
Seat 5: H&PAG collected ($0.25)
Seat 6: Mahu2021 folded before Flop (didn't bet)



PokerStars Zoom Hand #254158137774:  Hold'em No Limit ($0.05/$0.10) - 2025/01/02 20:26:45 CET [2025/01/02 14:26:45 ET]
Table 'Aludra' 6-max Seat #1 is the button
Seat 1: jgo_G4 ($15.22 in chips) 
Seat 2: Nahrven ($10 in chips) 
Seat 3: brdoyle81 ($11.98 in chips) 
Seat 4: Mahu2021 ($8.92 in chips) 
Seat 5: Thelonius84 ($11.68 in chips) 
Seat 6: wittenauer ($10.62 in chips) 
Nahrven: posts small blind $0.05
brdoyle81: posts big blind $0.10
*** HOLE CARDS ***
Dealt to Mahu2021 [6s Tc]
Mahu2021: folds 
Thelonius84: raises $0.12 to $0.22
wittenauer: folds 
jgo_G4: folds 
Nahrven: folds 
brdoyle81: folds 
Uncalled bet ($0.12) returned to Thelonius84
Thelonius84 collected $0.25 from pot
Thelonius84: doesn't show hand 
*** SUMMARY ***
Total pot $0.25 | Rake $0 
Seat 1: jgo_G4 (button) folded before Flop (didn't bet)
Seat 2: Nahrven (small blind) folded before Flop
Seat 3: brdoyle81 (big blind) folded before Flop
Seat 4: Mahu2021 folded before Flop (didn't bet)
Seat 5: Thelonius84 collected ($0.25)
Seat 6: wittenauer folded before Flop (didn't bet)



PokerStars Zoom Hand #254158139444:  Hold'em No Limit ($0.05/$0.10) - 2025/01/02 20:26:50 CET [2025/01/02 14:26:50 ET]
Table 'Aludra' 6-max Seat #1 is the button
Seat 1: turquia000 ($29.57 in chips) 
Seat 2: sooner118 ($6.58 in chips) 
Seat 3: DonkeyKong1960 ($10.25 in chips) 
Seat 4: Mahu2021 ($8.92 in chips) 
Seat 5: jgo_G4 ($15.22 in chips) 
Seat 6: colAA49 ($9.61 in chips) 
sooner118: posts small blind $0.05
DonkeyKong1960: posts big blind $0.10
*** HOLE CARDS ***
Dealt to Mahu2021 [Kc 7d]
Mahu2021: folds 
jgo_G4: folds 
colAA49: folds 
turquia000: raises $0.15 to $0.25
sooner118: raises $0.60 to $0.85
DonkeyKong1960: folds 
turquia000: folds 
Uncalled bet ($0.60) returned to sooner118
sooner118 collected $0.60 from pot
sooner118: doesn't show hand 
*** SUMMARY ***
Total pot $0.60 | Rake $0 
Seat 1: turquia000 (button) folded before Flop
Seat 2: sooner118 (small blind) collected ($0.60)
Seat 3: DonkeyKong1960 (big blind) folded before Flop
Seat 4: Mahu2021 folded before Flop (didn't bet)
Seat 5: jgo_G4 folded before Flop (didn't bet)
Seat 6: colAA49 folded before Flop (didn't bet)



PokerStars Zoom Hand #254158146836:  Hold'em No Limit ($0.05/$0.10) - 2025/01/02 20:27:12 CET [2025/01/02 14:27:12 ET]
Table 'Aludra' 6-max Seat #1 is the button
Seat 1: stand123 ($10.70 in chips) 
Seat 2: Mahu2021 ($8.82 in chips) 
Seat 3: ponkotsu_tanuki ($10 in chips) 
Seat 4: santivi1997 ($10 in chips) 
Seat 5: Stavrinho ($26.01 in chips) 
Seat 6: stefanita24 ($19.28 in chips) 
Mahu2021: posts small blind $0.05
ponkotsu_tanuki: posts big blind $0.10
*** HOLE CARDS ***
Dealt to Mahu2021 [6d 7d]
santivi1997: folds 
Stavrinho: folds 
stefanita24: folds 
stand123: folds 
Mahu2021: raises $0.20 to $0.30
ponkotsu_tanuki: raises $0.66 to $0.96
Mahu2021: folds 
Uncalled bet ($0.66) returned to ponkotsu_tanuki
ponkotsu_tanuki collected $0.60 from pot
ponkotsu_tanuki: doesn't show hand 
*** SUMMARY ***
Total pot $0.60 | Rake $0 
Seat 1: stand123 (button) folded before Flop (didn't bet)
Seat 2: Mahu2021 (small blind) folded before Flop
Seat 3: ponkotsu_tanuki (big blind) collected ($0.60)
Seat 4: santivi1997 folded before Flop (didn't bet)
Seat 5: Stavrinho folded before Flop (didn't bet)
Seat 6: stefanita24 folded before Flop (didn't bet)



PokerStars Zoom Hand #254158140819:  Hold'em No Limit ($0.05/$0.10) - 2025/01/02 20:26:54 CET [2025/01/02 14:26:54 ET]
Table 'Aludra' 6-max Seat #1 is the button
Seat 1: zarpapis ($10.75 in chips) 
Seat 2: santivi1997 ($10 in chips) 
Seat 3: Mahu2021 ($8.92 in chips) 
Seat 4: kimi6811 ($7.66 in chips) 
Seat 5: JYCKF ($15.45 in chips) 
Seat 6: Nahrven ($10 in chips) 
santivi1997: posts small blind $0.05
Mahu2021: posts big blind $0.10
*** HOLE CARDS ***
Dealt to Mahu2021 [5c Th]
kimi6811: raises $0.25 to $0.35
JYCKF: folds 
Nahrven: folds 
zarpapis: calls $0.35
santivi1997: folds 
Mahu2021: folds 
*** FLOP *** [7h 5d Qd]
kimi6811: checks 
zarpapis: checks 
*** TURN *** [7h 5d Qd] [6h]
kimi6811: checks 
zarpapis: checks 
*** RIVER *** [7h 5d Qd 6h] [Ks]
kimi6811: checks 
zarpapis: checks 
*** SHOW DOWN ***
kimi6811: shows [6s 8s] (a pair of Sixes)
zarpapis: mucks hand 
kimi6811 collected $0.81 from pot
*** SUMMARY ***
Total pot $0.85 | Rake $0.04 
Board [7h 5d Qd 6h Ks]
Seat 1: zarpapis (button) mucked [8c Ac]
Seat 2: santivi1997 (small blind) folded before Flop
Seat 3: Mahu2021 (big blind) folded before Flop
Seat 4: kimi6811 showed [6s 8s] and won ($0.81) with a pair of Sixes
Seat 5: JYCKF folded before Flop (didn't bet)
Seat 6: Nahrven folded before Flop (didn't bet)



PokerStars Zoom Hand #254158152919:  Hold'em No Limit ($0.05/$0.10) - 2025/01/02 20:27:30 CET [2025/01/02 14:27:30 ET]
Table 'Aludra' 6-max Seat #1 is the button
Seat 1: huchen5 ($8.61 in chips) 
Seat 2: Stavrinho ($16.07 in chips) 
Seat 3: crackhead 37 ($11.22 in chips) 
Seat 4: CampeaoBra ($10.72 in chips) 
Seat 5: zarpapis ($14.51 in chips) 
Seat 6: Mahu2021 ($8.52 in chips) 
Stavrinho: posts small blind $0.05
crackhead 37: posts big blind $0.10
*** HOLE CARDS ***
Dealt to Mahu2021 [Ac Jh]
CampeaoBra: folds 
zarpapis: folds 
Mahu2021: raises $0.20 to $0.30
huchen5: folds 
Stavrinho: folds 
crackhead 37: folds 
Uncalled bet ($0.20) returned to Mahu2021
Mahu2021 collected $0.25 from pot
Mahu2021: doesn't show hand 
*** SUMMARY ***
Total pot $0.25 | Rake $0 
Seat 1: huchen5 (button) folded before Flop (didn't bet)
Seat 2: Stavrinho (small blind) folded before Flop
Seat 3: crackhead 37 (big blind) folded before Flop
Seat 4: CampeaoBra folded before Flop (didn't bet)
Seat 5: zarpapis folded before Flop (didn't bet)
Seat 6: Mahu2021 collected ($0.25)



PokerStars Zoom Hand #254158156238:  Hold'em No Limit ($0.05/$0.10) - 2025/01/02 20:27:41 CET [2025/01/02 14:27:41 ET]
Table 'Aludra' 6-max Seat #1 is the button
Seat 1: Mahu2021 ($8.67 in chips) 
Seat 2: zarpapis ($14.51 in chips) 
Seat 3: luusk ($10.28 in chips) 
Seat 4: catastrevas ($11.30 in chips) 
Seat 5: Mùúh 22 ($13.98 in chips) 
Seat 6: GKallai ($11.82 in chips) 
zarpapis: posts small blind $0.05
luusk: posts big blind $0.10
*** HOLE CARDS ***
Dealt to Mahu2021 [8c Jd]
catastrevas: folds 
Mùúh 22: folds 
GKallai: raises $0.15 to $0.25
Mahu2021: folds 
zarpapis: folds 
luusk: folds 
Uncalled bet ($0.15) returned to GKallai
GKallai collected $0.25 from pot
GKallai: doesn't show hand 
*** SUMMARY ***
Total pot $0.25 | Rake $0 
Seat 1: Mahu2021 (button) folded before Flop (didn't bet)
Seat 2: zarpapis (small blind) folded before Flop
Seat 3: luusk (big blind) folded before Flop
Seat 4: catastrevas folded before Flop (didn't bet)
Seat 5: Mùúh 22 folded before Flop (didn't bet)
Seat 6: GKallai collected ($0.25)



PokerStars Zoom Hand #254158157616:  Hold'em No Limit ($0.05/$0.10) - 2025/01/02 20:27:45 CET [2025/01/02 14:27:45 ET]
Table 'Aludra' 6-max Seat #1 is the button
Seat 1: ElJosen'10 ($26.40 in chips) 
Seat 2: Emro86 ($6.65 in chips) 
Seat 3: Ruselllll ($10 in chips) 
Seat 4: zaf0007 ($2.92 in chips) 
Seat 5: Mahu2021 ($8.67 in chips) 
Seat 6: ChrisApa ($23.27 in chips) 
Emro86: posts small blind $0.05
Ruselllll: posts big blind $0.10
*** HOLE CARDS ***
Dealt to Mahu2021 [9h 3s]
zaf0007: raises $0.10 to $0.20
Mahu2021: folds 
ChrisApa: folds 
ElJosen'10: folds 
Emro86: folds 
Ruselllll: folds 
Uncalled bet ($0.10) returned to zaf0007
zaf0007 collected $0.25 from pot
zaf0007: doesn't show hand 
*** SUMMARY ***
Total pot $0.25 | Rake $0 
Seat 1: ElJosen'10 (button) folded before Flop (didn't bet)
Seat 2: Emro86 (small blind) folded before Flop
Seat 3: Ruselllll (big blind) folded before Flop
Seat 4: zaf0007 collected ($0.25)
Seat 5: Mahu2021 folded before Flop (didn't bet)
Seat 6: ChrisApa folded before Flop (didn't bet)



PokerStars Zoom Hand #254158158967:  Hold'em No Limit ($0.05/$0.10) - 2025/01/02 20:27:49 CET [2025/01/02 14:27:49 ET]
Table 'Aludra' 6-max Seat #1 is the button
Seat 1: Efi Giannis ($7.88 in chips) 
Seat 2: GeeBeeCee ($18.84 in chips) 
Seat 3: Mahu2021 ($8.67 in chips) 
Seat 4: chevins ($14.01 in chips) 
Seat 5: ChrisApa ($23.27 in chips) 
Seat 6: Gadinon ($13.28 in chips) 
GeeBeeCee: posts small blind $0.05
Mahu2021: posts big blind $0.10
*** HOLE CARDS ***
Dealt to Mahu2021 [9h Ts]
chevins: folds 
ChrisApa: folds 
Gadinon: folds 
Efi Giannis: folds 
GeeBeeCee: calls $0.05
Mahu2021: checks 
*** FLOP *** [Ad 3c Jc]
GeeBeeCee: checks 
Mahu2021: checks 
*** TURN *** [Ad 3c Jc] [Kc]
GeeBeeCee: checks 
Mahu2021: checks 
*** RIVER *** [Ad 3c Jc Kc] [Qh]
GeeBeeCee: checks 
Mahu2021: bets $0.19
GeeBeeCee: folds 
Uncalled bet ($0.19) returned to Mahu2021
Mahu2021 collected $0.19 from pot
Mahu2021: doesn't show hand 
*** SUMMARY ***
Total pot $0.20 | Rake $0.01 
Board [Ad 3c Jc Kc Qh]
Seat 1: Efi Giannis (button) folded before Flop (didn't bet)
Seat 2: GeeBeeCee (small blind) folded on the River
Seat 3: Mahu2021 (big blind) collected ($0.19)
Seat 4: chevins folded before Flop (didn't bet)
Seat 5: ChrisApa folded before Flop (didn't bet)
Seat 6: Gadinon folded before Flop (didn't bet)



PokerStars Zoom Hand #254158168492:  Hold'em No Limit ($0.05/$0.10) - 2025/01/02 20:28:18 CET [2025/01/02 14:28:18 ET]
Table 'Aludra' 6-max Seat #1 is the button
Seat 1: Vandalar ($10.12 in chips) 
Seat 2: lordx777 ($10.15 in chips) 
Seat 3: CampeaoBra ($11.04 in chips) 
Seat 4: Mùúh 22 ($12.18 in chips) 
Seat 5: Mahu2021 ($8.76 in chips) 
Seat 6: Gadinon ($13.08 in chips) 
lordx777: posts small blind $0.05
CampeaoBra: posts big blind $0.10
*** HOLE CARDS ***
Dealt to Mahu2021 [Tc 6h]
Mùúh 22: raises $0.20 to $0.30
Mahu2021: folds 
Gadinon: folds 
Vandalar: folds 
lordx777: folds 
CampeaoBra: folds 
Uncalled bet ($0.20) returned to Mùúh 22
Mùúh 22 collected $0.25 from pot
Mùúh 22: doesn't show hand 
*** SUMMARY ***
Total pot $0.25 | Rake $0 
Seat 1: Vandalar (button) folded before Flop (didn't bet)
Seat 2: lordx777 (small blind) folded before Flop
Seat 3: CampeaoBra (big blind) folded before Flop
Seat 4: Mùúh 22 collected ($0.25)
Seat 5: Mahu2021 folded before Flop (didn't bet)
Seat 6: Gadinon folded before Flop (didn't bet)



PokerStars Zoom Hand #254158169811:  Hold'em No Limit ($0.05/$0.10) - 2025/01/02 20:28:22 CET [2025/01/02 14:28:22 ET]
Table 'Aludra' 6-max Seat #1 is the button
Seat 1: Munk639 ($17.09 in chips) 
Seat 2: Elsacron ($14.74 in chips) 
Seat 3: beas7m0de ($10 in chips) 
Seat 4: lkameya ($10.71 in chips) 
Seat 5: ElJosen'10 ($26.30 in chips) 
Seat 6: Mahu2021 ($8.76 in chips) 
Elsacron: posts small blind $0.05
beas7m0de: posts big blind $0.10
*** HOLE CARDS ***
Dealt to Mahu2021 [Jc Tc]
lkameya: folds 
ElJosen'10: folds 
Mahu2021: raises $0.20 to $0.30
Munk639: folds 
Elsacron: folds 
beas7m0de: folds 
Uncalled bet ($0.20) returned to Mahu2021
Mahu2021 collected $0.25 from pot
Mahu2021: doesn't show hand 
*** SUMMARY ***
Total pot $0.25 | Rake $0 
Seat 1: Munk639 (button) folded before Flop (didn't bet)
Seat 2: Elsacron (small blind) folded before Flop
Seat 3: beas7m0de (big blind) folded before Flop
Seat 4: lkameya folded before Flop (didn't bet)
Seat 5: ElJosen'10 folded before Flop (didn't bet)
Seat 6: Mahu2021 collected ($0.25)



PokerStars Zoom Hand #254158174669:  Hold'em No Limit ($0.05/$0.10) - 2025/01/02 20:28:37 CET [2025/01/02 14:28:37 ET]
Table 'Aludra' 6-max Seat #1 is the button
Seat 1: Mahu2021 ($8.91 in chips) 
Seat 2: stiucarul ($10.89 in chips) 
Seat 3: chilli60 ($10 in chips) 
Seat 4: chabby36 ($9.25 in chips) 
Seat 5: Allvisa ($12.31 in chips) 
Seat 6: jgo_G4 ($11.04 in chips) 
stiucarul: posts small blind $0.05
chilli60: posts big blind $0.10
*** HOLE CARDS ***
Dealt to Mahu2021 [4d Qc]
chabby36: folds 
Allvisa: folds 
jgo_G4: folds 
Mahu2021: folds 
stiucarul: folds 
Uncalled bet ($0.05) returned to chilli60
chilli60 collected $0.10 from pot
chilli60: doesn't show hand 
*** SUMMARY ***
Total pot $0.10 | Rake $0 
Seat 1: Mahu2021 (button) folded before Flop (didn't bet)
Seat 2: stiucarul (small blind) folded before Flop
Seat 3: chilli60 (big blind) collected ($0.10)
Seat 4: chabby36 folded before Flop (didn't bet)
Seat 5: Allvisa folded before Flop (didn't bet)
Seat 6: jgo_G4 folded before Flop (didn't bet)



PokerStars Zoom Hand #254158176067:  Hold'em No Limit ($0.05/$0.10) - 2025/01/02 20:28:41 CET [2025/01/02 14:28:41 ET]
Table 'Aludra' 6-max Seat #1 is the button
Seat 1: Tutin721 ($22.10 in chips) 
Seat 2: hong0627 ($10 in chips) 
Seat 3: allrauneR ($26.23 in chips) 
Seat 4: beas7m0de ($10 in chips) 
Seat 5: Mahu2021 ($8.91 in chips) 
Seat 6: Mùúh 22 ($13.93 in chips) 
hong0627: posts small blind $0.05
allrauneR: posts big blind $0.10
*** HOLE CARDS ***
Dealt to Mahu2021 [7c Kc]
beas7m0de: folds 
Mahu2021: folds 
Mùúh 22: folds 
Tutin721: folds 
hong0627: raises $0.20 to $0.30
allrauneR: folds 
Uncalled bet ($0.20) returned to hong0627
hong0627 collected $0.20 from pot
hong0627: doesn't show hand 
*** SUMMARY ***
Total pot $0.20 | Rake $0 
Seat 1: Tutin721 (button) folded before Flop (didn't bet)
Seat 2: hong0627 (small blind) collected ($0.20)
Seat 3: allrauneR (big blind) folded before Flop
Seat 4: beas7m0de folded before Flop (didn't bet)
Seat 5: Mahu2021 folded before Flop (didn't bet)
Seat 6: Mùúh 22 folded before Flop (didn't bet)



PokerStars Zoom Hand #254158178485:  Hold'em No Limit ($0.05/$0.10) - 2025/01/02 20:28:48 CET [2025/01/02 14:28:48 ET]
Table 'Aludra' 6-max Seat #1 is the button
Seat 1: huchen5 ($8.46 in chips) 
Seat 2: viking_ro ($10 in chips) 
Seat 3: kimi6811 ($7.97 in chips) 
Seat 4: Mahu2021 ($8.86 in chips) 
Seat 5: italianecca ($10.37 in chips) 
Seat 6: Allvisa ($15.94 in chips) 
viking_ro: posts small blind $0.05
kimi6811: posts big blind $0.10
*** HOLE CARDS ***
Dealt to Mahu2021 [6h Qc]
Mahu2021: folds 
italianecca: folds 
Allvisa: raises $0.20 to $0.30
huchen5: folds 
viking_ro: folds 
kimi6811: folds 
Uncalled bet ($0.20) returned to Allvisa
Allvisa collected $0.25 from pot
Allvisa: doesn't show hand 
*** SUMMARY ***
Total pot $0.25 | Rake $0 
Seat 1: huchen5 (button) folded before Flop (didn't bet)
Seat 2: viking_ro (small blind) folded before Flop
Seat 3: kimi6811 (big blind) folded before Flop
Seat 4: Mahu2021 folded before Flop (didn't bet)
Seat 5: italianecca folded before Flop (didn't bet)
Seat 6: Allvisa collected ($0.25)



PokerStars Zoom Hand #254158177380:  Hold'em No Limit ($0.05/$0.10) - 2025/01/02 20:28:45 CET [2025/01/02 14:28:45 ET]
Table 'Aludra' 6-max Seat #1 is the button
Seat 1: santivi1997 ($10.57 in chips) 
Seat 2: Mahu2021 ($8.91 in chips) 
Seat 3: colAA49 ($23.41 in chips) 
Seat 4: brdoyle81 ($10 in chips) 
Seat 5: adambuddy2 ($12.29 in chips) 
Seat 6: beas7m0de ($11.21 in chips) 
Mahu2021: posts small blind $0.05
colAA49: posts big blind $0.10
*** HOLE CARDS ***
Dealt to Mahu2021 [Qd 5s]
brdoyle81: folds 
adambuddy2: folds 
beas7m0de: folds 
santivi1997: raises $0.15 to $0.25
Mahu2021: folds 
colAA49: folds 
Uncalled bet ($0.15) returned to santivi1997
santivi1997 collected $0.25 from pot
santivi1997: doesn't show hand 
*** SUMMARY ***
Total pot $0.25 | Rake $0 
Seat 1: santivi1997 (button) collected ($0.25)
Seat 2: Mahu2021 (small blind) folded before Flop
Seat 3: colAA49 (big blind) folded before Flop
Seat 4: brdoyle81 folded before Flop (didn't bet)
Seat 5: adambuddy2 folded before Flop (didn't bet)
Seat 6: beas7m0de folded before Flop (didn't bet)



PokerStars Zoom Hand #254158179932:  Hold'em No Limit ($0.05/$0.10) - 2025/01/02 20:28:53 CET [2025/01/02 14:28:53 ET]
Table 'Aludra' 6-max Seat #1 is the button
Seat 1: Smart_brs ($8.67 in chips) 
Seat 2: chilli60 ($10.30 in chips) 
Seat 3: Mahu2021 ($8.86 in chips) 
Seat 4: Hana_na650 ($4.72 in chips) 
Seat 5: hong0627 ($10.10 in chips) 
Seat 6: Allvisa ($12.26 in chips) 
chilli60: posts small blind $0.05
Mahu2021: posts big blind $0.10
*** HOLE CARDS ***
Dealt to Mahu2021 [2h Jd]
Hana_na650: calls $0.10
hong0627: folds 
Allvisa: folds 
Smart_brs: calls $0.10
chilli60: calls $0.05
Mahu2021: checks 
*** FLOP *** [Ks 4h 3h]
chilli60: checks 
Mahu2021: checks 
Hana_na650: bets $0.19
Smart_brs: folds 
chilli60: calls $0.19
Mahu2021: folds 
*** TURN *** [Ks 4h 3h] [7s]
chilli60: checks 
Hana_na650: checks 
*** RIVER *** [Ks 4h 3h 7s] [4d]
chilli60: checks 
Hana_na650: bets $0.74
chilli60: folds 
Uncalled bet ($0.74) returned to Hana_na650
Hana_na650 collected $0.74 from pot
Hana_na650: doesn't show hand 
*** SUMMARY ***
Total pot $0.78 | Rake $0.04 
Board [Ks 4h 3h 7s 4d]
Seat 1: Smart_brs (button) folded on the Flop
Seat 2: chilli60 (small blind) folded on the River
Seat 3: Mahu2021 (big blind) folded on the Flop
Seat 4: Hana_na650 collected ($0.74)
Seat 5: hong0627 folded before Flop (didn't bet)
Seat 6: Allvisa folded before Flop (didn't bet)



PokerStars Zoom Hand #254158189209:  Hold'em No Limit ($0.05/$0.10) - 2025/01/02 20:29:21 CET [2025/01/02 14:29:21 ET]
Table 'Aludra' 6-max Seat #1 is the button
Seat 1: Mahu2021 ($8.76 in chips) 
Seat 2: luusk ($10 in chips) 
Seat 3: zarpapis ($10.48 in chips) 
Seat 4: Ryudim ($10.24 in chips) 
Seat 5: beas7m0de ($10.05 in chips) 
Seat 6: Izabyx ($10.91 in chips) 
luusk: posts small blind $0.05
zarpapis: posts big blind $0.10
*** HOLE CARDS ***
Dealt to Mahu2021 [5h 8c]
Ryudim: folds 
beas7m0de: folds 
Izabyx: raises $0.10 to $0.20
Mahu2021: folds 
luusk: folds 
zarpapis: calls $0.10
*** FLOP *** [9d 2s 3d]
zarpapis: checks 
Izabyx: bets $0.22
zarpapis: raises $0.58 to $0.80
Izabyx: folds 
Uncalled bet ($0.58) returned to zarpapis
zarpapis collected $0.85 from pot
zarpapis: doesn't show hand 
*** SUMMARY ***
Total pot $0.89 | Rake $0.04 
Board [9d 2s 3d]
Seat 1: Mahu2021 (button) folded before Flop (didn't bet)
Seat 2: luusk (small blind) folded before Flop
Seat 3: zarpapis (big blind) collected ($0.85)
Seat 4: Ryudim folded before Flop (didn't bet)
Seat 5: beas7m0de folded before Flop (didn't bet)
Seat 6: Izabyx folded on the Flop



PokerStars Zoom Hand #254158190976:  Hold'em No Limit ($0.05/$0.10) - 2025/01/02 20:29:26 CET [2025/01/02 14:29:26 ET]
Table 'Aludra' 6-max Seat #1 is the button
Seat 1: stiucarul ($11.19 in chips) 
Seat 2: Gadinon ($11.36 in chips) 
Seat 3: miker1980 ($10.98 in chips) 
Seat 4: Mahu2021 ($8.76 in chips) 
Seat 5: GeeBeeCee ($18.64 in chips) 
Seat 6: pitzymecanic ($7.51 in chips) 
Gadinon: posts small blind $0.05
miker1980: posts big blind $0.10
*** HOLE CARDS ***
Dealt to Mahu2021 [Tc Ac]
Mahu2021: raises $0.20 to $0.30
GeeBeeCee: folds 
pitzymecanic: calls $0.30
stiucarul: folds 
Gadinon: raises $1.20 to $1.50
miker1980: folds 
Mahu2021: folds 
pitzymecanic: folds 
Uncalled bet ($1.20) returned to Gadinon
Gadinon collected $1 from pot
Gadinon: doesn't show hand 
*** SUMMARY ***
Total pot $1 | Rake $0 
Seat 1: stiucarul (button) folded before Flop (didn't bet)
Seat 2: Gadinon (small blind) collected ($1)
Seat 3: miker1980 (big blind) folded before Flop
Seat 4: Mahu2021 folded before Flop
Seat 5: GeeBeeCee folded before Flop (didn't bet)
Seat 6: pitzymecanic folded before Flop



PokerStars Zoom Hand #254158201668:  Hold'em No Limit ($0.05/$0.10) - 2025/01/02 20:29:58 CET [2025/01/02 14:29:58 ET]
Table 'Aludra' 6-max Seat #1 is the button
Seat 1: viking_ro ($10 in chips) 
Seat 2: 1-9-9-0.-.ch ($9.33 in chips) 
Seat 3: brdoyle81 ($10.25 in chips) 
Seat 4: Mahu2021 ($8.46 in chips) 
Seat 5: miker1980 ($10.88 in chips) 
Seat 6: jonass168 ($21.93 in chips) 
1-9-9-0.-.ch: posts small blind $0.05
brdoyle81: posts big blind $0.10
*** HOLE CARDS ***
Dealt to Mahu2021 [6c 2s]
Mahu2021: folds 
miker1980: folds 
jonass168: folds 
viking_ro: raises $0.15 to $0.25
1-9-9-0.-.ch: folds 
brdoyle81: folds 
Uncalled bet ($0.15) returned to viking_ro
viking_ro collected $0.25 from pot
viking_ro: doesn't show hand 
*** SUMMARY ***
Total pot $0.25 | Rake $0 
Seat 1: viking_ro (button) collected ($0.25)
Seat 2: 1-9-9-0.-.ch (small blind) folded before Flop
Seat 3: brdoyle81 (big blind) folded before Flop
Seat 4: Mahu2021 folded before Flop (didn't bet)
Seat 5: miker1980 folded before Flop (didn't bet)
Seat 6: jonass168 folded before Flop (didn't bet)



PokerStars Zoom Hand #254158202706:  Hold'em No Limit ($0.05/$0.10) - 2025/01/02 20:30:01 CET [2025/01/02 14:30:01 ET]
Table 'Aludra' 6-max Seat #1 is the button
Seat 1: Nahrven ($10 in chips) 
Seat 2: Mahu2021 ($8.46 in chips) 
Seat 3: Franbostero2 ($9.69 in chips) 
Seat 4: Emro86 ($6.88 in chips) 
Seat 5: chessismorefun ($11.18 in chips) 
Seat 6: jgo_G4 ($16.07 in chips) 
Mahu2021: posts small blind $0.05
Franbostero2: posts big blind $0.10
*** HOLE CARDS ***
Dealt to Mahu2021 [Qs Jd]
Emro86: folds 
chessismorefun: raises $0.12 to $0.22
jgo_G4: folds 
Nahrven: folds 
Mahu2021: calls $0.17
Franbostero2: calls $0.12
*** FLOP *** [Qc 7s 6d]
Mahu2021: checks 
Franbostero2: checks 
chessismorefun: checks 
*** TURN *** [Qc 7s 6d] [Jc]
Mahu2021: bets $0.63
Franbostero2: folds 
chessismorefun: folds 
Uncalled bet ($0.63) returned to Mahu2021
Mahu2021 collected $0.63 from pot
Mahu2021: doesn't show hand 
*** SUMMARY ***
Total pot $0.66 | Rake $0.03 
Board [Qc 7s 6d Jc]
Seat 1: Nahrven (button) folded before Flop (didn't bet)
Seat 2: Mahu2021 (small blind) collected ($0.63)
Seat 3: Franbostero2 (big blind) folded on the Turn
Seat 4: Emro86 folded before Flop (didn't bet)
Seat 5: chessismorefun folded on the Turn
Seat 6: jgo_G4 folded before Flop (didn't bet)



PokerStars Zoom Hand #254158214707:  Hold'em No Limit ($0.05/$0.10) - 2025/01/02 20:30:37 CET [2025/01/02 14:30:37 ET]
Table 'Aludra' 6-max Seat #1 is the button
Seat 1: assombrirleciel ($11.66 in chips) 
Seat 2: Kakau60k ($9.65 in chips) 
Seat 3: Mahu2021 ($8.87 in chips) 
Seat 4: gamehard ($10.05 in chips) 
Seat 5: Baratrum777 ($13.62 in chips) 
Seat 6: 93Pancho93 ($20.22 in chips) 
Kakau60k: posts small blind $0.05
Mahu2021: posts big blind $0.10
*** HOLE CARDS ***
Dealt to Mahu2021 [Kh Kc]
gamehard: raises $0.15 to $0.25
Baratrum777: folds 
93Pancho93: folds 
assombrirleciel: folds 
Kakau60k: folds 
Mahu2021: raises $8.62 to $8.87 and is all-in
gamehard: folds 
Uncalled bet ($8.62) returned to Mahu2021
Mahu2021 collected $0.55 from pot
Mahu2021: doesn't show hand 
*** SUMMARY ***
Total pot $0.55 | Rake $0 
Seat 1: assombrirleciel (button) folded before Flop (didn't bet)
Seat 2: Kakau60k (small blind) folded before Flop
Seat 3: Mahu2021 (big blind) collected ($0.55)
Seat 4: gamehard folded before Flop
Seat 5: Baratrum777 folded before Flop (didn't bet)
Seat 6: 93Pancho93 folded before Flop (didn't bet)



PokerStars Zoom Hand #254158213206:  Hold'em No Limit ($0.05/$0.10) - 2025/01/02 20:30:33 CET [2025/01/02 14:30:33 ET]
Table 'Aludra' 6-max Seat #1 is the button
Seat 1: puffy5555 ($12.33 in chips) 
Seat 2: stiucarul ($11.72 in chips) 
Seat 3: zarpapis ($14.39 in chips) 
Seat 4: JYCKF ($13.64 in chips) 
Seat 5: jgo_G4 ($16.02 in chips) 
Seat 6: Mahu2021 ($8.87 in chips) 
stiucarul: posts small blind $0.05
zarpapis: posts big blind $0.10
*** HOLE CARDS ***
Dealt to Mahu2021 [Qs 7c]
JYCKF: folds 
jgo_G4: folds 
Mahu2021: folds 
puffy5555: raises $0.15 to $0.25
stiucarul: folds 
zarpapis: calls $0.15
*** FLOP *** [Th 5c Js]
zarpapis: checks 
puffy5555: bets $0.35
zarpapis: calls $0.35
*** TURN *** [Th 5c Js] [Qd]
zarpapis: checks 
puffy5555: bets $0.79
zarpapis: calls $0.79
*** RIVER *** [Th 5c Js Qd] [7d]
zarpapis: checks 
puffy5555: bets $1.35
zarpapis: calls $1.35
*** SHOW DOWN ***
puffy5555: shows [Jh 7h] (two pair, Jacks and Sevens)
zarpapis: shows [9s 8h] (a straight, Eight to Queen)
zarpapis collected $5.28 from pot
*** SUMMARY ***
Total pot $5.53 | Rake $0.25 
Board [Th 5c Js Qd 7d]
Seat 1: puffy5555 (button) showed [Jh 7h] and lost with two pair, Jacks and Sevens
Seat 2: stiucarul (small blind) folded before Flop
Seat 3: zarpapis (big blind) showed [9s 8h] and won ($5.28) with a straight, Eight to Queen
Seat 4: JYCKF folded before Flop (didn't bet)
Seat 5: jgo_G4 folded before Flop (didn't bet)
Seat 6: Mahu2021 folded before Flop (didn't bet)



PokerStars Zoom Hand #254158220169:  Hold'em No Limit ($0.05/$0.10) - 2025/01/02 20:30:53 CET [2025/01/02 14:30:53 ET]
Table 'Aludra' 6-max Seat #1 is the button
Seat 1: pokerkiran04 ($6.30 in chips) 
Seat 2: Cheepo1963 ($12.13 in chips) 
Seat 3: Vandalar ($11.24 in chips) 
Seat 4: Munk639 ($17.80 in chips) 
Seat 5: Mahu2021 ($9.17 in chips) 
Seat 6: gamehard ($10 in chips) 
Cheepo1963: posts small blind $0.05
Vandalar: posts big blind $0.10
*** HOLE CARDS ***
Dealt to Mahu2021 [9h Js]
Munk639: folds 
Mahu2021: folds 
gamehard: raises $0.15 to $0.25
pokerkiran04: calls $0.25
Cheepo1963: folds 
Vandalar: calls $0.15
*** FLOP *** [4s 4c Qh]
Vandalar: checks 
gamehard: bets $0.48
pokerkiran04: calls $0.48
Vandalar: folds 
*** TURN *** [4s 4c Qh] [8h]
gamehard: checks 
pokerkiran04: checks 
*** RIVER *** [4s 4c Qh 8h] [5h]
gamehard: checks 
pokerkiran04: checks 
*** SHOW DOWN ***
gamehard: shows [Ad Th] (a pair of Fours)
pokerkiran04: shows [2s 2c] (two pair, Fours and Deuces)
pokerkiran04 collected $1.68 from pot
*** SUMMARY ***
Total pot $1.76 | Rake $0.08 
Board [4s 4c Qh 8h 5h]
Seat 1: pokerkiran04 (button) showed [2s 2c] and won ($1.68) with two pair, Fours and Deuces
Seat 2: Cheepo1963 (small blind) folded before Flop
Seat 3: Vandalar (big blind) folded on the Flop
Seat 4: Munk639 folded before Flop (didn't bet)
Seat 5: Mahu2021 folded before Flop (didn't bet)
Seat 6: gamehard showed [Ad Th] and lost with a pair of Fours



PokerStars Zoom Hand #254158222062:  Hold'em No Limit ($0.05/$0.10) - 2025/01/02 20:30:59 CET [2025/01/02 14:30:59 ET]
Table 'Aludra' 6-max Seat #1 is the button
Seat 1: pokking876 ($9.58 in chips) 
Seat 2: WideMonkaW ($31.13 in chips) 
Seat 3: italianecca ($11.12 in chips) 
Seat 4: huchen5 ($9.19 in chips) 
Seat 5: Kakau60k ($10.60 in chips) 
Seat 6: Mahu2021 ($9.17 in chips) 
WideMonkaW: posts small blind $0.05
italianecca: posts big blind $0.10
*** HOLE CARDS ***
Dealt to Mahu2021 [Kd 8d]
huchen5: folds 
Kakau60k: folds 
Mahu2021: raises $0.20 to $0.30
pokking876 has timed out
pokking876: folds 
WideMonkaW: folds 
italianecca: folds 
Uncalled bet ($0.20) returned to Mahu2021
Mahu2021 collected $0.25 from pot
Mahu2021: doesn't show hand 
*** SUMMARY ***
Total pot $0.25 | Rake $0 
Seat 1: pokking876 (button) folded before Flop (didn't bet)
Seat 2: WideMonkaW (small blind) folded before Flop
Seat 3: italianecca (big blind) folded before Flop
Seat 4: huchen5 folded before Flop (didn't bet)
Seat 5: Kakau60k folded before Flop (didn't bet)
Seat 6: Mahu2021 collected ($0.25)



PokerStars Zoom Hand #254158235940:  Hold'em No Limit ($0.05/$0.10) - 2025/01/02 20:31:40 CET [2025/01/02 14:31:40 ET]
Table 'Aludra' 6-max Seat #1 is the button
Seat 1: Nahrven ($10.55 in chips) 
Seat 2: DonkeyKong1960 ($10.05 in chips) 
Seat 3: GKallai ($15.04 in chips) 
Seat 4: Mahu2021 ($9.32 in chips) 
Seat 5: iceballantyne ($10.52 in chips) 
Seat 6: apicius2 ($8.75 in chips) 
DonkeyKong1960: posts small blind $0.05
GKallai: posts big blind $0.10
*** HOLE CARDS ***
Dealt to Mahu2021 [Qs 9c]
Mahu2021: folds 
iceballantyne: folds 
apicius2: folds 
Nahrven: folds 
DonkeyKong1960: folds 
Uncalled bet ($0.05) returned to GKallai
GKallai collected $0.10 from pot
GKallai: doesn't show hand 
*** SUMMARY ***
Total pot $0.10 | Rake $0 
Seat 1: Nahrven (button) folded before Flop (didn't bet)
Seat 2: DonkeyKong1960 (small blind) folded before Flop
Seat 3: GKallai (big blind) collected ($0.10)
Seat 4: Mahu2021 folded before Flop (didn't bet)
Seat 5: iceballantyne folded before Flop (didn't bet)
Seat 6: apicius2 folded before Flop (didn't bet)



PokerStars Zoom Hand #254158239556:  Hold'em No Limit ($0.05/$0.10) - 2025/01/02 20:31:51 CET [2025/01/02 14:31:51 ET]
Table 'Aludra' 6-max Seat #1 is the button
Seat 1: MarceloVaz69 ($15.66 in chips) 
Seat 2: gelik32 ($10 in chips) 
Seat 3: Mahu2021 ($9.27 in chips) 
Seat 4: Ryudim ($9.96 in chips) 
Seat 5: CampeaoBra ($15.01 in chips) 
Seat 6: kimi6811 ($10 in chips) 
gelik32: posts small blind $0.05
Mahu2021: posts big blind $0.10
*** HOLE CARDS ***
Dealt to Mahu2021 [4c 2h]
Ryudim: raises $0.10 to $0.20
CampeaoBra: folds 
kimi6811: folds 
MarceloVaz69: folds 
gelik32: folds 
Mahu2021: folds 
Uncalled bet ($0.10) returned to Ryudim
Ryudim collected $0.25 from pot
Ryudim: doesn't show hand 
*** SUMMARY ***
Total pot $0.25 | Rake $0 
Seat 1: MarceloVaz69 (button) folded before Flop (didn't bet)
Seat 2: gelik32 (small blind) folded before Flop
Seat 3: Mahu2021 (big blind) folded before Flop
Seat 4: Ryudim collected ($0.25)
Seat 5: CampeaoBra folded before Flop (didn't bet)
Seat 6: kimi6811 folded before Flop (didn't bet)



PokerStars Zoom Hand #254158237228:  Hold'em No Limit ($0.05/$0.10) - 2025/01/02 20:31:44 CET [2025/01/02 14:31:44 ET]
Table 'Aludra' 6-max Seat #1 is the button
Seat 1: gamehard ($10 in chips) 
Seat 2: Mahu2021 ($9.32 in chips) 
Seat 3: bernardi1323 ($11.12 in chips) 
Seat 4: Mùúh 22 ($10 in chips) 
Seat 5: apicius2 ($8.75 in chips) 
Seat 6: batalhafbf ($12.11 in chips) 
Mahu2021: posts small blind $0.05
bernardi1323: posts big blind $0.10
*** HOLE CARDS ***
Dealt to Mahu2021 [Jc 5h]
Mùúh 22: folds 
apicius2: folds 
batalhafbf has timed out
batalhafbf: folds 
gamehard: folds 
Mahu2021: folds 
Uncalled bet ($0.05) returned to bernardi1323
bernardi1323 collected $0.10 from pot
bernardi1323: doesn't show hand 
*** SUMMARY ***
Total pot $0.10 | Rake $0 
Seat 1: gamehard (button) folded before Flop (didn't bet)
Seat 2: Mahu2021 (small blind) folded before Flop
Seat 3: bernardi1323 (big blind) collected ($0.10)
Seat 4: Mùúh 22 folded before Flop (didn't bet)
Seat 5: apicius2 folded before Flop (didn't bet)
Seat 6: batalhafbf folded before Flop (didn't bet)



PokerStars Zoom Hand #254158238510:  Hold'em No Limit ($0.05/$0.10) - 2025/01/02 20:31:48 CET [2025/01/02 14:31:48 ET]
Table 'Aludra' 6-max Seat #1 is the button
Seat 1: Mahu2021 ($9.27 in chips) 
Seat 2: beas7m0de ($25.44 in chips) 
Seat 3: catastrevas ($13.88 in chips) 
Seat 4: pokerkiran04 ($7.25 in chips) 
Seat 5: Poker Don1994 ($10.01 in chips) 
Seat 6: Icegc ($6.05 in chips) 
beas7m0de: posts small blind $0.05
catastrevas: posts big blind $0.10
*** HOLE CARDS ***
Dealt to Mahu2021 [2h 8c]
pokerkiran04: folds 
Poker Don1994: folds 
Icegc: folds 
Mahu2021: folds 
beas7m0de: calls $0.05
catastrevas: raises $0.30 to $0.40
beas7m0de: folds 
Uncalled bet ($0.30) returned to catastrevas
catastrevas collected $0.20 from pot
catastrevas: doesn't show hand 
*** SUMMARY ***
Total pot $0.20 | Rake $0 
Seat 1: Mahu2021 (button) folded before Flop (didn't bet)
Seat 2: beas7m0de (small blind) folded before Flop
Seat 3: catastrevas (big blind) collected ($0.20)
Seat 4: pokerkiran04 folded before Flop (didn't bet)
Seat 5: Poker Don1994 folded before Flop (didn't bet)
Seat 6: Icegc folded before Flop (didn't bet)



PokerStars Zoom Hand #254158242509:  Hold'em No Limit ($0.05/$0.10) - 2025/01/02 20:32:00 CET [2025/01/02 14:32:00 ET]
Table 'Aludra' 6-max Seat #1 is the button
Seat 1: Mahu2021 ($9.17 in chips) 
Seat 2: iceballantyne ($10.55 in chips) 
Seat 3: ponkotsu_tanuki ($10.45 in chips) 
Seat 4: DonkeyKong1960 ($10 in chips) 
Seat 5: GKallai ($13.74 in chips) 
Seat 6: Live4Life121 ($8.76 in chips) 
iceballantyne: posts small blind $0.05
ponkotsu_tanuki: posts big blind $0.10
*** HOLE CARDS ***
Dealt to Mahu2021 [7d 7s]
DonkeyKong1960: raises $0.20 to $0.30
GKallai: folds 
Live4Life121: folds 
Mahu2021: calls $0.30
iceballantyne: folds 
ponkotsu_tanuki: folds 
*** FLOP *** [Ah Ad Qc]
DonkeyKong1960: bets $0.36
Mahu2021: calls $0.36
*** TURN *** [Ah Ad Qc] [3c]
DonkeyKong1960: checks 
Mahu2021: checks 
*** RIVER *** [Ah Ad Qc 3c] [As]
DonkeyKong1960: checks 
Mahu2021: checks 
*** SHOW DOWN ***
DonkeyKong1960: shows [Jc Kh] (three of a kind, Aces)
Mahu2021: shows [7d 7s] (a full house, Aces full of Sevens)
Mahu2021 collected $1.40 from pot
*** SUMMARY ***
Total pot $1.47 | Rake $0.07 
Board [Ah Ad Qc 3c As]
Seat 1: Mahu2021 (button) showed [7d 7s] and won ($1.40) with a full house, Aces full of Sevens
Seat 2: iceballantyne (small blind) folded before Flop
Seat 3: ponkotsu_tanuki (big blind) folded before Flop
Seat 4: DonkeyKong1960 showed [Jc Kh] and lost with three of a kind, Aces
Seat 5: GKallai folded before Flop (didn't bet)
Seat 6: Live4Life121 folded before Flop (didn't bet)



PokerStars Zoom Hand #254158241188:  Hold'em No Limit ($0.05/$0.10) - 2025/01/02 20:31:56 CET [2025/01/02 14:31:56 ET]
Table 'Aludra' 6-max Seat #1 is the button
Seat 1: catastrevas ($15.05 in chips) 
Seat 2: GeeBeeCee ($10.75 in chips) 
Seat 3: gamehard ($10 in chips) 
Seat 4: teebeutel16 ($8.42 in chips) 
Seat 5: Mahu2021 ($9.17 in chips) 
Seat 6: lordx777 ($10.79 in chips) 
GeeBeeCee: posts small blind $0.05
gamehard: posts big blind $0.10
*** HOLE CARDS ***
Dealt to Mahu2021 [Jc 4c]
teebeutel16: folds 
Mahu2021: folds 
lordx777: raises $0.15 to $0.25
catastrevas: raises $0.50 to $0.75
GeeBeeCee: calls $0.70
gamehard: folds 
lordx777: calls $0.50
*** FLOP *** [4d 2s 3d]
GeeBeeCee: checks 
lordx777: checks 
catastrevas: checks 
*** TURN *** [4d 2s 3d] [4s]
GeeBeeCee: checks 
lordx777: bets $1.02
catastrevas: calls $1.02
GeeBeeCee: calls $1.02
*** RIVER *** [4d 2s 3d 4s] [Th]
GeeBeeCee: checks 
lordx777: checks 
catastrevas: checks 
*** SHOW DOWN ***
GeeBeeCee: shows [Tc As] (two pair, Tens and Fours)
lordx777: mucks hand 
catastrevas: mucks hand 
GeeBeeCee collected $5.17 from pot
*** SUMMARY ***
Total pot $5.41 | Rake $0.24 
Board [4d 2s 3d 4s Th]
Seat 1: catastrevas (button) mucked [Ts 8s]
Seat 2: GeeBeeCee (small blind) showed [Tc As] and won ($5.17) with two pair, Tens and Fours
Seat 3: gamehard (big blind) folded before Flop
Seat 4: teebeutel16 folded before Flop (didn't bet)
Seat 5: Mahu2021 folded before Flop (didn't bet)
Seat 6: lordx777 mucked [5h 5c]



PokerStars Zoom Hand #254158258998:  Hold'em No Limit ($0.05/$0.10) - 2025/01/02 20:32:49 CET [2025/01/02 14:32:49 ET]
Table 'Aludra' 6-max Seat #1 is the button
Seat 1: crackhead 37 ($10.69 in chips) 
Seat 2: ukroproma ($9.99 in chips) 
Seat 3: ElJosen'10 ($19.54 in chips) 
Seat 4: italianecca ($16.64 in chips) 
Seat 5: poker99111 ($9.90 in chips) 
Seat 6: Mahu2021 ($9.86 in chips) 
ukroproma: posts small blind $0.05
ElJosen'10: posts big blind $0.10
*** HOLE CARDS ***
Dealt to Mahu2021 [Td 8d]
italianecca: folds 
poker99111: folds 
Mahu2021: folds 
crackhead 37: folds 
ukroproma: folds 
Uncalled bet ($0.05) returned to ElJosen'10
ElJosen'10 collected $0.10 from pot
ElJosen'10: doesn't show hand 
*** SUMMARY ***
Total pot $0.10 | Rake $0 
Seat 1: crackhead 37 (button) folded before Flop (didn't bet)
Seat 2: ukroproma (small blind) folded before Flop
Seat 3: ElJosen'10 (big blind) collected ($0.10)
Seat 4: italianecca folded before Flop (didn't bet)
Seat 5: poker99111 folded before Flop (didn't bet)
Seat 6: Mahu2021 folded before Flop (didn't bet)



PokerStars Zoom Hand #254158260392:  Hold'em No Limit ($0.05/$0.10) - 2025/01/02 20:32:53 CET [2025/01/02 14:32:53 ET]
Table 'Aludra' 6-max Seat #1 is the button
Seat 1: allrauneR ($26.43 in chips) 
Seat 2: Aruce1 ($16.28 in chips) 
Seat 3: Mahu2021 ($9.86 in chips) 
Seat 4: poker99111 ($9.90 in chips) 
Seat 5: beas7m0de ($10.23 in chips) 
Seat 6: Vandalar ($10.30 in chips) 
Aruce1: posts small blind $0.05
Mahu2021: posts big blind $0.10
*** HOLE CARDS ***
Dealt to Mahu2021 [6h Ac]
poker99111: folds 
beas7m0de: folds 
Vandalar: raises $0.25 to $0.35
allrauneR: folds 
Aruce1: folds 
Mahu2021: folds 
Uncalled bet ($0.25) returned to Vandalar
Vandalar collected $0.25 from pot
Vandalar: doesn't show hand 
*** SUMMARY ***
Total pot $0.25 | Rake $0 
Seat 1: allrauneR (button) folded before Flop (didn't bet)
Seat 2: Aruce1 (small blind) folded before Flop
Seat 3: Mahu2021 (big blind) folded before Flop
Seat 4: poker99111 folded before Flop (didn't bet)
Seat 5: beas7m0de folded before Flop (didn't bet)
Seat 6: Vandalar collected ($0.25)



PokerStars Zoom Hand #254158267438:  Hold'em No Limit ($0.05/$0.10) - 2025/01/02 20:33:14 CET [2025/01/02 14:33:14 ET]
Table 'Aludra' 6-max Seat #1 is the button
Seat 1: Franbostero2 ($10.85 in chips) 
Seat 2: Mùúh 22 ($17.80 in chips) 
Seat 3: tombenno ($11.09 in chips) 
Seat 4: Mahu2021 ($9.76 in chips) 
Seat 5: hiding.by ($11.92 in chips) 
Seat 6: 93Pancho93 ($21.92 in chips) 
Mùúh 22: posts small blind $0.05
tombenno: posts big blind $0.10
*** HOLE CARDS ***
Dealt to Mahu2021 [8d 9d]
Mahu2021: folds 
hiding.by: folds 
93Pancho93: folds 
Franbostero2: folds 
Mùúh 22: folds 
Uncalled bet ($0.05) returned to tombenno
tombenno collected $0.10 from pot
tombenno: doesn't show hand 
*** SUMMARY ***
Total pot $0.10 | Rake $0 
Seat 1: Franbostero2 (button) folded before Flop (didn't bet)
Seat 2: Mùúh 22 (small blind) folded before Flop
Seat 3: tombenno (big blind) collected ($0.10)
Seat 4: Mahu2021 folded before Flop (didn't bet)
Seat 5: hiding.by folded before Flop (didn't bet)
Seat 6: 93Pancho93 folded before Flop (didn't bet)



PokerStars Zoom Hand #254158273363:  Hold'em No Limit ($0.05/$0.10) - 2025/01/02 20:33:32 CET [2025/01/02 14:33:32 ET]
Table 'Aludra' 6-max Seat #1 is the button
Seat 1: gelik32 ($10.44 in chips) 
Seat 2: Vandalar ($10.50 in chips) 
Seat 3: batalhafbf ($13.11 in chips) 
Seat 4: GKallai ($15.07 in chips) 
Seat 5: Mahu2021 ($9.76 in chips) 
Seat 6: apicius2 ($7.55 in chips) 
Vandalar: posts small blind $0.05
batalhafbf: posts big blind $0.10
*** HOLE CARDS ***
Dealt to Mahu2021 [Ac Jc]
GKallai: folds 
Mahu2021: raises $0.20 to $0.30
apicius2: folds 
gelik32: folds 
Vandalar: folds 
batalhafbf: folds 
Uncalled bet ($0.20) returned to Mahu2021
Mahu2021 collected $0.25 from pot
Mahu2021: doesn't show hand 
*** SUMMARY ***
Total pot $0.25 | Rake $0 
Seat 1: gelik32 (button) folded before Flop (didn't bet)
Seat 2: Vandalar (small blind) folded before Flop
Seat 3: batalhafbf (big blind) folded before Flop
Seat 4: GKallai folded before Flop (didn't bet)
Seat 5: Mahu2021 collected ($0.25)
Seat 6: apicius2 folded before Flop (didn't bet)



PokerStars Zoom Hand #254158268918:  Hold'em No Limit ($0.05/$0.10) - 2025/01/02 20:33:19 CET [2025/01/02 14:33:19 ET]
Table 'Aludra' 6-max Seat #1 is the button
Seat 1: neukrocen ($12.80 in chips) 
Seat 2: beas7m0de ($10.13 in chips) 
Seat 3: Tutin721 ($23.20 in chips) 
Seat 4: xgolyx ($8.21 in chips) 
Seat 5: Mahu2021 ($9.76 in chips) 
Seat 6: chilli60 ($10 in chips) 
beas7m0de: posts small blind $0.05
Tutin721: posts big blind $0.10
*** HOLE CARDS ***
Dealt to Mahu2021 [Qc 4h]
xgolyx: raises $0.15 to $0.25
Mahu2021: folds 
chilli60: folds 
neukrocen: raises $0.45 to $0.70
beas7m0de: folds 
Tutin721: folds 
xgolyx: folds 
Uncalled bet ($0.45) returned to neukrocen
neukrocen collected $0.65 from pot
neukrocen: doesn't show hand 
*** SUMMARY ***
Total pot $0.65 | Rake $0 
Seat 1: neukrocen (button) collected ($0.65)
Seat 2: beas7m0de (small blind) folded before Flop
Seat 3: Tutin721 (big blind) folded before Flop
Seat 4: xgolyx folded before Flop
Seat 5: Mahu2021 folded before Flop (didn't bet)
Seat 6: chilli60 folded before Flop (didn't bet)



PokerStars Zoom Hand #254158270494:  Hold'em No Limit ($0.05/$0.10) - 2025/01/02 20:33:24 CET [2025/01/02 14:33:24 ET]
Table 'Aludra' 6-max Seat #1 is the button
Seat 1: Mahu2021 ($9.76 in chips) 
Seat 2: santivi1997 ($10.93 in chips) 
Seat 3: Ruselllll ($11.03 in chips) 
Seat 4: Aruce1 ($11.62 in chips) 
Seat 5: beas7m0de ($10.40 in chips) 
Seat 6: jj2213 ($19.86 in chips) 
santivi1997: posts small blind $0.05
Ruselllll: posts big blind $0.10
*** HOLE CARDS ***
Dealt to Mahu2021 [Kd 8c]
Aruce1: folds 
beas7m0de: folds 
jj2213: raises $0.20 to $0.30
Mahu2021: folds 
santivi1997: folds 
Ruselllll: folds 
Uncalled bet ($0.20) returned to jj2213
jj2213 collected $0.25 from pot
jj2213: doesn't show hand 
*** SUMMARY ***
Total pot $0.25 | Rake $0 
Seat 1: Mahu2021 (button) folded before Flop (didn't bet)
Seat 2: santivi1997 (small blind) folded before Flop
Seat 3: Ruselllll (big blind) folded before Flop
Seat 4: Aruce1 folded before Flop (didn't bet)
Seat 5: beas7m0de folded before Flop (didn't bet)
Seat 6: jj2213 collected ($0.25)



PokerStars Zoom Hand #254158255986:  Hold'em No Limit ($0.05/$0.10) - 2025/01/02 20:32:40 CET [2025/01/02 14:32:40 ET]
Table 'Aludra' 6-max Seat #1 is the button
Seat 1: gelik32 ($10.27 in chips) 
Seat 2: Mahu2021 ($9.91 in chips) 
Seat 3: Nahrven ($10.52 in chips) 
Seat 4: DonkeyKong1960 ($10 in chips) 
Seat 5: Stavrinho ($25.29 in chips) 
Seat 6: km1883 ($15.10 in chips) 
Mahu2021: posts small blind $0.05
Nahrven: posts big blind $0.10
*** HOLE CARDS ***
Dealt to Mahu2021 [9c 2c]
DonkeyKong1960: folds 
Stavrinho: raises $0.20 to $0.30
km1883: raises $0.60 to $0.90
gelik32: folds 
Mahu2021: folds 
Nahrven: raises $1.20 to $2.10
Stavrinho: calls $1.80
km1883: calls $1.20
*** FLOP *** [5s Js 3h]
Nahrven: checks 
Stavrinho: checks 
km1883: checks 
*** TURN *** [5s Js 3h] [3s]
Nahrven: checks 
Stavrinho: checks 
km1883: checks 
*** RIVER *** [5s Js 3h 3s] [Tc]
Nahrven: checks 
Stavrinho: bets $5.20
km1883: calls $5.20
Nahrven: folds 
*** SHOW DOWN ***
Stavrinho: shows [Ah Qh] (a pair of Threes)
km1883: shows [Ts Td] (a full house, Tens full of Threes)
km1883 collected $16 from pot
*** SUMMARY ***
Total pot $16.75 | Rake $0.75 
Board [5s Js 3h 3s Tc]
Seat 1: gelik32 (button) folded before Flop (didn't bet)
Seat 2: Mahu2021 (small blind) folded before Flop
Seat 3: Nahrven (big blind) folded on the River
Seat 4: DonkeyKong1960 folded before Flop (didn't bet)
Seat 5: Stavrinho showed [Ah Qh] and lost with a pair of Threes
Seat 6: km1883 showed [Ts Td] and won ($16) with a full house, Tens full of Threes



PokerStars Zoom Hand #254158294645:  Hold'em No Limit ($0.05/$0.10) - 2025/01/02 20:34:37 CET [2025/01/02 14:34:37 ET]
Table 'Aludra' 6-max Seat #1 is the button
Seat 1: neukrocen ($10.65 in chips) 
Seat 2: Mahu2021 ($9.81 in chips) 
Seat 3: santivi1997 ($10.82 in chips) 
Seat 4: italianecca ($11.21 in chips) 
Seat 5: tombenno ($11.14 in chips) 
Seat 6: luusk ($56.35 in chips) 
Mahu2021: posts small blind $0.05
santivi1997: posts big blind $0.10
*** HOLE CARDS ***
Dealt to Mahu2021 [Jc 2d]
italianecca: folds 
tombenno: folds 
luusk: folds 
neukrocen: folds 
Mahu2021: folds 
Uncalled bet ($0.05) returned to santivi1997
santivi1997 collected $0.10 from pot
santivi1997: doesn't show hand 
*** SUMMARY ***
Total pot $0.10 | Rake $0 
Seat 1: neukrocen (button) folded before Flop (didn't bet)
Seat 2: Mahu2021 (small blind) folded before Flop
Seat 3: santivi1997 (big blind) collected ($0.10)
Seat 4: italianecca folded before Flop (didn't bet)
Seat 5: tombenno folded before Flop (didn't bet)
Seat 6: luusk folded before Flop (didn't bet)



PokerStars Zoom Hand #254158276654:  Hold'em No Limit ($0.05/$0.10) - 2025/01/02 20:33:42 CET [2025/01/02 14:33:42 ET]
Table 'Aludra' 6-max Seat #1 is the button
Seat 1: Izabyx ($9.83 in chips) 
Seat 2: pokpvc ($11.26 in chips) 
Seat 3: Mahu2021 ($9.91 in chips) 
Seat 4: dave_htfc ($7.53 in chips) 
Seat 5: italianecca ($16.64 in chips) 
Seat 6: kotaraka1312 ($10 in chips) 
pokpvc: posts small blind $0.05
Mahu2021: posts big blind $0.10
*** HOLE CARDS ***
Dealt to Mahu2021 [8c 7d]
dave_htfc: folds 
italianecca: folds 
kotaraka1312: folds 
Izabyx: raises $0.10 to $0.20
pokpvc: raises $0.10 to $0.30
Mahu2021: folds 
Izabyx: calls $0.10
*** FLOP *** [9c Jc 9h]
pokpvc: bets $0.80
Izabyx: folds 
Uncalled bet ($0.80) returned to pokpvc
pokpvc collected $0.66 from pot
pokpvc: doesn't show hand 
*** SUMMARY ***
Total pot $0.70 | Rake $0.04 
Board [9c Jc 9h]
Seat 1: Izabyx (button) folded on the Flop
Seat 2: pokpvc (small blind) collected ($0.66)
Seat 3: Mahu2021 (big blind) folded before Flop
Seat 4: dave_htfc folded before Flop (didn't bet)
Seat 5: italianecca folded before Flop (didn't bet)
Seat 6: kotaraka1312 folded before Flop (didn't bet)



PokerStars Zoom Hand #254158303538:  Hold'em No Limit ($0.05/$0.10) - 2025/01/02 20:35:03 CET [2025/01/02 14:35:03 ET]
Table 'Aludra' 6-max Seat #1 is the button
Seat 1: santivi1997 ($10.82 in chips) 
Seat 2: Live4Life121 ($8.51 in chips) 
Seat 3: Nahrven ($10.23 in chips) 
Seat 4: Mahu2021 ($9.56 in chips) 
Seat 5: huchen5 ($7.80 in chips) 
Seat 6: Zonizo ($16.46 in chips) 
Live4Life121: posts small blind $0.05
Nahrven: posts big blind $0.10
*** HOLE CARDS ***
Dealt to Mahu2021 [2h Ad]
Mahu2021: folds 
huchen5: folds 
Zonizo: folds 
santivi1997: folds 
Live4Life121: folds 
Uncalled bet ($0.05) returned to Nahrven
Nahrven collected $0.10 from pot
Nahrven: doesn't show hand 
*** SUMMARY ***
Total pot $0.10 | Rake $0 
Seat 1: santivi1997 (button) folded before Flop (didn't bet)
Seat 2: Live4Life121 (small blind) folded before Flop
Seat 3: Nahrven (big blind) collected ($0.10)
Seat 4: Mahu2021 folded before Flop (didn't bet)
Seat 5: huchen5 folded before Flop (didn't bet)
Seat 6: Zonizo folded before Flop (didn't bet)



PokerStars Zoom Hand #254158304889:  Hold'em No Limit ($0.05/$0.10) - 2025/01/02 20:35:07 CET [2025/01/02 14:35:07 ET]
Table 'Aludra' 6-max Seat #1 is the button
Seat 1: Mahu2021 ($9.56 in chips) 
Seat 2: Teuvo L ($19.84 in chips) 
Seat 3: Mùúh 22 ($17.50 in chips) 
Seat 4: zarpapis ($32.68 in chips) 
Seat 5: lordx777 ($12.54 in chips) 
Seat 6: Karelliacastle ($10.86 in chips) 
Teuvo L: posts small blind $0.05
Mùúh 22: posts big blind $0.10
*** HOLE CARDS ***
Dealt to Mahu2021 [3c 5s]
zarpapis: raises $0.15 to $0.25
lordx777: folds 
Karelliacastle: folds 
Mahu2021: folds 
Teuvo L: folds 
Mùúh 22: folds 
Uncalled bet ($0.15) returned to zarpapis
zarpapis collected $0.25 from pot
zarpapis: doesn't show hand 
*** SUMMARY ***
Total pot $0.25 | Rake $0 
Seat 1: Mahu2021 (button) folded before Flop (didn't bet)
Seat 2: Teuvo L (small blind) folded before Flop
Seat 3: Mùúh 22 (big blind) folded before Flop
Seat 4: zarpapis collected ($0.25)
Seat 5: lordx777 folded before Flop (didn't bet)
Seat 6: Karelliacastle folded before Flop (didn't bet)



PokerStars Zoom Hand #254158295900:  Hold'em No Limit ($0.05/$0.10) - 2025/01/02 20:34:40 CET [2025/01/02 14:34:40 ET]
Table 'Aludra' 6-max Seat #1 is the button
Seat 1: GKallai ($19 in chips) 
Seat 2: apicius2 ($8.09 in chips) 
Seat 3: Tutin721 ($23.60 in chips) 
Seat 4: WideMonkaW ($24.15 in chips) 
Seat 5: jgo_G4 ($14.31 in chips) 
Seat 6: Mahu2021 ($9.76 in chips) 
apicius2: posts small blind $0.05
Tutin721: posts big blind $0.10
*** HOLE CARDS ***
Dealt to Mahu2021 [8c 7c]
WideMonkaW: raises $0.10 to $0.20
jgo_G4: folds 
Mahu2021: calls $0.20
GKallai: calls $0.20
apicius2: folds 
Tutin721: folds 
*** FLOP *** [3d Jd 7d]
WideMonkaW: bets $0.50
Mahu2021: folds 
GKallai: calls $0.50
*** TURN *** [3d Jd 7d] [5d]
WideMonkaW: bets $1.24
GKallai: folds 
Uncalled bet ($1.24) returned to WideMonkaW
WideMonkaW collected $1.67 from pot
WideMonkaW: doesn't show hand 
*** SUMMARY ***
Total pot $1.75 | Rake $0.08 
Board [3d Jd 7d 5d]
Seat 1: GKallai (button) folded on the Turn
Seat 2: apicius2 (small blind) folded before Flop
Seat 3: Tutin721 (big blind) folded before Flop
Seat 4: WideMonkaW collected ($1.67)
Seat 5: jgo_G4 folded before Flop (didn't bet)
Seat 6: Mahu2021 folded on the Flop



PokerStars Zoom Hand #254158305960:  Hold'em No Limit ($0.05/$0.10) - 2025/01/02 20:35:11 CET [2025/01/02 14:35:11 ET]
Table 'Aludra' 6-max Seat #1 is the button
Seat 1: dave_htfc ($8.10 in chips) 
Seat 2: Mahu2021 ($9.56 in chips) 
Seat 3: Allvisa ($11.45 in chips) 
Seat 4: neukrocen ($10.40 in chips) 
Seat 5: km1883 ($13.44 in chips) 
Seat 6: Live4Life121 ($8.46 in chips) 
Mahu2021: posts small blind $0.05
Allvisa: posts big blind $0.10
*** HOLE CARDS ***
Dealt to Mahu2021 [Ks Td]
neukrocen: folds 
km1883: raises $0.15 to $0.25
Live4Life121: folds 
dave_htfc: folds 
Mahu2021: calls $0.20
Allvisa: folds 
*** FLOP *** [9h 4c 3d]
Mahu2021: checks 
km1883: bets $0.19
Mahu2021: calls $0.19
*** TURN *** [9h 4c 3d] [7c]
Mahu2021: checks 
km1883: checks 
*** RIVER *** [9h 4c 3d 7c] [Jd]
Mahu2021: checks 
km1883: bets $0.47
Mahu2021: folds 
Uncalled bet ($0.47) returned to km1883
km1883 collected $0.94 from pot
km1883: doesn't show hand 
*** SUMMARY ***
Total pot $0.98 | Rake $0.04 
Board [9h 4c 3d 7c Jd]
Seat 1: dave_htfc (button) folded before Flop (didn't bet)
Seat 2: Mahu2021 (small blind) folded on the River
Seat 3: Allvisa (big blind) folded before Flop
Seat 4: neukrocen folded before Flop (didn't bet)
Seat 5: km1883 collected ($0.94)
Seat 6: Live4Life121 folded before Flop (didn't bet)



PokerStars Zoom Hand #254158326966:  Hold'em No Limit ($0.05/$0.10) - 2025/01/02 20:36:13 CET [2025/01/02 14:36:13 ET]
Table 'Aludra' 6-max Seat #1 is the button
Seat 1: Slawa Royal ($6.76 in chips) 
Seat 2: neukrocen ($10.99 in chips) 
Seat 3: Mahu2021 ($9.12 in chips) 
Seat 4: tombenno ($11.16 in chips) 
Seat 5: Zonizo ($16.48 in chips) 
Seat 6: GKallai ($23.14 in chips) 
neukrocen: posts small blind $0.05
Mahu2021: posts big blind $0.10
*** HOLE CARDS ***
Dealt to Mahu2021 [Ac 8d]
tombenno: folds 
Zonizo: raises $0.10 to $0.20
GKallai: folds 
Slawa Royal: folds 
neukrocen: folds 
Mahu2021: calls $0.10
*** FLOP *** [As 9c 6d]
Mahu2021: checks 
Zonizo: bets $0.20
Mahu2021: calls $0.20
*** TURN *** [As 9c 6d] [2h]
Mahu2021: checks 
Zonizo: bets $0.41
Mahu2021: calls $0.41
*** RIVER *** [As 9c 6d 2h] [4h]
Mahu2021: checks 
Zonizo: checks 
*** SHOW DOWN ***
Mahu2021: shows [Ac 8d] (a pair of Aces)
Zonizo: mucks hand 
Mahu2021 collected $1.59 from pot
*** SUMMARY ***
Total pot $1.67 | Rake $0.08 
Board [As 9c 6d 2h 4h]
Seat 1: Slawa Royal (button) folded before Flop (didn't bet)
Seat 2: neukrocen (small blind) folded before Flop
Seat 3: Mahu2021 (big blind) showed [Ac 8d] and won ($1.59) with a pair of Aces
Seat 4: tombenno folded before Flop (didn't bet)
Seat 5: Zonizo mucked [Jc Js]
Seat 6: GKallai folded before Flop (didn't bet)



PokerStars Zoom Hand #254158322789:  Hold'em No Limit ($0.05/$0.10) - 2025/01/02 20:36:01 CET [2025/01/02 14:36:01 ET]
Table 'Aludra' 6-max Seat #1 is the button
Seat 1: H&PAG ($7.42 in chips) 
Seat 2: BazT007 ($23.43 in chips) 
Seat 3: Mùúh 22 ($13.22 in chips) 
Seat 4: phellipM ($8.97 in chips) 
Seat 5: Mahu2021 ($9.12 in chips) 
Seat 6: aimless0 ($10.13 in chips) 
BazT007: posts small blind $0.05
Mùúh 22: posts big blind $0.10
*** HOLE CARDS ***
Dealt to Mahu2021 [3s 4s]
phellipM: folds 
Mahu2021: folds 
aimless0: folds 
H&PAG: folds 
BazT007: calls $0.05
Mùúh 22: raises $0.20 to $0.30
BazT007: calls $0.20
*** FLOP *** [9h Kd 7c]
BazT007: checks 
Mùúh 22: bets $0.19
BazT007: calls $0.19
*** TURN *** [9h Kd 7c] [Tc]
BazT007: checks 
Mùúh 22: checks 
*** RIVER *** [9h Kd 7c Tc] [2c]
BazT007: bets $0.94
Mùúh 22: folds 
Uncalled bet ($0.94) returned to BazT007
BazT007 collected $0.94 from pot
BazT007: doesn't show hand 
*** SUMMARY ***
Total pot $0.98 | Rake $0.04 
Board [9h Kd 7c Tc 2c]
Seat 1: H&PAG (button) folded before Flop (didn't bet)
Seat 2: BazT007 (small blind) collected ($0.94)
Seat 3: Mùúh 22 (big blind) folded on the River
Seat 4: phellipM folded before Flop (didn't bet)
Seat 5: Mahu2021 folded before Flop (didn't bet)
Seat 6: aimless0 folded before Flop (didn't bet)



PokerStars Zoom Hand #254158334680:  Hold'em No Limit ($0.05/$0.10) - 2025/01/02 20:36:36 CET [2025/01/02 14:36:36 ET]
Table 'Aludra' 6-max Seat #1 is the button
Seat 1: hong0627 ($24.54 in chips) 
Seat 2: catastrevas ($16.69 in chips) 
Seat 3: Ryudim ($21.29 in chips) 
Seat 4: Mahu2021 ($9.90 in chips) 
Seat 5: steklianniy ($21.64 in chips) 
Seat 6: bmw8331 ($14.65 in chips) 
catastrevas: posts small blind $0.05
Ryudim: posts big blind $0.10
*** HOLE CARDS ***
Dealt to Mahu2021 [Jd Kd]
Mahu2021: raises $0.20 to $0.30
steklianniy: folds 
bmw8331: folds 
hong0627: folds 
catastrevas: folds 
Ryudim: folds 
Uncalled bet ($0.20) returned to Mahu2021
Mahu2021 collected $0.25 from pot
Mahu2021: doesn't show hand 
*** SUMMARY ***
Total pot $0.25 | Rake $0 
Seat 1: hong0627 (button) folded before Flop (didn't bet)
Seat 2: catastrevas (small blind) folded before Flop
Seat 3: Ryudim (big blind) folded before Flop
Seat 4: Mahu2021 collected ($0.25)
Seat 5: steklianniy folded before Flop (didn't bet)
Seat 6: bmw8331 folded before Flop (didn't bet)



PokerStars Zoom Hand #254158323823:  Hold'em No Limit ($0.05/$0.10) - 2025/01/02 20:36:04 CET [2025/01/02 14:36:04 ET]
Table 'Aludra' 6-max Seat #1 is the button
Seat 1: CKL17 ($20 in chips) 
Seat 2: Doctor2D ($10.96 in chips) 
Seat 3: km1883 ($13.94 in chips) 
Seat 4: Ruselllll ($10.12 in chips) 
Seat 5: gelik32 ($10.92 in chips) 
Seat 6: Mahu2021 ($9.12 in chips) 
Doctor2D: posts small blind $0.05
km1883: posts big blind $0.10
*** HOLE CARDS ***
Dealt to Mahu2021 [Td 9s]
Ruselllll: folds 
gelik32: folds 
Mahu2021: folds 
CKL17: folds 
Doctor2D: raises $0.20 to $0.30
km1883: calls $0.20
*** FLOP *** [7d 9h 2c]
Doctor2D: checks 
km1883: bets $0.29
Doctor2D: folds 
Uncalled bet ($0.29) returned to km1883
km1883 collected $0.57 from pot
km1883: doesn't show hand 
*** SUMMARY ***
Total pot $0.60 | Rake $0.03 
Board [7d 9h 2c]
Seat 1: CKL17 (button) folded before Flop (didn't bet)
Seat 2: Doctor2D (small blind) folded on the Flop
Seat 3: km1883 (big blind) collected ($0.57)
Seat 4: Ruselllll folded before Flop (didn't bet)
Seat 5: gelik32 folded before Flop (didn't bet)
Seat 6: Mahu2021 folded before Flop (didn't bet)



PokerStars Zoom Hand #254158342087:  Hold'em No Limit ($0.05/$0.10) - 2025/01/02 20:36:58 CET [2025/01/02 14:36:58 ET]
Table 'Aludra' 6-max Seat #1 is the button
Seat 1: Mahu2021 ($10.05 in chips) 
Seat 2: bernardi1323 ($11.36 in chips) 
Seat 3: pokking876 ($10.36 in chips) 
Seat 4: teapark ($13.94 in chips) 
Seat 5: Avimismus ($13.11 in chips) 
Seat 6: brdoyle81 ($10.26 in chips) 
bernardi1323: posts small blind $0.05
pokking876: posts big blind $0.10
*** HOLE CARDS ***
Dealt to Mahu2021 [7d As]
teapark: raises $0.20 to $0.30
Avimismus: folds 
brdoyle81: folds 
Mahu2021: folds 
bernardi1323: folds 
pokking876: folds 
Uncalled bet ($0.20) returned to teapark
teapark collected $0.25 from pot
teapark: doesn't show hand 
*** SUMMARY ***
Total pot $0.25 | Rake $0 
Seat 1: Mahu2021 (button) folded before Flop (didn't bet)
Seat 2: bernardi1323 (small blind) folded before Flop
Seat 3: pokking876 (big blind) folded before Flop
Seat 4: teapark collected ($0.25)
Seat 5: Avimismus folded before Flop (didn't bet)
Seat 6: brdoyle81 folded before Flop (didn't bet)



PokerStars Zoom Hand #254158346329:  Hold'em No Limit ($0.05/$0.10) - 2025/01/02 20:37:11 CET [2025/01/02 14:37:11 ET]
Table 'Aludra' 6-max Seat #1 is the button
Seat 1: Aruce1 ($10.64 in chips) 
Seat 2: Mahu2021 ($10.05 in chips) 
Seat 3: WideMonkaW ($29.85 in chips) 
Seat 4: cruss01 ($15.04 in chips) 
Seat 5: H&PAG ($7.42 in chips) 
Seat 6: Mùúh 22 ($10.40 in chips) 
Mahu2021: posts small blind $0.05
WideMonkaW: posts big blind $0.10
*** HOLE CARDS ***
Dealt to Mahu2021 [7c 5h]
cruss01: folds 
H&PAG: folds 
Mùúh 22: folds 
Aruce1: folds 
Mahu2021: raises $0.20 to $0.30
WideMonkaW: raises $0.60 to $0.90
Mahu2021: folds 
Uncalled bet ($0.60) returned to WideMonkaW
WideMonkaW collected $0.60 from pot
WideMonkaW: doesn't show hand 
*** SUMMARY ***
Total pot $0.60 | Rake $0 
Seat 1: Aruce1 (button) folded before Flop (didn't bet)
Seat 2: Mahu2021 (small blind) folded before Flop
Seat 3: WideMonkaW (big blind) collected ($0.60)
Seat 4: cruss01 folded before Flop (didn't bet)
Seat 5: H&PAG folded before Flop (didn't bet)
Seat 6: Mùúh 22 folded before Flop (didn't bet)



PokerStars Zoom Hand #254158340671:  Hold'em No Limit ($0.05/$0.10) - 2025/01/02 20:36:54 CET [2025/01/02 14:36:54 ET]
Table 'Aludra' 6-max Seat #1 is the button
Seat 1: Allvisa ($15.04 in chips) 
Seat 2: gelik32 ($10.13 in chips) 
Seat 3: seignior ($10 in chips) 
Seat 4: Mahu2021 ($10.05 in chips) 
Seat 5: CampeaoBra ($13.84 in chips) 
Seat 6: Nahrven ($10 in chips) 
gelik32: posts small blind $0.05
seignior: posts big blind $0.10
*** HOLE CARDS ***
Dealt to Mahu2021 [Jh Tc]
Mahu2021: folds 
CampeaoBra: raises $0.10 to $0.20
Nahrven: folds 
Allvisa: folds 
gelik32: folds 
seignior: calls $0.10
*** FLOP *** [Jd Ts Qh]
seignior: checks 
CampeaoBra: checks 
*** TURN *** [Jd Ts Qh] [9h]
seignior: checks 
CampeaoBra: bets $0.30
seignior: calls $0.30
*** RIVER *** [Jd Ts Qh 9h] [6d]
seignior: checks 
CampeaoBra: checks 
*** SHOW DOWN ***
seignior: shows [Js 9s] (two pair, Jacks and Nines)
CampeaoBra: mucks hand 
seignior collected $1 from pot
*** SUMMARY ***
Total pot $1.05 | Rake $0.05 
Board [Jd Ts Qh 9h 6d]
Seat 1: Allvisa (button) folded before Flop (didn't bet)
Seat 2: gelik32 (small blind) folded before Flop
Seat 3: seignior (big blind) showed [Js 9s] and won ($1) with two pair, Jacks and Nines
Seat 4: Mahu2021 folded before Flop (didn't bet)
Seat 5: CampeaoBra mucked [7d Td]
Seat 6: Nahrven folded before Flop (didn't bet)



PokerStars Zoom Hand #254158356550:  Hold'em No Limit ($0.05/$0.10) - 2025/01/02 20:37:41 CET [2025/01/02 14:37:41 ET]
Table 'Aludra' 6-max Seat #1 is the button
Seat 1: Cheepo1963 ($9.12 in chips) 
Seat 2: BonnyFlash ($43.43 in chips) 
Seat 3: ElJosen'10 ($19.36 in chips) 
Seat 4: seignior ($10.50 in chips) 
Seat 5: Mahu2021 ($9.75 in chips) 
Seat 6: pitzymecanic ($7.95 in chips) 
BonnyFlash: posts small blind $0.05
ElJosen'10: posts big blind $0.10
*** HOLE CARDS ***
Dealt to Mahu2021 [5s Kd]
seignior: folds 
Mahu2021: folds 
pitzymecanic: folds 
Cheepo1963: folds 
BonnyFlash: folds 
Uncalled bet ($0.05) returned to ElJosen'10
ElJosen'10 collected $0.10 from pot
ElJosen'10: doesn't show hand 
*** SUMMARY ***
Total pot $0.10 | Rake $0 
Seat 1: Cheepo1963 (button) folded before Flop (didn't bet)
Seat 2: BonnyFlash (small blind) folded before Flop
Seat 3: ElJosen'10 (big blind) collected ($0.10)
Seat 4: seignior folded before Flop (didn't bet)
Seat 5: Mahu2021 folded before Flop (didn't bet)
Seat 6: pitzymecanic folded before Flop (didn't bet)



PokerStars Zoom Hand #254158351772:  Hold'em No Limit ($0.05/$0.10) - 2025/01/02 20:37:27 CET [2025/01/02 14:37:27 ET]
Table 'Aludra' 6-max Seat #1 is the button
Seat 1: dave_htfc ($6.93 in chips) 
Seat 2: tombenno ($11.29 in chips) 
Seat 3: colAA49 ($24.90 in chips) 
Seat 4: Frenchy1738 ($10 in chips) 
Seat 5: teapark ($26.75 in chips) 
Seat 6: Mahu2021 ($9.75 in chips) 
tombenno: posts small blind $0.05
colAA49: posts big blind $0.10
*** HOLE CARDS ***
Dealt to Mahu2021 [7s Jc]
Frenchy1738: calls $0.10
teapark: folds 
Mahu2021: folds 
dave_htfc: raises $0.20 to $0.30
tombenno: folds 
colAA49: folds 
Frenchy1738: calls $0.20
*** FLOP *** [3c 2h 6d]
Frenchy1738: checks 
dave_htfc: bets $0.36
Frenchy1738: folds 
Uncalled bet ($0.36) returned to dave_htfc
dave_htfc collected $0.72 from pot
dave_htfc: doesn't show hand 
*** SUMMARY ***
Total pot $0.75 | Rake $0.03 
Board [3c 2h 6d]
Seat 1: dave_htfc (button) collected ($0.72)
Seat 2: tombenno (small blind) folded before Flop
Seat 3: colAA49 (big blind) folded before Flop
Seat 4: Frenchy1738 folded on the Flop
Seat 5: teapark folded before Flop (didn't bet)
Seat 6: Mahu2021 folded before Flop (didn't bet)



PokerStars Zoom Hand #254158359607:  Hold'em No Limit ($0.05/$0.10) - 2025/01/02 20:37:50 CET [2025/01/02 14:37:50 ET]
Table 'Aludra' 6-max Seat #1 is the button
Seat 1: assombrirleciel ($19.66 in chips) 
Seat 2: colAA49 ($24.80 in chips) 
Seat 3: Mahu2021 ($9.75 in chips) 
Seat 4: 93Pancho93 ($27.11 in chips) 
Seat 5: Cheepo1963 ($9.07 in chips) 
Seat 6: Zonizo ($15.86 in chips) 
colAA49: posts small blind $0.05
Mahu2021: posts big blind $0.10
*** HOLE CARDS ***
Dealt to Mahu2021 [Qd 7h]
93Pancho93: folds 
Cheepo1963: raises $0.20 to $0.30
Zonizo: folds 
assombrirleciel: folds 
colAA49: folds 
Mahu2021: folds 
Uncalled bet ($0.20) returned to Cheepo1963
Cheepo1963 collected $0.25 from pot
Cheepo1963: doesn't show hand 
*** SUMMARY ***
Total pot $0.25 | Rake $0 
Seat 1: assombrirleciel (button) folded before Flop (didn't bet)
Seat 2: colAA49 (small blind) folded before Flop
Seat 3: Mahu2021 (big blind) folded before Flop
Seat 4: 93Pancho93 folded before Flop (didn't bet)
Seat 5: Cheepo1963 collected ($0.25)
Seat 6: Zonizo folded before Flop (didn't bet)



PokerStars Zoom Hand #254158362257:  Hold'em No Limit ($0.05/$0.10) - 2025/01/02 20:37:58 CET [2025/01/02 14:37:58 ET]
Table 'Aludra' 6-max Seat #1 is the button
Seat 1: Mahu2021 ($9.65 in chips) 
Seat 2: hong0627 ($10.83 in chips) 
Seat 3: beas7m0de ($24.27 in chips) 
Seat 4: CJLongers ($9.20 in chips) 
Seat 5: CampeaoBra ($12.92 in chips) 
Seat 6: Dimitar0141 ($9.85 in chips) 
hong0627: posts small blind $0.05
beas7m0de: posts big blind $0.10
*** HOLE CARDS ***
Dealt to Mahu2021 [Jd 2h]
CJLongers: folds 
CampeaoBra: folds 
Dimitar0141: folds 
Mahu2021: folds 
hong0627: raises $0.20 to $0.30
beas7m0de: folds 
Uncalled bet ($0.20) returned to hong0627
hong0627 collected $0.20 from pot
hong0627: doesn't show hand 
*** SUMMARY ***
Total pot $0.20 | Rake $0 
Seat 1: Mahu2021 (button) folded before Flop (didn't bet)
Seat 2: hong0627 (small blind) collected ($0.20)
Seat 3: beas7m0de (big blind) folded before Flop
Seat 4: CJLongers folded before Flop (didn't bet)
Seat 5: CampeaoBra folded before Flop (didn't bet)
Seat 6: Dimitar0141 folded before Flop (didn't bet)



PokerStars Zoom Hand #254158363516:  Hold'em No Limit ($0.05/$0.10) - 2025/01/02 20:38:02 CET [2025/01/02 14:38:02 ET]
Table 'Aludra' 6-max Seat #1 is the button
Seat 1: gamehard ($10.23 in chips) 
Seat 2: WolcharaAP ($14.06 in chips) 
Seat 3: chilli60 ($10.70 in chips) 
Seat 4: H&PAG ($7.17 in chips) 
Seat 5: steklianniy ($21.80 in chips) 
Seat 6: Mahu2021 ($9.65 in chips) 
WolcharaAP: posts small blind $0.05
chilli60: posts big blind $0.10
*** HOLE CARDS ***
Dealt to Mahu2021 [8h Ah]
H&PAG: folds 
steklianniy: folds 
Mahu2021: raises $0.20 to $0.30
gamehard: folds 
WolcharaAP: folds 
chilli60: folds 
Uncalled bet ($0.20) returned to Mahu2021
Mahu2021 collected $0.25 from pot
Mahu2021: doesn't show hand 
*** SUMMARY ***
Total pot $0.25 | Rake $0 
Seat 1: gamehard (button) folded before Flop (didn't bet)
Seat 2: WolcharaAP (small blind) folded before Flop
Seat 3: chilli60 (big blind) folded before Flop
Seat 4: H&PAG folded before Flop (didn't bet)
Seat 5: steklianniy folded before Flop (didn't bet)
Seat 6: Mahu2021 collected ($0.25)



PokerStars Zoom Hand #254158358236:  Hold'em No Limit ($0.05/$0.10) - 2025/01/02 20:37:46 CET [2025/01/02 14:37:46 ET]
Table 'Aludra' 6-max Seat #1 is the button
Seat 1: bernardi1323 ($11.36 in chips) 
Seat 2: gelik32 ($10 in chips) 
Seat 3: pitzymecanic ($4.14 in chips) 
Seat 4: Mahu2021 ($9.75 in chips) 
Seat 5: jj2213 ($19.57 in chips) 
Seat 6: Ryudim ($21.14 in chips) 
gelik32: posts small blind $0.05
pitzymecanic: posts big blind $0.10
*** HOLE CARDS ***
Dealt to Mahu2021 [3s Jh]
Mahu2021: folds 
jj2213: raises $0.20 to $0.30
Ryudim: folds 
bernardi1323: folds 
gelik32: folds 
pitzymecanic: calls $0.20
*** FLOP *** [Th 2d As]
pitzymecanic: checks 
jj2213: bets $0.31
pitzymecanic: calls $0.31
*** TURN *** [Th 2d As] [4s]
pitzymecanic: checks 
jj2213: checks 
*** RIVER *** [Th 2d As 4s] [8s]
pitzymecanic: checks 
jj2213: checks 
*** SHOW DOWN ***
pitzymecanic: shows [5d 4h] (a pair of Fours)
jj2213: shows [7c Tc] (a pair of Tens)
jj2213 collected $1.21 from pot
*** SUMMARY ***
Total pot $1.27 | Rake $0.06 
Board [Th 2d As 4s 8s]
Seat 1: bernardi1323 (button) folded before Flop (didn't bet)
Seat 2: gelik32 (small blind) folded before Flop
Seat 3: pitzymecanic (big blind) showed [5d 4h] and lost with a pair of Fours
Seat 4: Mahu2021 folded before Flop (didn't bet)
Seat 5: jj2213 showed [7c Tc] and won ($1.21) with a pair of Tens
Seat 6: Ryudim folded before Flop (didn't bet)



PokerStars Zoom Hand #254158367341:  Hold'em No Limit ($0.05/$0.10) - 2025/01/02 20:38:13 CET [2025/01/02 14:38:13 ET]
Table 'Aludra' 6-max Seat #1 is the button
Seat 1: brdoyle81 ($10 in chips) 
Seat 2: Mahu2021 ($9.80 in chips) 
Seat 3: apicius2 ($8.59 in chips) 
Seat 4: Nahrven ($10.50 in chips) 
Seat 5: italianecca ($9.75 in chips) 
Seat 6: hong0627 ($25.13 in chips) 
Mahu2021: posts small blind $0.05
apicius2: posts big blind $0.10
*** HOLE CARDS ***
Dealt to Mahu2021 [9d 7d]
Nahrven: folds 
italianecca: folds 
hong0627: raises $0.10 to $0.20
brdoyle81: folds 
Mahu2021: calls $0.15
apicius2: folds 
*** FLOP *** [8s 3d 5c]
Mahu2021: checks 
hong0627: checks 
*** TURN *** [8s 3d 5c] [9c]
Mahu2021: bets $0.20
hong0627: folds 
Uncalled bet ($0.20) returned to Mahu2021
Mahu2021 collected $0.48 from pot
Mahu2021: doesn't show hand 
*** SUMMARY ***
Total pot $0.50 | Rake $0.02 
Board [8s 3d 5c 9c]
Seat 1: brdoyle81 (button) folded before Flop (didn't bet)
Seat 2: Mahu2021 (small blind) collected ($0.48)
Seat 3: apicius2 (big blind) folded before Flop
Seat 4: Nahrven folded before Flop (didn't bet)
Seat 5: italianecca folded before Flop (didn't bet)
Seat 6: hong0627 folded on the Turn



PokerStars Zoom Hand #254158379876:  Hold'em No Limit ($0.05/$0.10) - 2025/01/02 20:38:50 CET [2025/01/02 14:38:50 ET]
Table 'Aludra' 6-max Seat #1 is the button
Seat 1: mundurjon ($9.23 in chips) 
Seat 2: beas7m0de ($16.60 in chips) 
Seat 3: Mahu2021 ($10.08 in chips) 
Seat 4: Nahrven ($10.05 in chips) 
Seat 5: chilli60 ($10.55 in chips) 
Seat 6: Mùúh 22 ($12.09 in chips) 
beas7m0de: posts small blind $0.05
Mahu2021: posts big blind $0.10
*** HOLE CARDS ***
Dealt to Mahu2021 [4c 8d]
Nahrven: folds 
chilli60: folds 
Mùúh 22: folds 
mundurjon: folds 
beas7m0de: raises $0.20 to $0.30
Mahu2021: folds 
Uncalled bet ($0.20) returned to beas7m0de
beas7m0de collected $0.20 from pot
beas7m0de: doesn't show hand 
*** SUMMARY ***
Total pot $0.20 | Rake $0 
Seat 1: mundurjon (button) folded before Flop (didn't bet)
Seat 2: beas7m0de (small blind) collected ($0.20)
Seat 3: Mahu2021 (big blind) folded before Flop
Seat 4: Nahrven folded before Flop (didn't bet)
Seat 5: chilli60 folded before Flop (didn't bet)
Seat 6: Mùúh 22 folded before Flop (didn't bet)



PokerStars Zoom Hand #254158377612:  Hold'em No Limit ($0.05/$0.10) - 2025/01/02 20:38:43 CET [2025/01/02 14:38:43 ET]
Table 'Aludra' 6-max Seat #1 is the button
Seat 1: chilli60 ($10.55 in chips) 
Seat 2: pokking876 ($10.73 in chips) 
Seat 3: raphinx ($10.56 in chips) 
Seat 4: Tutin721 ($17.46 in chips) 
Seat 5: Mahu2021 ($10.08 in chips) 
Seat 6: PKRFT80 ($4.25 in chips) 
pokking876: posts small blind $0.05
raphinx: posts big blind $0.10
*** HOLE CARDS ***
Dealt to Mahu2021 [Td Qh]
Tutin721: folds 
Mahu2021: folds 
PKRFT80: calls $0.10
chilli60: folds 
pokking876: folds 
raphinx: checks 
*** FLOP *** [Ac 9h As]
raphinx: bets $0.10
PKRFT80: calls $0.10
*** TURN *** [Ac 9h As] [4s]
raphinx: checks 
PKRFT80: bets $0.43
raphinx: folds 
Uncalled bet ($0.43) returned to PKRFT80
PKRFT80 collected $0.43 from pot
PKRFT80: doesn't show hand 
*** SUMMARY ***
Total pot $0.45 | Rake $0.02 
Board [Ac 9h As 4s]
Seat 1: chilli60 (button) folded before Flop (didn't bet)
Seat 2: pokking876 (small blind) folded before Flop
Seat 3: raphinx (big blind) folded on the Turn
Seat 4: Tutin721 folded before Flop (didn't bet)
Seat 5: Mahu2021 folded before Flop (didn't bet)
Seat 6: PKRFT80 collected ($0.43)



PokerStars Zoom Hand #254158384152:  Hold'em No Limit ($0.05/$0.10) - 2025/01/02 20:39:02 CET [2025/01/02 14:39:02 ET]
Table 'Aludra' 6-max Seat #1 is the button
Seat 1: Emro86 ($6.65 in chips) 
Seat 2: Mahu2021 ($9.98 in chips) 
Seat 3: Tutin721 ($25.96 in chips) 
Seat 4: mundurjon ($9.23 in chips) 
Seat 5: Julian.S1989 ($11.53 in chips) 
Seat 6: poker99111 ($14.72 in chips) 
Mahu2021: posts small blind $0.05
Tutin721: posts big blind $0.10
*** HOLE CARDS ***
Dealt to Mahu2021 [Tc Ac]
mundurjon: folds 
Julian.S1989: folds 
poker99111: folds 
Emro86: folds 
Mahu2021: raises $0.20 to $0.30
Tutin721: folds 
Uncalled bet ($0.20) returned to Mahu2021
Mahu2021 collected $0.20 from pot
Mahu2021: doesn't show hand 
*** SUMMARY ***
Total pot $0.20 | Rake $0 
Seat 1: Emro86 (button) folded before Flop (didn't bet)
Seat 2: Mahu2021 (small blind) collected ($0.20)
Seat 3: Tutin721 (big blind) folded before Flop
Seat 4: mundurjon folded before Flop (didn't bet)
Seat 5: Julian.S1989 folded before Flop (didn't bet)
Seat 6: poker99111 folded before Flop (didn't bet)



PokerStars Zoom Hand #254158382311:  Hold'em No Limit ($0.05/$0.10) - 2025/01/02 20:38:57 CET [2025/01/02 14:38:57 ET]
Table 'Aludra' 6-max Seat #1 is the button
Seat 1: Mahu2021 ($9.98 in chips) 
Seat 2: tombenno ($12.64 in chips) 
Seat 3: Avimismus ($14.51 in chips) 
Seat 4: luusk ($18.18 in chips) 
Seat 5: pitzymecanic ($4.35 in chips) 
Seat 6: turquia000 ($31.63 in chips) 
tombenno: posts small blind $0.05
Avimismus: posts big blind $0.10
*** HOLE CARDS ***
Dealt to Mahu2021 [6d Jc]
luusk: raises $0.15 to $0.25
pitzymecanic: folds 
turquia000: folds 
Mahu2021: folds 
tombenno: folds 
Avimismus: calls $0.15
*** FLOP *** [2d 2c Qs]
Avimismus: checks 
luusk: bets $0.17
Avimismus: folds 
Uncalled bet ($0.17) returned to luusk
luusk collected $0.53 from pot
luusk: doesn't show hand 
*** SUMMARY ***
Total pot $0.55 | Rake $0.02 
Board [2d 2c Qs]
Seat 1: Mahu2021 (button) folded before Flop (didn't bet)
Seat 2: tombenno (small blind) folded before Flop
Seat 3: Avimismus (big blind) folded on the Flop
Seat 4: luusk collected ($0.53)
Seat 5: pitzymecanic folded before Flop (didn't bet)
Seat 6: turquia000 folded before Flop (didn't bet)



PokerStars Zoom Hand #254158389175:  Hold'em No Limit ($0.05/$0.10) - 2025/01/02 20:39:16 CET [2025/01/02 14:39:16 ET]
Table 'Aludra' 6-max Seat #1 is the button
Seat 1: tofuvik ($5.10 in chips) 
Seat 2: Dimitar0141 ($10.39 in chips) 
Seat 3: Mahu2021 ($10.08 in chips) 
Seat 4: beas7m0de ($23.86 in chips) 
Seat 5: km1883 ($14.64 in chips) 
Seat 6: dave_htfc ($7.53 in chips) 
Dimitar0141: posts small blind $0.05
Mahu2021: posts big blind $0.10
*** HOLE CARDS ***
Dealt to Mahu2021 [4s Jd]
beas7m0de: raises $0.15 to $0.25
km1883: folds 
dave_htfc: calls $0.25
tofuvik: raises $0.90 to $1.15
Dimitar0141: folds 
Mahu2021: folds 
beas7m0de: folds 
dave_htfc: folds 
Uncalled bet ($0.90) returned to tofuvik
tofuvik collected $0.90 from pot
tofuvik: doesn't show hand 
*** SUMMARY ***
Total pot $0.90 | Rake $0 
Seat 1: tofuvik (button) collected ($0.90)
Seat 2: Dimitar0141 (small blind) folded before Flop
Seat 3: Mahu2021 (big blind) folded before Flop
Seat 4: beas7m0de folded before Flop
Seat 5: km1883 folded before Flop (didn't bet)
Seat 6: dave_htfc folded before Flop



PokerStars Zoom Hand #254158392394:  Hold'em No Limit ($0.05/$0.10) - 2025/01/02 20:39:26 CET [2025/01/02 14:39:26 ET]
Table 'Aludra' 6-max Seat #1 is the button
Seat 1: stand123 ($9.95 in chips) 
Seat 2: Aruce1 ($13.34 in chips) 
Seat 3: dave_htfc ($7.28 in chips) 
Seat 4: Mùúh 22 ($12.09 in chips) 
Seat 5: SSMarco1704 ($9.95 in chips) 
Seat 6: Mahu2021 ($9.98 in chips) 
Aruce1: posts small blind $0.05
dave_htfc: posts big blind $0.10
*** HOLE CARDS ***
Dealt to Mahu2021 [Th 7s]
Mùúh 22: folds 
SSMarco1704: folds 
Mahu2021: folds 
stand123: folds 
Aruce1: folds 
Uncalled bet ($0.05) returned to dave_htfc
dave_htfc collected $0.10 from pot
dave_htfc: doesn't show hand 
*** SUMMARY ***
Total pot $0.10 | Rake $0 
Seat 1: stand123 (button) folded before Flop (didn't bet)
Seat 2: Aruce1 (small blind) folded before Flop
Seat 3: dave_htfc (big blind) collected ($0.10)
Seat 4: Mùúh 22 folded before Flop (didn't bet)
Seat 5: SSMarco1704 folded before Flop (didn't bet)
Seat 6: Mahu2021 folded before Flop (didn't bet)



PokerStars Zoom Hand #254158395105:  Hold'em No Limit ($0.05/$0.10) - 2025/01/02 20:39:34 CET [2025/01/02 14:39:34 ET]
Table 'Aludra' 6-max Seat #1 is the button
Seat 1: 00O-2Z ($10 in chips) 
Seat 2: gamehard ($11.16 in chips) 
Seat 3: fernandol2x ($11.12 in chips) 
Seat 4: Mahu2021 ($9.98 in chips) 
Seat 5: italianecca ($18.79 in chips) 
Seat 6: chilli60 ($10.29 in chips) 
gamehard: posts small blind $0.05
fernandol2x: posts big blind $0.10
*** HOLE CARDS ***
Dealt to Mahu2021 [6s 8c]
Mahu2021: folds 
italianecca: folds 
chilli60: folds 
00O-2Z: folds 
gamehard: folds 
Uncalled bet ($0.05) returned to fernandol2x
fernandol2x collected $0.10 from pot
fernandol2x: doesn't show hand 
*** SUMMARY ***
Total pot $0.10 | Rake $0 
Seat 1: 00O-2Z (button) folded before Flop (didn't bet)
Seat 2: gamehard (small blind) folded before Flop
Seat 3: fernandol2x (big blind) collected ($0.10)
Seat 4: Mahu2021 folded before Flop (didn't bet)
Seat 5: italianecca folded before Flop (didn't bet)
Seat 6: chilli60 folded before Flop (didn't bet)



PokerStars Zoom Hand #254158393639:  Hold'em No Limit ($0.05/$0.10) - 2025/01/02 20:39:30 CET [2025/01/02 14:39:30 ET]
Table 'Aludra' 6-max Seat #1 is the button
Seat 1: Nahrven ($10 in chips) 
Seat 2: Mùúh 22 ($10 in chips) 
Seat 3: chilli60 ($10 in chips) 
Seat 4: puffy5555 ($10.69 in chips) 
Seat 5: Mahu2021 ($9.98 in chips) 
Seat 6: 00O-2Z ($10 in chips) 
Mùúh 22: posts small blind $0.05
chilli60: posts big blind $0.10
*** HOLE CARDS ***
Dealt to Mahu2021 [Qc 9s]
puffy5555: folds 
Mahu2021: folds 
00O-2Z: folds 
Nahrven: raises $0.15 to $0.25
Mùúh 22: folds 
chilli60: raises $0.85 to $1.10
Nahrven: folds 
Uncalled bet ($0.85) returned to chilli60
chilli60 collected $0.55 from pot
chilli60: doesn't show hand 
*** SUMMARY ***
Total pot $0.55 | Rake $0 
Seat 1: Nahrven (button) folded before Flop
Seat 2: Mùúh 22 (small blind) folded before Flop
Seat 3: chilli60 (big blind) collected ($0.55)
Seat 4: puffy5555 folded before Flop (didn't bet)
Seat 5: Mahu2021 folded before Flop (didn't bet)
Seat 6: 00O-2Z folded before Flop (didn't bet)



PokerStars Zoom Hand #254158387618:  Hold'em No Limit ($0.05/$0.10) - 2025/01/02 20:39:12 CET [2025/01/02 14:39:12 ET]
Table 'Aludra' 6-max Seat #1 is the button
Seat 1: Cheepo1963 ($9.62 in chips) 
Seat 2: beas7m0de ($23.91 in chips) 
Seat 3: neukrocen ($10 in chips) 
Seat 4: Mahu2021 ($10.08 in chips) 
Seat 5: WideMonkaW ($19.36 in chips) 
Seat 6: pokking876 ($11.20 in chips) 
beas7m0de: posts small blind $0.05
neukrocen: posts big blind $0.10
*** HOLE CARDS ***
Dealt to Mahu2021 [Ah 8d]
Mahu2021: folds 
WideMonkaW: raises $0.12 to $0.22
pokking876: folds 
Cheepo1963: raises $0.12 to $0.34
beas7m0de: folds 
neukrocen: folds 
WideMonkaW: raises $1.11 to $1.45
Cheepo1963: raises $1.11 to $2.56
WideMonkaW: calls $1.11
*** FLOP *** [Ts 9h 6h]
WideMonkaW: checks 
Cheepo1963: bets $7.06 and is all-in
WideMonkaW: calls $7.06
*** TURN *** [Ts 9h 6h] [Jc]
*** RIVER *** [Ts 9h 6h Jc] [4h]
*** SHOW DOWN ***
WideMonkaW: shows [Qh Jh] (a flush, Queen high)
Cheepo1963: shows [As Ad] (a pair of Aces)
WideMonkaW collected $18.52 from pot
*** SUMMARY ***
Total pot $19.39 | Rake $0.87 
Board [Ts 9h 6h Jc 4h]
Seat 1: Cheepo1963 (button) showed [As Ad] and lost with a pair of Aces
Seat 2: beas7m0de (small blind) folded before Flop
Seat 3: neukrocen (big blind) folded before Flop
Seat 4: Mahu2021 folded before Flop (didn't bet)
Seat 5: WideMonkaW showed [Qh Jh] and won ($18.52) with a flush, Queen high
Seat 6: pokking876 folded before Flop (didn't bet)



PokerStars Zoom Hand #254158397194:  Hold'em No Limit ($0.05/$0.10) - 2025/01/02 20:39:40 CET [2025/01/02 14:39:40 ET]
Table 'Aludra' 6-max Seat #1 is the button
Seat 1: Mahu2021 ($9.98 in chips) 
Seat 2: crackhead 37 ($10.72 in chips) 
Seat 3: santivi1997 ($12.30 in chips) 
Seat 4: chilli60 ($10.29 in chips) 
Seat 5: gelik32 ($10.15 in chips) 
Seat 6: Munk639 ($16.22 in chips) 
crackhead 37: posts small blind $0.05
santivi1997: posts big blind $0.10
*** HOLE CARDS ***
Dealt to Mahu2021 [3h 8h]
chilli60: folds 
gelik32: folds 
Munk639: folds 
Mahu2021: folds 
crackhead 37: raises $0.20 to $0.30
santivi1997: calls $0.20
*** FLOP *** [Kc Ks 3c]
crackhead 37: checks 
santivi1997: checks 
*** TURN *** [Kc Ks 3c] [8d]
crackhead 37: checks 
santivi1997: checks 
*** RIVER *** [Kc Ks 3c 8d] [3s]
crackhead 37: checks 
santivi1997: checks 
*** SHOW DOWN ***
crackhead 37: shows [Jd Qh] (two pair, Kings and Threes)
santivi1997: shows [Ad 7c] (two pair, Kings and Threes - Ace kicker)
santivi1997 collected $0.57 from pot
*** SUMMARY ***
Total pot $0.60 | Rake $0.03 
Board [Kc Ks 3c 8d 3s]
Seat 1: Mahu2021 (button) folded before Flop (didn't bet)
Seat 2: crackhead 37 (small blind) showed [Jd Qh] and lost with two pair, Kings and Threes
Seat 3: santivi1997 (big blind) showed [Ad 7c] and won ($0.57) with two pair, Kings and Threes
Seat 4: chilli60 folded before Flop (didn't bet)
Seat 5: gelik32 folded before Flop (didn't bet)
Seat 6: Munk639 folded before Flop (didn't bet)



PokerStars Zoom Hand #254158398572:  Hold'em No Limit ($0.05/$0.10) - 2025/01/02 20:39:44 CET [2025/01/02 14:39:44 ET]
Table 'Aludra' 6-max Seat #1 is the button
Seat 1: assombrirleciel ($13.85 in chips) 
Seat 2: jackii2003 ($3.52 in chips) 
Seat 3: zaf0007 ($6.79 in chips) 
Seat 4: neukrocen ($10.90 in chips) 
Seat 5: Mahu2021 ($9.98 in chips) 
Seat 6: gelik32 ($10.15 in chips) 
jackii2003: posts small blind $0.05
zaf0007: posts big blind $0.10
*** HOLE CARDS ***
Dealt to Mahu2021 [4h Qd]
neukrocen: folds 
Mahu2021: folds 
gelik32: raises $0.15 to $0.25
assombrirleciel: calls $0.25
jackii2003: folds 
zaf0007: calls $0.15
*** FLOP *** [Jc 5s 5h]
zaf0007: checks 
gelik32: checks 
assombrirleciel: bets $0.25
zaf0007: folds 
gelik32: calls $0.25
*** TURN *** [Jc 5s 5h] [8c]
gelik32: checks 
assombrirleciel: bets $0.41
gelik32: folds 
Uncalled bet ($0.41) returned to assombrirleciel
assombrirleciel collected $1.24 from pot
assombrirleciel: doesn't show hand 
*** SUMMARY ***
Total pot $1.30 | Rake $0.06 
Board [Jc 5s 5h 8c]
Seat 1: assombrirleciel (button) collected ($1.24)
Seat 2: jackii2003 (small blind) folded before Flop
Seat 3: zaf0007 (big blind) folded on the Flop
Seat 4: neukrocen folded before Flop (didn't bet)
Seat 5: Mahu2021 folded before Flop (didn't bet)
Seat 6: gelik32 folded on the Turn



PokerStars Zoom Hand #254158401342:  Hold'em No Limit ($0.05/$0.10) - 2025/01/02 20:39:52 CET [2025/01/02 14:39:52 ET]
Table 'Aludra' 6-max Seat #1 is the button
Seat 1: Stavrinho ($13.26 in chips) 
Seat 2: seignior ($10 in chips) 
Seat 3: Mahu2021 ($9.93 in chips) 
Seat 4: Nahrven ($10 in chips) 
Seat 5: chilli60 ($10.29 in chips) 
Seat 6: Kakau60k ($15.25 in chips) 
seignior: posts small blind $0.05
Mahu2021: posts big blind $0.10
*** HOLE CARDS ***
Dealt to Mahu2021 [9c Qd]
Nahrven: raises $0.10 to $0.20
chilli60: folds 
Kakau60k: folds 
Stavrinho: folds 
seignior: folds 
Mahu2021: calls $0.10
*** FLOP *** [6d Jd 4d]
Mahu2021: checks 
Nahrven: checks 
*** TURN *** [6d Jd 4d] [5d]
Mahu2021: bets $0.20
Nahrven: raises $0.80 to $1
Mahu2021: calls $0.80
*** RIVER *** [6d Jd 4d 5d] [Jh]
Mahu2021: checks 
Nahrven: checks 
*** SHOW DOWN ***
Mahu2021: shows [9c Qd] (a flush, Queen high)
Nahrven: mucks hand 
Mahu2021 collected $2.34 from pot
*** SUMMARY ***
Total pot $2.45 | Rake $0.11 
Board [6d Jd 4d 5d Jh]
Seat 1: Stavrinho (button) folded before Flop (didn't bet)
Seat 2: seignior (small blind) folded before Flop
Seat 3: Mahu2021 (big blind) showed [9c Qd] and won ($2.34) with a flush, Queen high
Seat 4: Nahrven mucked [6h Kh]
Seat 5: chilli60 folded before Flop (didn't bet)
Seat 6: Kakau60k folded before Flop (didn't bet)



PokerStars Zoom Hand #254158399758:  Hold'em No Limit ($0.05/$0.10) - 2025/01/02 20:39:48 CET [2025/01/02 14:39:48 ET]
Table 'Aludra' 6-max Seat #1 is the button
Seat 1: Mùúh 22 ($16.31 in chips) 
Seat 2: Mahu2021 ($9.98 in chips) 
Seat 3: perry623 ($9.20 in chips) 
Seat 4: Nahtatatti ($9.39 in chips) 
Seat 5: seignior ($10 in chips) 
Seat 6: Nahrven ($12.89 in chips) 
Mahu2021: posts small blind $0.05
perry623: posts big blind $0.10
*** HOLE CARDS ***
Dealt to Mahu2021 [3s Tc]
Nahtatatti: calls $0.10
seignior: folds 
Nahrven: folds 
Mùúh 22: raises $0.30 to $0.40
Mahu2021: folds 
perry623: folds 
Nahtatatti: calls $0.30
*** FLOP *** [Ks 6s 4c]
Nahtatatti: checks 
Mùúh 22: bets $0.30
Nahtatatti: calls $0.30
*** TURN *** [Ks 6s 4c] [Qh]
Nahtatatti: checks 
Mùúh 22: bets $0.92
Nahtatatti: calls $0.92
*** RIVER *** [Ks 6s 4c Qh] [6d]
Nahtatatti: checks 
Mùúh 22: bets $1.62
Nahtatatti: folds 
Uncalled bet ($1.62) returned to Mùúh 22
Mùúh 22 collected $3.24 from pot
Mùúh 22: doesn't show hand 
*** SUMMARY ***
Total pot $3.39 | Rake $0.15 
Board [Ks 6s 4c Qh 6d]
Seat 1: Mùúh 22 (button) collected ($3.24)
Seat 2: Mahu2021 (small blind) folded before Flop
Seat 3: perry623 (big blind) folded before Flop
Seat 4: Nahtatatti folded on the River
Seat 5: seignior folded before Flop (didn't bet)
Seat 6: Nahrven folded before Flop (didn't bet)



PokerStars Zoom Hand #254158414673:  Hold'em No Limit ($0.05/$0.10) - 2025/01/02 20:40:31 CET [2025/01/02 14:40:31 ET]
Table 'Aludra' 6-max Seat #1 is the button
Seat 1: Mahu2021 ($11.07 in chips) 
Seat 2: Aruce1 ($10.96 in chips) 
Seat 3: RiZZo2107 ($8.56 in chips) 
Seat 4: jgo_G4 ($14.97 in chips) 
Seat 5: Nahrven ($16.64 in chips) 
Seat 6: km1883 ($14.96 in chips) 
Aruce1: posts small blind $0.05
RiZZo2107: posts big blind $0.10
*** HOLE CARDS ***
Dealt to Mahu2021 [3d 6c]
jgo_G4: folds 
Nahrven: folds 
km1883: folds 
Mahu2021: folds 
Aruce1: folds 
Uncalled bet ($0.05) returned to RiZZo2107
RiZZo2107 collected $0.10 from pot
RiZZo2107: doesn't show hand 
*** SUMMARY ***
Total pot $0.10 | Rake $0 
Seat 1: Mahu2021 (button) folded before Flop (didn't bet)
Seat 2: Aruce1 (small blind) folded before Flop
Seat 3: RiZZo2107 (big blind) collected ($0.10)
Seat 4: jgo_G4 folded before Flop (didn't bet)
Seat 5: Nahrven folded before Flop (didn't bet)
Seat 6: km1883 folded before Flop (didn't bet)



