PokerStars Hand #253033407990: Tournament #3814887278, $0.46+$0.04 USD Hold'em No Limit - Level I (10/20) - 2024/10/21 14:27:27 CET [2024/10/21 8:27:27 ET]
Table '3814887278 1' 3-max Seat #1 is the button
Seat 1: starman75323 (500 in chips) 
Seat 2: tayto787 (500 in chips) 
Seat 3: Mahu2021 (500 in chips) 
tayto787: posts small blind 10
Mahu2021: posts big blind 20
*** HOLE CARDS ***
Dealt to Mahu2021 [6h 7s]
starman75323: folds 
tayto787: raises 20 to 40
Mahu2021: calls 20
*** FLOP *** [Th 2c 5c]
tayto787: bets 80
Mahu2021: folds 
Uncalled bet (80) returned to tayto787
tayto787 collected 80 from pot
*** SUMMARY ***
Total pot 80 | Rake 0 
Board [Th 2c 5c]
Seat 1: starman75323 (button) folded before Flop (didn't bet)
Seat 2: tayto787 (small blind) collected (80)
Seat 3: Mahu2021 (big blind) folded on the Flop



PokerStars Hand #253033410188: Tournament #3814887278, $0.46+$0.04 USD Hold'em No Limit - Level I (10/20) - 2024/10/21 14:27:42 CET [2024/10/21 8:27:42 ET]
Table '3814887278 1' 3-max Seat #2 is the button
Seat 1: starman75323 (500 in chips) 
Seat 2: tayto787 (540 in chips) 
Seat 3: Mahu2021 (460 in chips) 
Mahu2021: posts small blind 10
starman75323: posts big blind 20
*** HOLE CARDS ***
Dealt to Mahu2021 [Td 7s]
tayto787: raises 50 to 70
Mahu2021: folds 
starman75323: calls 50
*** FLOP *** [6h Ad 7c]
starman75323: checks 
tayto787: bets 150
starman75323: calls 150
*** TURN *** [6h Ad 7c] [8s]
starman75323: checks 
tayto787: bets 320 and is all-in
starman75323: calls 280 and is all-in
Uncalled bet (40) returned to tayto787
*** RIVER *** [6h Ad 7c 8s] [Ac]
*** SHOW DOWN ***
starman75323: shows [Ah 5h] (three of a kind, Aces)
tayto787: shows [5c 5d] (two pair, Aces and Fives)
starman75323 collected 1010 from pot
*** SUMMARY ***
Total pot 1010 | Rake 0 
Board [6h Ad 7c 8s Ac]
Seat 1: starman75323 (big blind) showed [Ah 5h] and won (1010) with three of a kind, Aces
Seat 2: tayto787 (button) showed [5c 5d] and lost with two pair, Aces and Fives
Seat 3: Mahu2021 (small blind) folded before Flop



PokerStars Hand #253033414832: Tournament #3814887278, $0.46+$0.04 USD Hold'em No Limit - Level I (10/20) - 2024/10/21 14:28:13 CET [2024/10/21 8:28:13 ET]
Table '3814887278 1' 3-max Seat #3 is the button
Seat 1: starman75323 (1010 in chips) 
Seat 2: tayto787 (40 in chips) 
Seat 3: Mahu2021 (450 in chips) 
starman75323: posts small blind 10
tayto787: posts big blind 20
*** HOLE CARDS ***
Dealt to Mahu2021 [As 4s]
Mahu2021: raises 20 to 40
starman75323: calls 30
tayto787: calls 20 and is all-in
*** FLOP *** [2d 2h 3d]
starman75323: checks 
Mahu2021: checks 
*** TURN *** [2d 2h 3d] [Js]
starman75323: checks 
Mahu2021: checks 
*** RIVER *** [2d 2h 3d Js] [5c]
starman75323: checks 
Mahu2021: bets 410 and is all-in
starman75323: folds 
Uncalled bet (410) returned to Mahu2021
*** SHOW DOWN ***
Mahu2021: shows [As 4s] (a straight, Ace to Five)
tayto787: shows [Ad 6s] (a pair of Deuces)
Mahu2021 collected 120 from pot
tayto787 finished the tournament in 3rd place
*** SUMMARY ***
Total pot 120 | Rake 0 
Board [2d 2h 3d Js 5c]
Seat 1: starman75323 (small blind) folded on the River
Seat 2: tayto787 (big blind) showed [Ad 6s] and lost with a pair of Deuces
Seat 3: Mahu2021 (button) showed [As 4s] and won (120) with a straight, Ace to Five



PokerStars Hand #253033418362: Tournament #3814887278, $0.46+$0.04 USD Hold'em No Limit - Level I (10/20) - 2024/10/21 14:28:37 CET [2024/10/21 8:28:37 ET]
Table '3814887278 1' 3-max Seat #1 is the button
Seat 1: starman75323 (970 in chips) 
Seat 3: Mahu2021 (530 in chips) 
starman75323: posts small blind 10
Mahu2021: posts big blind 20
*** HOLE CARDS ***
Dealt to Mahu2021 [5s 3s]
starman75323: folds 
Uncalled bet (10) returned to Mahu2021
Mahu2021 collected 20 from pot
Mahu2021: doesn't show hand 
*** SUMMARY ***
Total pot 20 | Rake 0 
Seat 1: starman75323 (button) (small blind) folded before Flop
Seat 3: Mahu2021 (big blind) collected (20)



PokerStars Hand #253033419086: Tournament #3814887278, $0.46+$0.04 USD Hold'em No Limit - Level I (10/20) - 2024/10/21 14:28:42 CET [2024/10/21 8:28:42 ET]
Table '3814887278 1' 3-max Seat #3 is the button
Seat 1: starman75323 (960 in chips) 
Seat 3: Mahu2021 (540 in chips) 
Mahu2021: posts small blind 10
starman75323: posts big blind 20
*** HOLE CARDS ***
Dealt to Mahu2021 [5s 4d]
Mahu2021: calls 10
starman75323: checks 
*** FLOP *** [8s Js 2c]
starman75323: checks 
Mahu2021: checks 
*** TURN *** [8s Js 2c] [7s]
starman75323: checks 
Mahu2021: bets 20
starman75323: folds 
Uncalled bet (20) returned to Mahu2021
Mahu2021 collected 40 from pot
Mahu2021: doesn't show hand 
*** SUMMARY ***
Total pot 40 | Rake 0 
Board [8s Js 2c 7s]
Seat 1: starman75323 (big blind) folded on the Turn
Seat 3: Mahu2021 (button) (small blind) collected (40)



PokerStars Hand #253033421129: Tournament #3814887278, $0.46+$0.04 USD Hold'em No Limit - Level I (10/20) - 2024/10/21 14:28:56 CET [2024/10/21 8:28:56 ET]
Table '3814887278 1' 3-max Seat #1 is the button
Seat 1: starman75323 (940 in chips) 
Seat 3: Mahu2021 (560 in chips) 
starman75323: posts small blind 10
Mahu2021: posts big blind 20
*** HOLE CARDS ***
Dealt to Mahu2021 [Qs Jc]
starman75323: folds 
Uncalled bet (10) returned to Mahu2021
Mahu2021 collected 20 from pot
Mahu2021: doesn't show hand 
*** SUMMARY ***
Total pot 20 | Rake 0 
Seat 1: starman75323 (button) (small blind) folded before Flop
Seat 3: Mahu2021 (big blind) collected (20)



PokerStars Hand #253033422207: Tournament #3814887278, $0.46+$0.04 USD Hold'em No Limit - Level I (10/20) - 2024/10/21 14:29:03 CET [2024/10/21 8:29:03 ET]
Table '3814887278 1' 3-max Seat #3 is the button
Seat 1: starman75323 (930 in chips) 
Seat 3: Mahu2021 (570 in chips) 
Mahu2021: posts small blind 10
starman75323: posts big blind 20
*** HOLE CARDS ***
Dealt to Mahu2021 [Qc 9c]
Mahu2021: raises 20 to 40
starman75323: folds 
Uncalled bet (20) returned to Mahu2021
Mahu2021 collected 40 from pot
Mahu2021: doesn't show hand 
*** SUMMARY ***
Total pot 40 | Rake 0 
Seat 1: starman75323 (big blind) folded before Flop
Seat 3: Mahu2021 (button) (small blind) collected (40)



PokerStars Hand #253033423139: Tournament #3814887278, $0.46+$0.04 USD Hold'em No Limit - Level I (10/20) - 2024/10/21 14:29:10 CET [2024/10/21 8:29:10 ET]
Table '3814887278 1' 3-max Seat #1 is the button
Seat 1: starman75323 (910 in chips) 
Seat 3: Mahu2021 (590 in chips) 
starman75323: posts small blind 10
Mahu2021: posts big blind 20
*** HOLE CARDS ***
Dealt to Mahu2021 [2d Kh]
starman75323: calls 10
Mahu2021: checks 
*** FLOP *** [8d 8h 9h]
Mahu2021: checks 
starman75323: bets 20
Mahu2021: folds 
Uncalled bet (20) returned to starman75323
starman75323 collected 40 from pot
*** SUMMARY ***
Total pot 40 | Rake 0 
Board [8d 8h 9h]
Seat 1: starman75323 (button) (small blind) collected (40)
Seat 3: Mahu2021 (big blind) folded on the Flop



PokerStars Hand #253033424844: Tournament #3814887278, $0.46+$0.04 USD Hold'em No Limit - Level I (10/20) - 2024/10/21 14:29:21 CET [2024/10/21 8:29:21 ET]
Table '3814887278 1' 3-max Seat #3 is the button
Seat 1: starman75323 (930 in chips) 
Seat 3: Mahu2021 (570 in chips) 
Mahu2021: posts small blind 10
starman75323: posts big blind 20
*** HOLE CARDS ***
Dealt to Mahu2021 [3h As]
Mahu2021: raises 20 to 40
starman75323: calls 20
*** FLOP *** [Ks 4s 8s]
starman75323: checks 
Mahu2021: bets 40
starman75323: folds 
Uncalled bet (40) returned to Mahu2021
Mahu2021 collected 80 from pot
Mahu2021: doesn't show hand 
*** SUMMARY ***
Total pot 80 | Rake 0 
Board [Ks 4s 8s]
Seat 1: starman75323 (big blind) folded on the Flop
Seat 3: Mahu2021 (button) (small blind) collected (80)



PokerStars Hand #253033427253: Tournament #3814887278, $0.46+$0.04 USD Hold'em No Limit - Level II (15/30) - 2024/10/21 14:29:37 CET [2024/10/21 8:29:37 ET]
Table '3814887278 1' 3-max Seat #1 is the button
Seat 1: starman75323 (890 in chips) 
Seat 3: Mahu2021 (610 in chips) 
starman75323: posts small blind 15
Mahu2021: posts big blind 30
*** HOLE CARDS ***
Dealt to Mahu2021 [Ad 2d]
starman75323: calls 15
Mahu2021: checks 
*** FLOP *** [Qc 3s Td]
Mahu2021: checks 
starman75323: checks 
*** TURN *** [Qc 3s Td] [9c]
Mahu2021: checks 
starman75323: checks 
*** RIVER *** [Qc 3s Td 9c] [8h]
Mahu2021: checks 
starman75323: bets 30
Mahu2021: folds 
Uncalled bet (30) returned to starman75323
starman75323 collected 60 from pot
*** SUMMARY ***
Total pot 60 | Rake 0 
Board [Qc 3s Td 9c 8h]
Seat 1: starman75323 (button) (small blind) collected (60)
Seat 3: Mahu2021 (big blind) folded on the River



PokerStars Hand #253033430878: Tournament #3814887278, $0.46+$0.04 USD Hold'em No Limit - Level II (15/30) - 2024/10/21 14:30:01 CET [2024/10/21 8:30:01 ET]
Table '3814887278 1' 3-max Seat #3 is the button
Seat 1: starman75323 (920 in chips) 
Seat 3: Mahu2021 (580 in chips) 
Mahu2021: posts small blind 15
starman75323: posts big blind 30
*** HOLE CARDS ***
Dealt to Mahu2021 [3c Jh]
Mahu2021: calls 15
starman75323: checks 
*** FLOP *** [Ad 2h 9c]
starman75323: checks 
Mahu2021: checks 
*** TURN *** [Ad 2h 9c] [7c]
starman75323: checks 
Mahu2021: checks 
*** RIVER *** [Ad 2h 9c 7c] [Tc]
starman75323: bets 30
Mahu2021: folds 
Uncalled bet (30) returned to starman75323
starman75323 collected 60 from pot
*** SUMMARY ***
Total pot 60 | Rake 0 
Board [Ad 2h 9c 7c Tc]
Seat 1: starman75323 (big blind) collected (60)
Seat 3: Mahu2021 (button) (small blind) folded on the River



PokerStars Hand #253033433580: Tournament #3814887278, $0.46+$0.04 USD Hold'em No Limit - Level II (15/30) - 2024/10/21 14:30:19 CET [2024/10/21 8:30:19 ET]
Table '3814887278 1' 3-max Seat #1 is the button
Seat 1: starman75323 (950 in chips) 
Seat 3: Mahu2021 (550 in chips) 
starman75323: posts small blind 15
Mahu2021: posts big blind 30
*** HOLE CARDS ***
Dealt to Mahu2021 [8d Js]
starman75323: calls 15
Mahu2021: checks 
*** FLOP *** [Kh 2s Ts]
Mahu2021: checks 
starman75323: bets 30
Mahu2021: folds 
Uncalled bet (30) returned to starman75323
starman75323 collected 60 from pot
*** SUMMARY ***
Total pot 60 | Rake 0 
Board [Kh 2s Ts]
Seat 1: starman75323 (button) (small blind) collected (60)
Seat 3: Mahu2021 (big blind) folded on the Flop



PokerStars Hand #253033435197: Tournament #3814887278, $0.46+$0.04 USD Hold'em No Limit - Level II (15/30) - 2024/10/21 14:30:30 CET [2024/10/21 8:30:30 ET]
Table '3814887278 1' 3-max Seat #3 is the button
Seat 1: starman75323 (980 in chips) 
Seat 3: Mahu2021 (520 in chips) 
Mahu2021: posts small blind 15
starman75323: posts big blind 30
*** HOLE CARDS ***
Dealt to Mahu2021 [3d 4d]
Mahu2021: raises 30 to 60
starman75323: calls 30
*** FLOP *** [3h Ac 7s]
starman75323: checks 
Mahu2021: bets 60
starman75323: folds 
Uncalled bet (60) returned to Mahu2021
Mahu2021 collected 120 from pot
Mahu2021: doesn't show hand 
*** SUMMARY ***
Total pot 120 | Rake 0 
Board [3h Ac 7s]
Seat 1: starman75323 (big blind) folded on the Flop
Seat 3: Mahu2021 (button) (small blind) collected (120)



PokerStars Hand #253033437287: Tournament #3814887278, $0.46+$0.04 USD Hold'em No Limit - Level II (15/30) - 2024/10/21 14:30:44 CET [2024/10/21 8:30:44 ET]
Table '3814887278 1' 3-max Seat #1 is the button
Seat 1: starman75323 (920 in chips) 
Seat 3: Mahu2021 (580 in chips) 
starman75323: posts small blind 15
Mahu2021: posts big blind 30
*** HOLE CARDS ***
Dealt to Mahu2021 [7c 9h]
starman75323: folds 
Uncalled bet (15) returned to Mahu2021
Mahu2021 collected 30 from pot
Mahu2021: doesn't show hand 
*** SUMMARY ***
Total pot 30 | Rake 0 
Seat 1: starman75323 (button) (small blind) folded before Flop
Seat 3: Mahu2021 (big blind) collected (30)



PokerStars Hand #253033438060: Tournament #3814887278, $0.46+$0.04 USD Hold'em No Limit - Level II (15/30) - 2024/10/21 14:30:50 CET [2024/10/21 8:30:50 ET]
Table '3814887278 1' 3-max Seat #3 is the button
Seat 1: starman75323 (905 in chips) 
Seat 3: Mahu2021 (595 in chips) 
Mahu2021: posts small blind 15
starman75323: posts big blind 30
*** HOLE CARDS ***
Dealt to Mahu2021 [4h 7h]
Mahu2021: calls 15
starman75323: checks 
*** FLOP *** [4d Js 3c]
starman75323: checks 
Mahu2021: bets 30
starman75323: folds 
Uncalled bet (30) returned to Mahu2021
Mahu2021 collected 60 from pot
Mahu2021: doesn't show hand 
*** SUMMARY ***
Total pot 60 | Rake 0 
Board [4d Js 3c]
Seat 1: starman75323 (big blind) folded on the Flop
Seat 3: Mahu2021 (button) (small blind) collected (60)



PokerStars Hand #253033439998: Tournament #3814887278, $0.46+$0.04 USD Hold'em No Limit - Level II (15/30) - 2024/10/21 14:31:02 CET [2024/10/21 8:31:02 ET]
Table '3814887278 1' 3-max Seat #1 is the button
Seat 1: starman75323 (875 in chips) 
Seat 3: Mahu2021 (625 in chips) 
starman75323: posts small blind 15
Mahu2021: posts big blind 30
*** HOLE CARDS ***
Dealt to Mahu2021 [Kd 3d]
starman75323: calls 15
Mahu2021: checks 
*** FLOP *** [4s 9c 4h]
Mahu2021: checks 
starman75323: checks 
*** TURN *** [4s 9c 4h] [Kh]
Mahu2021: bets 60
starman75323: calls 60
*** RIVER *** [4s 9c 4h Kh] [2h]
Mahu2021: bets 60
starman75323: raises 60 to 120
Mahu2021: calls 60
*** SHOW DOWN ***
starman75323: shows [4d 8d] (three of a kind, Fours)
Mahu2021: mucks hand 
starman75323 collected 420 from pot
*** SUMMARY ***
Total pot 420 | Rake 0 
Board [4s 9c 4h Kh 2h]
Seat 1: starman75323 (button) (small blind) showed [4d 8d] and won (420) with three of a kind, Fours
Seat 3: Mahu2021 (big blind) mucked [Kd 3d]



PokerStars Hand #253033443751: Tournament #3814887278, $0.46+$0.04 USD Hold'em No Limit - Level II (15/30) - 2024/10/21 14:31:27 CET [2024/10/21 8:31:27 ET]
Table '3814887278 1' 3-max Seat #3 is the button
Seat 1: starman75323 (1085 in chips) 
Seat 3: Mahu2021 (415 in chips) 
Mahu2021: posts small blind 15
starman75323: posts big blind 30
*** HOLE CARDS ***
Dealt to Mahu2021 [Ah Ac]
Mahu2021: raises 385 to 415 and is all-in
starman75323: folds 
Uncalled bet (385) returned to Mahu2021
Mahu2021 collected 60 from pot
Mahu2021: doesn't show hand 
*** SUMMARY ***
Total pot 60 | Rake 0 
Seat 1: starman75323 (big blind) folded before Flop
Seat 3: Mahu2021 (button) (small blind) collected (60)



PokerStars Hand #253033446574: Tournament #3814887278, $0.46+$0.04 USD Hold'em No Limit - Level III (20/40) - 2024/10/21 14:31:46 CET [2024/10/21 8:31:46 ET]
Table '3814887278 1' 3-max Seat #1 is the button
Seat 1: starman75323 (1055 in chips) 
Seat 3: Mahu2021 (445 in chips) 
starman75323: posts small blind 20
Mahu2021: posts big blind 40
*** HOLE CARDS ***
Dealt to Mahu2021 [Kh 2s]
starman75323: folds 
Uncalled bet (20) returned to Mahu2021
Mahu2021 collected 40 from pot
Mahu2021: doesn't show hand 
*** SUMMARY ***
Total pot 40 | Rake 0 
Seat 1: starman75323 (button) (small blind) folded before Flop
Seat 3: Mahu2021 (big blind) collected (40)



PokerStars Hand #253033447621: Tournament #3814887278, $0.46+$0.04 USD Hold'em No Limit - Level III (20/40) - 2024/10/21 14:31:53 CET [2024/10/21 8:31:53 ET]
Table '3814887278 1' 3-max Seat #3 is the button
Seat 1: starman75323 (1035 in chips) 
Seat 3: Mahu2021 (465 in chips) 
Mahu2021: posts small blind 20
starman75323: posts big blind 40
*** HOLE CARDS ***
Dealt to Mahu2021 [4s Ad]
Mahu2021: raises 40 to 80
starman75323: calls 40
*** FLOP *** [7h Td Tc]
starman75323: checks 
Mahu2021: checks 
*** TURN *** [7h Td Tc] [4c]
starman75323: checks 
Mahu2021: bets 80
starman75323: folds 
Uncalled bet (80) returned to Mahu2021
Mahu2021 collected 160 from pot
Mahu2021: doesn't show hand 
*** SUMMARY ***
Total pot 160 | Rake 0 
Board [7h Td Tc 4c]
Seat 1: starman75323 (big blind) folded on the Turn
Seat 3: Mahu2021 (button) (small blind) collected (160)



PokerStars Hand #253033450216: Tournament #3814887278, $0.46+$0.04 USD Hold'em No Limit - Level III (20/40) - 2024/10/21 14:32:10 CET [2024/10/21 8:32:10 ET]
Table '3814887278 1' 3-max Seat #1 is the button
Seat 1: starman75323 (955 in chips) 
Seat 3: Mahu2021 (545 in chips) 
starman75323: posts small blind 20
Mahu2021: posts big blind 40
*** HOLE CARDS ***
Dealt to Mahu2021 [3d 8h]
starman75323: folds 
Uncalled bet (20) returned to Mahu2021
Mahu2021 collected 40 from pot
Mahu2021: doesn't show hand 
*** SUMMARY ***
Total pot 40 | Rake 0 
Seat 1: starman75323 (button) (small blind) folded before Flop
Seat 3: Mahu2021 (big blind) collected (40)



PokerStars Hand #253033451370: Tournament #3814887278, $0.46+$0.04 USD Hold'em No Limit - Level III (20/40) - 2024/10/21 14:32:17 CET [2024/10/21 8:32:17 ET]
Table '3814887278 1' 3-max Seat #3 is the button
Seat 1: starman75323 (935 in chips) 
Seat 3: Mahu2021 (565 in chips) 
Mahu2021: posts small blind 20
starman75323: posts big blind 40
*** HOLE CARDS ***
Dealt to Mahu2021 [Jd 9h]
Mahu2021: raises 40 to 80
starman75323: raises 40 to 120
Mahu2021: calls 40
*** FLOP *** [9c Kh 8s]
starman75323: bets 120
Mahu2021: folds 
Uncalled bet (120) returned to starman75323
starman75323 collected 240 from pot
*** SUMMARY ***
Total pot 240 | Rake 0 
Board [9c Kh 8s]
Seat 1: starman75323 (big blind) collected (240)
Seat 3: Mahu2021 (button) (small blind) folded on the Flop



PokerStars Hand #253033453619: Tournament #3814887278, $0.46+$0.04 USD Hold'em No Limit - Level III (20/40) - 2024/10/21 14:32:32 CET [2024/10/21 8:32:32 ET]
Table '3814887278 1' 3-max Seat #1 is the button
Seat 1: starman75323 (1055 in chips) 
Seat 3: Mahu2021 (445 in chips) 
starman75323: posts small blind 20
Mahu2021: posts big blind 40
*** HOLE CARDS ***
Dealt to Mahu2021 [4s 6c]
starman75323: calls 20
Mahu2021: checks 
*** FLOP *** [3d Kd 5d]
Mahu2021: bets 40
starman75323: calls 40
*** TURN *** [3d Kd 5d] [Ts]
Mahu2021: bets 40
starman75323: calls 40
*** RIVER *** [3d Kd 5d Ts] [Tc]
Mahu2021: checks 
starman75323: bets 120
Mahu2021: folds 
Uncalled bet (120) returned to starman75323
starman75323 collected 240 from pot
*** SUMMARY ***
Total pot 240 | Rake 0 
Board [3d Kd 5d Ts Tc]
Seat 1: starman75323 (button) (small blind) collected (240)
Seat 3: Mahu2021 (big blind) folded on the River



PokerStars Hand #253033456672: Tournament #3814887278, $0.46+$0.04 USD Hold'em No Limit - Level III (20/40) - 2024/10/21 14:32:52 CET [2024/10/21 8:32:52 ET]
Table '3814887278 1' 3-max Seat #3 is the button
Seat 1: starman75323 (1175 in chips) 
Seat 3: Mahu2021 (325 in chips) 
Mahu2021: posts small blind 20
starman75323: posts big blind 40
*** HOLE CARDS ***
Dealt to Mahu2021 [7s Qd]
Mahu2021: calls 20
starman75323: raises 1135 to 1175 and is all-in
Mahu2021: folds 
Uncalled bet (1135) returned to starman75323
starman75323 collected 80 from pot
*** SUMMARY ***
Total pot 80 | Rake 0 
Seat 1: starman75323 (big blind) collected (80)
Seat 3: Mahu2021 (button) (small blind) folded before Flop



PokerStars Hand #253033458135: Tournament #3814887278, $0.46+$0.04 USD Hold'em No Limit - Level III (20/40) - 2024/10/21 14:33:01 CET [2024/10/21 8:33:01 ET]
Table '3814887278 1' 3-max Seat #1 is the button
Seat 1: starman75323 (1215 in chips) 
Seat 3: Mahu2021 (285 in chips) 
starman75323: posts small blind 20
Mahu2021: posts big blind 40
*** HOLE CARDS ***
Dealt to Mahu2021 [Ad 7d]
starman75323: calls 20
Mahu2021: raises 245 to 285 and is all-in
starman75323: folds 
Uncalled bet (245) returned to Mahu2021
Mahu2021 collected 80 from pot
Mahu2021: doesn't show hand 
*** SUMMARY ***
Total pot 80 | Rake 0 
Seat 1: starman75323 (button) (small blind) folded before Flop
Seat 3: Mahu2021 (big blind) collected (80)



PokerStars Hand #253033459458: Tournament #3814887278, $0.46+$0.04 USD Hold'em No Limit - Level III (20/40) - 2024/10/21 14:33:10 CET [2024/10/21 8:33:10 ET]
Table '3814887278 1' 3-max Seat #3 is the button
Seat 1: starman75323 (1175 in chips) 
Seat 3: Mahu2021 (325 in chips) 
Mahu2021: posts small blind 20
starman75323: posts big blind 40
*** HOLE CARDS ***
Dealt to Mahu2021 [Qd 3s]
Mahu2021: raises 40 to 80
starman75323: folds 
Uncalled bet (40) returned to Mahu2021
Mahu2021 collected 80 from pot
Mahu2021: doesn't show hand 
*** SUMMARY ***
Total pot 80 | Rake 0 
Seat 1: starman75323 (big blind) folded before Flop
Seat 3: Mahu2021 (button) (small blind) collected (80)



PokerStars Hand #253033460394: Tournament #3814887278, $0.46+$0.04 USD Hold'em No Limit - Level III (20/40) - 2024/10/21 14:33:16 CET [2024/10/21 8:33:16 ET]
Table '3814887278 1' 3-max Seat #1 is the button
Seat 1: starman75323 (1135 in chips) 
Seat 3: Mahu2021 (365 in chips) 
starman75323: posts small blind 20
Mahu2021: posts big blind 40
*** HOLE CARDS ***
Dealt to Mahu2021 [5d 3h]
starman75323: folds 
Uncalled bet (20) returned to Mahu2021
Mahu2021 collected 40 from pot
Mahu2021: doesn't show hand 
*** SUMMARY ***
Total pot 40 | Rake 0 
Seat 1: starman75323 (button) (small blind) folded before Flop
Seat 3: Mahu2021 (big blind) collected (40)



PokerStars Hand #253033461128: Tournament #3814887278, $0.46+$0.04 USD Hold'em No Limit - Level III (20/40) - 2024/10/21 14:33:21 CET [2024/10/21 8:33:21 ET]
Table '3814887278 1' 3-max Seat #3 is the button
Seat 1: starman75323 (1115 in chips) 
Seat 3: Mahu2021 (385 in chips) 
Mahu2021: posts small blind 20
starman75323: posts big blind 40
*** HOLE CARDS ***
Dealt to Mahu2021 [8c Qc]
Mahu2021: calls 20
starman75323: checks 
*** FLOP *** [Kd 9s 8h]
starman75323: bets 40
Mahu2021: calls 40
*** TURN *** [Kd 9s 8h] [7s]
starman75323: bets 40
Mahu2021: folds 
Uncalled bet (40) returned to starman75323
starman75323 collected 160 from pot
*** SUMMARY ***
Total pot 160 | Rake 0 
Board [Kd 9s 8h 7s]
Seat 1: starman75323 (big blind) collected (160)
Seat 3: Mahu2021 (button) (small blind) folded on the Turn



PokerStars Hand #253033463742: Tournament #3814887278, $0.46+$0.04 USD Hold'em No Limit - Level IV (30/60) - 2024/10/21 14:33:37 CET [2024/10/21 8:33:37 ET]
Table '3814887278 1' 3-max Seat #1 is the button
Seat 1: starman75323 (1195 in chips) 
Seat 3: Mahu2021 (305 in chips) 
starman75323: posts small blind 30
Mahu2021: posts big blind 60
*** HOLE CARDS ***
Dealt to Mahu2021 [6c Kd]
starman75323: calls 30
Mahu2021: raises 245 to 305 and is all-in
starman75323: folds 
Uncalled bet (245) returned to Mahu2021
Mahu2021 collected 120 from pot
Mahu2021: doesn't show hand 
*** SUMMARY ***
Total pot 120 | Rake 0 
Seat 1: starman75323 (button) (small blind) folded before Flop
Seat 3: Mahu2021 (big blind) collected (120)



PokerStars Hand #253033465097: Tournament #3814887278, $0.46+$0.04 USD Hold'em No Limit - Level IV (30/60) - 2024/10/21 14:33:46 CET [2024/10/21 8:33:46 ET]
Table '3814887278 1' 3-max Seat #3 is the button
Seat 1: starman75323 (1135 in chips) 
Seat 3: Mahu2021 (365 in chips) 
Mahu2021: posts small blind 30
starman75323: posts big blind 60
*** HOLE CARDS ***
Dealt to Mahu2021 [8h Jd]
Mahu2021: calls 30
starman75323: checks 
*** FLOP *** [4d As 4h]
starman75323: checks 
Mahu2021: bets 60
starman75323: folds 
Uncalled bet (60) returned to Mahu2021
Mahu2021 collected 120 from pot
Mahu2021: doesn't show hand 
*** SUMMARY ***
Total pot 120 | Rake 0 
Board [4d As 4h]
Seat 1: starman75323 (big blind) folded on the Flop
Seat 3: Mahu2021 (button) (small blind) collected (120)



PokerStars Hand #253033467093: Tournament #3814887278, $0.46+$0.04 USD Hold'em No Limit - Level IV (30/60) - 2024/10/21 14:33:59 CET [2024/10/21 8:33:59 ET]
Table '3814887278 1' 3-max Seat #1 is the button
Seat 1: starman75323 (1075 in chips) 
Seat 3: Mahu2021 (425 in chips) 
starman75323: posts small blind 30
Mahu2021: posts big blind 60
*** HOLE CARDS ***
Dealt to Mahu2021 [Ks 9h]
starman75323: folds 
Uncalled bet (30) returned to Mahu2021
Mahu2021 collected 60 from pot
Mahu2021: doesn't show hand 
*** SUMMARY ***
Total pot 60 | Rake 0 
Seat 1: starman75323 (button) (small blind) folded before Flop
Seat 3: Mahu2021 (big blind) collected (60)



PokerStars Hand #253033467812: Tournament #3814887278, $0.46+$0.04 USD Hold'em No Limit - Level IV (30/60) - 2024/10/21 14:34:03 CET [2024/10/21 8:34:03 ET]
Table '3814887278 1' 3-max Seat #3 is the button
Seat 1: starman75323 (1045 in chips) 
Seat 3: Mahu2021 (455 in chips) 
Mahu2021: posts small blind 30
starman75323: posts big blind 60
*** HOLE CARDS ***
Dealt to Mahu2021 [Ts 6d]
Mahu2021: folds 
Uncalled bet (30) returned to starman75323
starman75323 collected 60 from pot
*** SUMMARY ***
Total pot 60 | Rake 0 
Seat 1: starman75323 (big blind) collected (60)
Seat 3: Mahu2021 (button) (small blind) folded before Flop



PokerStars Hand #253033468499: Tournament #3814887278, $0.46+$0.04 USD Hold'em No Limit - Level IV (30/60) - 2024/10/21 14:34:08 CET [2024/10/21 8:34:08 ET]
Table '3814887278 1' 3-max Seat #1 is the button
Seat 1: starman75323 (1075 in chips) 
Seat 3: Mahu2021 (425 in chips) 
starman75323: posts small blind 30
Mahu2021: posts big blind 60
*** HOLE CARDS ***
Dealt to Mahu2021 [5c 6s]
starman75323: folds 
Uncalled bet (30) returned to Mahu2021
Mahu2021 collected 60 from pot
Mahu2021: doesn't show hand 
*** SUMMARY ***
Total pot 60 | Rake 0 
Seat 1: starman75323 (button) (small blind) folded before Flop
Seat 3: Mahu2021 (big blind) collected (60)



PokerStars Hand #253033469368: Tournament #3814887278, $0.46+$0.04 USD Hold'em No Limit - Level IV (30/60) - 2024/10/21 14:34:13 CET [2024/10/21 8:34:13 ET]
Table '3814887278 1' 3-max Seat #3 is the button
Seat 1: starman75323 (1045 in chips) 
Seat 3: Mahu2021 (455 in chips) 
Mahu2021: posts small blind 30
starman75323: posts big blind 60
*** HOLE CARDS ***
Dealt to Mahu2021 [2h As]
Mahu2021: calls 30
starman75323: checks 
*** FLOP *** [Kc Ac 8c]
starman75323: bets 60
Mahu2021: calls 60
*** TURN *** [Kc Ac 8c] [9h]
starman75323: checks 
Mahu2021: bets 335 and is all-in
starman75323: folds 
Uncalled bet (335) returned to Mahu2021
Mahu2021 collected 240 from pot
Mahu2021: doesn't show hand 
*** SUMMARY ***
Total pot 240 | Rake 0 
Board [Kc Ac 8c 9h]
Seat 1: starman75323 (big blind) folded on the Turn
Seat 3: Mahu2021 (button) (small blind) collected (240)



PokerStars Hand #253033472738: Tournament #3814887278, $0.46+$0.04 USD Hold'em No Limit - Level IV (30/60) - 2024/10/21 14:34:35 CET [2024/10/21 8:34:35 ET]
Table '3814887278 1' 3-max Seat #1 is the button
Seat 1: starman75323 (925 in chips) 
Seat 3: Mahu2021 (575 in chips) 
starman75323: posts small blind 30
Mahu2021: posts big blind 60
*** HOLE CARDS ***
Dealt to Mahu2021 [8h Tc]
starman75323: raises 60 to 120
Mahu2021: folds 
Uncalled bet (60) returned to starman75323
starman75323 collected 120 from pot
*** SUMMARY ***
Total pot 120 | Rake 0 
Seat 1: starman75323 (button) (small blind) collected (120)
Seat 3: Mahu2021 (big blind) folded before Flop



PokerStars Hand #253033473810: Tournament #3814887278, $0.46+$0.04 USD Hold'em No Limit - Level IV (30/60) - 2024/10/21 14:34:41 CET [2024/10/21 8:34:41 ET]
Table '3814887278 1' 3-max Seat #3 is the button
Seat 1: starman75323 (985 in chips) 
Seat 3: Mahu2021 (515 in chips) 
Mahu2021: posts small blind 30
starman75323: posts big blind 60
*** HOLE CARDS ***
Dealt to Mahu2021 [4s Qs]
Mahu2021: calls 30
starman75323: checks 
*** FLOP *** [Ac 3s 4d]
starman75323: checks 
Mahu2021: bets 60
starman75323: folds 
Uncalled bet (60) returned to Mahu2021
Mahu2021 collected 120 from pot
Mahu2021: doesn't show hand 
*** SUMMARY ***
Total pot 120 | Rake 0 
Board [Ac 3s 4d]
Seat 1: starman75323 (big blind) folded on the Flop
Seat 3: Mahu2021 (button) (small blind) collected (120)



PokerStars Hand #253033475644: Tournament #3814887278, $0.46+$0.04 USD Hold'em No Limit - Level IV (30/60) - 2024/10/21 14:34:53 CET [2024/10/21 8:34:53 ET]
Table '3814887278 1' 3-max Seat #1 is the button
Seat 1: starman75323 (925 in chips) 
Seat 3: Mahu2021 (575 in chips) 
starman75323: posts small blind 30
Mahu2021: posts big blind 60
*** HOLE CARDS ***
Dealt to Mahu2021 [9c 8h]
starman75323: calls 30
Mahu2021: checks 
*** FLOP *** [6s 7s 9s]
Mahu2021: bets 60
starman75323: calls 60
*** TURN *** [6s 7s 9s] [Ts]
Mahu2021: bets 60
starman75323: calls 60
*** RIVER *** [6s 7s 9s Ts] [6h]
Mahu2021: bets 60
starman75323: calls 60
*** SHOW DOWN ***
Mahu2021: shows [9c 8h] (a straight, Six to Ten)
starman75323: mucks hand 
Mahu2021 collected 480 from pot
*** SUMMARY ***
Total pot 480 | Rake 0 
Board [6s 7s 9s Ts 6h]
Seat 1: starman75323 (button) (small blind) mucked [Th 7c]
Seat 3: Mahu2021 (big blind) showed [9c 8h] and won (480) with a straight, Six to Ten



PokerStars Hand #253033479146: Tournament #3814887278, $0.46+$0.04 USD Hold'em No Limit - Level IV (30/60) - 2024/10/21 14:35:16 CET [2024/10/21 8:35:16 ET]
Table '3814887278 1' 3-max Seat #3 is the button
Seat 1: starman75323 (685 in chips) 
Seat 3: Mahu2021 (815 in chips) 
Mahu2021: posts small blind 30
starman75323: posts big blind 60
*** HOLE CARDS ***
Dealt to Mahu2021 [9c Kc]
Mahu2021: calls 30
starman75323: checks 
*** FLOP *** [7c 3h Ah]
starman75323: checks 
Mahu2021: bets 60
starman75323: folds 
Uncalled bet (60) returned to Mahu2021
Mahu2021 collected 120 from pot
Mahu2021: doesn't show hand 
*** SUMMARY ***
Total pot 120 | Rake 0 
Board [7c 3h Ah]
Seat 1: starman75323 (big blind) folded on the Flop
Seat 3: Mahu2021 (button) (small blind) collected (120)



PokerStars Hand #253033482025: Tournament #3814887278, $0.46+$0.04 USD Hold'em No Limit - Level V (40/80) - 2024/10/21 14:35:34 CET [2024/10/21 8:35:34 ET]
Table '3814887278 1' 3-max Seat #1 is the button
Seat 1: starman75323 (625 in chips) 
Seat 3: Mahu2021 (875 in chips) 
starman75323: posts small blind 40
Mahu2021: posts big blind 80
*** HOLE CARDS ***
Dealt to Mahu2021 [4d 3d]
starman75323: raises 80 to 160
Mahu2021: folds 
Uncalled bet (80) returned to starman75323
starman75323 collected 160 from pot
*** SUMMARY ***
Total pot 160 | Rake 0 
Seat 1: starman75323 (button) (small blind) collected (160)
Seat 3: Mahu2021 (big blind) folded before Flop



PokerStars Hand #253033483100: Tournament #3814887278, $0.46+$0.04 USD Hold'em No Limit - Level V (40/80) - 2024/10/21 14:35:41 CET [2024/10/21 8:35:41 ET]
Table '3814887278 1' 3-max Seat #3 is the button
Seat 1: starman75323 (705 in chips) 
Seat 3: Mahu2021 (795 in chips) 
Mahu2021: posts small blind 40
starman75323: posts big blind 80
*** HOLE CARDS ***
Dealt to Mahu2021 [7c 2d]
Mahu2021: folds 
Uncalled bet (40) returned to starman75323
starman75323 collected 80 from pot
*** SUMMARY ***
Total pot 80 | Rake 0 
Seat 1: starman75323 (big blind) collected (80)
Seat 3: Mahu2021 (button) (small blind) folded before Flop



PokerStars Hand #253033483746: Tournament #3814887278, $0.46+$0.04 USD Hold'em No Limit - Level V (40/80) - 2024/10/21 14:35:45 CET [2024/10/21 8:35:45 ET]
Table '3814887278 1' 3-max Seat #1 is the button
Seat 1: starman75323 (745 in chips) 
Seat 3: Mahu2021 (755 in chips) 
starman75323: posts small blind 40
Mahu2021: posts big blind 80
*** HOLE CARDS ***
Dealt to Mahu2021 [7c Jh]
starman75323: calls 40
Mahu2021: checks 
*** FLOP *** [Jd 5c 9c]
Mahu2021: bets 80
starman75323: calls 80
*** TURN *** [Jd 5c 9c] [3s]
Mahu2021: bets 80
starman75323: calls 80
*** RIVER *** [Jd 5c 9c 3s] [4d]
Mahu2021: bets 320
starman75323: folds 
Uncalled bet (320) returned to Mahu2021
Mahu2021 collected 480 from pot
Mahu2021: doesn't show hand 
*** SUMMARY ***
Total pot 480 | Rake 0 
Board [Jd 5c 9c 3s 4d]
Seat 1: starman75323 (button) (small blind) folded on the River
Seat 3: Mahu2021 (big blind) collected (480)



PokerStars Hand #253033487144: Tournament #3814887278, $0.46+$0.04 USD Hold'em No Limit - Level V (40/80) - 2024/10/21 14:36:06 CET [2024/10/21 8:36:06 ET]
Table '3814887278 1' 3-max Seat #3 is the button
Seat 1: starman75323 (505 in chips) 
Seat 3: Mahu2021 (995 in chips) 
Mahu2021: posts small blind 40
starman75323: posts big blind 80
*** HOLE CARDS ***
Dealt to Mahu2021 [5h 5c]
Mahu2021: raises 915 to 995 and is all-in
starman75323: folds 
Uncalled bet (915) returned to Mahu2021
Mahu2021 collected 160 from pot
Mahu2021: doesn't show hand 
*** SUMMARY ***
Total pot 160 | Rake 0 
Seat 1: starman75323 (big blind) folded before Flop
Seat 3: Mahu2021 (button) (small blind) collected (160)



PokerStars Hand #253033488296: Tournament #3814887278, $0.46+$0.04 USD Hold'em No Limit - Level V (40/80) - 2024/10/21 14:36:13 CET [2024/10/21 8:36:13 ET]
Table '3814887278 1' 3-max Seat #1 is the button
Seat 1: starman75323 (425 in chips) 
Seat 3: Mahu2021 (1075 in chips) 
starman75323: posts small blind 40
Mahu2021: posts big blind 80
*** HOLE CARDS ***
Dealt to Mahu2021 [2c 9h]
starman75323: raises 80 to 160
Mahu2021: folds 
Uncalled bet (80) returned to starman75323
starman75323 collected 160 from pot
*** SUMMARY ***
Total pot 160 | Rake 0 
Seat 1: starman75323 (button) (small blind) collected (160)
Seat 3: Mahu2021 (big blind) folded before Flop



PokerStars Hand #253033489095: Tournament #3814887278, $0.46+$0.04 USD Hold'em No Limit - Level V (40/80) - 2024/10/21 14:36:19 CET [2024/10/21 8:36:19 ET]
Table '3814887278 1' 3-max Seat #3 is the button
Seat 1: starman75323 (505 in chips) 
Seat 3: Mahu2021 (995 in chips) 
Mahu2021: posts small blind 40
starman75323: posts big blind 80
*** HOLE CARDS ***
Dealt to Mahu2021 [Jd 6c]
Mahu2021: calls 40
starman75323: raises 80 to 160
Mahu2021: calls 80
*** FLOP *** [3h 4d 4h]
starman75323: checks 
Mahu2021: checks 
*** TURN *** [3h 4d 4h] [7h]
starman75323: bets 80
Mahu2021: calls 80
*** RIVER *** [3h 4d 4h 7h] [Qc]
starman75323: checks 
Mahu2021: bets 755 and is all-in
starman75323: folds 
Uncalled bet (755) returned to Mahu2021
Mahu2021 collected 480 from pot
Mahu2021: doesn't show hand 
*** SUMMARY ***
Total pot 480 | Rake 0 
Board [3h 4d 4h 7h Qc]
Seat 1: starman75323 (big blind) folded on the River
Seat 3: Mahu2021 (button) (small blind) collected (480)



PokerStars Hand #253033492513: Tournament #3814887278, $0.46+$0.04 USD Hold'em No Limit - Level V (40/80) - 2024/10/21 14:36:39 CET [2024/10/21 8:36:39 ET]
Table '3814887278 1' 3-max Seat #1 is the button
Seat 1: starman75323 (265 in chips) 
Seat 3: Mahu2021 (1235 in chips) 
starman75323: posts small blind 40
Mahu2021: posts big blind 80
*** HOLE CARDS ***
Dealt to Mahu2021 [5h Qc]
starman75323: folds 
Uncalled bet (40) returned to Mahu2021
Mahu2021 collected 80 from pot
Mahu2021: doesn't show hand 
*** SUMMARY ***
Total pot 80 | Rake 0 
Seat 1: starman75323 (button) (small blind) folded before Flop
Seat 3: Mahu2021 (big blind) collected (80)



PokerStars Hand #253033493737: Tournament #3814887278, $0.46+$0.04 USD Hold'em No Limit - Level V (40/80) - 2024/10/21 14:36:47 CET [2024/10/21 8:36:47 ET]
Table '3814887278 1' 3-max Seat #3 is the button
Seat 1: starman75323 (225 in chips) 
Seat 3: Mahu2021 (1275 in chips) 
Mahu2021: posts small blind 40
starman75323: posts big blind 80
*** HOLE CARDS ***
Dealt to Mahu2021 [9h Ts]
Mahu2021: folds 
Uncalled bet (40) returned to starman75323
starman75323 collected 80 from pot
*** SUMMARY ***
Total pot 80 | Rake 0 
Seat 1: starman75323 (big blind) collected (80)
Seat 3: Mahu2021 (button) (small blind) folded before Flop



PokerStars Hand #253033494478: Tournament #3814887278, $0.46+$0.04 USD Hold'em No Limit - Level V (40/80) - 2024/10/21 14:36:52 CET [2024/10/21 8:36:52 ET]
Table '3814887278 1' 3-max Seat #1 is the button
Seat 1: starman75323 (265 in chips) 
Seat 3: Mahu2021 (1235 in chips) 
starman75323: posts small blind 40
Mahu2021: posts big blind 80
*** HOLE CARDS ***
Dealt to Mahu2021 [4s 7d]
starman75323: raises 185 to 265 and is all-in
Mahu2021: folds 
Uncalled bet (185) returned to starman75323
starman75323 collected 160 from pot
*** SUMMARY ***
Total pot 160 | Rake 0 
Seat 1: starman75323 (button) (small blind) collected (160)
Seat 3: Mahu2021 (big blind) folded before Flop



PokerStars Hand #253033495341: Tournament #3814887278, $0.46+$0.04 USD Hold'em No Limit - Level V (40/80) - 2024/10/21 14:36:57 CET [2024/10/21 8:36:57 ET]
Table '3814887278 1' 3-max Seat #3 is the button
Seat 1: starman75323 (345 in chips) 
Seat 3: Mahu2021 (1155 in chips) 
Mahu2021: posts small blind 40
starman75323: posts big blind 80
*** HOLE CARDS ***
Dealt to Mahu2021 [7d 8d]
Mahu2021: calls 40
starman75323: checks 
*** FLOP *** [Tc 3s Jh]
starman75323: checks 
Mahu2021: checks 
*** TURN *** [Tc 3s Jh] [5h]
starman75323: checks 
Mahu2021: checks 
*** RIVER *** [Tc 3s Jh 5h] [Qh]
starman75323: bets 160
Mahu2021: folds 
Uncalled bet (160) returned to starman75323
starman75323 collected 160 from pot
*** SUMMARY ***
Total pot 160 | Rake 0 
Board [Tc 3s Jh 5h Qh]
Seat 1: starman75323 (big blind) collected (160)
Seat 3: Mahu2021 (button) (small blind) folded on the River



PokerStars Hand #253033498834: Tournament #3814887278, $0.46+$0.04 USD Hold'em No Limit - Level V (40/80) - 2024/10/21 14:37:19 CET [2024/10/21 8:37:19 ET]
Table '3814887278 1' 3-max Seat #1 is the button
Seat 1: starman75323 (425 in chips) 
Seat 3: Mahu2021 (1075 in chips) 
starman75323: posts small blind 40
Mahu2021: posts big blind 80
*** HOLE CARDS ***
Dealt to Mahu2021 [Js Ts]
starman75323: folds 
Uncalled bet (40) returned to Mahu2021
Mahu2021 collected 80 from pot
Mahu2021: doesn't show hand 
*** SUMMARY ***
Total pot 80 | Rake 0 
Seat 1: starman75323 (button) (small blind) folded before Flop
Seat 3: Mahu2021 (big blind) collected (80)



PokerStars Hand #253033499709: Tournament #3814887278, $0.46+$0.04 USD Hold'em No Limit - Level V (40/80) - 2024/10/21 14:37:25 CET [2024/10/21 8:37:25 ET]
Table '3814887278 1' 3-max Seat #3 is the button
Seat 1: starman75323 (385 in chips) 
Seat 3: Mahu2021 (1115 in chips) 
Mahu2021: posts small blind 40
starman75323: posts big blind 80
*** HOLE CARDS ***
Dealt to Mahu2021 [Qc 9h]
Mahu2021: raises 80 to 160
starman75323: raises 225 to 385 and is all-in
Mahu2021: folds 
Uncalled bet (225) returned to starman75323
starman75323 collected 320 from pot
*** SUMMARY ***
Total pot 320 | Rake 0 
Seat 1: starman75323 (big blind) collected (320)
Seat 3: Mahu2021 (button) (small blind) folded before Flop



PokerStars Hand #253033501758: Tournament #3814887278, $0.46+$0.04 USD Hold'em No Limit - Level VI (50/100) - 2024/10/21 14:37:38 CET [2024/10/21 8:37:38 ET]
Table '3814887278 1' 3-max Seat #1 is the button
Seat 1: starman75323 (545 in chips) 
Seat 3: Mahu2021 (955 in chips) 
starman75323: posts small blind 50
Mahu2021: posts big blind 100
*** HOLE CARDS ***
Dealt to Mahu2021 [As 6h]
starman75323: calls 50
Mahu2021: raises 855 to 955 and is all-in
starman75323: folds 
Uncalled bet (855) returned to Mahu2021
Mahu2021 collected 200 from pot
Mahu2021: doesn't show hand 
*** SUMMARY ***
Total pot 200 | Rake 0 
Seat 1: starman75323 (button) (small blind) folded before Flop
Seat 3: Mahu2021 (big blind) collected (200)



PokerStars Hand #253033503577: Tournament #3814887278, $0.46+$0.04 USD Hold'em No Limit - Level VI (50/100) - 2024/10/21 14:37:49 CET [2024/10/21 8:37:49 ET]
Table '3814887278 1' 3-max Seat #3 is the button
Seat 1: starman75323 (445 in chips) 
Seat 3: Mahu2021 (1055 in chips) 
Mahu2021: posts small blind 50
starman75323: posts big blind 100
*** HOLE CARDS ***
Dealt to Mahu2021 [8h Kh]
Mahu2021: raises 955 to 1055 and is all-in
starman75323: folds 
Uncalled bet (955) returned to Mahu2021
Mahu2021 collected 200 from pot
Mahu2021: doesn't show hand 
*** SUMMARY ***
Total pot 200 | Rake 0 
Seat 1: starman75323 (big blind) folded before Flop
Seat 3: Mahu2021 (button) (small blind) collected (200)



PokerStars Hand #253033504834: Tournament #3814887278, $0.46+$0.04 USD Hold'em No Limit - Level VI (50/100) - 2024/10/21 14:37:57 CET [2024/10/21 8:37:57 ET]
Table '3814887278 1' 3-max Seat #1 is the button
Seat 1: starman75323 (345 in chips) 
Seat 3: Mahu2021 (1155 in chips) 
starman75323: posts small blind 50
Mahu2021: posts big blind 100
*** HOLE CARDS ***
Dealt to Mahu2021 [5h 5s]
starman75323: calls 50
Mahu2021: raises 1055 to 1155 and is all-in
starman75323: calls 245 and is all-in
Uncalled bet (810) returned to Mahu2021
*** FLOP *** [7s 2c As]
*** TURN *** [7s 2c As] [Qs]
*** RIVER *** [7s 2c As Qs] [4d]
*** SHOW DOWN ***
Mahu2021: shows [5h 5s] (a pair of Fives)
starman75323: shows [6c 6d] (a pair of Sixes)
starman75323 collected 690 from pot
*** SUMMARY ***
Total pot 690 | Rake 0 
Board [7s 2c As Qs 4d]
Seat 1: starman75323 (button) (small blind) showed [6c 6d] and won (690) with a pair of Sixes
Seat 3: Mahu2021 (big blind) showed [5h 5s] and lost with a pair of Fives



PokerStars Hand #253033507256: Tournament #3814887278, $0.46+$0.04 USD Hold'em No Limit - Level VI (50/100) - 2024/10/21 14:38:13 CET [2024/10/21 8:38:13 ET]
Table '3814887278 1' 3-max Seat #3 is the button
Seat 1: starman75323 (690 in chips) 
Seat 3: Mahu2021 (810 in chips) 
Mahu2021: posts small blind 50
starman75323: posts big blind 100
*** HOLE CARDS ***
Dealt to Mahu2021 [2s 3s]
Mahu2021: calls 50
starman75323: checks 
*** FLOP *** [Ah Ad 7h]
starman75323: checks 
Mahu2021: bets 100
starman75323: calls 100
*** TURN *** [Ah Ad 7h] [As]
starman75323: checks 
Mahu2021: checks 
*** RIVER *** [Ah Ad 7h As] [5s]
starman75323: bets 100
Mahu2021: folds 
Uncalled bet (100) returned to starman75323
starman75323 collected 400 from pot
*** SUMMARY ***
Total pot 400 | Rake 0 
Board [Ah Ad 7h As 5s]
Seat 1: starman75323 (big blind) collected (400)
Seat 3: Mahu2021 (button) (small blind) folded on the River



PokerStars Hand #253033510668: Tournament #3814887278, $0.46+$0.04 USD Hold'em No Limit - Level VI (50/100) - 2024/10/21 14:38:34 CET [2024/10/21 8:38:34 ET]
Table '3814887278 1' 3-max Seat #1 is the button
Seat 1: starman75323 (890 in chips) 
Seat 3: Mahu2021 (610 in chips) 
starman75323: posts small blind 50
Mahu2021: posts big blind 100
*** HOLE CARDS ***
Dealt to Mahu2021 [8s 9c]
starman75323: raises 100 to 200
Mahu2021: folds 
Uncalled bet (100) returned to starman75323
starman75323 collected 200 from pot
*** SUMMARY ***
Total pot 200 | Rake 0 
Seat 1: starman75323 (button) (small blind) collected (200)
Seat 3: Mahu2021 (big blind) folded before Flop



PokerStars Hand #253033511624: Tournament #3814887278, $0.46+$0.04 USD Hold'em No Limit - Level VI (50/100) - 2024/10/21 14:38:40 CET [2024/10/21 8:38:40 ET]
Table '3814887278 1' 3-max Seat #3 is the button
Seat 1: starman75323 (990 in chips) 
Seat 3: Mahu2021 (510 in chips) 
Mahu2021: posts small blind 50
starman75323: posts big blind 100
*** HOLE CARDS ***
Dealt to Mahu2021 [Kh Qc]
Mahu2021: raises 100 to 200
starman75323: calls 100
*** FLOP *** [Qd 5s Js]
starman75323: checks 
Mahu2021: bets 310 and is all-in
starman75323: calls 310
*** TURN *** [Qd 5s Js] [8c]
*** RIVER *** [Qd 5s Js 8c] [6h]
*** SHOW DOWN ***
starman75323: shows [Jh Td] (a pair of Jacks)
Mahu2021: shows [Kh Qc] (a pair of Queens)
Mahu2021 collected 1020 from pot
*** SUMMARY ***
Total pot 1020 | Rake 0 
Board [Qd 5s Js 8c 6h]
Seat 1: starman75323 (big blind) showed [Jh Td] and lost with a pair of Jacks
Seat 3: Mahu2021 (button) (small blind) showed [Kh Qc] and won (1020) with a pair of Queens



PokerStars Hand #253033516674: Tournament #3814887278, $0.46+$0.04 USD Hold'em No Limit - Level VI (50/100) - 2024/10/21 14:39:13 CET [2024/10/21 8:39:13 ET]
Table '3814887278 1' 3-max Seat #1 is the button
Seat 1: starman75323 (480 in chips) 
Seat 3: Mahu2021 (1020 in chips) 
starman75323: posts small blind 50
Mahu2021: posts big blind 100
*** HOLE CARDS ***
Dealt to Mahu2021 [Qc 4d]
starman75323: folds 
Uncalled bet (50) returned to Mahu2021
Mahu2021 collected 100 from pot
Mahu2021: doesn't show hand 
*** SUMMARY ***
Total pot 100 | Rake 0 
Seat 1: starman75323 (button) (small blind) folded before Flop
Seat 3: Mahu2021 (big blind) collected (100)



PokerStars Hand #253033517655: Tournament #3814887278, $0.46+$0.04 USD Hold'em No Limit - Level VI (50/100) - 2024/10/21 14:39:20 CET [2024/10/21 8:39:20 ET]
Table '3814887278 1' 3-max Seat #3 is the button
Seat 1: starman75323 (430 in chips) 
Seat 3: Mahu2021 (1070 in chips) 
Mahu2021: posts small blind 50
starman75323: posts big blind 100
*** HOLE CARDS ***
Dealt to Mahu2021 [4d Qd]
Mahu2021: raises 970 to 1070 and is all-in
starman75323: calls 330 and is all-in
Uncalled bet (640) returned to Mahu2021
*** FLOP *** [2h 4c Ks]
*** TURN *** [2h 4c Ks] [Js]
*** RIVER *** [2h 4c Ks Js] [3h]
*** SHOW DOWN ***
starman75323: shows [Kh Jd] (two pair, Kings and Jacks)
Mahu2021: shows [4d Qd] (a pair of Fours)
starman75323 collected 860 from pot
*** SUMMARY ***
Total pot 860 | Rake 0 
Board [2h 4c Ks Js 3h]
Seat 1: starman75323 (big blind) showed [Kh Jd] and won (860) with two pair, Kings and Jacks
Seat 3: Mahu2021 (button) (small blind) showed [4d Qd] and lost with a pair of Fours



PokerStars Hand #253033520137: Tournament #3814887278, $0.46+$0.04 USD Hold'em No Limit - Level VII (60/120) - 2024/10/21 14:39:36 CET [2024/10/21 8:39:36 ET]
Table '3814887278 1' 3-max Seat #1 is the button
Seat 1: starman75323 (860 in chips) 
Seat 3: Mahu2021 (640 in chips) 
starman75323: posts small blind 60
Mahu2021: posts big blind 120
*** HOLE CARDS ***
Dealt to Mahu2021 [6c 3c]
starman75323: folds 
Uncalled bet (60) returned to Mahu2021
Mahu2021 collected 120 from pot
Mahu2021: doesn't show hand 
*** SUMMARY ***
Total pot 120 | Rake 0 
Seat 1: starman75323 (button) (small blind) folded before Flop
Seat 3: Mahu2021 (big blind) collected (120)



PokerStars Hand #253033521185: Tournament #3814887278, $0.46+$0.04 USD Hold'em No Limit - Level VII (60/120) - 2024/10/21 14:39:42 CET [2024/10/21 8:39:42 ET]
Table '3814887278 1' 3-max Seat #3 is the button
Seat 1: starman75323 (800 in chips) 
Seat 3: Mahu2021 (700 in chips) 
Mahu2021: posts small blind 60
starman75323: posts big blind 120
*** HOLE CARDS ***
Dealt to Mahu2021 [3s 8c]
Mahu2021: folds 
Uncalled bet (60) returned to starman75323
starman75323 collected 120 from pot
*** SUMMARY ***
Total pot 120 | Rake 0 
Seat 1: starman75323 (big blind) collected (120)
Seat 3: Mahu2021 (button) (small blind) folded before Flop



PokerStars Hand #253033521882: Tournament #3814887278, $0.46+$0.04 USD Hold'em No Limit - Level VII (60/120) - 2024/10/21 14:39:47 CET [2024/10/21 8:39:47 ET]
Table '3814887278 1' 3-max Seat #1 is the button
Seat 1: starman75323 (860 in chips) 
Seat 3: Mahu2021 (640 in chips) 
starman75323: posts small blind 60
Mahu2021: posts big blind 120
*** HOLE CARDS ***
Dealt to Mahu2021 [3c 8s]
starman75323: raises 740 to 860 and is all-in
Mahu2021: folds 
Uncalled bet (740) returned to starman75323
starman75323 collected 240 from pot
*** SUMMARY ***
Total pot 240 | Rake 0 
Seat 1: starman75323 (button) (small blind) collected (240)
Seat 3: Mahu2021 (big blind) folded before Flop



PokerStars Hand #253033522787: Tournament #3814887278, $0.46+$0.04 USD Hold'em No Limit - Level VII (60/120) - 2024/10/21 14:39:52 CET [2024/10/21 8:39:52 ET]
Table '3814887278 1' 3-max Seat #3 is the button
Seat 1: starman75323 (980 in chips) 
Seat 3: Mahu2021 (520 in chips) 
Mahu2021: posts small blind 60
starman75323: posts big blind 120
*** HOLE CARDS ***
Dealt to Mahu2021 [2d Jh]
Mahu2021: raises 400 to 520 and is all-in
starman75323: folds 
Uncalled bet (400) returned to Mahu2021
Mahu2021 collected 240 from pot
Mahu2021: doesn't show hand 
*** SUMMARY ***
Total pot 240 | Rake 0 
Seat 1: starman75323 (big blind) folded before Flop
Seat 3: Mahu2021 (button) (small blind) collected (240)



PokerStars Hand #253033523897: Tournament #3814887278, $0.46+$0.04 USD Hold'em No Limit - Level VII (60/120) - 2024/10/21 14:40:00 CET [2024/10/21 8:40:00 ET]
Table '3814887278 1' 3-max Seat #1 is the button
Seat 1: starman75323 (860 in chips) 
Seat 3: Mahu2021 (640 in chips) 
starman75323: posts small blind 60
Mahu2021: posts big blind 120
*** HOLE CARDS ***
Dealt to Mahu2021 [Th 7d]
starman75323: calls 60
Mahu2021: checks 
*** FLOP *** [6s 4d 5s]
Mahu2021: checks 
starman75323: checks 
*** TURN *** [6s 4d 5s] [7c]
Mahu2021: bets 240
starman75323: calls 240
*** RIVER *** [6s 4d 5s 7c] [Js]
Mahu2021: bets 280 and is all-in
starman75323: calls 280
*** SHOW DOWN ***
Mahu2021: shows [Th 7d] (a pair of Sevens)
starman75323: shows [9s 8s] (a flush, Jack high)
starman75323 collected 1280 from pot
Mahu2021 finished the tournament in 2nd place
starman75323 wins the tournament - congratulations!
starman75323 wins a '$1.00 Power Path Step 2 Ticket' ticket
*** SUMMARY ***
Total pot 1280 | Rake 0 
Board [6s 4d 5s 7c Js]
Seat 1: starman75323 (button) (small blind) showed [9s 8s] and won (1280) with a flush, Jack high
Seat 3: Mahu2021 (big blind) showed [Th 7d] and lost with a pair of Sevens



