PokerStars Hand #245049862511: Tournament #3623114096, $0.92+$0.08 USD Hold'em No Limit - Level I (10/20) - 2023/07/27 18:12:47 CET [2023/07/27 12:12:47 ET]
Table '3623114096 1' 3-max Seat #1 is the button
Seat 1: Mahu2021 (500 in chips) 
Seat 2: xandicari (500 in chips) 
Seat 3: Koresh153 (500 in chips) 
xandicari: posts small blind 10
Koresh153: posts big blind 20
*** HOLE CARDS ***
Dealt to Mahu2021 [2s Ts]
Mahu2021: folds 
xandicari: calls 10
Koresh153: checks 
*** FLOP *** [9s 6s Js]
xandicari: bets 20
Koresh153: folds 
Uncalled bet (20) returned to xandicari
xandicari collected 40 from pot
*** SUMMARY ***
Total pot 40 | Rake 0 
Board [9s 6s Js]
Seat 1: Mahu2021 (button) folded before Flop (didn't bet)
Seat 2: xandicari (small blind) collected (40)
Seat 3: Koresh153 (big blind) folded on the Flop



PokerStars Hand #245049866972: Tournament #3623114096, $0.92+$0.08 USD Hold'em No Limit - Level I (10/20) - 2023/07/27 18:13:05 CET [2023/07/27 12:13:05 ET]
Table '3623114096 1' 3-max Seat #2 is the button
Seat 1: Mahu2021 (500 in chips) 
Seat 2: xandicari (520 in chips) 
Seat 3: Koresh153 (480 in chips) 
Koresh153: posts small blind 10
Mahu2021: posts big blind 20
*** HOLE CARDS ***
Dealt to Mahu2021 [Js Kd]
xandicari: folds 
Koresh153: folds 
Uncalled bet (10) returned to Mahu2021
Mahu2021 collected 20 from pot
Mahu2021: doesn't show hand 
*** SUMMARY ***
Total pot 20 | Rake 0 
Seat 1: Mahu2021 (big blind) collected (20)
Seat 2: xandicari (button) folded before Flop (didn't bet)
Seat 3: Koresh153 (small blind) folded before Flop



PokerStars Hand #245049868569: Tournament #3623114096, $0.92+$0.08 USD Hold'em No Limit - Level I (10/20) - 2023/07/27 18:13:11 CET [2023/07/27 12:13:11 ET]
Table '3623114096 1' 3-max Seat #3 is the button
Seat 1: Mahu2021 (510 in chips) 
Seat 2: xandicari (520 in chips) 
Seat 3: Koresh153 (470 in chips) 
Mahu2021: posts small blind 10
xandicari: posts big blind 20
*** HOLE CARDS ***
Dealt to Mahu2021 [3c 5s]
Koresh153: calls 20
Mahu2021: folds 
xandicari: checks 
*** FLOP *** [7c 8s 2h]
xandicari: checks 
Koresh153: checks 
*** TURN *** [7c 8s 2h] [Js]
xandicari: bets 40
Koresh153: folds 
Uncalled bet (40) returned to xandicari
xandicari collected 50 from pot
*** SUMMARY ***
Total pot 50 | Rake 0 
Board [7c 8s 2h Js]
Seat 1: Mahu2021 (small blind) folded before Flop
Seat 2: xandicari (big blind) collected (50)
Seat 3: Koresh153 (button) folded on the Turn



PokerStars Hand #245049876367: Tournament #3623114096, $0.92+$0.08 USD Hold'em No Limit - Level I (10/20) - 2023/07/27 18:13:41 CET [2023/07/27 12:13:41 ET]
Table '3623114096 1' 3-max Seat #1 is the button
Seat 1: Mahu2021 (500 in chips) 
Seat 2: xandicari (550 in chips) 
Seat 3: Koresh153 (450 in chips) 
xandicari: posts small blind 10
Koresh153: posts big blind 20
*** HOLE CARDS ***
Dealt to Mahu2021 [As 8h]
Mahu2021: raises 20 to 40
xandicari: calls 30
Koresh153: folds 
*** FLOP *** [Tc Kh 8c]
xandicari: bets 20
Mahu2021: calls 20
*** TURN *** [Tc Kh 8c] [2d]
xandicari: checks 
Mahu2021: checks 
*** RIVER *** [Tc Kh 8c 2d] [Jd]
xandicari: bets 60
Mahu2021: calls 60
*** SHOW DOWN ***
xandicari: shows [8s 3s] (a pair of Eights)
Mahu2021: shows [As 8h] (a pair of Eights - Ace kicker)
Mahu2021 collected 260 from pot
*** SUMMARY ***
Total pot 260 | Rake 0 
Board [Tc Kh 8c 2d Jd]
Seat 1: Mahu2021 (button) showed [As 8h] and won (260) with a pair of Eights
Seat 2: xandicari (small blind) showed [8s 3s] and lost with a pair of Eights
Seat 3: Koresh153 (big blind) folded before Flop



PokerStars Hand #245049881653: Tournament #3623114096, $0.92+$0.08 USD Hold'em No Limit - Level I (10/20) - 2023/07/27 18:14:02 CET [2023/07/27 12:14:02 ET]
Table '3623114096 1' 3-max Seat #2 is the button
Seat 1: Mahu2021 (640 in chips) 
Seat 2: xandicari (430 in chips) 
Seat 3: Koresh153 (430 in chips) 
Koresh153: posts small blind 10
Mahu2021: posts big blind 20
*** HOLE CARDS ***
Dealt to Mahu2021 [Qc 8s]
xandicari: raises 20 to 40
Koresh153: folds 
Mahu2021: calls 20
*** FLOP *** [7h Kc 8d]
Mahu2021: checks 
xandicari: bets 40
Mahu2021: calls 40
*** TURN *** [7h Kc 8d] [Jd]
Mahu2021: checks 
xandicari: checks 
*** RIVER *** [7h Kc 8d Jd] [6h]
Mahu2021: checks 
xandicari: checks 
*** SHOW DOWN ***
Mahu2021: shows [Qc 8s] (a pair of Eights)
xandicari: shows [Ac 8h] (a pair of Eights - Ace kicker)
xandicari collected 170 from pot
*** SUMMARY ***
Total pot 170 | Rake 0 
Board [7h Kc 8d Jd 6h]
Seat 1: Mahu2021 (big blind) showed [Qc 8s] and lost with a pair of Eights
Seat 2: xandicari (button) showed [Ac 8h] and won (170) with a pair of Eights
Seat 3: Koresh153 (small blind) folded before Flop



PokerStars Hand #245049886267: Tournament #3623114096, $0.92+$0.08 USD Hold'em No Limit - Level I (10/20) - 2023/07/27 18:14:20 CET [2023/07/27 12:14:20 ET]
Table '3623114096 1' 3-max Seat #3 is the button
Seat 1: Mahu2021 (560 in chips) 
Seat 2: xandicari (520 in chips) 
Seat 3: Koresh153 (420 in chips) 
Mahu2021: posts small blind 10
xandicari: posts big blind 20
*** HOLE CARDS ***
Dealt to Mahu2021 [4s Qc]
Koresh153: folds 
Mahu2021: folds 
Uncalled bet (10) returned to xandicari
xandicari collected 20 from pot
*** SUMMARY ***
Total pot 20 | Rake 0 
Seat 1: Mahu2021 (small blind) folded before Flop
Seat 2: xandicari (big blind) collected (20)
Seat 3: Koresh153 (button) folded before Flop (didn't bet)



PokerStars Hand #245049887708: Tournament #3623114096, $0.92+$0.08 USD Hold'em No Limit - Level I (10/20) - 2023/07/27 18:14:25 CET [2023/07/27 12:14:25 ET]
Table '3623114096 1' 3-max Seat #1 is the button
Seat 1: Mahu2021 (550 in chips) 
Seat 2: xandicari (530 in chips) 
Seat 3: Koresh153 (420 in chips) 
xandicari: posts small blind 10
Koresh153: posts big blind 20
*** HOLE CARDS ***
Dealt to Mahu2021 [3c 8c]
Mahu2021: folds 
xandicari: folds 
Uncalled bet (10) returned to Koresh153
Koresh153 collected 20 from pot
Koresh153: doesn't show hand 
*** SUMMARY ***
Total pot 20 | Rake 0 
Seat 1: Mahu2021 (button) folded before Flop (didn't bet)
Seat 2: xandicari (small blind) folded before Flop
Seat 3: Koresh153 (big blind) collected (20)



PokerStars Hand #245049889293: Tournament #3623114096, $0.92+$0.08 USD Hold'em No Limit - Level I (10/20) - 2023/07/27 18:14:31 CET [2023/07/27 12:14:31 ET]
Table '3623114096 1' 3-max Seat #2 is the button
Seat 1: Mahu2021 (550 in chips) 
Seat 2: xandicari (520 in chips) 
Seat 3: Koresh153 (430 in chips) 
Koresh153: posts small blind 10
Mahu2021: posts big blind 20
*** HOLE CARDS ***
Dealt to Mahu2021 [Qc 2d]
xandicari: calls 20
Koresh153: calls 10
Mahu2021: checks 
*** FLOP *** [Ac 9s 4h]
Koresh153: checks 
Mahu2021: checks 
xandicari: bets 40
Koresh153: folds 
Mahu2021: folds 
Uncalled bet (40) returned to xandicari
xandicari collected 60 from pot
*** SUMMARY ***
Total pot 60 | Rake 0 
Board [Ac 9s 4h]
Seat 1: Mahu2021 (big blind) folded on the Flop
Seat 2: xandicari (button) collected (60)
Seat 3: Koresh153 (small blind) folded on the Flop



PokerStars Hand #245049893355: Tournament #3623114096, $0.92+$0.08 USD Hold'em No Limit - Level I (10/20) - 2023/07/27 18:14:47 CET [2023/07/27 12:14:47 ET]
Table '3623114096 1' 3-max Seat #3 is the button
Seat 1: Mahu2021 (530 in chips) 
Seat 2: xandicari (560 in chips) 
Seat 3: Koresh153 (410 in chips) 
Mahu2021: posts small blind 10
xandicari: posts big blind 20
*** HOLE CARDS ***
Dealt to Mahu2021 [As Qh]
Koresh153: calls 20
Mahu2021: raises 40 to 60
xandicari: raises 40 to 100
Koresh153: folds 
Mahu2021: calls 40
*** FLOP *** [Qc 8h Th]
Mahu2021: bets 430 and is all-in
xandicari: calls 430
*** TURN *** [Qc 8h Th] [9h]
*** RIVER *** [Qc 8h Th 9h] [7h]
*** SHOW DOWN ***
Mahu2021: shows [As Qh] (a flush, Queen high)
xandicari: shows [Qs Qd] (three of a kind, Queens)
Mahu2021 collected 1080 from pot
*** SUMMARY ***
Total pot 1080 | Rake 0 
Board [Qc 8h Th 9h 7h]
Seat 1: Mahu2021 (small blind) showed [As Qh] and won (1080) with a flush, Queen high
Seat 2: xandicari (big blind) showed [Qs Qd] and lost with three of a kind, Queens
Seat 3: Koresh153 (button) folded before Flop



PokerStars Hand #245049900666: Tournament #3623114096, $0.92+$0.08 USD Hold'em No Limit - Level I (10/20) - 2023/07/27 18:15:15 CET [2023/07/27 12:15:15 ET]
Table '3623114096 1' 3-max Seat #1 is the button
Seat 1: Mahu2021 (1080 in chips) 
Seat 2: xandicari (30 in chips) 
Seat 3: Koresh153 (390 in chips) 
xandicari: posts small blind 10
Koresh153: posts big blind 20
*** HOLE CARDS ***
Dealt to Mahu2021 [5d Kd]
Mahu2021: raises 20 to 40
xandicari: calls 20 and is all-in
Koresh153: folds 
Uncalled bet (10) returned to Mahu2021
*** FLOP *** [6c 6s 5c]
*** TURN *** [6c 6s 5c] [Ad]
*** RIVER *** [6c 6s 5c Ad] [3h]
*** SHOW DOWN ***
xandicari: shows [Ac 6h] (a full house, Sixes full of Aces)
Mahu2021: shows [5d Kd] (two pair, Sixes and Fives)
xandicari collected 80 from pot
*** SUMMARY ***
Total pot 80 | Rake 0 
Board [6c 6s 5c Ad 3h]
Seat 1: Mahu2021 (button) showed [5d Kd] and lost with two pair, Sixes and Fives
Seat 2: xandicari (small blind) showed [Ac 6h] and won (80) with a full house, Sixes full of Aces
Seat 3: Koresh153 (big blind) folded before Flop



PokerStars Hand #245049904605: Tournament #3623114096, $0.92+$0.08 USD Hold'em No Limit - Level I (10/20) - 2023/07/27 18:15:30 CET [2023/07/27 12:15:30 ET]
Table '3623114096 1' 3-max Seat #2 is the button
Seat 1: Mahu2021 (1050 in chips) 
Seat 2: xandicari (80 in chips) 
Seat 3: Koresh153 (370 in chips) 
Koresh153: posts small blind 10
Mahu2021: posts big blind 20
*** HOLE CARDS ***
Dealt to Mahu2021 [3h Ac]
xandicari: raises 60 to 80 and is all-in
Koresh153: calls 70
Mahu2021: calls 60
*** FLOP *** [Qs As 8d]
Koresh153: checks 
Mahu2021: bets 60
Koresh153: raises 230 to 290 and is all-in
Mahu2021: calls 230
*** TURN *** [Qs As 8d] [5d]
*** RIVER *** [Qs As 8d 5d] [7s]
*** SHOW DOWN ***
Koresh153: shows [Th Ah] (a pair of Aces)
Mahu2021: shows [3h Ac] (a pair of Aces - lower kicker)
Koresh153 collected 580 from side pot
xandicari: shows [Ts Kd] (high card Ace)
Koresh153 collected 240 from main pot
xandicari finished the tournament in 3rd place
*** SUMMARY ***
Total pot 820 Main pot 240. Side pot 580. | Rake 0 
Board [Qs As 8d 5d 7s]
Seat 1: Mahu2021 (big blind) showed [3h Ac] and lost with a pair of Aces
Seat 2: xandicari (button) showed [Ts Kd] and lost with high card Ace
Seat 3: Koresh153 (small blind) showed [Th Ah] and won (820) with a pair of Aces



PokerStars Hand #245049910975: Tournament #3623114096, $0.92+$0.08 USD Hold'em No Limit - Level II (15/30) - 2023/07/27 18:15:54 CET [2023/07/27 12:15:54 ET]
Table '3623114096 1' 3-max Seat #1 is the button
Seat 1: Mahu2021 (680 in chips) 
Seat 3: Koresh153 (820 in chips) 
Mahu2021: posts small blind 15
Koresh153: posts big blind 30
*** HOLE CARDS ***
Dealt to Mahu2021 [4s Qc]
Mahu2021: folds 
Uncalled bet (15) returned to Koresh153
Koresh153 collected 30 from pot
Koresh153: doesn't show hand 
*** SUMMARY ***
Total pot 30 | Rake 0 
Seat 1: Mahu2021 (button) (small blind) folded before Flop
Seat 3: Koresh153 (big blind) collected (30)



PokerStars Hand #245049912123: Tournament #3623114096, $0.92+$0.08 USD Hold'em No Limit - Level II (15/30) - 2023/07/27 18:15:59 CET [2023/07/27 12:15:59 ET]
Table '3623114096 1' 3-max Seat #3 is the button
Seat 1: Mahu2021 (665 in chips) 
Seat 3: Koresh153 (835 in chips) 
Koresh153: posts small blind 15
Mahu2021: posts big blind 30
*** HOLE CARDS ***
Dealt to Mahu2021 [Qs Qd]
Koresh153: calls 15
Mahu2021: raises 30 to 60
Koresh153: folds 
Uncalled bet (30) returned to Mahu2021
Mahu2021 collected 60 from pot
Mahu2021: doesn't show hand 
*** SUMMARY ***
Total pot 60 | Rake 0 
Seat 1: Mahu2021 (big blind) collected (60)
Seat 3: Koresh153 (button) (small blind) folded before Flop



PokerStars Hand #245049916523: Tournament #3623114096, $0.92+$0.08 USD Hold'em No Limit - Level II (15/30) - 2023/07/27 18:16:15 CET [2023/07/27 12:16:15 ET]
Table '3623114096 1' 3-max Seat #1 is the button
Seat 1: Mahu2021 (695 in chips) 
Seat 3: Koresh153 (805 in chips) 
Mahu2021: posts small blind 15
Koresh153: posts big blind 30
*** HOLE CARDS ***
Dealt to Mahu2021 [9h 8h]
Mahu2021: raises 30 to 60
Koresh153: folds 
Uncalled bet (30) returned to Mahu2021
Mahu2021 collected 60 from pot
Mahu2021: doesn't show hand 
*** SUMMARY ***
Total pot 60 | Rake 0 
Seat 1: Mahu2021 (button) (small blind) collected (60)
Seat 3: Koresh153 (big blind) folded before Flop



PokerStars Hand #245049918234: Tournament #3623114096, $0.92+$0.08 USD Hold'em No Limit - Level II (15/30) - 2023/07/27 18:16:22 CET [2023/07/27 12:16:22 ET]
Table '3623114096 1' 3-max Seat #3 is the button
Seat 1: Mahu2021 (725 in chips) 
Seat 3: Koresh153 (775 in chips) 
Koresh153: posts small blind 15
Mahu2021: posts big blind 30
*** HOLE CARDS ***
Dealt to Mahu2021 [3s Th]
Koresh153: raises 745 to 775 and is all-in
Mahu2021: folds 
Uncalled bet (745) returned to Koresh153
Koresh153 collected 60 from pot
Koresh153: doesn't show hand 
*** SUMMARY ***
Total pot 60 | Rake 0 
Seat 1: Mahu2021 (big blind) folded before Flop
Seat 3: Koresh153 (button) (small blind) collected (60)



PokerStars Hand #245049919546: Tournament #3623114096, $0.92+$0.08 USD Hold'em No Limit - Level II (15/30) - 2023/07/27 18:16:27 CET [2023/07/27 12:16:27 ET]
Table '3623114096 1' 3-max Seat #1 is the button
Seat 1: Mahu2021 (695 in chips) 
Seat 3: Koresh153 (805 in chips) 
Mahu2021: posts small blind 15
Koresh153: posts big blind 30
*** HOLE CARDS ***
Dealt to Mahu2021 [8d 5c]
Mahu2021: folds 
Uncalled bet (15) returned to Koresh153
Koresh153 collected 30 from pot
Koresh153: doesn't show hand 
*** SUMMARY ***
Total pot 30 | Rake 0 
Seat 1: Mahu2021 (button) (small blind) folded before Flop
Seat 3: Koresh153 (big blind) collected (30)



PokerStars Hand #245049920677: Tournament #3623114096, $0.92+$0.08 USD Hold'em No Limit - Level II (15/30) - 2023/07/27 18:16:31 CET [2023/07/27 12:16:31 ET]
Table '3623114096 1' 3-max Seat #3 is the button
Seat 1: Mahu2021 (680 in chips) 
Seat 3: Koresh153 (820 in chips) 
Koresh153: posts small blind 15
Mahu2021: posts big blind 30
*** HOLE CARDS ***
Dealt to Mahu2021 [As 8h]
Koresh153: calls 15
Mahu2021: checks 
*** FLOP *** [Jd 3d 6s]
Mahu2021: checks 
Koresh153: checks 
*** TURN *** [Jd 3d 6s] [7c]
Mahu2021: checks 
Koresh153: checks 
*** RIVER *** [Jd 3d 6s 7c] [4d]
Mahu2021: bets 60
Koresh153: folds 
Uncalled bet (60) returned to Mahu2021
Mahu2021 collected 60 from pot
Mahu2021: doesn't show hand 
*** SUMMARY ***
Total pot 60 | Rake 0 
Board [Jd 3d 6s 7c 4d]
Seat 1: Mahu2021 (big blind) collected (60)
Seat 3: Koresh153 (button) (small blind) folded on the River



PokerStars Hand #245049928138: Tournament #3623114096, $0.92+$0.08 USD Hold'em No Limit - Level II (15/30) - 2023/07/27 18:17:00 CET [2023/07/27 12:17:00 ET]
Table '3623114096 1' 3-max Seat #1 is the button
Seat 1: Mahu2021 (710 in chips) 
Seat 3: Koresh153 (790 in chips) 
Mahu2021: posts small blind 15
Koresh153: posts big blind 30
*** HOLE CARDS ***
Dealt to Mahu2021 [8s Ah]
Mahu2021: raises 30 to 60
Koresh153: calls 30
*** FLOP *** [Ts 4d Qd]
Koresh153: checks 
Mahu2021: checks 
*** TURN *** [Ts 4d Qd] [6h]
Koresh153: checks 
Mahu2021: checks 
*** RIVER *** [Ts 4d Qd 6h] [Kh]
Koresh153: checks 
Mahu2021: checks 
*** SHOW DOWN ***
Koresh153: shows [Jc 2d] (high card King)
Mahu2021: shows [8s Ah] (high card Ace)
Mahu2021 collected 120 from pot
*** SUMMARY ***
Total pot 120 | Rake 0 
Board [Ts 4d Qd 6h Kh]
Seat 1: Mahu2021 (button) (small blind) showed [8s Ah] and won (120) with high card Ace
Seat 3: Koresh153 (big blind) showed [Jc 2d] and lost with high card King



PokerStars Hand #245049933337: Tournament #3623114096, $0.92+$0.08 USD Hold'em No Limit - Level II (15/30) - 2023/07/27 18:17:20 CET [2023/07/27 12:17:20 ET]
Table '3623114096 1' 3-max Seat #3 is the button
Seat 1: Mahu2021 (770 in chips) 
Seat 3: Koresh153 (730 in chips) 
Koresh153: posts small blind 15
Mahu2021: posts big blind 30
*** HOLE CARDS ***
Dealt to Mahu2021 [Qh 5c]
Koresh153: raises 700 to 730 and is all-in
Mahu2021: folds 
Uncalled bet (700) returned to Koresh153
Koresh153 collected 60 from pot
Koresh153: doesn't show hand 
*** SUMMARY ***
Total pot 60 | Rake 0 
Seat 1: Mahu2021 (big blind) folded before Flop
Seat 3: Koresh153 (button) (small blind) collected (60)



PokerStars Hand #245049934856: Tournament #3623114096, $0.92+$0.08 USD Hold'em No Limit - Level II (15/30) - 2023/07/27 18:17:26 CET [2023/07/27 12:17:26 ET]
Table '3623114096 1' 3-max Seat #1 is the button
Seat 1: Mahu2021 (740 in chips) 
Seat 3: Koresh153 (760 in chips) 
Mahu2021: posts small blind 15
Koresh153: posts big blind 30
*** HOLE CARDS ***
Dealt to Mahu2021 [Qs Js]
Mahu2021: raises 30 to 60
Koresh153: calls 30
*** FLOP *** [9c 8h 3s]
Koresh153: checks 
Mahu2021: checks 
*** TURN *** [9c 8h 3s] [5d]
Koresh153: checks 
Mahu2021: checks 
*** RIVER *** [9c 8h 3s 5d] [4s]
Koresh153: checks 
Mahu2021: checks 
*** SHOW DOWN ***
Koresh153: shows [6h As] (high card Ace)
Mahu2021: mucks hand 
Koresh153 collected 120 from pot
*** SUMMARY ***
Total pot 120 | Rake 0 
Board [9c 8h 3s 5d 4s]
Seat 1: Mahu2021 (button) (small blind) mucked [Qs Js]
Seat 3: Koresh153 (big blind) showed [6h As] and won (120) with high card Ace



PokerStars Hand #245049938542: Tournament #3623114096, $0.92+$0.08 USD Hold'em No Limit - Level II (15/30) - 2023/07/27 18:17:40 CET [2023/07/27 12:17:40 ET]
Table '3623114096 1' 3-max Seat #3 is the button
Seat 1: Mahu2021 (680 in chips) 
Seat 3: Koresh153 (820 in chips) 
Koresh153: posts small blind 15
Mahu2021: posts big blind 30
*** HOLE CARDS ***
Dealt to Mahu2021 [Ad 7s]
Koresh153: calls 15
Mahu2021: checks 
*** FLOP *** [Th 8h 5s]
Mahu2021: checks 
Koresh153: checks 
*** TURN *** [Th 8h 5s] [4s]
Mahu2021: bets 30
Koresh153: folds 
Uncalled bet (30) returned to Mahu2021
Mahu2021 collected 60 from pot
Mahu2021: doesn't show hand 
*** SUMMARY ***
Total pot 60 | Rake 0 
Board [Th 8h 5s 4s]
Seat 1: Mahu2021 (big blind) collected (60)
Seat 3: Koresh153 (button) (small blind) folded on the Turn



PokerStars Hand #245049945949: Tournament #3623114096, $0.92+$0.08 USD Hold'em No Limit - Level II (15/30) - 2023/07/27 18:18:08 CET [2023/07/27 12:18:08 ET]
Table '3623114096 1' 3-max Seat #1 is the button
Seat 1: Mahu2021 (710 in chips) 
Seat 3: Koresh153 (790 in chips) 
Mahu2021: posts small blind 15
Koresh153: posts big blind 30
*** HOLE CARDS ***
Dealt to Mahu2021 [6h 8d]
Mahu2021: folds 
Uncalled bet (15) returned to Koresh153
Koresh153 collected 30 from pot
Koresh153: doesn't show hand 
*** SUMMARY ***
Total pot 30 | Rake 0 
Seat 1: Mahu2021 (button) (small blind) folded before Flop
Seat 3: Koresh153 (big blind) collected (30)



PokerStars Hand #245049947174: Tournament #3623114096, $0.92+$0.08 USD Hold'em No Limit - Level II (15/30) - 2023/07/27 18:18:12 CET [2023/07/27 12:18:12 ET]
Table '3623114096 1' 3-max Seat #3 is the button
Seat 1: Mahu2021 (695 in chips) 
Seat 3: Koresh153 (805 in chips) 
Koresh153: posts small blind 15
Mahu2021: posts big blind 30
*** HOLE CARDS ***
Dealt to Mahu2021 [Jd 5s]
Koresh153: raises 775 to 805 and is all-in
Mahu2021: folds 
Uncalled bet (775) returned to Koresh153
Koresh153 collected 60 from pot
Koresh153: doesn't show hand 
*** SUMMARY ***
Total pot 60 | Rake 0 
Seat 1: Mahu2021 (big blind) folded before Flop
Seat 3: Koresh153 (button) (small blind) collected (60)



PokerStars Hand #245049948577: Tournament #3623114096, $0.92+$0.08 USD Hold'em No Limit - Level II (15/30) - 2023/07/27 18:18:18 CET [2023/07/27 12:18:18 ET]
Table '3623114096 1' 3-max Seat #1 is the button
Seat 1: Mahu2021 (665 in chips) 
Seat 3: Koresh153 (835 in chips) 
Mahu2021: posts small blind 15
Koresh153: posts big blind 30
*** HOLE CARDS ***
Dealt to Mahu2021 [Js 3s]
Mahu2021: raises 30 to 60
Koresh153: raises 775 to 835 and is all-in
Mahu2021: folds 
Uncalled bet (775) returned to Koresh153
Koresh153 collected 120 from pot
Koresh153: doesn't show hand 
*** SUMMARY ***
Total pot 120 | Rake 0 
Seat 1: Mahu2021 (button) (small blind) folded before Flop
Seat 3: Koresh153 (big blind) collected (120)



PokerStars Hand #245049950946: Tournament #3623114096, $0.92+$0.08 USD Hold'em No Limit - Level II (15/30) - 2023/07/27 18:18:27 CET [2023/07/27 12:18:27 ET]
Table '3623114096 1' 3-max Seat #3 is the button
Seat 1: Mahu2021 (605 in chips) 
Seat 3: Koresh153 (895 in chips) 
Koresh153: posts small blind 15
Mahu2021: posts big blind 30
*** HOLE CARDS ***
Dealt to Mahu2021 [9d 2d]
Koresh153: calls 15
Mahu2021: checks 
*** FLOP *** [Ah 6d 3h]
Mahu2021: checks 
Koresh153: checks 
*** TURN *** [Ah 6d 3h] [Jh]
Mahu2021: checks 
Koresh153: checks 
*** RIVER *** [Ah 6d 3h Jh] [Jc]
Mahu2021: checks 
Koresh153: checks 
*** SHOW DOWN ***
Mahu2021: shows [9d 2d] (a pair of Jacks)
Koresh153: shows [Kc 3d] (two pair, Jacks and Threes)
Koresh153 collected 60 from pot
*** SUMMARY ***
Total pot 60 | Rake 0 
Board [Ah 6d 3h Jh Jc]
Seat 1: Mahu2021 (big blind) showed [9d 2d] and lost with a pair of Jacks
Seat 3: Koresh153 (button) (small blind) showed [Kc 3d] and won (60) with two pair, Jacks and Threes



PokerStars Hand #245049956345: Tournament #3623114096, $0.92+$0.08 USD Hold'em No Limit - Level II (15/30) - 2023/07/27 18:18:47 CET [2023/07/27 12:18:47 ET]
Table '3623114096 1' 3-max Seat #1 is the button
Seat 1: Mahu2021 (575 in chips) 
Seat 3: Koresh153 (925 in chips) 
Mahu2021: posts small blind 15
Koresh153: posts big blind 30
*** HOLE CARDS ***
Dealt to Mahu2021 [Kd 3c]
Mahu2021: calls 15
Koresh153: checks 
*** FLOP *** [7c 8c Ks]
Koresh153: checks 
Mahu2021: bets 30
Koresh153: calls 30
*** TURN *** [7c 8c Ks] [3d]
Koresh153: checks 
Mahu2021: checks 
*** RIVER *** [7c 8c Ks 3d] [7h]
Koresh153: checks 
Mahu2021: bets 30
Koresh153: calls 30
*** SHOW DOWN ***
Mahu2021: shows [Kd 3c] (two pair, Kings and Sevens)
Koresh153: mucks hand 
Mahu2021 collected 180 from pot
*** SUMMARY ***
Total pot 180 | Rake 0 
Board [7c 8c Ks 3d 7h]
Seat 1: Mahu2021 (button) (small blind) showed [Kd 3c] and won (180) with two pair, Kings and Sevens
Seat 3: Koresh153 (big blind) mucked [Td 8d]



PokerStars Hand #245049962480: Tournament #3623114096, $0.92+$0.08 USD Hold'em No Limit - Level III (20/40) - 2023/07/27 18:19:11 CET [2023/07/27 12:19:11 ET]
Table '3623114096 1' 3-max Seat #3 is the button
Seat 1: Mahu2021 (665 in chips) 
Seat 3: Koresh153 (835 in chips) 
Koresh153: posts small blind 20
Mahu2021: posts big blind 40
*** HOLE CARDS ***
Dealt to Mahu2021 [7d 8s]
Koresh153: raises 795 to 835 and is all-in
Mahu2021: folds 
Uncalled bet (795) returned to Koresh153
Koresh153 collected 80 from pot
Koresh153: doesn't show hand 
*** SUMMARY ***
Total pot 80 | Rake 0 
Seat 1: Mahu2021 (big blind) folded before Flop
Seat 3: Koresh153 (button) (small blind) collected (80)



PokerStars Hand #245049964258: Tournament #3623114096, $0.92+$0.08 USD Hold'em No Limit - Level III (20/40) - 2023/07/27 18:19:17 CET [2023/07/27 12:19:17 ET]
Table '3623114096 1' 3-max Seat #1 is the button
Seat 1: Mahu2021 (625 in chips) 
Seat 3: Koresh153 (875 in chips) 
Mahu2021: posts small blind 20
Koresh153: posts big blind 40
*** HOLE CARDS ***
Dealt to Mahu2021 [4d 6h]
Mahu2021: folds 
Uncalled bet (20) returned to Koresh153
Koresh153 collected 40 from pot
Koresh153: doesn't show hand 
*** SUMMARY ***
Total pot 40 | Rake 0 
Seat 1: Mahu2021 (button) (small blind) folded before Flop
Seat 3: Koresh153 (big blind) collected (40)



PokerStars Hand #245049965518: Tournament #3623114096, $0.92+$0.08 USD Hold'em No Limit - Level III (20/40) - 2023/07/27 18:19:22 CET [2023/07/27 12:19:22 ET]
Table '3623114096 1' 3-max Seat #3 is the button
Seat 1: Mahu2021 (605 in chips) 
Seat 3: Koresh153 (895 in chips) 
Koresh153: posts small blind 20
Mahu2021: posts big blind 40
*** HOLE CARDS ***
Dealt to Mahu2021 [5s Kh]
Koresh153: folds 
Uncalled bet (20) returned to Mahu2021
Mahu2021 collected 40 from pot
Mahu2021: doesn't show hand 
*** SUMMARY ***
Total pot 40 | Rake 0 
Seat 1: Mahu2021 (big blind) collected (40)
Seat 3: Koresh153 (button) (small blind) folded before Flop



PokerStars Hand #245049966983: Tournament #3623114096, $0.92+$0.08 USD Hold'em No Limit - Level III (20/40) - 2023/07/27 18:19:28 CET [2023/07/27 12:19:28 ET]
Table '3623114096 1' 3-max Seat #1 is the button
Seat 1: Mahu2021 (625 in chips) 
Seat 3: Koresh153 (875 in chips) 
Mahu2021: posts small blind 20
Koresh153: posts big blind 40
*** HOLE CARDS ***
Dealt to Mahu2021 [2d 4c]
Mahu2021: folds 
Uncalled bet (20) returned to Koresh153
Koresh153 collected 40 from pot
Koresh153: doesn't show hand 
*** SUMMARY ***
Total pot 40 | Rake 0 
Seat 1: Mahu2021 (button) (small blind) folded before Flop
Seat 3: Koresh153 (big blind) collected (40)



PokerStars Hand #245049968151: Tournament #3623114096, $0.92+$0.08 USD Hold'em No Limit - Level III (20/40) - 2023/07/27 18:19:32 CET [2023/07/27 12:19:32 ET]
Table '3623114096 1' 3-max Seat #3 is the button
Seat 1: Mahu2021 (605 in chips) 
Seat 3: Koresh153 (895 in chips) 
Koresh153: posts small blind 20
Mahu2021: posts big blind 40
*** HOLE CARDS ***
Dealt to Mahu2021 [5d 9s]
Koresh153: calls 20
Mahu2021: checks 
*** FLOP *** [5c 3d Th]
Mahu2021: checks 
Koresh153: checks 
*** TURN *** [5c 3d Th] [6d]
Mahu2021: bets 40
Koresh153: folds 
Uncalled bet (40) returned to Mahu2021
Mahu2021 collected 80 from pot
Mahu2021: doesn't show hand 
*** SUMMARY ***
Total pot 80 | Rake 0 
Board [5c 3d Th 6d]
Seat 1: Mahu2021 (big blind) collected (80)
Seat 3: Koresh153 (button) (small blind) folded on the Turn



PokerStars Hand #245049971379: Tournament #3623114096, $0.92+$0.08 USD Hold'em No Limit - Level III (20/40) - 2023/07/27 18:19:44 CET [2023/07/27 12:19:44 ET]
Table '3623114096 1' 3-max Seat #1 is the button
Seat 1: Mahu2021 (645 in chips) 
Seat 3: Koresh153 (855 in chips) 
Mahu2021: posts small blind 20
Koresh153: posts big blind 40
*** HOLE CARDS ***
Dealt to Mahu2021 [3s 4c]
Mahu2021: calls 20
Koresh153: checks 
*** FLOP *** [Qh Tc 9d]
Koresh153: checks 
Mahu2021: bets 40
Koresh153: calls 40
*** TURN *** [Qh Tc 9d] [Ks]
Koresh153: checks 
Mahu2021: checks 
*** RIVER *** [Qh Tc 9d Ks] [Qd]
Koresh153: bets 80
Mahu2021: folds 
Uncalled bet (80) returned to Koresh153
Koresh153 collected 160 from pot
Koresh153: doesn't show hand 
*** SUMMARY ***
Total pot 160 | Rake 0 
Board [Qh Tc 9d Ks Qd]
Seat 1: Mahu2021 (button) (small blind) folded on the River
Seat 3: Koresh153 (big blind) collected (160)



PokerStars Hand #245049976893: Tournament #3623114096, $0.92+$0.08 USD Hold'em No Limit - Level III (20/40) - 2023/07/27 18:20:05 CET [2023/07/27 12:20:05 ET]
Table '3623114096 1' 3-max Seat #3 is the button
Seat 1: Mahu2021 (565 in chips) 
Seat 3: Koresh153 (935 in chips) 
Koresh153: posts small blind 20
Mahu2021: posts big blind 40
*** HOLE CARDS ***
Dealt to Mahu2021 [Ks 9d]
Koresh153: calls 20
Mahu2021: raises 80 to 120
Koresh153: folds 
Uncalled bet (80) returned to Mahu2021
Mahu2021 collected 80 from pot
Mahu2021: doesn't show hand 
*** SUMMARY ***
Total pot 80 | Rake 0 
Seat 1: Mahu2021 (big blind) collected (80)
Seat 3: Koresh153 (button) (small blind) folded before Flop



PokerStars Hand #245049979008: Tournament #3623114096, $0.92+$0.08 USD Hold'em No Limit - Level III (20/40) - 2023/07/27 18:20:13 CET [2023/07/27 12:20:13 ET]
Table '3623114096 1' 3-max Seat #1 is the button
Seat 1: Mahu2021 (605 in chips) 
Seat 3: Koresh153 (895 in chips) 
Mahu2021: posts small blind 20
Koresh153: posts big blind 40
*** HOLE CARDS ***
Dealt to Mahu2021 [2d 4s]
Mahu2021: folds 
Uncalled bet (20) returned to Koresh153
Koresh153 collected 40 from pot
Koresh153: doesn't show hand 
*** SUMMARY ***
Total pot 40 | Rake 0 
Seat 1: Mahu2021 (button) (small blind) folded before Flop
Seat 3: Koresh153 (big blind) collected (40)



PokerStars Hand #245049980160: Tournament #3623114096, $0.92+$0.08 USD Hold'em No Limit - Level III (20/40) - 2023/07/27 18:20:18 CET [2023/07/27 12:20:18 ET]
Table '3623114096 1' 3-max Seat #3 is the button
Seat 1: Mahu2021 (585 in chips) 
Seat 3: Koresh153 (915 in chips) 
Koresh153: posts small blind 20
Mahu2021: posts big blind 40
*** HOLE CARDS ***
Dealt to Mahu2021 [6h 4s]
Koresh153: raises 875 to 915 and is all-in
Mahu2021: folds 
Uncalled bet (875) returned to Koresh153
Koresh153 collected 80 from pot
Koresh153: doesn't show hand 
*** SUMMARY ***
Total pot 80 | Rake 0 
Seat 1: Mahu2021 (big blind) folded before Flop
Seat 3: Koresh153 (button) (small blind) collected (80)



PokerStars Hand #245049982033: Tournament #3623114096, $0.92+$0.08 USD Hold'em No Limit - Level III (20/40) - 2023/07/27 18:20:25 CET [2023/07/27 12:20:25 ET]
Table '3623114096 1' 3-max Seat #1 is the button
Seat 1: Mahu2021 (545 in chips) 
Seat 3: Koresh153 (955 in chips) 
Mahu2021: posts small blind 20
Koresh153: posts big blind 40
*** HOLE CARDS ***
Dealt to Mahu2021 [9d Ah]
Mahu2021: raises 40 to 80
Koresh153: folds 
Uncalled bet (40) returned to Mahu2021
Mahu2021 collected 80 from pot
Mahu2021: doesn't show hand 
*** SUMMARY ***
Total pot 80 | Rake 0 
Seat 1: Mahu2021 (button) (small blind) collected (80)
Seat 3: Koresh153 (big blind) folded before Flop



PokerStars Hand #245049983669: Tournament #3623114096, $0.92+$0.08 USD Hold'em No Limit - Level III (20/40) - 2023/07/27 18:20:31 CET [2023/07/27 12:20:31 ET]
Table '3623114096 1' 3-max Seat #3 is the button
Seat 1: Mahu2021 (585 in chips) 
Seat 3: Koresh153 (915 in chips) 
Koresh153: posts small blind 20
Mahu2021: posts big blind 40
*** HOLE CARDS ***
Dealt to Mahu2021 [Jh 4s]
Koresh153: calls 20
Mahu2021: checks 
*** FLOP *** [4h 3h Ts]
Mahu2021: checks 
Koresh153: bets 875 and is all-in
Mahu2021: folds 
Uncalled bet (875) returned to Koresh153
Koresh153 collected 80 from pot
Koresh153: doesn't show hand 
*** SUMMARY ***
Total pot 80 | Rake 0 
Board [4h 3h Ts]
Seat 1: Mahu2021 (big blind) folded on the Flop
Seat 3: Koresh153 (button) (small blind) collected (80)



PokerStars Hand #245049986683: Tournament #3623114096, $0.92+$0.08 USD Hold'em No Limit - Level III (20/40) - 2023/07/27 18:20:43 CET [2023/07/27 12:20:43 ET]
Table '3623114096 1' 3-max Seat #1 is the button
Seat 1: Mahu2021 (545 in chips) 
Seat 3: Koresh153 (955 in chips) 
Mahu2021: posts small blind 20
Koresh153: posts big blind 40
*** HOLE CARDS ***
Dealt to Mahu2021 [Qs Qc]
Mahu2021: calls 20
Koresh153: checks 
*** FLOP *** [Ah 9h 4h]
Koresh153: checks 
Mahu2021: checks 
*** TURN *** [Ah 9h 4h] [5h]
Koresh153: checks 
Mahu2021: checks 
*** RIVER *** [Ah 9h 4h 5h] [7s]
Koresh153: checks 
Mahu2021: checks 
*** SHOW DOWN ***
Koresh153: shows [4s Qd] (a pair of Fours)
Mahu2021: shows [Qs Qc] (a pair of Queens)
Mahu2021 collected 80 from pot
*** SUMMARY ***
Total pot 80 | Rake 0 
Board [Ah 9h 4h 5h 7s]
Seat 1: Mahu2021 (button) (small blind) showed [Qs Qc] and won (80) with a pair of Queens
Seat 3: Koresh153 (big blind) showed [4s Qd] and lost with a pair of Fours



PokerStars Hand #245049990159: Tournament #3623114096, $0.92+$0.08 USD Hold'em No Limit - Level III (20/40) - 2023/07/27 18:20:55 CET [2023/07/27 12:20:55 ET]
Table '3623114096 1' 3-max Seat #3 is the button
Seat 1: Mahu2021 (585 in chips) 
Seat 3: Koresh153 (915 in chips) 
Koresh153: posts small blind 20
Mahu2021: posts big blind 40
*** HOLE CARDS ***
Dealt to Mahu2021 [4s Kd]
Koresh153: calls 20
Mahu2021: checks 
*** FLOP *** [6s 7d As]
Mahu2021: checks 
Koresh153: bets 40
Mahu2021: folds 
Uncalled bet (40) returned to Koresh153
Koresh153 collected 80 from pot
Koresh153: doesn't show hand 
*** SUMMARY ***
Total pot 80 | Rake 0 
Board [6s 7d As]
Seat 1: Mahu2021 (big blind) folded on the Flop
Seat 3: Koresh153 (button) (small blind) collected (80)



PokerStars Hand #245049992894: Tournament #3623114096, $0.92+$0.08 USD Hold'em No Limit - Level III (20/40) - 2023/07/27 18:21:06 CET [2023/07/27 12:21:06 ET]
Table '3623114096 1' 3-max Seat #1 is the button
Seat 1: Mahu2021 (545 in chips) 
Seat 3: Koresh153 (955 in chips) 
Mahu2021: posts small blind 20
Koresh153: posts big blind 40
*** HOLE CARDS ***
Dealt to Mahu2021 [3h 2c]
Mahu2021: folds 
Uncalled bet (20) returned to Koresh153
Koresh153 collected 40 from pot
Koresh153: doesn't show hand 
*** SUMMARY ***
Total pot 40 | Rake 0 
Seat 1: Mahu2021 (button) (small blind) folded before Flop
Seat 3: Koresh153 (big blind) collected (40)



PokerStars Hand #245049994005: Tournament #3623114096, $0.92+$0.08 USD Hold'em No Limit - Level III (20/40) - 2023/07/27 18:21:10 CET [2023/07/27 12:21:10 ET]
Table '3623114096 1' 3-max Seat #3 is the button
Seat 1: Mahu2021 (525 in chips) 
Seat 3: Koresh153 (975 in chips) 
Koresh153: posts small blind 20
Mahu2021: posts big blind 40
*** HOLE CARDS ***
Dealt to Mahu2021 [7d 3h]
Koresh153: raises 935 to 975 and is all-in
Mahu2021: folds 
Uncalled bet (935) returned to Koresh153
Koresh153 collected 80 from pot
Koresh153: doesn't show hand 
*** SUMMARY ***
Total pot 80 | Rake 0 
Seat 1: Mahu2021 (big blind) folded before Flop
Seat 3: Koresh153 (button) (small blind) collected (80)



PokerStars Hand #245049995343: Tournament #3623114096, $0.92+$0.08 USD Hold'em No Limit - Level III (20/40) - 2023/07/27 18:21:15 CET [2023/07/27 12:21:15 ET]
Table '3623114096 1' 3-max Seat #1 is the button
Seat 1: Mahu2021 (485 in chips) 
Seat 3: Koresh153 (1015 in chips) 
Mahu2021: posts small blind 20
Koresh153: posts big blind 40
*** HOLE CARDS ***
Dealt to Mahu2021 [7c Jd]
Mahu2021: calls 20
Koresh153: raises 975 to 1015 and is all-in
Mahu2021: folds 
Uncalled bet (975) returned to Koresh153
Koresh153 collected 80 from pot
Koresh153: doesn't show hand 
*** SUMMARY ***
Total pot 80 | Rake 0 
Seat 1: Mahu2021 (button) (small blind) folded before Flop
Seat 3: Koresh153 (big blind) collected (80)



PokerStars Hand #245049997219: Tournament #3623114096, $0.92+$0.08 USD Hold'em No Limit - Level III (20/40) - 2023/07/27 18:21:22 CET [2023/07/27 12:21:22 ET]
Table '3623114096 1' 3-max Seat #3 is the button
Seat 1: Mahu2021 (445 in chips) 
Seat 3: Koresh153 (1055 in chips) 
Koresh153: posts small blind 20
Mahu2021: posts big blind 40
*** HOLE CARDS ***
Dealt to Mahu2021 [Td 4s]
Koresh153: calls 20
Mahu2021: checks 
*** FLOP *** [Kc 9h 5d]
Mahu2021: checks 
Koresh153: checks 
*** TURN *** [Kc 9h 5d] [2c]
Mahu2021: checks 
Koresh153: bets 120
Mahu2021: folds 
Uncalled bet (120) returned to Koresh153
Koresh153 collected 80 from pot
Koresh153: doesn't show hand 
*** SUMMARY ***
Total pot 80 | Rake 0 
Board [Kc 9h 5d 2c]
Seat 1: Mahu2021 (big blind) folded on the Turn
Seat 3: Koresh153 (button) (small blind) collected (80)



PokerStars Hand #245050000418: Tournament #3623114096, $0.92+$0.08 USD Hold'em No Limit - Level III (20/40) - 2023/07/27 18:21:34 CET [2023/07/27 12:21:34 ET]
Table '3623114096 1' 3-max Seat #1 is the button
Seat 1: Mahu2021 (405 in chips) 
Seat 3: Koresh153 (1095 in chips) 
Mahu2021: posts small blind 20
Koresh153: posts big blind 40
*** HOLE CARDS ***
Dealt to Mahu2021 [2s 3d]
Mahu2021: folds 
Uncalled bet (20) returned to Koresh153
Koresh153 collected 40 from pot
Koresh153: doesn't show hand 
*** SUMMARY ***
Total pot 40 | Rake 0 
Seat 1: Mahu2021 (button) (small blind) folded before Flop
Seat 3: Koresh153 (big blind) collected (40)



PokerStars Hand #245050001610: Tournament #3623114096, $0.92+$0.08 USD Hold'em No Limit - Level III (20/40) - 2023/07/27 18:21:38 CET [2023/07/27 12:21:38 ET]
Table '3623114096 1' 3-max Seat #3 is the button
Seat 1: Mahu2021 (385 in chips) 
Seat 3: Koresh153 (1115 in chips) 
Koresh153: posts small blind 20
Mahu2021: posts big blind 40
*** HOLE CARDS ***
Dealt to Mahu2021 [Jd 5d]
Koresh153: calls 20
Mahu2021: checks 
*** FLOP *** [7h Jc Qd]
Mahu2021: checks 
Koresh153: bets 80
Mahu2021: raises 120 to 200
Koresh153: raises 875 to 1075 and is all-in
Mahu2021: calls 145 and is all-in
Uncalled bet (730) returned to Koresh153
*** TURN *** [7h Jc Qd] [2s]
*** RIVER *** [7h Jc Qd 2s] [Ac]
*** SHOW DOWN ***
Mahu2021: shows [Jd 5d] (a pair of Jacks)
Koresh153: shows [Jh Qh] (two pair, Queens and Jacks)
Koresh153 collected 770 from pot
Mahu2021 finished the tournament in 2nd place
Koresh153 wins the tournament and receives $3.00 - congratulations!
*** SUMMARY ***
Total pot 770 | Rake 0 
Board [7h Jc Qd 2s Ac]
Seat 1: Mahu2021 (big blind) showed [Jd 5d] and lost with a pair of Jacks
Seat 3: Koresh153 (button) (small blind) showed [Jh Qh] and won (770) with two pair, Queens and Jacks



