PokerStars Hand #252811916818: Tournament #3809224614, $9.30+$0.70 USD Hold'em No Limit - Level I (10/20) - 2024/10/07 17:26:42 CET [2024/10/07 11:26:42 ET]
Table '3809224614 1' 3-max Seat #1 is the button
Seat 1: B/\agic/\aB (500 in chips) 
Seat 2: Mahu2021 (500 in chips) 
Seat 3: Safo1368 (500 in chips) 
Mahu2021: posts small blind 10
Safo1368: posts big blind 20
*** HOLE CARDS ***
Dealt to Mahu2021 [6c Ad]
B/\agic/\aB: folds 
Mahu2021: raises 40 to 60
Safo1368: calls 40
*** FLOP *** [6s Kh 7d]
Mahu2021: checks 
Safo1368: checks 
*** TURN *** [6s Kh 7d] [2s]
Mahu2021: checks 
Safo1368: checks 
*** RIVER *** [6s Kh 7d 2s] [6d]
Mahu2021: bets 120
Safo1368: folds 
Uncalled bet (120) returned to Mahu2021
Mahu2021 collected 120 from pot
Mahu2021: doesn't show hand 
*** SUMMARY ***
Total pot 120 | Rake 0 
Board [6s Kh 7d 2s 6d]
Seat 1: B/\agic/\aB (button) folded before Flop (didn't bet)
Seat 2: Mahu2021 (small blind) collected (120)
Seat 3: Safo1368 (big blind) folded on the River



PokerStars Hand #252811921209: Tournament #3809224614, $9.30+$0.70 USD Hold'em No Limit - Level I (10/20) - 2024/10/07 17:27:02 CET [2024/10/07 11:27:02 ET]
Table '3809224614 1' 3-max Seat #2 is the button
Seat 1: B/\agic/\aB (500 in chips) 
Seat 2: Mahu2021 (560 in chips) 
Seat 3: Safo1368 (440 in chips) 
Safo1368: posts small blind 10
B/\agic/\aB: posts big blind 20
*** HOLE CARDS ***
Dealt to Mahu2021 [Jh Kh]
Mahu2021: calls 20
Safo1368: raises 20 to 40
B/\agic/\aB: calls 20
Mahu2021: calls 20
*** FLOP *** [Jd Qs Td]
Safo1368: bets 126
B/\agic/\aB: folds 
Mahu2021: folds 
Uncalled bet (126) returned to Safo1368
Safo1368 collected 120 from pot
Safo1368: doesn't show hand 
*** SUMMARY ***
Total pot 120 | Rake 0 
Board [Jd Qs Td]
Seat 1: B/\agic/\aB (big blind) folded on the Flop
Seat 2: Mahu2021 (button) folded on the Flop
Seat 3: Safo1368 (small blind) collected (120)



PokerStars Hand #252811927477: Tournament #3809224614, $9.30+$0.70 USD Hold'em No Limit - Level I (10/20) - 2024/10/07 17:27:32 CET [2024/10/07 11:27:32 ET]
Table '3809224614 1' 3-max Seat #3 is the button
Seat 1: B/\agic/\aB (460 in chips) 
Seat 2: Mahu2021 (520 in chips) 
Seat 3: Safo1368 (520 in chips) 
B/\agic/\aB: posts small blind 10
Mahu2021: posts big blind 20
*** HOLE CARDS ***
Dealt to Mahu2021 [Th 6c]
Safo1368: raises 20 to 40
B/\agic/\aB: folds 
Mahu2021: folds 
Uncalled bet (20) returned to Safo1368
Safo1368 collected 50 from pot
Safo1368: doesn't show hand 
*** SUMMARY ***
Total pot 50 | Rake 0 
Seat 1: B/\agic/\aB (small blind) folded before Flop
Seat 2: Mahu2021 (big blind) folded before Flop
Seat 3: Safo1368 (button) collected (50)



PokerStars Hand #252811930248: Tournament #3809224614, $9.30+$0.70 USD Hold'em No Limit - Level I (10/20) - 2024/10/07 17:27:44 CET [2024/10/07 11:27:44 ET]
Table '3809224614 1' 3-max Seat #1 is the button
Seat 1: B/\agic/\aB (450 in chips) 
Seat 2: Mahu2021 (500 in chips) 
Seat 3: Safo1368 (550 in chips) 
Mahu2021: posts small blind 10
Safo1368: posts big blind 20
*** HOLE CARDS ***
Dealt to Mahu2021 [8c Th]
B/\agic/\aB: folds 
Mahu2021: folds 
Uncalled bet (10) returned to Safo1368
Safo1368 collected 20 from pot
Safo1368: doesn't show hand 
*** SUMMARY ***
Total pot 20 | Rake 0 
Seat 1: B/\agic/\aB (button) folded before Flop (didn't bet)
Seat 2: Mahu2021 (small blind) folded before Flop
Seat 3: Safo1368 (big blind) collected (20)



PokerStars Hand #252811932397: Tournament #3809224614, $9.30+$0.70 USD Hold'em No Limit - Level I (10/20) - 2024/10/07 17:27:54 CET [2024/10/07 11:27:54 ET]
Table '3809224614 1' 3-max Seat #2 is the button
Seat 1: B/\agic/\aB (450 in chips) 
Seat 2: Mahu2021 (490 in chips) 
Seat 3: Safo1368 (560 in chips) 
Safo1368: posts small blind 10
B/\agic/\aB: posts big blind 20
*** HOLE CARDS ***
Dealt to Mahu2021 [3h 4d]
Mahu2021: folds 
Safo1368: raises 20 to 40
B/\agic/\aB: calls 20
*** FLOP *** [5d 2c Ks]
Safo1368: bets 20
B/\agic/\aB: calls 20
*** TURN *** [5d 2c Ks] [Js]
Safo1368: checks 
B/\agic/\aB: bets 120
Safo1368: folds 
Uncalled bet (120) returned to B/\agic/\aB
B/\agic/\aB collected 120 from pot
*** SUMMARY ***
Total pot 120 | Rake 0 
Board [5d 2c Ks Js]
Seat 1: B/\agic/\aB (big blind) collected (120)
Seat 2: Mahu2021 (button) folded before Flop (didn't bet)
Seat 3: Safo1368 (small blind) folded on the Turn



PokerStars Hand #252811938452: Tournament #3809224614, $9.30+$0.70 USD Hold'em No Limit - Level I (10/20) - 2024/10/07 17:28:22 CET [2024/10/07 11:28:22 ET]
Table '3809224614 1' 3-max Seat #3 is the button
Seat 1: B/\agic/\aB (510 in chips) 
Seat 2: Mahu2021 (490 in chips) 
Seat 3: Safo1368 (500 in chips) 
B/\agic/\aB: posts small blind 10
Mahu2021: posts big blind 20
*** HOLE CARDS ***
Dealt to Mahu2021 [2d Th]
Safo1368: raises 20 to 40
B/\agic/\aB: folds 
Mahu2021: folds 
Uncalled bet (20) returned to Safo1368
Safo1368 collected 50 from pot
Safo1368: doesn't show hand 
*** SUMMARY ***
Total pot 50 | Rake 0 
Seat 1: B/\agic/\aB (small blind) folded before Flop
Seat 2: Mahu2021 (big blind) folded before Flop
Seat 3: Safo1368 (button) collected (50)



PokerStars Hand #252811940622: Tournament #3809224614, $9.30+$0.70 USD Hold'em No Limit - Level I (10/20) - 2024/10/07 17:28:32 CET [2024/10/07 11:28:32 ET]
Table '3809224614 1' 3-max Seat #1 is the button
Seat 1: B/\agic/\aB (500 in chips) 
Seat 2: Mahu2021 (470 in chips) 
Seat 3: Safo1368 (530 in chips) 
Mahu2021: posts small blind 10
Safo1368: posts big blind 20
*** HOLE CARDS ***
Dealt to Mahu2021 [5d 7c]
B/\agic/\aB: folds 
Mahu2021: folds 
Uncalled bet (10) returned to Safo1368
Safo1368 collected 20 from pot
Safo1368: doesn't show hand 
*** SUMMARY ***
Total pot 20 | Rake 0 
Seat 1: B/\agic/\aB (button) folded before Flop (didn't bet)
Seat 2: Mahu2021 (small blind) folded before Flop
Seat 3: Safo1368 (big blind) collected (20)



PokerStars Hand #252811943799: Tournament #3809224614, $9.30+$0.70 USD Hold'em No Limit - Level II (15/30) - 2024/10/07 17:28:47 CET [2024/10/07 11:28:47 ET]
Table '3809224614 1' 3-max Seat #2 is the button
Seat 1: B/\agic/\aB (500 in chips) 
Seat 2: Mahu2021 (460 in chips) 
Seat 3: Safo1368 (540 in chips) 
Safo1368: posts small blind 15
B/\agic/\aB: posts big blind 30
*** HOLE CARDS ***
Dealt to Mahu2021 [Ac 5s]
Mahu2021: raises 60 to 90
Safo1368: calls 75
B/\agic/\aB: calls 60
*** FLOP *** [2s 5h 8s]
Safo1368: bets 135
B/\agic/\aB: folds 
Mahu2021: raises 235 to 370 and is all-in
Safo1368: calls 235
*** TURN *** [2s 5h 8s] [Qs]
*** RIVER *** [2s 5h 8s Qs] [6h]
*** SHOW DOWN ***
Safo1368: shows [8d 6s] (two pair, Eights and Sixes)
Mahu2021: shows [Ac 5s] (a pair of Fives)
Safo1368 collected 1010 from pot
Mahu2021 finished the tournament in 3rd place
*** SUMMARY ***
Total pot 1010 | Rake 0 
Board [2s 5h 8s Qs 6h]
Seat 1: B/\agic/\aB (big blind) folded on the Flop
Seat 2: Mahu2021 (button) showed [Ac 5s] and lost with a pair of Fives
Seat 3: Safo1368 (small blind) showed [8d 6s] and won (1010) with two pair, Eights and Sixes



