PokerStars Hand #250147915565: Tournament #3746397737, $1.84+$0.16 USD Hold'em No Limit - Level I (10/20) - 2024/04/24 19:47:04 CET [2024/04/24 13:47:04 ET]
Table '3746397737 1' 3-max Seat #1 is the button
Seat 1: Lowzadaa (500 in chips) 
Seat 2: Mahu2021 (500 in chips) 
Seat 3: jonnyblass (500 in chips) 
Mahu2021: posts small blind 10
jonnyblass: posts big blind 20
*** HOLE CARDS ***
Dealt to Mahu2021 [Js 8s]
Lowzadaa: calls 20
Mahu2021: calls 10
jonnyblass: checks 
*** FLOP *** [7c 4s 9d]
Mahu2021: checks 
jonnyblass: checks 
Lowzadaa: checks 
*** TURN *** [7c 4s 9d] [9s]
Mahu2021: checks 
jonnyblass: checks 
Lowzadaa: bets 20
Mahu2021: calls 20
jonnyblass: calls 20
*** RIVER *** [7c 4s 9d 9s] [6d]
Mahu2021: checks 
jonnyblass: checks 
Lowzadaa: bets 120
Mahu2021: folds 
jonnyblass: folds 
Uncalled bet (120) returned to Lowzadaa
Lowzadaa collected 120 from pot
Lowzadaa: doesn't show hand 
*** SUMMARY ***
Total pot 120 | Rake 0 
Board [7c 4s 9d 9s 6d]
Seat 1: Lowzadaa (button) collected (120)
Seat 2: Mahu2021 (small blind) folded on the River
Seat 3: jonnyblass (big blind) folded on the River



PokerStars Hand #250147926193: Tournament #3746397737, $1.84+$0.16 USD Hold'em No Limit - Level I (10/20) - 2024/04/24 19:47:41 CET [2024/04/24 13:47:41 ET]
Table '3746397737 1' 3-max Seat #2 is the button
Seat 1: Lowzadaa (580 in chips) 
Seat 2: Mahu2021 (460 in chips) 
Seat 3: jonnyblass (460 in chips) 
jonnyblass: posts small blind 10
Lowzadaa: posts big blind 20
*** HOLE CARDS ***
Dealt to Mahu2021 [9h Ts]
Mahu2021: folds 
jonnyblass: folds 
Uncalled bet (10) returned to Lowzadaa
Lowzadaa collected 20 from pot
Lowzadaa: doesn't show hand 
*** SUMMARY ***
Total pot 20 | Rake 0 
Seat 1: Lowzadaa (big blind) collected (20)
Seat 2: Mahu2021 (button) folded before Flop (didn't bet)
Seat 3: jonnyblass (small blind) folded before Flop



PokerStars Hand #250147927788: Tournament #3746397737, $1.84+$0.16 USD Hold'em No Limit - Level I (10/20) - 2024/04/24 19:47:46 CET [2024/04/24 13:47:46 ET]
Table '3746397737 1' 3-max Seat #3 is the button
Seat 1: Lowzadaa (590 in chips) 
Seat 2: Mahu2021 (460 in chips) 
Seat 3: jonnyblass (450 in chips) 
Lowzadaa: posts small blind 10
Mahu2021: posts big blind 20
*** HOLE CARDS ***
Dealt to Mahu2021 [4c 9h]
jonnyblass: calls 20
Lowzadaa: calls 10
Mahu2021: checks 
*** FLOP *** [Jc 7h Kd]
Lowzadaa: checks 
Mahu2021: checks 
jonnyblass: bets 60
Lowzadaa: folds 
Mahu2021: folds 
Uncalled bet (60) returned to jonnyblass
jonnyblass collected 60 from pot
*** SUMMARY ***
Total pot 60 | Rake 0 
Board [Jc 7h Kd]
Seat 1: Lowzadaa (small blind) folded on the Flop
Seat 2: Mahu2021 (big blind) folded on the Flop
Seat 3: jonnyblass (button) collected (60)



PokerStars Hand #250147932076: Tournament #3746397737, $1.84+$0.16 USD Hold'em No Limit - Level I (10/20) - 2024/04/24 19:48:02 CET [2024/04/24 13:48:02 ET]
Table '3746397737 1' 3-max Seat #1 is the button
Seat 1: Lowzadaa (570 in chips) 
Seat 2: Mahu2021 (440 in chips) 
Seat 3: jonnyblass (490 in chips) 
Mahu2021: posts small blind 10
jonnyblass: posts big blind 20
*** HOLE CARDS ***
Dealt to Mahu2021 [8d Ah]
Lowzadaa: folds 
Mahu2021: raises 20 to 40
jonnyblass: calls 20
*** FLOP *** [5c 9s As]
Mahu2021: bets 40
jonnyblass: calls 40
*** TURN *** [5c 9s As] [Ts]
Mahu2021: bets 40
jonnyblass: folds 
Uncalled bet (40) returned to Mahu2021
Mahu2021 collected 160 from pot
Mahu2021: doesn't show hand 
*** SUMMARY ***
Total pot 160 | Rake 0 
Board [5c 9s As Ts]
Seat 1: Lowzadaa (button) folded before Flop (didn't bet)
Seat 2: Mahu2021 (small blind) collected (160)
Seat 3: jonnyblass (big blind) folded on the Turn



PokerStars Hand #250147937241: Tournament #3746397737, $1.84+$0.16 USD Hold'em No Limit - Level I (10/20) - 2024/04/24 19:48:20 CET [2024/04/24 13:48:20 ET]
Table '3746397737 1' 3-max Seat #2 is the button
Seat 1: Lowzadaa (570 in chips) 
Seat 2: Mahu2021 (520 in chips) 
Seat 3: jonnyblass (410 in chips) 
jonnyblass: posts small blind 10
Lowzadaa: posts big blind 20
*** HOLE CARDS ***
Dealt to Mahu2021 [8d 4s]
Mahu2021: folds 
jonnyblass: calls 10
Lowzadaa: checks 
*** FLOP *** [5h Kc 3s]
jonnyblass: checks 
Lowzadaa: bets 40
jonnyblass: folds 
Uncalled bet (40) returned to Lowzadaa
Lowzadaa collected 40 from pot
Lowzadaa: doesn't show hand 
*** SUMMARY ***
Total pot 40 | Rake 0 
Board [5h Kc 3s]
Seat 1: Lowzadaa (big blind) collected (40)
Seat 2: Mahu2021 (button) folded before Flop (didn't bet)
Seat 3: jonnyblass (small blind) folded on the Flop



PokerStars Hand #250147941838: Tournament #3746397737, $1.84+$0.16 USD Hold'em No Limit - Level I (10/20) - 2024/04/24 19:48:36 CET [2024/04/24 13:48:36 ET]
Table '3746397737 1' 3-max Seat #3 is the button
Seat 1: Lowzadaa (590 in chips) 
Seat 2: Mahu2021 (520 in chips) 
Seat 3: jonnyblass (390 in chips) 
Lowzadaa: posts small blind 10
Mahu2021: posts big blind 20
*** HOLE CARDS ***
Dealt to Mahu2021 [4d 9c]
jonnyblass: folds 
Lowzadaa: calls 10
Mahu2021: checks 
*** FLOP *** [5s Td Jc]
Lowzadaa: bets 20
Mahu2021: folds 
Uncalled bet (20) returned to Lowzadaa
Lowzadaa collected 40 from pot
Lowzadaa: doesn't show hand 
*** SUMMARY ***
Total pot 40 | Rake 0 
Board [5s Td Jc]
Seat 1: Lowzadaa (small blind) collected (40)
Seat 2: Mahu2021 (big blind) folded on the Flop
Seat 3: jonnyblass (button) folded before Flop (didn't bet)



PokerStars Hand #250147945118: Tournament #3746397737, $1.84+$0.16 USD Hold'em No Limit - Level I (10/20) - 2024/04/24 19:48:48 CET [2024/04/24 13:48:48 ET]
Table '3746397737 1' 3-max Seat #1 is the button
Seat 1: Lowzadaa (610 in chips) 
Seat 2: Mahu2021 (500 in chips) 
Seat 3: jonnyblass (390 in chips) 
Mahu2021: posts small blind 10
jonnyblass: posts big blind 20
*** HOLE CARDS ***
Dealt to Mahu2021 [8s 5c]
Lowzadaa: calls 20
Mahu2021: folds 
jonnyblass: checks 
*** FLOP *** [8h Ks 2d]
jonnyblass: checks 
Lowzadaa: checks 
*** TURN *** [8h Ks 2d] [Qs]
jonnyblass: bets 50
Lowzadaa: raises 110 to 160
jonnyblass: calls 110
*** RIVER *** [8h Ks 2d Qs] [Jd]
jonnyblass: checks 
Lowzadaa: bets 250
jonnyblass: folds 
Uncalled bet (250) returned to Lowzadaa
Lowzadaa collected 370 from pot
Lowzadaa: doesn't show hand 
*** SUMMARY ***
Total pot 370 | Rake 0 
Board [8h Ks 2d Qs Jd]
Seat 1: Lowzadaa (button) collected (370)
Seat 2: Mahu2021 (small blind) folded before Flop
Seat 3: jonnyblass (big blind) folded on the River



PokerStars Hand #250147954255: Tournament #3746397737, $1.84+$0.16 USD Hold'em No Limit - Level I (10/20) - 2024/04/24 19:49:20 CET [2024/04/24 13:49:20 ET]
Table '3746397737 1' 3-max Seat #2 is the button
Seat 1: Lowzadaa (800 in chips) 
Seat 2: Mahu2021 (490 in chips) 
Seat 3: jonnyblass (210 in chips) 
jonnyblass: posts small blind 10
Lowzadaa: posts big blind 20
*** HOLE CARDS ***
Dealt to Mahu2021 [Ks Qs]
Mahu2021: raises 20 to 40
jonnyblass: raises 170 to 210 and is all-in
Lowzadaa: folds 
Mahu2021: calls 170
*** FLOP *** [9c Kd Jd]
*** TURN *** [9c Kd Jd] [5c]
*** RIVER *** [9c Kd Jd 5c] [9d]
*** SHOW DOWN ***
jonnyblass: shows [Th Js] (two pair, Jacks and Nines)
Mahu2021: shows [Ks Qs] (two pair, Kings and Nines)
Mahu2021 collected 440 from pot
jonnyblass finished the tournament in 3rd place
*** SUMMARY ***
Total pot 440 | Rake 0 
Board [9c Kd Jd 5c 9d]
Seat 1: Lowzadaa (big blind) folded before Flop
Seat 2: Mahu2021 (button) showed [Ks Qs] and won (440) with two pair, Kings and Nines
Seat 3: jonnyblass (small blind) showed [Th Js] and lost with two pair, Jacks and Nines



PokerStars Hand #250147959848: Tournament #3746397737, $1.84+$0.16 USD Hold'em No Limit - Level I (10/20) - 2024/04/24 19:49:40 CET [2024/04/24 13:49:40 ET]
Table '3746397737 1' 3-max Seat #1 is the button
Seat 1: Lowzadaa (780 in chips) 
Seat 2: Mahu2021 (720 in chips) 
Lowzadaa: posts small blind 10
Mahu2021: posts big blind 20
*** HOLE CARDS ***
Dealt to Mahu2021 [Jc 9h]
Lowzadaa: calls 10
Mahu2021: checks 
*** FLOP *** [9s 7c Jh]
Mahu2021: checks 
Lowzadaa: bets 40
Mahu2021: calls 40
*** TURN *** [9s 7c Jh] [5s]
Mahu2021: checks 
Lowzadaa: bets 120
Mahu2021: calls 120
*** RIVER *** [9s 7c Jh 5s] [6d]
Mahu2021: bets 540 and is all-in
Lowzadaa: folds 
Uncalled bet (540) returned to Mahu2021
Mahu2021 collected 360 from pot
Mahu2021: doesn't show hand 
*** SUMMARY ***
Total pot 360 | Rake 0 
Board [9s 7c Jh 5s 6d]
Seat 1: Lowzadaa (button) (small blind) folded on the River
Seat 2: Mahu2021 (big blind) collected (360)



PokerStars Hand #250147965468: Tournament #3746397737, $1.84+$0.16 USD Hold'em No Limit - Level I (10/20) - 2024/04/24 19:49:59 CET [2024/04/24 13:49:59 ET]
Table '3746397737 1' 3-max Seat #2 is the button
Seat 1: Lowzadaa (600 in chips) 
Seat 2: Mahu2021 (900 in chips) 
Mahu2021: posts small blind 10
Lowzadaa: posts big blind 20
*** HOLE CARDS ***
Dealt to Mahu2021 [6s Jd]
Mahu2021: folds 
Uncalled bet (10) returned to Lowzadaa
Lowzadaa collected 20 from pot
Lowzadaa: doesn't show hand 
*** SUMMARY ***
Total pot 20 | Rake 0 
Seat 1: Lowzadaa (big blind) collected (20)
Seat 2: Mahu2021 (button) (small blind) folded before Flop



PokerStars Hand #250147966631: Tournament #3746397737, $1.84+$0.16 USD Hold'em No Limit - Level I (10/20) - 2024/04/24 19:50:04 CET [2024/04/24 13:50:04 ET]
Table '3746397737 1' 3-max Seat #1 is the button
Seat 1: Lowzadaa (610 in chips) 
Seat 2: Mahu2021 (890 in chips) 
Lowzadaa: posts small blind 10
Mahu2021: posts big blind 20
*** HOLE CARDS ***
Dealt to Mahu2021 [Qs 2d]
Lowzadaa: folds 
Uncalled bet (10) returned to Mahu2021
Mahu2021 collected 20 from pot
Mahu2021: doesn't show hand 
*** SUMMARY ***
Total pot 20 | Rake 0 
Seat 1: Lowzadaa (button) (small blind) folded before Flop
Seat 2: Mahu2021 (big blind) collected (20)



PokerStars Hand #250147968841: Tournament #3746397737, $1.84+$0.16 USD Hold'em No Limit - Level II (15/30) - 2024/04/24 19:50:11 CET [2024/04/24 13:50:11 ET]
Table '3746397737 1' 3-max Seat #2 is the button
Seat 1: Lowzadaa (600 in chips) 
Seat 2: Mahu2021 (900 in chips) 
Mahu2021: posts small blind 15
Lowzadaa: posts big blind 30
*** HOLE CARDS ***
Dealt to Mahu2021 [Ah 7h]
Mahu2021: raises 30 to 60
Lowzadaa: calls 30
*** FLOP *** [9c 3h Jc]
Lowzadaa: checks 
Mahu2021: checks 
*** TURN *** [9c 3h Jc] [7s]
Lowzadaa: bets 30
Mahu2021: calls 30
*** RIVER *** [9c 3h Jc 7s] [9s]
Lowzadaa: bets 180
Mahu2021: calls 180
*** SHOW DOWN ***
Lowzadaa: shows [Kd 4s] (a pair of Nines)
Mahu2021: shows [Ah 7h] (two pair, Nines and Sevens)
Mahu2021 collected 540 from pot
*** SUMMARY ***
Total pot 540 | Rake 0 
Board [9c 3h Jc 7s 9s]
Seat 1: Lowzadaa (big blind) showed [Kd 4s] and lost with a pair of Nines
Seat 2: Mahu2021 (button) (small blind) showed [Ah 7h] and won (540) with two pair, Nines and Sevens



PokerStars Hand #250147974703: Tournament #3746397737, $1.84+$0.16 USD Hold'em No Limit - Level II (15/30) - 2024/04/24 19:50:32 CET [2024/04/24 13:50:32 ET]
Table '3746397737 1' 3-max Seat #1 is the button
Seat 1: Lowzadaa (330 in chips) 
Seat 2: Mahu2021 (1170 in chips) 
Lowzadaa: posts small blind 15
Mahu2021: posts big blind 30
*** HOLE CARDS ***
Dealt to Mahu2021 [7h 4s]
Lowzadaa: raises 300 to 330 and is all-in
Mahu2021: folds 
Uncalled bet (300) returned to Lowzadaa
Lowzadaa collected 60 from pot
Lowzadaa: doesn't show hand 
*** SUMMARY ***
Total pot 60 | Rake 0 
Seat 1: Lowzadaa (button) (small blind) collected (60)
Seat 2: Mahu2021 (big blind) folded before Flop



PokerStars Hand #250147976517: Tournament #3746397737, $1.84+$0.16 USD Hold'em No Limit - Level II (15/30) - 2024/04/24 19:50:39 CET [2024/04/24 13:50:39 ET]
Table '3746397737 1' 3-max Seat #2 is the button
Seat 1: Lowzadaa (360 in chips) 
Seat 2: Mahu2021 (1140 in chips) 
Mahu2021: posts small blind 15
Lowzadaa: posts big blind 30
*** HOLE CARDS ***
Dealt to Mahu2021 [6s 4c]
Mahu2021: folds 
Uncalled bet (15) returned to Lowzadaa
Lowzadaa collected 30 from pot
Lowzadaa: doesn't show hand 
*** SUMMARY ***
Total pot 30 | Rake 0 
Seat 1: Lowzadaa (big blind) collected (30)
Seat 2: Mahu2021 (button) (small blind) folded before Flop



PokerStars Hand #250147977679: Tournament #3746397737, $1.84+$0.16 USD Hold'em No Limit - Level II (15/30) - 2024/04/24 19:50:43 CET [2024/04/24 13:50:43 ET]
Table '3746397737 1' 3-max Seat #1 is the button
Seat 1: Lowzadaa (375 in chips) 
Seat 2: Mahu2021 (1125 in chips) 
Lowzadaa: posts small blind 15
Mahu2021: posts big blind 30
*** HOLE CARDS ***
Dealt to Mahu2021 [6s 9h]
Lowzadaa: calls 15
Mahu2021: checks 
*** FLOP *** [Ad Kc 2s]
Mahu2021: checks 
Lowzadaa: checks 
*** TURN *** [Ad Kc 2s] [7d]
Mahu2021: checks 
Lowzadaa: checks 
*** RIVER *** [Ad Kc 2s 7d] [6h]
Mahu2021: bets 60
Lowzadaa: calls 60
*** SHOW DOWN ***
Mahu2021: shows [6s 9h] (a pair of Sixes)
Lowzadaa: mucks hand 
Mahu2021 collected 180 from pot
*** SUMMARY ***
Total pot 180 | Rake 0 
Board [Ad Kc 2s 7d 6h]
Seat 1: Lowzadaa (button) (small blind) mucked [8s Tc]
Seat 2: Mahu2021 (big blind) showed [6s 9h] and won (180) with a pair of Sixes



PokerStars Hand #250147983464: Tournament #3746397737, $1.84+$0.16 USD Hold'em No Limit - Level II (15/30) - 2024/04/24 19:51:03 CET [2024/04/24 13:51:03 ET]
Table '3746397737 1' 3-max Seat #2 is the button
Seat 1: Lowzadaa (285 in chips) 
Seat 2: Mahu2021 (1215 in chips) 
Mahu2021: posts small blind 15
Lowzadaa: posts big blind 30
*** HOLE CARDS ***
Dealt to Mahu2021 [7h Th]
Mahu2021: calls 15
Lowzadaa: checks 
*** FLOP *** [5h Ks Jc]
Lowzadaa: checks 
Mahu2021: bets 30
Lowzadaa: folds 
Uncalled bet (30) returned to Mahu2021
Mahu2021 collected 60 from pot
Mahu2021: doesn't show hand 
*** SUMMARY ***
Total pot 60 | Rake 0 
Board [5h Ks Jc]
Seat 1: Lowzadaa (big blind) folded on the Flop
Seat 2: Mahu2021 (button) (small blind) collected (60)



PokerStars Hand #250147986458: Tournament #3746397737, $1.84+$0.16 USD Hold'em No Limit - Level II (15/30) - 2024/04/24 19:51:14 CET [2024/04/24 13:51:14 ET]
Table '3746397737 1' 3-max Seat #1 is the button
Seat 1: Lowzadaa (255 in chips) 
Seat 2: Mahu2021 (1245 in chips) 
Lowzadaa: posts small blind 15
Mahu2021: posts big blind 30
*** HOLE CARDS ***
Dealt to Mahu2021 [Qs 6h]
Lowzadaa: calls 15
Mahu2021: checks 
*** FLOP *** [Qh As 8s]
Mahu2021: checks 
Lowzadaa: bets 30
Mahu2021: calls 30
*** TURN *** [Qh As 8s] [Kc]
Mahu2021: checks 
Lowzadaa: bets 30
Mahu2021: calls 30
*** RIVER *** [Qh As 8s Kc] [3c]
Mahu2021: checks 
Lowzadaa: bets 165 and is all-in
Mahu2021: calls 165
*** SHOW DOWN ***
Lowzadaa: shows [6d Qd] (a pair of Queens)
Mahu2021: shows [Qs 6h] (a pair of Queens)
Mahu2021 collected 255 from pot
Lowzadaa collected 255 from pot
*** SUMMARY ***
Total pot 510 | Rake 0 
Board [Qh As 8s Kc 3c]
Seat 1: Lowzadaa (button) (small blind) showed [6d Qd] and won (255) with a pair of Queens
Seat 2: Mahu2021 (big blind) showed [Qs 6h] and won (255) with a pair of Queens



PokerStars Hand #250147991653: Tournament #3746397737, $1.84+$0.16 USD Hold'em No Limit - Level II (15/30) - 2024/04/24 19:51:33 CET [2024/04/24 13:51:33 ET]
Table '3746397737 1' 3-max Seat #2 is the button
Seat 1: Lowzadaa (255 in chips) 
Seat 2: Mahu2021 (1245 in chips) 
Mahu2021: posts small blind 15
Lowzadaa: posts big blind 30
*** HOLE CARDS ***
Dealt to Mahu2021 [9s 4d]
Mahu2021: folds 
Uncalled bet (15) returned to Lowzadaa
Lowzadaa collected 30 from pot
Lowzadaa: doesn't show hand 
*** SUMMARY ***
Total pot 30 | Rake 0 
Seat 1: Lowzadaa (big blind) collected (30)
Seat 2: Mahu2021 (button) (small blind) folded before Flop



PokerStars Hand #250147993022: Tournament #3746397737, $1.84+$0.16 USD Hold'em No Limit - Level II (15/30) - 2024/04/24 19:51:38 CET [2024/04/24 13:51:38 ET]
Table '3746397737 1' 3-max Seat #1 is the button
Seat 1: Lowzadaa (270 in chips) 
Seat 2: Mahu2021 (1230 in chips) 
Lowzadaa: posts small blind 15
Mahu2021: posts big blind 30
*** HOLE CARDS ***
Dealt to Mahu2021 [4h 2s]
Lowzadaa: calls 15
Mahu2021: checks 
*** FLOP *** [4s 7c 7h]
Mahu2021: checks 
Lowzadaa: checks 
*** TURN *** [4s 7c 7h] [Qh]
Mahu2021: checks 
Lowzadaa: checks 
*** RIVER *** [4s 7c 7h Qh] [Kc]
Mahu2021: checks 
Lowzadaa: checks 
*** SHOW DOWN ***
Mahu2021: shows [4h 2s] (two pair, Sevens and Fours)
Lowzadaa: mucks hand 
Mahu2021 collected 60 from pot
*** SUMMARY ***
Total pot 60 | Rake 0 
Board [4s 7c 7h Qh Kc]
Seat 1: Lowzadaa (button) (small blind) mucked [9c 5d]
Seat 2: Mahu2021 (big blind) showed [4h 2s] and won (60) with two pair, Sevens and Fours



PokerStars Hand #250147997845: Tournament #3746397737, $1.84+$0.16 USD Hold'em No Limit - Level II (15/30) - 2024/04/24 19:51:55 CET [2024/04/24 13:51:55 ET]
Table '3746397737 1' 3-max Seat #2 is the button
Seat 1: Lowzadaa (240 in chips) 
Seat 2: Mahu2021 (1260 in chips) 
Mahu2021: posts small blind 15
Lowzadaa: posts big blind 30
*** HOLE CARDS ***
Dealt to Mahu2021 [4c 3d]
Mahu2021: calls 15
Lowzadaa: checks 
*** FLOP *** [As 8c 4h]
Lowzadaa: checks 
Mahu2021: bets 30
Lowzadaa: calls 30
*** TURN *** [As 8c 4h] [Jd]
Lowzadaa: checks 
Mahu2021: checks 
*** RIVER *** [As 8c 4h Jd] [8s]
Lowzadaa: checks 
Mahu2021: bets 1200 and is all-in
Lowzadaa: folds 
Uncalled bet (1200) returned to Mahu2021
Mahu2021 collected 120 from pot
Mahu2021: doesn't show hand 
*** SUMMARY ***
Total pot 120 | Rake 0 
Board [As 8c 4h Jd 8s]
Seat 1: Lowzadaa (big blind) folded on the River
Seat 2: Mahu2021 (button) (small blind) collected (120)



PokerStars Hand #250148003875: Tournament #3746397737, $1.84+$0.16 USD Hold'em No Limit - Level II (15/30) - 2024/04/24 19:52:17 CET [2024/04/24 13:52:17 ET]
Table '3746397737 1' 3-max Seat #1 is the button
Seat 1: Lowzadaa (180 in chips) 
Seat 2: Mahu2021 (1320 in chips) 
Lowzadaa: posts small blind 15
Mahu2021: posts big blind 30
*** HOLE CARDS ***
Dealt to Mahu2021 [6d 8c]
Lowzadaa: calls 15
Mahu2021: checks 
*** FLOP *** [Ks 2h 4h]
Mahu2021: checks 
Lowzadaa: checks 
*** TURN *** [Ks 2h 4h] [3h]
Mahu2021: checks 
Lowzadaa: checks 
*** RIVER *** [Ks 2h 4h 3h] [6s]
Mahu2021: bets 30
Lowzadaa: raises 120 to 150 and is all-in
Mahu2021: calls 120
*** SHOW DOWN ***
Lowzadaa: shows [5d 5s] (a straight, Deuce to Six)
Mahu2021: shows [6d 8c] (a pair of Sixes)
Lowzadaa collected 360 from pot
*** SUMMARY ***
Total pot 360 | Rake 0 
Board [Ks 2h 4h 3h 6s]
Seat 1: Lowzadaa (button) (small blind) showed [5d 5s] and won (360) with a straight, Deuce to Six
Seat 2: Mahu2021 (big blind) showed [6d 8c] and lost with a pair of Sixes



PokerStars Hand #250148008886: Tournament #3746397737, $1.84+$0.16 USD Hold'em No Limit - Level II (15/30) - 2024/04/24 19:52:35 CET [2024/04/24 13:52:35 ET]
Table '3746397737 1' 3-max Seat #2 is the button
Seat 1: Lowzadaa (360 in chips) 
Seat 2: Mahu2021 (1140 in chips) 
Mahu2021: posts small blind 15
Lowzadaa: posts big blind 30
*** HOLE CARDS ***
Dealt to Mahu2021 [6h Ks]
Mahu2021: raises 30 to 60
Lowzadaa: raises 300 to 360 and is all-in
Mahu2021: folds 
Uncalled bet (300) returned to Lowzadaa
Lowzadaa collected 120 from pot
Lowzadaa: doesn't show hand 
*** SUMMARY ***
Total pot 120 | Rake 0 
Seat 1: Lowzadaa (big blind) collected (120)
Seat 2: Mahu2021 (button) (small blind) folded before Flop



PokerStars Hand #250148011079: Tournament #3746397737, $1.84+$0.16 USD Hold'em No Limit - Level II (15/30) - 2024/04/24 19:52:43 CET [2024/04/24 13:52:43 ET]
Table '3746397737 1' 3-max Seat #1 is the button
Seat 1: Lowzadaa (420 in chips) 
Seat 2: Mahu2021 (1080 in chips) 
Lowzadaa: posts small blind 15
Mahu2021: posts big blind 30
*** HOLE CARDS ***
Dealt to Mahu2021 [Jd 5h]
Lowzadaa: raises 390 to 420 and is all-in
Mahu2021: folds 
Uncalled bet (390) returned to Lowzadaa
Lowzadaa collected 60 from pot
Lowzadaa: doesn't show hand 
*** SUMMARY ***
Total pot 60 | Rake 0 
Seat 1: Lowzadaa (button) (small blind) collected (60)
Seat 2: Mahu2021 (big blind) folded before Flop



PokerStars Hand #250148012790: Tournament #3746397737, $1.84+$0.16 USD Hold'em No Limit - Level II (15/30) - 2024/04/24 19:52:49 CET [2024/04/24 13:52:49 ET]
Table '3746397737 1' 3-max Seat #2 is the button
Seat 1: Lowzadaa (450 in chips) 
Seat 2: Mahu2021 (1050 in chips) 
Mahu2021: posts small blind 15
Lowzadaa: posts big blind 30
*** HOLE CARDS ***
Dealt to Mahu2021 [8c Jc]
Mahu2021: calls 15
Lowzadaa: checks 
*** FLOP *** [Th Ad 3c]
Lowzadaa: checks 
Mahu2021: checks 
*** TURN *** [Th Ad 3c] [5s]
Lowzadaa: bets 60
Mahu2021: folds 
Uncalled bet (60) returned to Lowzadaa
Lowzadaa collected 60 from pot
Lowzadaa: doesn't show hand 
*** SUMMARY ***
Total pot 60 | Rake 0 
Board [Th Ad 3c 5s]
Seat 1: Lowzadaa (big blind) collected (60)
Seat 2: Mahu2021 (button) (small blind) folded on the Turn



PokerStars Hand #250148016517: Tournament #3746397737, $1.84+$0.16 USD Hold'em No Limit - Level II (15/30) - 2024/04/24 19:53:02 CET [2024/04/24 13:53:02 ET]
Table '3746397737 1' 3-max Seat #1 is the button
Seat 1: Lowzadaa (480 in chips) 
Seat 2: Mahu2021 (1020 in chips) 
Lowzadaa: posts small blind 15
Mahu2021: posts big blind 30
*** HOLE CARDS ***
Dealt to Mahu2021 [8c 7d]
Lowzadaa: raises 30 to 60
Mahu2021: calls 30
*** FLOP *** [Qh Ad Jh]
Mahu2021: checks 
Lowzadaa: bets 30
Mahu2021: folds 
Uncalled bet (30) returned to Lowzadaa
Lowzadaa collected 120 from pot
Lowzadaa: doesn't show hand 
*** SUMMARY ***
Total pot 120 | Rake 0 
Board [Qh Ad Jh]
Seat 1: Lowzadaa (button) (small blind) collected (120)
Seat 2: Mahu2021 (big blind) folded on the Flop



PokerStars Hand #250148020578: Tournament #3746397737, $1.84+$0.16 USD Hold'em No Limit - Level III (20/40) - 2024/04/24 19:53:17 CET [2024/04/24 13:53:17 ET]
Table '3746397737 1' 3-max Seat #2 is the button
Seat 1: Lowzadaa (540 in chips) 
Seat 2: Mahu2021 (960 in chips) 
Mahu2021: posts small blind 20
Lowzadaa: posts big blind 40
*** HOLE CARDS ***
Dealt to Mahu2021 [2h 9c]
Mahu2021: folds 
Uncalled bet (20) returned to Lowzadaa
Lowzadaa collected 40 from pot
Lowzadaa: doesn't show hand 
*** SUMMARY ***
Total pot 40 | Rake 0 
Seat 1: Lowzadaa (big blind) collected (40)
Seat 2: Mahu2021 (button) (small blind) folded before Flop



PokerStars Hand #250148021829: Tournament #3746397737, $1.84+$0.16 USD Hold'em No Limit - Level III (20/40) - 2024/04/24 19:53:21 CET [2024/04/24 13:53:21 ET]
Table '3746397737 1' 3-max Seat #1 is the button
Seat 1: Lowzadaa (560 in chips) 
Seat 2: Mahu2021 (940 in chips) 
Lowzadaa: posts small blind 20
Mahu2021: posts big blind 40
*** HOLE CARDS ***
Dealt to Mahu2021 [Kd 7h]
Lowzadaa: calls 20
Mahu2021: raises 900 to 940 and is all-in
Lowzadaa: calls 520 and is all-in
Uncalled bet (380) returned to Mahu2021
*** FLOP *** [9h 8d 5c]
*** TURN *** [9h 8d 5c] [6c]
*** RIVER *** [9h 8d 5c 6c] [2s]
*** SHOW DOWN ***
Mahu2021: shows [Kd 7h] (a straight, Five to Nine)
Lowzadaa: shows [Jh Qh] (high card Queen)
Mahu2021 collected 1120 from pot
Lowzadaa finished the tournament in 2nd place
Mahu2021 wins the tournament and receives $6.00 - congratulations!
*** SUMMARY ***
Total pot 1120 | Rake 0 
Board [9h 8d 5c 6c 2s]
Seat 1: Lowzadaa (button) (small blind) showed [Jh Qh] and lost with high card Queen
Seat 2: Mahu2021 (big blind) showed [Kd 7h] and won (1120) with a straight, Five to Nine



