PokerStars Hand #253364814277: Tournament #3822622930, $1.84+$0.16 USD Hold'em No Limit - Level I (10/20) - 2024/11/11 23:15:00 CET [2024/11/11 17:15:00 ET]
Table '3822622930 1' 3-max Seat #1 is the button
Seat 1: Mahu2021 (500 in chips) 
Seat 2: Carkovich (500 in chips) 
Seat 3: chefchen99 (500 in chips) 
Carkovich: posts small blind 10
chefchen99: posts big blind 20
*** HOLE CARDS ***
Dealt to Mahu2021 [9s 3s]
Mahu2021: folds 
Carkovich: folds 
Uncalled bet (10) returned to chefchen99
chefchen99 collected 20 from pot
chefchen99: doesn't show hand 
*** SUMMARY ***
Total pot 20 | Rake 0 
Seat 1: Mahu2021 (button) folded before Flop (didn't bet)
Seat 2: Carkovich (small blind) folded before Flop
Seat 3: chefchen99 (big blind) collected (20)



PokerStars Hand #253364815529: Tournament #3822622930, $1.84+$0.16 USD Hold'em No Limit - Level I (10/20) - 2024/11/11 23:15:04 CET [2024/11/11 17:15:04 ET]
Table '3822622930 1' 3-max Seat #2 is the button
Seat 1: Mahu2021 (500 in chips) 
Seat 2: Carkovich (490 in chips) 
Seat 3: chefchen99 (510 in chips) 
chefchen99: posts small blind 10
Mahu2021: posts big blind 20
*** HOLE CARDS ***
Dealt to Mahu2021 [8c Jc]
Carkovich: raises 20 to 40
chefchen99: calls 30
Mahu2021: calls 20
*** FLOP *** [8s 3d 4h]
chefchen99: checks 
Mahu2021: bets 120
Carkovich: folds 
chefchen99: folds 
Uncalled bet (120) returned to Mahu2021
Mahu2021 collected 120 from pot
Mahu2021: doesn't show hand 
*** SUMMARY ***
Total pot 120 | Rake 0 
Board [8s 3d 4h]
Seat 1: Mahu2021 (big blind) collected (120)
Seat 2: Carkovich (button) folded on the Flop
Seat 3: chefchen99 (small blind) folded on the Flop



PokerStars Hand #253364823466: Tournament #3822622930, $1.84+$0.16 USD Hold'em No Limit - Level I (10/20) - 2024/11/11 23:15:29 CET [2024/11/11 17:15:29 ET]
Table '3822622930 1' 3-max Seat #3 is the button
Seat 1: Mahu2021 (580 in chips) 
Seat 2: Carkovich (450 in chips) 
Seat 3: chefchen99 (470 in chips) 
Mahu2021: posts small blind 10
Carkovich: posts big blind 20
*** HOLE CARDS ***
Dealt to Mahu2021 [6s Th]
chefchen99: folds 
Mahu2021: folds 
Uncalled bet (10) returned to Carkovich
Carkovich collected 20 from pot
Carkovich: doesn't show hand 
*** SUMMARY ***
Total pot 20 | Rake 0 
Seat 1: Mahu2021 (small blind) folded before Flop
Seat 2: Carkovich (big blind) collected (20)
Seat 3: chefchen99 (button) folded before Flop (didn't bet)



PokerStars Hand #253364825124: Tournament #3822622930, $1.84+$0.16 USD Hold'em No Limit - Level I (10/20) - 2024/11/11 23:15:34 CET [2024/11/11 17:15:34 ET]
Table '3822622930 1' 3-max Seat #1 is the button
Seat 1: Mahu2021 (570 in chips) 
Seat 2: Carkovich (460 in chips) 
Seat 3: chefchen99 (470 in chips) 
Carkovich: posts small blind 10
chefchen99: posts big blind 20
*** HOLE CARDS ***
Dealt to Mahu2021 [7h Qs]
Mahu2021: folds 
Carkovich: folds 
Uncalled bet (10) returned to chefchen99
chefchen99 collected 20 from pot
chefchen99: doesn't show hand 
*** SUMMARY ***
Total pot 20 | Rake 0 
Seat 1: Mahu2021 (button) folded before Flop (didn't bet)
Seat 2: Carkovich (small blind) folded before Flop
Seat 3: chefchen99 (big blind) collected (20)



PokerStars Hand #253364826536: Tournament #3822622930, $1.84+$0.16 USD Hold'em No Limit - Level I (10/20) - 2024/11/11 23:15:39 CET [2024/11/11 17:15:39 ET]
Table '3822622930 1' 3-max Seat #2 is the button
Seat 1: Mahu2021 (570 in chips) 
Seat 2: Carkovich (450 in chips) 
Seat 3: chefchen99 (480 in chips) 
chefchen99: posts small blind 10
Mahu2021: posts big blind 20
*** HOLE CARDS ***
Dealt to Mahu2021 [3d Qs]
Carkovich: raises 20 to 40
chefchen99: calls 30
Mahu2021: folds 
*** FLOP *** [6h 2h 4c]
chefchen99: checks 
Carkovich: checks 
*** TURN *** [6h 2h 4c] [5d]
chefchen99: checks 
Carkovich: checks 
*** RIVER *** [6h 2h 4c 5d] [7d]
chefchen99: checks 
Carkovich: bets 50
chefchen99: folds 
Uncalled bet (50) returned to Carkovich
Carkovich collected 100 from pot
Carkovich: doesn't show hand 
*** SUMMARY ***
Total pot 100 | Rake 0 
Board [6h 2h 4c 5d 7d]
Seat 1: Mahu2021 (big blind) folded before Flop
Seat 2: Carkovich (button) collected (100)
Seat 3: chefchen99 (small blind) folded on the River



PokerStars Hand #253364835151: Tournament #3822622930, $1.84+$0.16 USD Hold'em No Limit - Level I (10/20) - 2024/11/11 23:16:07 CET [2024/11/11 17:16:07 ET]
Table '3822622930 1' 3-max Seat #3 is the button
Seat 1: Mahu2021 (550 in chips) 
Seat 2: Carkovich (510 in chips) 
Seat 3: chefchen99 (440 in chips) 
Mahu2021: posts small blind 10
Carkovich: posts big blind 20
*** HOLE CARDS ***
Dealt to Mahu2021 [3d 3c]
chefchen99: folds 
Mahu2021: raises 40 to 60
Carkovich: folds 
Uncalled bet (40) returned to Mahu2021
Mahu2021 collected 40 from pot
Mahu2021: doesn't show hand 
*** SUMMARY ***
Total pot 40 | Rake 0 
Seat 1: Mahu2021 (small blind) collected (40)
Seat 2: Carkovich (big blind) folded before Flop
Seat 3: chefchen99 (button) folded before Flop (didn't bet)



PokerStars Hand #253364837838: Tournament #3822622930, $1.84+$0.16 USD Hold'em No Limit - Level I (10/20) - 2024/11/11 23:16:15 CET [2024/11/11 17:16:15 ET]
Table '3822622930 1' 3-max Seat #1 is the button
Seat 1: Mahu2021 (570 in chips) 
Seat 2: Carkovich (490 in chips) 
Seat 3: chefchen99 (440 in chips) 
Carkovich: posts small blind 10
chefchen99: posts big blind 20
*** HOLE CARDS ***
Dealt to Mahu2021 [2c 6c]
Mahu2021: folds 
Carkovich: folds 
Uncalled bet (10) returned to chefchen99
chefchen99 collected 20 from pot
chefchen99: doesn't show hand 
*** SUMMARY ***
Total pot 20 | Rake 0 
Seat 1: Mahu2021 (button) folded before Flop (didn't bet)
Seat 2: Carkovich (small blind) folded before Flop
Seat 3: chefchen99 (big blind) collected (20)



PokerStars Hand #253364839712: Tournament #3822622930, $1.84+$0.16 USD Hold'em No Limit - Level I (10/20) - 2024/11/11 23:16:21 CET [2024/11/11 17:16:21 ET]
Table '3822622930 1' 3-max Seat #2 is the button
Seat 1: Mahu2021 (570 in chips) 
Seat 2: Carkovich (480 in chips) 
Seat 3: chefchen99 (450 in chips) 
chefchen99: posts small blind 10
Mahu2021: posts big blind 20
*** HOLE CARDS ***
Dealt to Mahu2021 [Ts 8c]
Carkovich: folds 
chefchen99: calls 10
Mahu2021: checks 
*** FLOP *** [3s 4s Jd]
chefchen99: checks 
Mahu2021: checks 
*** TURN *** [3s 4s Jd] [Th]
chefchen99: bets 20
Mahu2021: calls 20
*** RIVER *** [3s 4s Jd Th] [2d]
chefchen99: checks 
Mahu2021: bets 40
chefchen99: calls 40
*** SHOW DOWN ***
Mahu2021: shows [Ts 8c] (a pair of Tens)
chefchen99: mucks hand 
Mahu2021 collected 160 from pot
*** SUMMARY ***
Total pot 160 | Rake 0 
Board [3s 4s Jd Th 2d]
Seat 1: Mahu2021 (big blind) showed [Ts 8c] and won (160) with a pair of Tens
Seat 2: Carkovich (button) folded before Flop (didn't bet)
Seat 3: chefchen99 (small blind) mucked [Tc 7c]



PokerStars Hand #253364849417: Tournament #3822622930, $1.84+$0.16 USD Hold'em No Limit - Level I (10/20) - 2024/11/11 23:16:52 CET [2024/11/11 17:16:52 ET]
Table '3822622930 1' 3-max Seat #3 is the button
Seat 1: Mahu2021 (650 in chips) 
Seat 2: Carkovich (480 in chips) 
Seat 3: chefchen99 (370 in chips) 
Mahu2021: posts small blind 10
Carkovich: posts big blind 20
*** HOLE CARDS ***
Dealt to Mahu2021 [Tc Th]
chefchen99: calls 20
Mahu2021: calls 10
Carkovich: checks 
*** FLOP *** [Ad 4c 6d]
Mahu2021: checks 
Carkovich: checks 
chefchen99: checks 
*** TURN *** [Ad 4c 6d] [9s]
Mahu2021: bets 40
Carkovich: calls 40
chefchen99: calls 40
*** RIVER *** [Ad 4c 6d 9s] [Ts]
Mahu2021: bets 180
Carkovich: folds 
chefchen99: folds 
Uncalled bet (180) returned to Mahu2021
Mahu2021 collected 180 from pot
Mahu2021: doesn't show hand 
*** SUMMARY ***
Total pot 180 | Rake 0 
Board [Ad 4c 6d 9s Ts]
Seat 1: Mahu2021 (small blind) collected (180)
Seat 2: Carkovich (big blind) folded on the River
Seat 3: chefchen99 (button) folded on the River



PokerStars Hand #253364858200: Tournament #3822622930, $1.84+$0.16 USD Hold'em No Limit - Level I (10/20) - 2024/11/11 23:17:20 CET [2024/11/11 17:17:20 ET]
Table '3822622930 1' 3-max Seat #1 is the button
Seat 1: Mahu2021 (770 in chips) 
Seat 2: Carkovich (420 in chips) 
Seat 3: chefchen99 (310 in chips) 
Carkovich: posts small blind 10
chefchen99: posts big blind 20
*** HOLE CARDS ***
Dealt to Mahu2021 [Ks 2c]
Mahu2021: folds 
Carkovich: calls 10
chefchen99: checks 
*** FLOP *** [9h Qh 7d]
Carkovich: checks 
chefchen99: bets 20
Carkovich: folds 
Uncalled bet (20) returned to chefchen99
chefchen99 collected 40 from pot
chefchen99: doesn't show hand 
*** SUMMARY ***
Total pot 40 | Rake 0 
Board [9h Qh 7d]
Seat 1: Mahu2021 (button) folded before Flop (didn't bet)
Seat 2: Carkovich (small blind) folded on the Flop
Seat 3: chefchen99 (big blind) collected (40)



PokerStars Hand #253364861768: Tournament #3822622930, $1.84+$0.16 USD Hold'em No Limit - Level I (10/20) - 2024/11/11 23:17:32 CET [2024/11/11 17:17:32 ET]
Table '3822622930 1' 3-max Seat #2 is the button
Seat 1: Mahu2021 (770 in chips) 
Seat 2: Carkovich (400 in chips) 
Seat 3: chefchen99 (330 in chips) 
chefchen99: posts small blind 10
Mahu2021: posts big blind 20
*** HOLE CARDS ***
Dealt to Mahu2021 [4d 9s]
Carkovich: raises 20 to 40
chefchen99: calls 30
Mahu2021: folds 
*** FLOP *** [5d 5s Qh]
chefchen99: checks 
Carkovich: checks 
*** TURN *** [5d 5s Qh] [8c]
chefchen99: checks 
Carkovich: bets 50
chefchen99: folds 
Uncalled bet (50) returned to Carkovich
Carkovich collected 100 from pot
Carkovich: doesn't show hand 
*** SUMMARY ***
Total pot 100 | Rake 0 
Board [5d 5s Qh 8c]
Seat 1: Mahu2021 (big blind) folded before Flop
Seat 2: Carkovich (button) collected (100)
Seat 3: chefchen99 (small blind) folded on the Turn



PokerStars Hand #253364868983: Tournament #3822622930, $1.84+$0.16 USD Hold'em No Limit - Level I (10/20) - 2024/11/11 23:17:55 CET [2024/11/11 17:17:55 ET]
Table '3822622930 1' 3-max Seat #3 is the button
Seat 1: Mahu2021 (750 in chips) 
Seat 2: Carkovich (460 in chips) 
Seat 3: chefchen99 (290 in chips) 
Mahu2021: posts small blind 10
Carkovich: posts big blind 20
*** HOLE CARDS ***
Dealt to Mahu2021 [2h Tc]
chefchen99: folds 
Mahu2021: folds 
Uncalled bet (10) returned to Carkovich
Carkovich collected 20 from pot
Carkovich: doesn't show hand 
*** SUMMARY ***
Total pot 20 | Rake 0 
Seat 1: Mahu2021 (small blind) folded before Flop
Seat 2: Carkovich (big blind) collected (20)
Seat 3: chefchen99 (button) folded before Flop (didn't bet)



PokerStars Hand #253364871781: Tournament #3822622930, $1.84+$0.16 USD Hold'em No Limit - Level II (15/30) - 2024/11/11 23:18:04 CET [2024/11/11 17:18:04 ET]
Table '3822622930 1' 3-max Seat #1 is the button
Seat 1: Mahu2021 (740 in chips) 
Seat 2: Carkovich (470 in chips) 
Seat 3: chefchen99 (290 in chips) 
Carkovich: posts small blind 15
chefchen99: posts big blind 30
*** HOLE CARDS ***
Dealt to Mahu2021 [9c Ks]
Mahu2021: raises 30 to 60
Carkovich: folds 
chefchen99: calls 30
*** FLOP *** [2s 5h 2d]
chefchen99: checks 
Mahu2021: bets 120
chefchen99: folds 
Uncalled bet (120) returned to Mahu2021
Mahu2021 collected 135 from pot
Mahu2021: doesn't show hand 
*** SUMMARY ***
Total pot 135 | Rake 0 
Board [2s 5h 2d]
Seat 1: Mahu2021 (button) collected (135)
Seat 2: Carkovich (small blind) folded before Flop
Seat 3: chefchen99 (big blind) folded on the Flop



PokerStars Hand #253364878336: Tournament #3822622930, $1.84+$0.16 USD Hold'em No Limit - Level II (15/30) - 2024/11/11 23:18:25 CET [2024/11/11 17:18:25 ET]
Table '3822622930 1' 3-max Seat #2 is the button
Seat 1: Mahu2021 (815 in chips) 
Seat 2: Carkovich (455 in chips) 
Seat 3: chefchen99 (230 in chips) 
chefchen99: posts small blind 15
Mahu2021: posts big blind 30
*** HOLE CARDS ***
Dealt to Mahu2021 [7s 5s]
Carkovich: raises 30 to 60
chefchen99: calls 45
Mahu2021: calls 30
*** FLOP *** [9s 9c As]
chefchen99: checks 
Mahu2021: checks 
Carkovich: checks 
*** TURN *** [9s 9c As] [9h]
chefchen99: bets 60
Mahu2021: folds 
Carkovich: folds 
Uncalled bet (60) returned to chefchen99
chefchen99 collected 180 from pot
chefchen99: doesn't show hand 
*** SUMMARY ***
Total pot 180 | Rake 0 
Board [9s 9c As 9h]
Seat 1: Mahu2021 (big blind) folded on the Turn
Seat 2: Carkovich (button) folded on the Turn
Seat 3: chefchen99 (small blind) collected (180)



PokerStars Hand #253364885047: Tournament #3822622930, $1.84+$0.16 USD Hold'em No Limit - Level II (15/30) - 2024/11/11 23:18:47 CET [2024/11/11 17:18:47 ET]
Table '3822622930 1' 3-max Seat #3 is the button
Seat 1: Mahu2021 (755 in chips) 
Seat 2: Carkovich (395 in chips) 
Seat 3: chefchen99 (350 in chips) 
Mahu2021: posts small blind 15
Carkovich: posts big blind 30
*** HOLE CARDS ***
Dealt to Mahu2021 [4c Ah]
chefchen99: calls 30
Mahu2021: calls 15
Carkovich: checks 
*** FLOP *** [Qc Jh 5s]
Mahu2021: checks 
Carkovich: checks 
chefchen99: checks 
*** TURN *** [Qc Jh 5s] [5h]
Mahu2021: checks 
Carkovich: checks 
chefchen99: checks 
*** RIVER *** [Qc Jh 5s 5h] [6s]
Mahu2021: checks 
Carkovich: checks 
chefchen99: checks 
*** SHOW DOWN ***
Mahu2021: shows [4c Ah] (a pair of Fives)
Carkovich: mucks hand 
chefchen99: mucks hand 
Mahu2021 collected 90 from pot
*** SUMMARY ***
Total pot 90 | Rake 0 
Board [Qc Jh 5s 5h 6s]
Seat 1: Mahu2021 (small blind) showed [4c Ah] and won (90) with a pair of Fives
Seat 2: Carkovich (big blind) mucked [2c 4s]
Seat 3: chefchen99 (button) mucked [Ks 7c]



PokerStars Hand #253364891545: Tournament #3822622930, $1.84+$0.16 USD Hold'em No Limit - Level II (15/30) - 2024/11/11 23:19:08 CET [2024/11/11 17:19:08 ET]
Table '3822622930 1' 3-max Seat #1 is the button
Seat 1: Mahu2021 (815 in chips) 
Seat 2: Carkovich (365 in chips) 
Seat 3: chefchen99 (320 in chips) 
Carkovich: posts small blind 15
chefchen99: posts big blind 30
*** HOLE CARDS ***
Dealt to Mahu2021 [9s 3s]
Mahu2021: folds 
Carkovich: calls 15
chefchen99: checks 
*** FLOP *** [5s Jd 2d]
Carkovich: checks 
chefchen99: checks 
*** TURN *** [5s Jd 2d] [Ah]
Carkovich: checks 
chefchen99: checks 
*** RIVER *** [5s Jd 2d Ah] [6c]
Carkovich: checks 
chefchen99: bets 60
Carkovich: folds 
Uncalled bet (60) returned to chefchen99
chefchen99 collected 60 from pot
chefchen99: doesn't show hand 
*** SUMMARY ***
Total pot 60 | Rake 0 
Board [5s Jd 2d Ah 6c]
Seat 1: Mahu2021 (button) folded before Flop (didn't bet)
Seat 2: Carkovich (small blind) folded on the River
Seat 3: chefchen99 (big blind) collected (60)



PokerStars Hand #253364897803: Tournament #3822622930, $1.84+$0.16 USD Hold'em No Limit - Level II (15/30) - 2024/11/11 23:19:29 CET [2024/11/11 17:19:29 ET]
Table '3822622930 1' 3-max Seat #2 is the button
Seat 1: Mahu2021 (815 in chips) 
Seat 2: Carkovich (335 in chips) 
Seat 3: chefchen99 (350 in chips) 
chefchen99: posts small blind 15
Mahu2021: posts big blind 30
*** HOLE CARDS ***
Dealt to Mahu2021 [9c 2h]
Carkovich: raises 30 to 60
chefchen99: folds 
Mahu2021: folds 
Uncalled bet (30) returned to Carkovich
Carkovich collected 75 from pot
Carkovich: doesn't show hand 
*** SUMMARY ***
Total pot 75 | Rake 0 
Seat 1: Mahu2021 (big blind) folded before Flop
Seat 2: Carkovich (button) collected (75)
Seat 3: chefchen99 (small blind) folded before Flop



PokerStars Hand #253364900336: Tournament #3822622930, $1.84+$0.16 USD Hold'em No Limit - Level II (15/30) - 2024/11/11 23:19:37 CET [2024/11/11 17:19:37 ET]
Table '3822622930 1' 3-max Seat #3 is the button
Seat 1: Mahu2021 (785 in chips) 
Seat 2: Carkovich (380 in chips) 
Seat 3: chefchen99 (335 in chips) 
Mahu2021: posts small blind 15
Carkovich: posts big blind 30
*** HOLE CARDS ***
Dealt to Mahu2021 [4s 8h]
chefchen99: calls 30
Mahu2021: folds 
Carkovich: checks 
*** FLOP *** [9h Jd 7c]
Carkovich: bets 30
chefchen99: folds 
Uncalled bet (30) returned to Carkovich
Carkovich collected 75 from pot
Carkovich: doesn't show hand 
*** SUMMARY ***
Total pot 75 | Rake 0 
Board [9h Jd 7c]
Seat 1: Mahu2021 (small blind) folded before Flop
Seat 2: Carkovich (big blind) collected (75)
Seat 3: chefchen99 (button) folded on the Flop



PokerStars Hand #253364905010: Tournament #3822622930, $1.84+$0.16 USD Hold'em No Limit - Level II (15/30) - 2024/11/11 23:19:52 CET [2024/11/11 17:19:52 ET]
Table '3822622930 1' 3-max Seat #1 is the button
Seat 1: Mahu2021 (770 in chips) 
Seat 2: Carkovich (425 in chips) 
Seat 3: chefchen99 (305 in chips) 
Carkovich: posts small blind 15
chefchen99: posts big blind 30
*** HOLE CARDS ***
Dealt to Mahu2021 [9h Jh]
Mahu2021: raises 30 to 60
Carkovich: raises 365 to 425 and is all-in
chefchen99: folds 
Mahu2021: folds 
Uncalled bet (365) returned to Carkovich
Carkovich collected 150 from pot
Carkovich: doesn't show hand 
*** SUMMARY ***
Total pot 150 | Rake 0 
Seat 1: Mahu2021 (button) folded before Flop
Seat 2: Carkovich (small blind) collected (150)
Seat 3: chefchen99 (big blind) folded before Flop



PokerStars Hand #253364907638: Tournament #3822622930, $1.84+$0.16 USD Hold'em No Limit - Level II (15/30) - 2024/11/11 23:20:00 CET [2024/11/11 17:20:00 ET]
Table '3822622930 1' 3-max Seat #2 is the button
Seat 1: Mahu2021 (710 in chips) 
Seat 2: Carkovich (515 in chips) 
Seat 3: chefchen99 (275 in chips) 
chefchen99: posts small blind 15
Mahu2021: posts big blind 30
*** HOLE CARDS ***
Dealt to Mahu2021 [Qs 6h]
Carkovich: folds 
chefchen99: calls 15
Mahu2021: checks 
*** FLOP *** [9s Ah Qd]
chefchen99: checks 
Mahu2021: bets 30
chefchen99: folds 
Uncalled bet (30) returned to Mahu2021
Mahu2021 collected 60 from pot
Mahu2021: doesn't show hand 
*** SUMMARY ***
Total pot 60 | Rake 0 
Board [9s Ah Qd]
Seat 1: Mahu2021 (big blind) collected (60)
Seat 2: Carkovich (button) folded before Flop (didn't bet)
Seat 3: chefchen99 (small blind) folded on the Flop



PokerStars Hand #253364913144: Tournament #3822622930, $1.84+$0.16 USD Hold'em No Limit - Level II (15/30) - 2024/11/11 23:20:18 CET [2024/11/11 17:20:18 ET]
Table '3822622930 1' 3-max Seat #3 is the button
Seat 1: Mahu2021 (740 in chips) 
Seat 2: Carkovich (515 in chips) 
Seat 3: chefchen99 (245 in chips) 
Mahu2021: posts small blind 15
Carkovich: posts big blind 30
*** HOLE CARDS ***
Dealt to Mahu2021 [Qs 8c]
chefchen99: folds 
Mahu2021: raises 60 to 90
Carkovich: folds 
Uncalled bet (60) returned to Mahu2021
Mahu2021 collected 60 from pot
Mahu2021: doesn't show hand 
*** SUMMARY ***
Total pot 60 | Rake 0 
Seat 1: Mahu2021 (small blind) collected (60)
Seat 2: Carkovich (big blind) folded before Flop
Seat 3: chefchen99 (button) folded before Flop (didn't bet)



PokerStars Hand #253364915699: Tournament #3822622930, $1.84+$0.16 USD Hold'em No Limit - Level II (15/30) - 2024/11/11 23:20:27 CET [2024/11/11 17:20:27 ET]
Table '3822622930 1' 3-max Seat #1 is the button
Seat 1: Mahu2021 (770 in chips) 
Seat 2: Carkovich (485 in chips) 
Seat 3: chefchen99 (245 in chips) 
Carkovich: posts small blind 15
chefchen99: posts big blind 30
*** HOLE CARDS ***
Dealt to Mahu2021 [6s 2h]
Mahu2021: folds 
Carkovich: folds 
Uncalled bet (15) returned to chefchen99
chefchen99 collected 30 from pot
chefchen99: doesn't show hand 
*** SUMMARY ***
Total pot 30 | Rake 0 
Seat 1: Mahu2021 (button) folded before Flop (didn't bet)
Seat 2: Carkovich (small blind) folded before Flop
Seat 3: chefchen99 (big blind) collected (30)



PokerStars Hand #253364917507: Tournament #3822622930, $1.84+$0.16 USD Hold'em No Limit - Level II (15/30) - 2024/11/11 23:20:33 CET [2024/11/11 17:20:33 ET]
Table '3822622930 1' 3-max Seat #2 is the button
Seat 1: Mahu2021 (770 in chips) 
Seat 2: Carkovich (470 in chips) 
Seat 3: chefchen99 (260 in chips) 
chefchen99: posts small blind 15
Mahu2021: posts big blind 30
*** HOLE CARDS ***
Dealt to Mahu2021 [6h Qs]
Carkovich: folds 
chefchen99: calls 15
Mahu2021: checks 
*** FLOP *** [6c 5d 3d]
chefchen99: checks 
Mahu2021: bets 90
chefchen99: folds 
Uncalled bet (90) returned to Mahu2021
Mahu2021 collected 60 from pot
Mahu2021: doesn't show hand 
*** SUMMARY ***
Total pot 60 | Rake 0 
Board [6c 5d 3d]
Seat 1: Mahu2021 (big blind) collected (60)
Seat 2: Carkovich (button) folded before Flop (didn't bet)
Seat 3: chefchen99 (small blind) folded on the Flop



PokerStars Hand #253364922481: Tournament #3822622930, $1.84+$0.16 USD Hold'em No Limit - Level II (15/30) - 2024/11/11 23:20:49 CET [2024/11/11 17:20:49 ET]
Table '3822622930 1' 3-max Seat #3 is the button
Seat 1: Mahu2021 (800 in chips) 
Seat 2: Carkovich (470 in chips) 
Seat 3: chefchen99 (230 in chips) 
Mahu2021: posts small blind 15
Carkovich: posts big blind 30
*** HOLE CARDS ***
Dealt to Mahu2021 [Td 3h]
chefchen99: calls 30
Mahu2021: folds 
Carkovich: checks 
*** FLOP *** [9s 3c Qc]
Carkovich: checks 
chefchen99: checks 
*** TURN *** [9s 3c Qc] [6c]
Carkovich: checks 
chefchen99: bets 60
Carkovich: folds 
Uncalled bet (60) returned to chefchen99
chefchen99 collected 75 from pot
chefchen99: doesn't show hand 
*** SUMMARY ***
Total pot 75 | Rake 0 
Board [9s 3c Qc 6c]
Seat 1: Mahu2021 (small blind) folded before Flop
Seat 2: Carkovich (big blind) folded on the Turn
Seat 3: chefchen99 (button) collected (75)



PokerStars Hand #253364928560: Tournament #3822622930, $1.84+$0.16 USD Hold'em No Limit - Level III (20/40) - 2024/11/11 23:21:09 CET [2024/11/11 17:21:09 ET]
Table '3822622930 1' 3-max Seat #1 is the button
Seat 1: Mahu2021 (785 in chips) 
Seat 2: Carkovich (440 in chips) 
Seat 3: chefchen99 (275 in chips) 
Carkovich: posts small blind 20
chefchen99: posts big blind 40
*** HOLE CARDS ***
Dealt to Mahu2021 [Ah Qd]
Mahu2021: raises 120 to 160
Carkovich: folds 
chefchen99: calls 120
*** FLOP *** [9c 8d Jh]
chefchen99: bets 80
Mahu2021: raises 80 to 160
chefchen99: calls 35 and is all-in
Uncalled bet (45) returned to Mahu2021
*** TURN *** [9c 8d Jh] [5h]
*** RIVER *** [9c 8d Jh 5h] [5c]
*** SHOW DOWN ***
chefchen99: shows [Qh Qc] (two pair, Queens and Fives)
Mahu2021: shows [Ah Qd] (a pair of Fives)
chefchen99 collected 570 from pot
*** SUMMARY ***
Total pot 570 | Rake 0 
Board [9c 8d Jh 5h 5c]
Seat 1: Mahu2021 (button) showed [Ah Qd] and lost with a pair of Fives
Seat 2: Carkovich (small blind) folded before Flop
Seat 3: chefchen99 (big blind) showed [Qh Qc] and won (570) with two pair, Queens and Fives



PokerStars Hand #253364937555: Tournament #3822622930, $1.84+$0.16 USD Hold'em No Limit - Level III (20/40) - 2024/11/11 23:21:39 CET [2024/11/11 17:21:39 ET]
Table '3822622930 1' 3-max Seat #2 is the button
Seat 1: Mahu2021 (510 in chips) 
Seat 2: Carkovich (420 in chips) 
Seat 3: chefchen99 (570 in chips) 
chefchen99: posts small blind 20
Mahu2021: posts big blind 40
*** HOLE CARDS ***
Dealt to Mahu2021 [5s 8c]
Carkovich: raises 40 to 80
chefchen99: folds 
Mahu2021: folds 
Uncalled bet (40) returned to Carkovich
Carkovich collected 100 from pot
Carkovich: doesn't show hand 
*** SUMMARY ***
Total pot 100 | Rake 0 
Seat 1: Mahu2021 (big blind) folded before Flop
Seat 2: Carkovich (button) collected (100)
Seat 3: chefchen99 (small blind) folded before Flop



PokerStars Hand #253364940007: Tournament #3822622930, $1.84+$0.16 USD Hold'em No Limit - Level III (20/40) - 2024/11/11 23:21:47 CET [2024/11/11 17:21:47 ET]
Table '3822622930 1' 3-max Seat #3 is the button
Seat 1: Mahu2021 (470 in chips) 
Seat 2: Carkovich (480 in chips) 
Seat 3: chefchen99 (550 in chips) 
Mahu2021: posts small blind 20
Carkovich: posts big blind 40
*** HOLE CARDS ***
Dealt to Mahu2021 [3s Jc]
chefchen99: folds 
Mahu2021: calls 20
Carkovich: checks 
*** FLOP *** [8h Td 3d]
Mahu2021: checks 
Carkovich: checks 
*** TURN *** [8h Td 3d] [Tc]
Mahu2021: bets 40
Carkovich: calls 40
*** RIVER *** [8h Td 3d Tc] [7h]
Mahu2021: bets 40
Carkovich: folds 
Uncalled bet (40) returned to Mahu2021
Mahu2021 collected 160 from pot
Mahu2021: doesn't show hand 
*** SUMMARY ***
Total pot 160 | Rake 0 
Board [8h Td 3d Tc 7h]
Seat 1: Mahu2021 (small blind) collected (160)
Seat 2: Carkovich (big blind) folded on the River
Seat 3: chefchen99 (button) folded before Flop (didn't bet)



PokerStars Hand #253364944374: Tournament #3822622930, $1.84+$0.16 USD Hold'em No Limit - Level III (20/40) - 2024/11/11 23:22:01 CET [2024/11/11 17:22:01 ET]
Table '3822622930 1' 3-max Seat #1 is the button
Seat 1: Mahu2021 (550 in chips) 
Seat 2: Carkovich (400 in chips) 
Seat 3: chefchen99 (550 in chips) 
Carkovich: posts small blind 20
chefchen99: posts big blind 40
*** HOLE CARDS ***
Dealt to Mahu2021 [3c 3h]
Mahu2021: calls 40
Carkovich: calls 20
chefchen99: checks 
*** FLOP *** [Tc Kh 8d]
Carkovich: checks 
chefchen99: checks 
Mahu2021: checks 
*** TURN *** [Tc Kh 8d] [6d]
Carkovich: checks 
chefchen99: checks 
Mahu2021: bets 80
Carkovich: folds 
chefchen99: folds 
Uncalled bet (80) returned to Mahu2021
Mahu2021 collected 120 from pot
Mahu2021: doesn't show hand 
*** SUMMARY ***
Total pot 120 | Rake 0 
Board [Tc Kh 8d 6d]
Seat 1: Mahu2021 (button) collected (120)
Seat 2: Carkovich (small blind) folded on the Turn
Seat 3: chefchen99 (big blind) folded on the Turn



PokerStars Hand #253364951880: Tournament #3822622930, $1.84+$0.16 USD Hold'em No Limit - Level III (20/40) - 2024/11/11 23:22:27 CET [2024/11/11 17:22:27 ET]
Table '3822622930 1' 3-max Seat #2 is the button
Seat 1: Mahu2021 (630 in chips) 
Seat 2: Carkovich (360 in chips) 
Seat 3: chefchen99 (510 in chips) 
chefchen99: posts small blind 20
Mahu2021: posts big blind 40
*** HOLE CARDS ***
Dealt to Mahu2021 [Kc 7d]
Carkovich: raises 320 to 360 and is all-in
chefchen99: folds 
Mahu2021: folds 
Uncalled bet (320) returned to Carkovich
Carkovich collected 100 from pot
Carkovich: doesn't show hand 
*** SUMMARY ***
Total pot 100 | Rake 0 
Seat 1: Mahu2021 (big blind) folded before Flop
Seat 2: Carkovich (button) collected (100)
Seat 3: chefchen99 (small blind) folded before Flop



PokerStars Hand #253364954458: Tournament #3822622930, $1.84+$0.16 USD Hold'em No Limit - Level III (20/40) - 2024/11/11 23:22:35 CET [2024/11/11 17:22:35 ET]
Table '3822622930 1' 3-max Seat #3 is the button
Seat 1: Mahu2021 (590 in chips) 
Seat 2: Carkovich (420 in chips) 
Seat 3: chefchen99 (490 in chips) 
Mahu2021: posts small blind 20
Carkovich: posts big blind 40
*** HOLE CARDS ***
Dealt to Mahu2021 [Th 5d]
chefchen99: calls 40
Mahu2021: folds 
Carkovich: raises 380 to 420 and is all-in
chefchen99: folds 
Uncalled bet (380) returned to Carkovich
Carkovich collected 100 from pot
Carkovich: doesn't show hand 
*** SUMMARY ***
Total pot 100 | Rake 0 
Seat 1: Mahu2021 (small blind) folded before Flop
Seat 2: Carkovich (big blind) collected (100)
Seat 3: chefchen99 (button) folded before Flop



PokerStars Hand #253364958584: Tournament #3822622930, $1.84+$0.16 USD Hold'em No Limit - Level III (20/40) - 2024/11/11 23:22:49 CET [2024/11/11 17:22:49 ET]
Table '3822622930 1' 3-max Seat #1 is the button
Seat 1: Mahu2021 (570 in chips) 
Seat 2: Carkovich (480 in chips) 
Seat 3: chefchen99 (450 in chips) 
Carkovich: posts small blind 20
chefchen99: posts big blind 40
*** HOLE CARDS ***
Dealt to Mahu2021 [Jd 6h]
Mahu2021: folds 
Carkovich: calls 20
chefchen99: raises 410 to 450 and is all-in
Carkovich: folds 
Uncalled bet (410) returned to chefchen99
chefchen99 collected 80 from pot
chefchen99: doesn't show hand 
*** SUMMARY ***
Total pot 80 | Rake 0 
Seat 1: Mahu2021 (button) folded before Flop (didn't bet)
Seat 2: Carkovich (small blind) folded before Flop
Seat 3: chefchen99 (big blind) collected (80)



PokerStars Hand #253364962165: Tournament #3822622930, $1.84+$0.16 USD Hold'em No Limit - Level III (20/40) - 2024/11/11 23:23:01 CET [2024/11/11 17:23:01 ET]
Table '3822622930 1' 3-max Seat #2 is the button
Seat 1: Mahu2021 (570 in chips) 
Seat 2: Carkovich (440 in chips) 
Seat 3: chefchen99 (490 in chips) 
chefchen99: posts small blind 20
Mahu2021: posts big blind 40
*** HOLE CARDS ***
Dealt to Mahu2021 [Jd 6h]
Carkovich: folds 
chefchen99: calls 20
Mahu2021: checks 
*** FLOP *** [7h Ad 7s]
chefchen99: checks 
Mahu2021: checks 
*** TURN *** [7h Ad 7s] [Th]
chefchen99: bets 40
Mahu2021: folds 
Uncalled bet (40) returned to chefchen99
chefchen99 collected 80 from pot
chefchen99: doesn't show hand 
*** SUMMARY ***
Total pot 80 | Rake 0 
Board [7h Ad 7s Th]
Seat 1: Mahu2021 (big blind) folded on the Turn
Seat 2: Carkovich (button) folded before Flop (didn't bet)
Seat 3: chefchen99 (small blind) collected (80)



PokerStars Hand #253364966523: Tournament #3822622930, $1.84+$0.16 USD Hold'em No Limit - Level III (20/40) - 2024/11/11 23:23:16 CET [2024/11/11 17:23:16 ET]
Table '3822622930 1' 3-max Seat #3 is the button
Seat 1: Mahu2021 (530 in chips) 
Seat 2: Carkovich (440 in chips) 
Seat 3: chefchen99 (530 in chips) 
Mahu2021: posts small blind 20
Carkovich: posts big blind 40
*** HOLE CARDS ***
Dealt to Mahu2021 [Js 4c]
chefchen99: folds 
Mahu2021: raises 80 to 120
Carkovich: folds 
Uncalled bet (80) returned to Mahu2021
Mahu2021 collected 80 from pot
Mahu2021: doesn't show hand 
*** SUMMARY ***
Total pot 80 | Rake 0 
Seat 1: Mahu2021 (small blind) collected (80)
Seat 2: Carkovich (big blind) folded before Flop
Seat 3: chefchen99 (button) folded before Flop (didn't bet)



PokerStars Hand #253364969435: Tournament #3822622930, $1.84+$0.16 USD Hold'em No Limit - Level III (20/40) - 2024/11/11 23:23:25 CET [2024/11/11 17:23:25 ET]
Table '3822622930 1' 3-max Seat #1 is the button
Seat 1: Mahu2021 (570 in chips) 
Seat 2: Carkovich (400 in chips) 
Seat 3: chefchen99 (530 in chips) 
Carkovich: posts small blind 20
chefchen99: posts big blind 40
*** HOLE CARDS ***
Dealt to Mahu2021 [7d 8d]
Mahu2021: calls 40
Carkovich: raises 360 to 400 and is all-in
chefchen99: folds 
Mahu2021: folds 
Uncalled bet (360) returned to Carkovich
Carkovich collected 120 from pot
Carkovich: doesn't show hand 
*** SUMMARY ***
Total pot 120 | Rake 0 
Seat 1: Mahu2021 (button) folded before Flop
Seat 2: Carkovich (small blind) collected (120)
Seat 3: chefchen99 (big blind) folded before Flop



PokerStars Hand #253364971877: Tournament #3822622930, $1.84+$0.16 USD Hold'em No Limit - Level III (20/40) - 2024/11/11 23:23:33 CET [2024/11/11 17:23:33 ET]
Table '3822622930 1' 3-max Seat #2 is the button
Seat 1: Mahu2021 (530 in chips) 
Seat 2: Carkovich (480 in chips) 
Seat 3: chefchen99 (490 in chips) 
chefchen99: posts small blind 20
Mahu2021: posts big blind 40
*** HOLE CARDS ***
Dealt to Mahu2021 [9c 3c]
Carkovich: folds 
chefchen99: calls 20
Mahu2021: checks 
*** FLOP *** [2d 2c 9d]
chefchen99: checks 
Mahu2021: bets 80
chefchen99: folds 
Uncalled bet (80) returned to Mahu2021
Mahu2021 collected 80 from pot
Mahu2021: doesn't show hand 
*** SUMMARY ***
Total pot 80 | Rake 0 
Board [2d 2c 9d]
Seat 1: Mahu2021 (big blind) collected (80)
Seat 2: Carkovich (button) folded before Flop (didn't bet)
Seat 3: chefchen99 (small blind) folded on the Flop



PokerStars Hand #253364977342: Tournament #3822622930, $1.84+$0.16 USD Hold'em No Limit - Level III (20/40) - 2024/11/11 23:23:51 CET [2024/11/11 17:23:51 ET]
Table '3822622930 1' 3-max Seat #3 is the button
Seat 1: Mahu2021 (570 in chips) 
Seat 2: Carkovich (480 in chips) 
Seat 3: chefchen99 (450 in chips) 
Mahu2021: posts small blind 20
Carkovich: posts big blind 40
*** HOLE CARDS ***
Dealt to Mahu2021 [5d 8h]
chefchen99: folds 
Mahu2021: folds 
Uncalled bet (20) returned to Carkovich
Carkovich collected 40 from pot
Carkovich: doesn't show hand 
*** SUMMARY ***
Total pot 40 | Rake 0 
Seat 1: Mahu2021 (small blind) folded before Flop
Seat 2: Carkovich (big blind) collected (40)
Seat 3: chefchen99 (button) folded before Flop (didn't bet)



PokerStars Hand #253364978991: Tournament #3822622930, $1.84+$0.16 USD Hold'em No Limit - Level III (20/40) - 2024/11/11 23:23:57 CET [2024/11/11 17:23:57 ET]
Table '3822622930 1' 3-max Seat #1 is the button
Seat 1: Mahu2021 (550 in chips) 
Seat 2: Carkovich (500 in chips) 
Seat 3: chefchen99 (450 in chips) 
Carkovich: posts small blind 20
chefchen99: posts big blind 40
*** HOLE CARDS ***
Dealt to Mahu2021 [9d 9s]
Mahu2021: raises 80 to 120
Carkovich: folds 
chefchen99: folds 
Uncalled bet (80) returned to Mahu2021
Mahu2021 collected 100 from pot
Mahu2021: doesn't show hand 
*** SUMMARY ***
Total pot 100 | Rake 0 
Seat 1: Mahu2021 (button) collected (100)
Seat 2: Carkovich (small blind) folded before Flop
Seat 3: chefchen99 (big blind) folded before Flop



PokerStars Hand #253364983133: Tournament #3822622930, $1.84+$0.16 USD Hold'em No Limit - Level IV (30/60) - 2024/11/11 23:24:11 CET [2024/11/11 17:24:11 ET]
Table '3822622930 1' 3-max Seat #2 is the button
Seat 1: Mahu2021 (610 in chips) 
Seat 2: Carkovich (480 in chips) 
Seat 3: chefchen99 (410 in chips) 
chefchen99: posts small blind 30
Mahu2021: posts big blind 60
*** HOLE CARDS ***
Dealt to Mahu2021 [3c Qh]
Carkovich: raises 60 to 120
chefchen99: folds 
Mahu2021: calls 60
*** FLOP *** [9s 9h Qc]
Mahu2021: bets 490 and is all-in
Carkovich: calls 360 and is all-in
Uncalled bet (130) returned to Mahu2021
*** TURN *** [9s 9h Qc] [7c]
*** RIVER *** [9s 9h Qc 7c] [6s]
*** SHOW DOWN ***
Mahu2021: shows [3c Qh] (two pair, Queens and Nines)
Carkovich: shows [Js Qs] (two pair, Queens and Nines - Jack kicker)
Carkovich collected 990 from pot
*** SUMMARY ***
Total pot 990 | Rake 0 
Board [9s 9h Qc 7c 6s]
Seat 1: Mahu2021 (big blind) showed [3c Qh] and lost with two pair, Queens and Nines
Seat 2: Carkovich (button) showed [Js Qs] and won (990) with two pair, Queens and Nines
Seat 3: chefchen99 (small blind) folded before Flop



PokerStars Hand #253364988094: Tournament #3822622930, $1.84+$0.16 USD Hold'em No Limit - Level IV (30/60) - 2024/11/11 23:24:27 CET [2024/11/11 17:24:27 ET]
Table '3822622930 1' 3-max Seat #3 is the button
Seat 1: Mahu2021 (130 in chips) 
Seat 2: Carkovich (990 in chips) 
Seat 3: chefchen99 (380 in chips) 
Mahu2021: posts small blind 30
Carkovich: posts big blind 60
*** HOLE CARDS ***
Dealt to Mahu2021 [Qd 8c]
chefchen99: calls 60
Mahu2021: raises 70 to 130 and is all-in
Carkovich: folds 
chefchen99: calls 70
*** FLOP *** [5h 3s 8s]
*** TURN *** [5h 3s 8s] [9s]
*** RIVER *** [5h 3s 8s 9s] [6d]
*** SHOW DOWN ***
Mahu2021: shows [Qd 8c] (a pair of Eights)
chefchen99: shows [Ac 2c] (high card Ace)
Mahu2021 collected 320 from pot
*** SUMMARY ***
Total pot 320 | Rake 0 
Board [5h 3s 8s 9s 6d]
Seat 1: Mahu2021 (small blind) showed [Qd 8c] and won (320) with a pair of Eights
Seat 2: Carkovich (big blind) folded before Flop
Seat 3: chefchen99 (button) showed [Ac 2c] and lost with high card Ace



PokerStars Hand #253364993532: Tournament #3822622930, $1.84+$0.16 USD Hold'em No Limit - Level IV (30/60) - 2024/11/11 23:24:45 CET [2024/11/11 17:24:45 ET]
Table '3822622930 1' 3-max Seat #1 is the button
Seat 1: Mahu2021 (320 in chips) 
Seat 2: Carkovich (930 in chips) 
Seat 3: chefchen99 (250 in chips) 
Carkovich: posts small blind 30
chefchen99: posts big blind 60
*** HOLE CARDS ***
Dealt to Mahu2021 [Ac Qc]
Mahu2021: raises 260 to 320 and is all-in
Carkovich: folds 
chefchen99: folds 
Uncalled bet (260) returned to Mahu2021
Mahu2021 collected 150 from pot
Mahu2021: doesn't show hand 
*** SUMMARY ***
Total pot 150 | Rake 0 
Seat 1: Mahu2021 (button) collected (150)
Seat 2: Carkovich (small blind) folded before Flop
Seat 3: chefchen99 (big blind) folded before Flop



PokerStars Hand #253364996043: Tournament #3822622930, $1.84+$0.16 USD Hold'em No Limit - Level IV (30/60) - 2024/11/11 23:24:54 CET [2024/11/11 17:24:54 ET]
Table '3822622930 1' 3-max Seat #2 is the button
Seat 1: Mahu2021 (410 in chips) 
Seat 2: Carkovich (900 in chips) 
Seat 3: chefchen99 (190 in chips) 
chefchen99: posts small blind 30
Mahu2021: posts big blind 60
*** HOLE CARDS ***
Dealt to Mahu2021 [2c 5h]
Carkovich: raises 840 to 900 and is all-in
chefchen99: folds 
Mahu2021: folds 
Uncalled bet (840) returned to Carkovich
Carkovich collected 150 from pot
Carkovich: doesn't show hand 
*** SUMMARY ***
Total pot 150 | Rake 0 
Seat 1: Mahu2021 (big blind) folded before Flop
Seat 2: Carkovich (button) collected (150)
Seat 3: chefchen99 (small blind) folded before Flop



PokerStars Hand #253364998465: Tournament #3822622930, $1.84+$0.16 USD Hold'em No Limit - Level IV (30/60) - 2024/11/11 23:25:02 CET [2024/11/11 17:25:02 ET]
Table '3822622930 1' 3-max Seat #3 is the button
Seat 1: Mahu2021 (350 in chips) 
Seat 2: Carkovich (990 in chips) 
Seat 3: chefchen99 (160 in chips) 
Mahu2021: posts small blind 30
Carkovich: posts big blind 60
*** HOLE CARDS ***
Dealt to Mahu2021 [5c 7h]
chefchen99: calls 60
Mahu2021: folds 
Carkovich: raises 930 to 990 and is all-in
chefchen99: calls 100 and is all-in
Uncalled bet (830) returned to Carkovich
*** FLOP *** [2d 7d Jd]
*** TURN *** [2d 7d Jd] [3s]
*** RIVER *** [2d 7d Jd 3s] [Kd]
*** SHOW DOWN ***
Carkovich: shows [9s Ah] (high card Ace)
chefchen99: shows [4d 4c] (a flush, King high)
chefchen99 collected 350 from pot
*** SUMMARY ***
Total pot 350 | Rake 0 
Board [2d 7d Jd 3s Kd]
Seat 1: Mahu2021 (small blind) folded before Flop
Seat 2: Carkovich (big blind) showed [9s Ah] and lost with high card Ace
Seat 3: chefchen99 (button) showed [4d 4c] and won (350) with a flush, King high



PokerStars Hand #253365004220: Tournament #3822622930, $1.84+$0.16 USD Hold'em No Limit - Level IV (30/60) - 2024/11/11 23:25:21 CET [2024/11/11 17:25:21 ET]
Table '3822622930 1' 3-max Seat #1 is the button
Seat 1: Mahu2021 (320 in chips) 
Seat 2: Carkovich (830 in chips) 
Seat 3: chefchen99 (350 in chips) 
Carkovich: posts small blind 30
chefchen99: posts big blind 60
*** HOLE CARDS ***
Dealt to Mahu2021 [Ac 4h]
Mahu2021: raises 260 to 320 and is all-in
Carkovich: folds 
chefchen99: calls 260
*** FLOP *** [2s 6s 2c]
*** TURN *** [2s 6s 2c] [7c]
*** RIVER *** [2s 6s 2c 7c] [Qh]
*** SHOW DOWN ***
chefchen99: shows [Th Ks] (a pair of Deuces)
Mahu2021: shows [Ac 4h] (a pair of Deuces - Ace kicker)
Mahu2021 collected 670 from pot
*** SUMMARY ***
Total pot 670 | Rake 0 
Board [2s 6s 2c 7c Qh]
Seat 1: Mahu2021 (button) showed [Ac 4h] and won (670) with a pair of Deuces
Seat 2: Carkovich (small blind) folded before Flop
Seat 3: chefchen99 (big blind) showed [Th Ks] and lost with a pair of Deuces



PokerStars Hand #253365008393: Tournament #3822622930, $1.84+$0.16 USD Hold'em No Limit - Level IV (30/60) - 2024/11/11 23:25:35 CET [2024/11/11 17:25:35 ET]
Table '3822622930 1' 3-max Seat #2 is the button
Seat 1: Mahu2021 (670 in chips) 
Seat 2: Carkovich (800 in chips) 
Seat 3: chefchen99 (30 in chips) 
chefchen99: posts small blind 30 and is all-in
Mahu2021: posts big blind 60
*** HOLE CARDS ***
Dealt to Mahu2021 [8s Ac]
Carkovich: raises 740 to 800 and is all-in
Mahu2021: calls 610 and is all-in
Uncalled bet (130) returned to Carkovich
*** FLOP *** [2c Tc 2h]
*** TURN *** [2c Tc 2h] [Qs]
*** RIVER *** [2c Tc 2h Qs] [7s]
*** SHOW DOWN ***
Mahu2021: shows [8s Ac] (a pair of Deuces)
Carkovich: shows [Jc Qc] (two pair, Queens and Deuces)
Carkovich collected 1280 from side pot
chefchen99: shows [8c Ah] (a pair of Deuces)
Carkovich collected 90 from main pot
Mahu2021 finished the tournament in 2nd place
chefchen99 finished the tournament in 3rd place
Carkovich wins the tournament and receives $8.00 - congratulations!
*** SUMMARY ***
Total pot 1370 Main pot 90. Side pot 1280. | Rake 0 
Board [2c Tc 2h Qs 7s]
Seat 1: Mahu2021 (big blind) showed [8s Ac] and lost with a pair of Deuces
Seat 2: Carkovich (button) showed [Jc Qc] and won (1370) with two pair, Queens and Deuces
Seat 3: chefchen99 (small blind) showed [8c Ah] and lost with a pair of Deuces



