PokerStars Zoom Hand #254056648068:  Hold'em No Limit ($0.05/$0.10) - 2024/12/27 20:58:26 CET [2024/12/27 14:58:26 ET]
Table 'Aludra' 6-max Seat #1 is the button
Seat 1: Textures777 ($10.90 in chips) 
Seat 2: Mahu2021 ($9.90 in chips) 
Seat 3: witos72 ($9.55 in chips) 
Seat 4: 2ater ($26.46 in chips) 
Seat 5: Baratrum777 ($10.31 in chips) 
Seat 6: aalewee56 ($10.10 in chips) 
Mahu2021: posts small blind $0.05
witos72: posts big blind $0.10
*** HOLE CARDS ***
Dealt to Mahu2021 [2s Ts]
2ater: folds 
Baratrum777: folds 
aalewee56: folds 
Textures777: folds 
Mahu2021: folds 
Uncalled bet ($0.05) returned to witos72
witos72 collected $0.10 from pot
witos72: doesn't show hand 
*** SUMMARY ***
Total pot $0.10 | Rake $0 
Seat 1: Textures777 (button) folded before Flop (didn't bet)
Seat 2: Mahu2021 (small blind) folded before Flop
Seat 3: witos72 (big blind) collected ($0.10)
Seat 4: 2ater folded before Flop (didn't bet)
Seat 5: Baratrum777 folded before Flop (didn't bet)
Seat 6: aalewee56 folded before Flop (didn't bet)



PokerStars Zoom Hand #254056644831:  Hold'em No Limit ($0.05/$0.10) - 2024/12/27 20:58:11 CET [2024/12/27 14:58:11 ET]
Table 'Aludra' 6-max Seat #1 is the button
Seat 1: xzoleex ($2.10 in chips) 
Seat 2: natrom510 ($5.51 in chips) 
Seat 3: Mahu2021 ($10 in chips) 
Seat 4: Ale.A.S.M.R ($17.12 in chips) 
Seat 5: zadros1984a ($10 in chips) 
Seat 6: Chestiefol ($12.16 in chips) 
natrom510: posts small blind $0.05
Mahu2021: posts big blind $0.10
*** HOLE CARDS ***
Dealt to Mahu2021 [9d 7s]
Ale.A.S.M.R: folds 
zadros1984a: folds 
Chestiefol: raises $0.15 to $0.25
xzoleex: calls $0.25
natrom510: folds 
Mahu2021: folds 
*** FLOP *** [6d 2d Qd]
Chestiefol: checks 
xzoleex: checks 
*** TURN *** [6d 2d Qd] [As]
Chestiefol: checks 
xzoleex: checks 
*** RIVER *** [6d 2d Qd As] [8c]
Chestiefol: checks 
xzoleex: checks 
*** SHOW DOWN ***
Chestiefol: shows [Jh Kc] (high card Ace)
xzoleex: mucks hand 
Chestiefol collected $0.62 from pot
*** SUMMARY ***
Total pot $0.65 | Rake $0.03 
Board [6d 2d Qd As 8c]
Seat 1: xzoleex (button) mucked [Kd Tc]
Seat 2: natrom510 (small blind) folded before Flop
Seat 3: Mahu2021 (big blind) folded before Flop
Seat 4: Ale.A.S.M.R folded before Flop (didn't bet)
Seat 5: zadros1984a folded before Flop (didn't bet)
Seat 6: Chestiefol showed [Jh Kc] and won ($0.62) with high card Ace



PokerStars Zoom Hand #254056648970:  Hold'em No Limit ($0.05/$0.10) - 2024/12/27 20:58:30 CET [2024/12/27 14:58:30 ET]
Table 'Aludra' 6-max Seat #1 is the button
Seat 1: Mahu2021 ($9.85 in chips) 
Seat 2: Dr. Margil ($8.08 in chips) 
Seat 3: vern5115 ($14.14 in chips) 
Seat 4: pirocker ($10.46 in chips) 
Seat 5: cz83 ($10.28 in chips) 
Seat 6: Textures777 ($24.59 in chips) 
Dr. Margil: posts small blind $0.05
vern5115: posts big blind $0.10
*** HOLE CARDS ***
Dealt to Mahu2021 [8s 7c]
pirocker: raises $0.15 to $0.25
cz83: folds 
Textures777: raises $0.50 to $0.75
Mahu2021: folds 
Dr. Margil: folds 
vern5115: folds 
pirocker: folds 
Uncalled bet ($0.50) returned to Textures777
Textures777 collected $0.65 from pot
Textures777: doesn't show hand 
*** SUMMARY ***
Total pot $0.65 | Rake $0 
Seat 1: Mahu2021 (button) folded before Flop (didn't bet)
Seat 2: Dr. Margil (small blind) folded before Flop
Seat 3: vern5115 (big blind) folded before Flop
Seat 4: pirocker folded before Flop
Seat 5: cz83 folded before Flop (didn't bet)
Seat 6: Textures777 collected ($0.65)



PokerStars Zoom Hand #254056650012:  Hold'em No Limit ($0.05/$0.10) - 2024/12/27 20:58:35 CET [2024/12/27 14:58:35 ET]
Table 'Aludra' 6-max Seat #1 is the button
Seat 1: Ale.A.S.M.R ($20.38 in chips) 
Seat 2: TopSaleman ($13.30 in chips) 
Seat 3: narsefv ($11.39 in chips) 
Seat 4: B0SSD3M ($8.03 in chips) 
Seat 5: Mahu2021 ($9.85 in chips) 
Seat 6: punisher121591 ($10.51 in chips) 
TopSaleman: posts small blind $0.05
narsefv: posts big blind $0.10
*** HOLE CARDS ***
Dealt to Mahu2021 [Qs 9d]
B0SSD3M: raises $0.10 to $0.20
Mahu2021: folds 
punisher121591: folds 
Ale.A.S.M.R: folds 
TopSaleman: folds 
narsefv: folds 
Uncalled bet ($0.10) returned to B0SSD3M
B0SSD3M collected $0.25 from pot
B0SSD3M: doesn't show hand 
*** SUMMARY ***
Total pot $0.25 | Rake $0 
Seat 1: Ale.A.S.M.R (button) folded before Flop (didn't bet)
Seat 2: TopSaleman (small blind) folded before Flop
Seat 3: narsefv (big blind) folded before Flop
Seat 4: B0SSD3M collected ($0.25)
Seat 5: Mahu2021 folded before Flop (didn't bet)
Seat 6: punisher121591 folded before Flop (didn't bet)



PokerStars Zoom Hand #254056650897:  Hold'em No Limit ($0.05/$0.10) - 2024/12/27 20:58:39 CET [2024/12/27 14:58:39 ET]
Table 'Aludra' 6-max Seat #1 is the button
Seat 1: epsilon2011 ($10.10 in chips) 
Seat 2: MarkRegen ($7.99 in chips) 
Seat 3: alpharfn ($10.13 in chips) 
Seat 4: pitbull857 ($9.85 in chips) 
Seat 5: blysk ($15.06 in chips) 
Seat 6: Mahu2021 ($9.85 in chips) 
MarkRegen: posts small blind $0.05
alpharfn: posts big blind $0.10
*** HOLE CARDS ***
Dealt to Mahu2021 [6s 6c]
pitbull857: folds 
blysk: folds 
Mahu2021: raises $0.20 to $0.30
epsilon2011: folds 
MarkRegen: folds 
alpharfn: calls $0.20
*** FLOP *** [2h Qh 2s]
alpharfn: checks 
Mahu2021: bets $0.30
alpharfn: folds 
Uncalled bet ($0.30) returned to Mahu2021
Mahu2021 collected $0.62 from pot
Mahu2021: doesn't show hand 
*** SUMMARY ***
Total pot $0.65 | Rake $0.03 
Board [2h Qh 2s]
Seat 1: epsilon2011 (button) folded before Flop (didn't bet)
Seat 2: MarkRegen (small blind) folded before Flop
Seat 3: alpharfn (big blind) folded on the Flop
Seat 4: pitbull857 folded before Flop (didn't bet)
Seat 5: blysk folded before Flop (didn't bet)
Seat 6: Mahu2021 collected ($0.62)



PokerStars Zoom Hand #254056655914:  Hold'em No Limit ($0.05/$0.10) - 2024/12/27 20:59:02 CET [2024/12/27 14:59:02 ET]
Table 'Aludra' 6-max Seat #1 is the button
Seat 1: Mahu2021 ($10.17 in chips) 
Seat 2: NakedMonkey666 ($4.41 in chips) 
Seat 3: pamels25 ($9.89 in chips) 
Seat 4: sakis_groovy ($11.62 in chips) 
Seat 5: Baratrum777 ($10 in chips) 
Seat 6: Boymack05 ($14.40 in chips) 
NakedMonkey666: posts small blind $0.05
pamels25: posts big blind $0.10
*** HOLE CARDS ***
Dealt to Mahu2021 [5d 2s]
sakis_groovy: folds 
Baratrum777: folds 
Boymack05: folds 
Mahu2021: folds 
NakedMonkey666: folds 
Uncalled bet ($0.05) returned to pamels25
pamels25 collected $0.10 from pot
pamels25: doesn't show hand 
*** SUMMARY ***
Total pot $0.10 | Rake $0 
Seat 1: Mahu2021 (button) folded before Flop (didn't bet)
Seat 2: NakedMonkey666 (small blind) folded before Flop
Seat 3: pamels25 (big blind) collected ($0.10)
Seat 4: sakis_groovy folded before Flop (didn't bet)
Seat 5: Baratrum777 folded before Flop (didn't bet)
Seat 6: Boymack05 folded before Flop (didn't bet)



PokerStars Zoom Hand #254056656935:  Hold'em No Limit ($0.05/$0.10) - 2024/12/27 20:59:07 CET [2024/12/27 14:59:07 ET]
Table 'Aludra' 6-max Seat #1 is the button
Seat 1: blysk ($15.01 in chips) 
Seat 2: Chestiefol ($14.51 in chips) 
Seat 3: Mahu2021 ($10.17 in chips) 
Seat 4: pitbull857 ($24.58 in chips) 
Seat 5: cz83 ($10.13 in chips) 
Seat 6: craigbissett ($10 in chips) 
Chestiefol: posts small blind $0.05
Mahu2021: posts big blind $0.10
*** HOLE CARDS ***
Dealt to Mahu2021 [7h 6s]
pitbull857: folds 
cz83: raises $0.15 to $0.25
craigbissett: folds 
blysk: folds 
Chestiefol: folds 
Mahu2021: folds 
Uncalled bet ($0.15) returned to cz83
cz83 collected $0.25 from pot
cz83: doesn't show hand 
*** SUMMARY ***
Total pot $0.25 | Rake $0 
Seat 1: blysk (button) folded before Flop (didn't bet)
Seat 2: Chestiefol (small blind) folded before Flop
Seat 3: Mahu2021 (big blind) folded before Flop
Seat 4: pitbull857 folded before Flop (didn't bet)
Seat 5: cz83 collected ($0.25)
Seat 6: craigbissett folded before Flop (didn't bet)



PokerStars Zoom Hand #254056658889:  Hold'em No Limit ($0.05/$0.10) - 2024/12/27 20:59:16 CET [2024/12/27 14:59:16 ET]
Table 'Aludra' 6-max Seat #1 is the button
Seat 1: sakis_groovy ($11.57 in chips) 
Seat 2: Mahu2021 ($10.07 in chips) 
Seat 3: Ph4nToM89 ($10.99 in chips) 
Seat 4: Chestiefol ($27.17 in chips) 
Seat 5: aamsantos ($9.28 in chips) 
Seat 6: busfahrer09 ($11.59 in chips) 
Mahu2021: posts small blind $0.05
Ph4nToM89: posts big blind $0.10
*** HOLE CARDS ***
Dealt to Mahu2021 [Kh Ah]
Chestiefol: folds 
aamsantos: folds 
busfahrer09: raises $0.15 to $0.25
sakis_groovy: calls $0.25
Mahu2021: calls $0.20
Ph4nToM89: raises $1.10 to $1.35
busfahrer09: folds 
sakis_groovy: folds 
Mahu2021: calls $1.10
*** FLOP *** [4h 9c 3h]
Mahu2021: checks 
Ph4nToM89: bets $2.02
Mahu2021: calls $2.02
*** TURN *** [4h 9c 3h] [7d]
Mahu2021: checks 
Ph4nToM89: bets $7.62 and is all-in
Mahu2021: calls $6.70 and is all-in
Uncalled bet ($0.92) returned to Ph4nToM89
*** RIVER *** [4h 9c 3h 7d] [3s]
*** SHOW DOWN ***
Mahu2021: shows [Kh Ah] (a pair of Threes)
Ph4nToM89: shows [Js Jc] (two pair, Jacks and Threes)
Ph4nToM89 collected $19.71 from pot
*** SUMMARY ***
Total pot $20.64 | Rake $0.93 
Board [4h 9c 3h 7d 3s]
Seat 1: sakis_groovy (button) folded before Flop
Seat 2: Mahu2021 (small blind) showed [Kh Ah] and lost with a pair of Threes
Seat 3: Ph4nToM89 (big blind) showed [Js Jc] and won ($19.71) with two pair, Jacks and Threes
Seat 4: Chestiefol folded before Flop (didn't bet)
Seat 5: aamsantos folded before Flop (didn't bet)
Seat 6: busfahrer09 folded before Flop



PokerStars Zoom Hand #254056682243:  Hold'em No Limit ($0.05/$0.10) - 2024/12/27 21:00:58 CET [2024/12/27 15:00:58 ET]
Table 'Aludra' 6-max Seat #1 is the button
Seat 1: pokking876 ($26.73 in chips) 
Seat 2: Olsen43 ($15.71 in chips) 
Seat 3: witos72 ($9.85 in chips) 
Seat 4: Mahu2021 ($10 in chips) 
Seat 5: Tom Smurf ($10.18 in chips) 
Seat 6: skoopies ($43.66 in chips) 
Olsen43: posts small blind $0.05
witos72: posts big blind $0.10
*** HOLE CARDS ***
Dealt to Mahu2021 [8c 9c]
Mahu2021: folds 
Tom Smurf: folds 
skoopies: folds 
pokking876: folds 
Olsen43: folds 
Uncalled bet ($0.05) returned to witos72
witos72 collected $0.10 from pot
witos72: doesn't show hand 
*** SUMMARY ***
Total pot $0.10 | Rake $0 
Seat 1: pokking876 (button) folded before Flop (didn't bet)
Seat 2: Olsen43 (small blind) folded before Flop
Seat 3: witos72 (big blind) collected ($0.10)
Seat 4: Mahu2021 folded before Flop (didn't bet)
Seat 5: Tom Smurf folded before Flop (didn't bet)
Seat 6: skoopies folded before Flop (didn't bet)



PokerStars Zoom Hand #254056680982:  Hold'em No Limit ($0.05/$0.10) - 2024/12/27 21:00:53 CET [2024/12/27 15:00:53 ET]
Table 'Aludra' 6-max Seat #1 is the button
Seat 1: 2ater ($28.02 in chips) 
Seat 2: Ísaak44 ($23.09 in chips) 
Seat 3: epsilon2011 ($19.36 in chips) 
Seat 4: Mahu2021 ($10 in chips) 
Seat 5: deejaydmc ($8.26 in chips) 
Seat 6: Tom Smurf ($10.18 in chips) 
Ísaak44: posts small blind $0.05
epsilon2011: posts big blind $0.10
*** HOLE CARDS ***
Dealt to Mahu2021 [Th 5h]
Mahu2021: folds 
deejaydmc: folds 
Tom Smurf: folds 
2ater: folds 
Ísaak44: raises $0.20 to $0.30
epsilon2011: folds 
Uncalled bet ($0.20) returned to Ísaak44
Ísaak44 collected $0.20 from pot
Ísaak44: doesn't show hand 
*** SUMMARY ***
Total pot $0.20 | Rake $0 
Seat 1: 2ater (button) folded before Flop (didn't bet)
Seat 2: Ísaak44 (small blind) collected ($0.20)
Seat 3: epsilon2011 (big blind) folded before Flop
Seat 4: Mahu2021 folded before Flop (didn't bet)
Seat 5: deejaydmc folded before Flop (didn't bet)
Seat 6: Tom Smurf folded before Flop (didn't bet)



PokerStars Zoom Hand #254056679748:  Hold'em No Limit ($0.05/$0.10) - 2024/12/27 21:00:48 CET [2024/12/27 15:00:48 ET]
Table 'Aludra' 6-max Seat #1 is the button
Seat 1: skoopies ($43.66 in chips) 
Seat 2: Frenchy1738 ($7.05 in chips) 
Seat 3: shoromonoko ($10.87 in chips) 
Seat 4: cz83 ($10.08 in chips) 
Seat 5: MarkRegen ($10.53 in chips) 
Seat 6: Mahu2021 ($10 in chips) 
Frenchy1738: posts small blind $0.05
shoromonoko: posts big blind $0.10
*** HOLE CARDS ***
Dealt to Mahu2021 [4h 7d]
cz83: folds 
MarkRegen: calls $0.10
Mahu2021: folds 
skoopies: folds 
Frenchy1738: calls $0.05
shoromonoko: checks 
*** FLOP *** [8h 7h Ac]
Frenchy1738: checks 
shoromonoko: bets $0.10
MarkRegen: folds 
Frenchy1738: calls $0.10
*** TURN *** [8h 7h Ac] [6h]
Frenchy1738: checks 
shoromonoko: checks 
*** RIVER *** [8h 7h Ac 6h] [6s]
Frenchy1738: bets $0.24
shoromonoko: folds 
Uncalled bet ($0.24) returned to Frenchy1738
Frenchy1738 collected $0.48 from pot
Frenchy1738: doesn't show hand 
*** SUMMARY ***
Total pot $0.50 | Rake $0.02 
Board [8h 7h Ac 6h 6s]
Seat 1: skoopies (button) folded before Flop (didn't bet)
Seat 2: Frenchy1738 (small blind) collected ($0.48)
Seat 3: shoromonoko (big blind) folded on the River
Seat 4: cz83 folded before Flop (didn't bet)
Seat 5: MarkRegen folded on the Flop
Seat 6: Mahu2021 folded before Flop (didn't bet)



PokerStars Zoom Hand #254056683503:  Hold'em No Limit ($0.05/$0.10) - 2024/12/27 21:01:03 CET [2024/12/27 15:01:03 ET]
Table 'Aludra' 6-max Seat #1 is the button
Seat 1: Mahu2021 ($10 in chips) 
Seat 2: pirocker ($21.32 in chips) 
Seat 3: CBUHOKOHb-1 ($20.79 in chips) 
Seat 4: pokking876 ($25.53 in chips) 
Seat 5: dragon ma523 ($10.04 in chips) 
Seat 6: aalewee56 ($11.16 in chips) 
pirocker: posts small blind $0.05
CBUHOKOHb-1: posts big blind $0.10
*** HOLE CARDS ***
Dealt to Mahu2021 [9h 9d]
pokking876: folds 
dragon ma523: folds 
aalewee56: folds 
Mahu2021: raises $0.20 to $0.30
pirocker: folds 
CBUHOKOHb-1: calls $0.20
*** FLOP *** [As 8c 4d]
CBUHOKOHb-1: checks 
Mahu2021: bets $0.20
CBUHOKOHb-1: calls $0.20
*** TURN *** [As 8c 4d] [Qd]
CBUHOKOHb-1: checks 
Mahu2021: checks 
*** RIVER *** [As 8c 4d Qd] [Tc]
CBUHOKOHb-1: bets $0.30
Mahu2021: calls $0.30
*** SHOW DOWN ***
CBUHOKOHb-1: shows [2d Ad] (a pair of Aces)
Mahu2021: mucks hand 
CBUHOKOHb-1 collected $1.58 from pot
*** SUMMARY ***
Total pot $1.65 | Rake $0.07 
Board [As 8c 4d Qd Tc]
Seat 1: Mahu2021 (button) mucked [9h 9d]
Seat 2: pirocker (small blind) folded before Flop
Seat 3: CBUHOKOHb-1 (big blind) showed [2d Ad] and won ($1.58) with a pair of Aces
Seat 4: pokking876 folded before Flop (didn't bet)
Seat 5: dragon ma523 folded before Flop (didn't bet)
Seat 6: aalewee56 folded before Flop (didn't bet)



PokerStars Zoom Hand #254056691366:  Hold'em No Limit ($0.05/$0.10) - 2024/12/27 21:01:32 CET [2024/12/27 15:01:32 ET]
Table 'Aludra' 6-max Seat #1 is the button
Seat 1: TopSaleman ($12.05 in chips) 
Seat 2: pamels25 ($14.17 in chips) 
Seat 3: Mahu2021 ($9.20 in chips) 
Seat 4: Loose Dollar ($13.69 in chips) 
Seat 5: MrCappu ($11.11 in chips) 
Seat 6: CBUHOKOHb-1 ($21.57 in chips) 
pamels25: posts small blind $0.05
Mahu2021: posts big blind $0.10
*** HOLE CARDS ***
Dealt to Mahu2021 [2h Js]
Loose Dollar: folds 
MrCappu: folds 
CBUHOKOHb-1: folds 
TopSaleman: folds 
pamels25: folds 
Uncalled bet ($0.05) returned to Mahu2021
Mahu2021 collected $0.10 from pot
Mahu2021: doesn't show hand 
*** SUMMARY ***
Total pot $0.10 | Rake $0 
Seat 1: TopSaleman (button) folded before Flop (didn't bet)
Seat 2: pamels25 (small blind) folded before Flop
Seat 3: Mahu2021 (big blind) collected ($0.10)
Seat 4: Loose Dollar folded before Flop (didn't bet)
Seat 5: MrCappu folded before Flop (didn't bet)
Seat 6: CBUHOKOHb-1 folded before Flop (didn't bet)



PokerStars Zoom Hand #254056697017:  Hold'em No Limit ($0.05/$0.10) - 2024/12/27 21:01:52 CET [2024/12/27 15:01:52 ET]
Table 'Aludra' 6-max Seat #1 is the button
Seat 1: rGiosa ($21 in chips) 
Seat 2: Mahu2021 ($9.25 in chips) 
Seat 3: Jinzoo1 ($0.84 in chips) 
Seat 4: like.yasu119 ($9.83 in chips) 
Seat 5: Textures777 ($12.04 in chips) 
Seat 6: busfahrer09 ($10.59 in chips) 
Mahu2021: posts small blind $0.05
Jinzoo1: posts big blind $0.10
*** HOLE CARDS ***
Dealt to Mahu2021 [Qc 8h]
like.yasu119: folds 
Textures777: folds 
busfahrer09: folds 
rGiosa: folds 
Mahu2021: folds 
Uncalled bet ($0.05) returned to Jinzoo1
Jinzoo1 collected $0.10 from pot
Jinzoo1: doesn't show hand 
*** SUMMARY ***
Total pot $0.10 | Rake $0 
Seat 1: rGiosa (button) folded before Flop (didn't bet)
Seat 2: Mahu2021 (small blind) folded before Flop
Seat 3: Jinzoo1 (big blind) collected ($0.10)
Seat 4: like.yasu119 folded before Flop (didn't bet)
Seat 5: Textures777 folded before Flop (didn't bet)
Seat 6: busfahrer09 folded before Flop (didn't bet)



PokerStars Zoom Hand #254056695993:  Hold'em No Limit ($0.05/$0.10) - 2024/12/27 21:01:48 CET [2024/12/27 15:01:48 ET]
Table 'Aludra' 6-max Seat #1 is the button
Seat 1: Ísaak44 ($16 in chips) 
Seat 2: TGVon ($11.16 in chips) 
Seat 3: witos72 ($9.95 in chips) 
Seat 4: GlendiBoy ($21.95 in chips) 
Seat 5: Jinzoo1 ($0.84 in chips) 
Seat 6: Mahu2021 ($9.25 in chips) 
TGVon: posts small blind $0.05
witos72: posts big blind $0.10
*** HOLE CARDS ***
Dealt to Mahu2021 [2s Ah]
GlendiBoy: folds 
Jinzoo1: folds 
Mahu2021: folds 
Ísaak44: raises $0.13 to $0.23
TGVon: folds 
witos72: folds 
Uncalled bet ($0.13) returned to Ísaak44
Ísaak44 collected $0.25 from pot
Ísaak44: doesn't show hand 
*** SUMMARY ***
Total pot $0.25 | Rake $0 
Seat 1: Ísaak44 (button) collected ($0.25)
Seat 2: TGVon (small blind) folded before Flop
Seat 3: witos72 (big blind) folded before Flop
Seat 4: GlendiBoy folded before Flop (didn't bet)
Seat 5: Jinzoo1 folded before Flop (didn't bet)
Seat 6: Mahu2021 folded before Flop (didn't bet)



PokerStars Zoom Hand #254056699151:  Hold'em No Limit ($0.05/$0.10) - 2024/12/27 21:02:00 CET [2024/12/27 15:02:00 ET]
Table 'Aludra' 6-max Seat #1 is the button
Seat 1: Mahu2021 ($9.20 in chips) 
Seat 2: rGiosa ($10.25 in chips) 
Seat 3: Paulhyf ($3.10 in chips) 
Seat 4: Chestiefol ($14.06 in chips) 
Seat 5: Fencis ($8.28 in chips) 
Seat 6: Dr. Margil ($8.75 in chips) 
rGiosa: posts small blind $0.05
Paulhyf: posts big blind $0.10
*** HOLE CARDS ***
Dealt to Mahu2021 [3c 3h]
Chestiefol: raises $0.15 to $0.25
Fencis: calls $0.25
Dr. Margil: calls $0.25
Mahu2021: calls $0.25
rGiosa: folds 
Paulhyf: calls $0.15
*** FLOP *** [3s 5h 9s]
Paulhyf: checks 
Chestiefol: checks 
Fencis: checks 
Dr. Margil: checks 
Mahu2021: bets $1.24
Paulhyf: folds 
Chestiefol: folds 
Fencis: folds 
Dr. Margil: folds 
Uncalled bet ($1.24) returned to Mahu2021
Mahu2021 collected $1.24 from pot
Mahu2021: doesn't show hand 
*** SUMMARY ***
Total pot $1.30 | Rake $0.06 
Board [3s 5h 9s]
Seat 1: Mahu2021 (button) collected ($1.24)
Seat 2: rGiosa (small blind) folded before Flop
Seat 3: Paulhyf (big blind) folded on the Flop
Seat 4: Chestiefol folded on the Flop
Seat 5: Fencis folded on the Flop
Seat 6: Dr. Margil folded on the Flop



PokerStars Zoom Hand #254056697883:  Hold'em No Limit ($0.05/$0.10) - 2024/12/27 21:01:56 CET [2024/12/27 15:01:56 ET]
Table 'Aludra' 6-max Seat #1 is the button
Seat 1: Karina2707 ($11.53 in chips) 
Seat 2: Zonizo ($9.85 in chips) 
Seat 3: Chestiefol ($28.99 in chips) 
Seat 4: 2hug0 ($13.43 in chips) 
Seat 5: Mahu2021 ($9.20 in chips) 
Seat 6: Maxineeee ($12.01 in chips) 
Zonizo: posts small blind $0.05
Chestiefol: posts big blind $0.10
*** HOLE CARDS ***
Dealt to Mahu2021 [5s Ac]
2hug0: folds 
Mahu2021: folds 
Maxineeee: raises $0.15 to $0.25
Karina2707: folds 
Zonizo: calls $0.20
Chestiefol: calls $0.15
*** FLOP *** [3c Qc Jd]
Zonizo: checks 
Chestiefol: checks 
Maxineeee: bets $0.24
Zonizo: calls $0.24
Chestiefol: folds 
*** TURN *** [3c Qc Jd] [Jh]
Zonizo: bets $0.60
Maxineeee: calls $0.60
*** RIVER *** [3c Qc Jd Jh] [4s]
Zonizo: bets $1.20
Maxineeee: raises $9.72 to $10.92 and is all-in
Zonizo: folds 
Uncalled bet ($9.72) returned to Maxineeee
Maxineeee collected $4.61 from pot
Maxineeee: doesn't show hand 
*** SUMMARY ***
Total pot $4.83 | Rake $0.22 
Board [3c Qc Jd Jh 4s]
Seat 1: Karina2707 (button) folded before Flop (didn't bet)
Seat 2: Zonizo (small blind) folded on the River
Seat 3: Chestiefol (big blind) folded on the Flop
Seat 4: 2hug0 folded before Flop (didn't bet)
Seat 5: Mahu2021 folded before Flop (didn't bet)
Seat 6: Maxineeee collected ($4.61)



PokerStars Zoom Hand #254056714708:  Hold'em No Limit ($0.05/$0.10) - 2024/12/27 21:02:51 CET [2024/12/27 15:02:51 ET]
Table 'Aludra' 6-max Seat #1 is the button
Seat 1: zadros1984a ($10 in chips) 
Seat 2: shoromonoko ($10.99 in chips) 
Seat 3: rGiosa ($19.66 in chips) 
Seat 4: 2ater ($31.55 in chips) 
Seat 5: Mahu2021 ($10.19 in chips) 
Seat 6: JorpMaster ($9.85 in chips) 
shoromonoko: posts small blind $0.05
rGiosa: posts big blind $0.10
*** HOLE CARDS ***
Dealt to Mahu2021 [Kc Ac]
2ater: raises $0.10 to $0.20
Mahu2021: calls $0.20
JorpMaster: folds 
zadros1984a: folds 
shoromonoko: folds 
rGiosa: folds 
*** FLOP *** [Qd 2h Js]
2ater: checks 
Mahu2021: checks 
*** TURN *** [Qd 2h Js] [As]
2ater: bets $0.40
Mahu2021: calls $0.40
*** RIVER *** [Qd 2h Js As] [Qh]
2ater: checks 
Mahu2021: bets $1.29
2ater: folds 
Uncalled bet ($1.29) returned to Mahu2021
Mahu2021 collected $1.29 from pot
Mahu2021: doesn't show hand 
*** SUMMARY ***
Total pot $1.35 | Rake $0.06 
Board [Qd 2h Js As Qh]
Seat 1: zadros1984a (button) folded before Flop (didn't bet)
Seat 2: shoromonoko (small blind) folded before Flop
Seat 3: rGiosa (big blind) folded before Flop
Seat 4: 2ater folded on the River
Seat 5: Mahu2021 collected ($1.29)
Seat 6: JorpMaster folded before Flop (didn't bet)



PokerStars Zoom Hand #254056727061:  Hold'em No Limit ($0.05/$0.10) - 2024/12/27 21:03:32 CET [2024/12/27 15:03:32 ET]
Table 'Aludra' 6-max Seat #1 is the button
Seat 1: Zonizo ($7.46 in chips) 
Seat 2: Ale.A.S.M.R ($14.20 in chips) 
Seat 3: Mahu2021 ($10.88 in chips) 
Seat 4: Textures777 ($12.43 in chips) 
Seat 5: Pr0Hooker ($11.49 in chips) 
Seat 6: Andrei070190 ($32.08 in chips) 
Ale.A.S.M.R: posts small blind $0.05
Mahu2021: posts big blind $0.10
*** HOLE CARDS ***
Dealt to Mahu2021 [9c 2h]
Textures777: folds 
Pr0Hooker: folds 
Andrei070190: folds 
Zonizo: folds 
Ale.A.S.M.R: folds 
Uncalled bet ($0.05) returned to Mahu2021
Mahu2021 collected $0.10 from pot
Mahu2021: doesn't show hand 
*** SUMMARY ***
Total pot $0.10 | Rake $0 
Seat 1: Zonizo (button) folded before Flop (didn't bet)
Seat 2: Ale.A.S.M.R (small blind) folded before Flop
Seat 3: Mahu2021 (big blind) collected ($0.10)
Seat 4: Textures777 folded before Flop (didn't bet)
Seat 5: Pr0Hooker folded before Flop (didn't bet)
Seat 6: Andrei070190 folded before Flop (didn't bet)



PokerStars Zoom Hand #254056732413:  Hold'em No Limit ($0.05/$0.10) - 2024/12/27 21:03:49 CET [2024/12/27 15:03:49 ET]
Table 'Aludra' 6-max Seat #1 is the button
Seat 1: vogiatzis97 ($9.90 in chips) 
Seat 2: skoopies ($44.70 in chips) 
Seat 3: craigbissett ($19.04 in chips) 
Seat 4: jookai ($26.39 in chips) 
Seat 5: Redo3112 ($9.95 in chips) 
Seat 6: Mahu2021 ($10.93 in chips) 
skoopies: posts small blind $0.05
craigbissett: posts big blind $0.10
*** HOLE CARDS ***
Dealt to Mahu2021 [4c 7c]
jookai: folds 
Redo3112: folds 
Mahu2021: folds 
vogiatzis97: folds 
skoopies: folds 
Uncalled bet ($0.05) returned to craigbissett
craigbissett collected $0.10 from pot
craigbissett: doesn't show hand 
*** SUMMARY ***
Total pot $0.10 | Rake $0 
Seat 1: vogiatzis97 (button) folded before Flop (didn't bet)
Seat 2: skoopies (small blind) folded before Flop
Seat 3: craigbissett (big blind) collected ($0.10)
Seat 4: jookai folded before Flop (didn't bet)
Seat 5: Redo3112 folded before Flop (didn't bet)
Seat 6: Mahu2021 folded before Flop (didn't bet)



PokerStars Zoom Hand #254056734417:  Hold'em No Limit ($0.05/$0.10) - 2024/12/27 21:03:55 CET [2024/12/27 15:03:55 ET]
Table 'Aludra' 6-max Seat #1 is the button
Seat 1: pirocker ($13.10 in chips) 
Seat 2: Mahu2021 ($10.93 in chips) 
Seat 3: Fencis ($9.44 in chips) 
Seat 4: Bornin10 ($29.93 in chips) 
Seat 5: Ísaak44 ($15.77 in chips) 
Seat 6: natrom510 ($7.53 in chips) 
Mahu2021: posts small blind $0.05
Fencis: posts big blind $0.10
*** HOLE CARDS ***
Dealt to Mahu2021 [Qh As]
Bornin10: folds 
Ísaak44: folds 
natrom510: folds 
pirocker: raises $0.15 to $0.25
Mahu2021: calls $0.20
Fencis: folds 
*** FLOP *** [6c 4s 2c]
Mahu2021: checks 
pirocker: bets $0.28
Mahu2021: calls $0.28
*** TURN *** [6c 4s 2c] [9d]
Mahu2021: checks 
pirocker: checks 
*** RIVER *** [6c 4s 2c 9d] [Tc]
Mahu2021: checks 
pirocker: checks 
*** SHOW DOWN ***
Mahu2021: shows [Qh As] (high card Ace)
pirocker: shows [7h 6h] (a pair of Sixes)
pirocker collected $1.11 from pot
*** SUMMARY ***
Total pot $1.16 | Rake $0.05 
Board [6c 4s 2c 9d Tc]
Seat 1: pirocker (button) showed [7h 6h] and won ($1.11) with a pair of Sixes
Seat 2: Mahu2021 (small blind) showed [Qh As] and lost with high card Ace
Seat 3: Fencis (big blind) folded before Flop
Seat 4: Bornin10 folded before Flop (didn't bet)
Seat 5: Ísaak44 folded before Flop (didn't bet)
Seat 6: natrom510 folded before Flop (didn't bet)



PokerStars Zoom Hand #254056745725:  Hold'em No Limit ($0.05/$0.10) - 2024/12/27 21:04:29 CET [2024/12/27 15:04:29 ET]
Table 'Aludra' 6-max Seat #1 is the button
Seat 1: Mahu2021 ($10.40 in chips) 
Seat 2: Tutunn ($9.30 in chips) 
Seat 3: SkunkBoy77 ($11.98 in chips) 
Seat 4: pokking876 ($10.69 in chips) 
Seat 5: YNGD ($10.28 in chips) 
Seat 6: JaysFan1971 ($5 in chips) 
Tutunn: posts small blind $0.05
SkunkBoy77: posts big blind $0.10
*** HOLE CARDS ***
Dealt to Mahu2021 [9s Kd]
pokking876 has timed out
pokking876: folds 
YNGD: folds 
JaysFan1971: raises $4.90 to $5 and is all-in
Mahu2021: folds 
Tutunn: folds 
SkunkBoy77: folds 
Uncalled bet ($4.90) returned to JaysFan1971
JaysFan1971 collected $0.25 from pot
JaysFan1971: doesn't show hand 
*** SUMMARY ***
Total pot $0.25 | Rake $0 
Seat 1: Mahu2021 (button) folded before Flop (didn't bet)
Seat 2: Tutunn (small blind) folded before Flop
Seat 3: SkunkBoy77 (big blind) folded before Flop
Seat 4: pokking876 folded before Flop (didn't bet)
Seat 5: YNGD folded before Flop (didn't bet)
Seat 6: JaysFan1971 collected ($0.25)



PokerStars Zoom Hand #254056752944:  Hold'em No Limit ($0.05/$0.10) - 2024/12/27 21:04:51 CET [2024/12/27 15:04:51 ET]
Table 'Aludra' 6-max Seat #1 is the button
Seat 1: TGVon ($12.67 in chips) 
Seat 2: JorpMaster ($9.60 in chips) 
Seat 3: Ale.A.S.M.R ($18.67 in chips) 
Seat 4: Mahu2021 ($10.40 in chips) 
Seat 5: witos72 ($9.70 in chips) 
Seat 6: Boymack05 ($16.35 in chips) 
JorpMaster: posts small blind $0.05
Ale.A.S.M.R: posts big blind $0.10
*** HOLE CARDS ***
Dealt to Mahu2021 [9d Ts]
Mahu2021: folds 
witos72: folds 
Boymack05: folds 
TGVon: raises $0.15 to $0.25
JorpMaster: folds 
Ale.A.S.M.R: raises $0.55 to $0.80
TGVon: folds 
Uncalled bet ($0.55) returned to Ale.A.S.M.R
Ale.A.S.M.R collected $0.55 from pot
Ale.A.S.M.R: doesn't show hand 
*** SUMMARY ***
Total pot $0.55 | Rake $0 
Seat 1: TGVon (button) folded before Flop
Seat 2: JorpMaster (small blind) folded before Flop
Seat 3: Ale.A.S.M.R (big blind) collected ($0.55)
Seat 4: Mahu2021 folded before Flop (didn't bet)
Seat 5: witos72 folded before Flop (didn't bet)
Seat 6: Boymack05 folded before Flop (didn't bet)



PokerStars Zoom Hand #254056755101:  Hold'em No Limit ($0.05/$0.10) - 2024/12/27 21:04:58 CET [2024/12/27 15:04:58 ET]
Table 'Aludra' 6-max Seat #1 is the button
Seat 1: NicBrotzu ($12.20 in chips) 
Seat 2: pitbull857 ($23.20 in chips) 
Seat 3: Maxineeee ($14.36 in chips) 
Seat 4: Jinzoo1 ($1.01 in chips) 
Seat 5: 2hug0 ($13.28 in chips) 
Seat 6: Mahu2021 ($10.35 in chips) 
pitbull857: posts small blind $0.05
Maxineeee: posts big blind $0.10
*** HOLE CARDS ***
Dealt to Mahu2021 [3d 8h]
Jinzoo1: folds 
2hug0: folds 
Mahu2021: folds 
NicBrotzu: folds 
pitbull857: folds 
Uncalled bet ($0.05) returned to Maxineeee
Maxineeee collected $0.10 from pot
Maxineeee: doesn't show hand 
*** SUMMARY ***
Total pot $0.10 | Rake $0 
Seat 1: NicBrotzu (button) folded before Flop (didn't bet)
Seat 2: pitbull857 (small blind) folded before Flop
Seat 3: Maxineeee (big blind) collected ($0.10)
Seat 4: Jinzoo1 folded before Flop (didn't bet)
Seat 5: 2hug0 folded before Flop (didn't bet)
Seat 6: Mahu2021 folded before Flop (didn't bet)



PokerStars Zoom Hand #254056754009:  Hold'em No Limit ($0.05/$0.10) - 2024/12/27 21:04:54 CET [2024/12/27 15:04:54 ET]
Table 'Aludra' 6-max Seat #1 is the button
Seat 1: Baratrum777 ($10.73 in chips) 
Seat 2: Mahu2021 ($10.40 in chips) 
Seat 3: grantul ($11.08 in chips) 
Seat 4: cghap ($21.04 in chips) 
Seat 5: GlendiBoy ($7.31 in chips) 
Seat 6: Jinzoo1 ($1.01 in chips) 
Mahu2021: posts small blind $0.05
grantul: posts big blind $0.10
*** HOLE CARDS ***
Dealt to Mahu2021 [Kh 6s]
cghap: folds 
GlendiBoy: folds 
Jinzoo1: folds 
Baratrum777: raises $0.14 to $0.24
Mahu2021: folds 
grantul: calls $0.14
*** FLOP *** [Kd 6d 7c]
grantul: checks 
Baratrum777: bets $0.30
grantul: folds 
Uncalled bet ($0.30) returned to Baratrum777
Baratrum777 collected $0.51 from pot
Baratrum777: doesn't show hand 
*** SUMMARY ***
Total pot $0.53 | Rake $0.02 
Board [Kd 6d 7c]
Seat 1: Baratrum777 (button) collected ($0.51)
Seat 2: Mahu2021 (small blind) folded before Flop
Seat 3: grantul (big blind) folded on the Flop
Seat 4: cghap folded before Flop (didn't bet)
Seat 5: GlendiBoy folded before Flop (didn't bet)
Seat 6: Jinzoo1 folded before Flop (didn't bet)



PokerStars Zoom Hand #254056751425:  Hold'em No Limit ($0.05/$0.10) - 2024/12/27 21:04:47 CET [2024/12/27 15:04:47 ET]
Table 'Aludra' 6-max Seat #1 is the button
Seat 1: gresscrack ($10 in chips) 
Seat 2: pokking876 ($28.04 in chips) 
Seat 3: T-Bird_Tom ($10 in chips) 
Seat 4: hiding.by ($10.20 in chips) 
Seat 5: Mahu2021 ($10.40 in chips) 
Seat 6: GlendiBoy ($21.10 in chips) 
pokking876: posts small blind $0.05
T-Bird_Tom: posts big blind $0.10
*** HOLE CARDS ***
Dealt to Mahu2021 [2d 4s]
hiding.by: folds 
Mahu2021: folds 
GlendiBoy: folds 
gresscrack: raises $0.15 to $0.25
pokking876: folds 
T-Bird_Tom: calls $0.15
*** FLOP *** [7h Td Ts]
T-Bird_Tom: checks 
gresscrack: bets $0.17
T-Bird_Tom: folds 
Uncalled bet ($0.17) returned to gresscrack
gresscrack collected $0.53 from pot
gresscrack: doesn't show hand 
*** SUMMARY ***
Total pot $0.55 | Rake $0.02 
Board [7h Td Ts]
Seat 1: gresscrack (button) collected ($0.53)
Seat 2: pokking876 (small blind) folded before Flop
Seat 3: T-Bird_Tom (big blind) folded on the Flop
Seat 4: hiding.by folded before Flop (didn't bet)
Seat 5: Mahu2021 folded before Flop (didn't bet)
Seat 6: GlendiBoy folded before Flop (didn't bet)



PokerStars Zoom Hand #254056756795:  Hold'em No Limit ($0.05/$0.10) - 2024/12/27 21:05:02 CET [2024/12/27 15:05:02 ET]
Table 'Aludra' 6-max Seat #1 is the button
Seat 1: aalewee56 ($13.34 in chips) 
Seat 2: epsilon2011 ($10.70 in chips) 
Seat 3: Mahu2021 ($10.35 in chips) 
Seat 4: Dr. Margil ($8.25 in chips) 
Seat 5: iwantwhiskey ($4.55 in chips) 
Seat 6: Karina2707 ($14.85 in chips) 
epsilon2011: posts small blind $0.05
Mahu2021: posts big blind $0.10
*** HOLE CARDS ***
Dealt to Mahu2021 [7s Ad]
Dr. Margil: folds 
iwantwhiskey: folds 
Karina2707: folds 
aalewee56: raises $0.15 to $0.25
epsilon2011: raises $0.75 to $1
Mahu2021: folds 
aalewee56: folds 
Uncalled bet ($0.75) returned to epsilon2011
epsilon2011 collected $0.60 from pot
epsilon2011: doesn't show hand 
*** SUMMARY ***
Total pot $0.60 | Rake $0 
Seat 1: aalewee56 (button) folded before Flop
Seat 2: epsilon2011 (small blind) collected ($0.60)
Seat 3: Mahu2021 (big blind) folded before Flop
Seat 4: Dr. Margil folded before Flop (didn't bet)
Seat 5: iwantwhiskey folded before Flop (didn't bet)
Seat 6: Karina2707 folded before Flop (didn't bet)



PokerStars Zoom Hand #254056764846:  Hold'em No Limit ($0.05/$0.10) - 2024/12/27 21:05:26 CET [2024/12/27 15:05:26 ET]
Table 'Aludra' 6-max Seat #1 is the button
Seat 1: like.yasu119 ($10.12 in chips) 
Seat 2: pokking876 ($19.16 in chips) 
Seat 3: kubuspstars ($8.14 in chips) 
Seat 4: Boymack05 ($16.20 in chips) 
Seat 5: Alexsny13 ($22.35 in chips) 
Seat 6: Mahu2021 ($10.25 in chips) 
pokking876: posts small blind $0.05
kubuspstars: posts big blind $0.10
*** HOLE CARDS ***
Dealt to Mahu2021 [Qd Ah]
Boymack05: folds 
Alexsny13: folds 
Mahu2021: raises $0.20 to $0.30
like.yasu119: folds 
pokking876: folds 
kubuspstars: folds 
Uncalled bet ($0.20) returned to Mahu2021
Mahu2021 collected $0.25 from pot
Mahu2021: doesn't show hand 
*** SUMMARY ***
Total pot $0.25 | Rake $0 
Seat 1: like.yasu119 (button) folded before Flop (didn't bet)
Seat 2: pokking876 (small blind) folded before Flop
Seat 3: kubuspstars (big blind) folded before Flop
Seat 4: Boymack05 folded before Flop (didn't bet)
Seat 5: Alexsny13 folded before Flop (didn't bet)
Seat 6: Mahu2021 collected ($0.25)



PokerStars Zoom Hand #254056772410:  Hold'em No Limit ($0.05/$0.10) - 2024/12/27 21:05:48 CET [2024/12/27 15:05:48 ET]
Table 'Aludra' 6-max Seat #1 is the button
Seat 1: Textures777 ($25.85 in chips) 
Seat 2: Ísaak44 ($15.27 in chips) 
Seat 3: Redo3112 ($9.75 in chips) 
Seat 4: milchengel ($16.90 in chips) 
Seat 5: Mahu2021 ($10.40 in chips) 
Seat 6: vogiatzis97 ($12.21 in chips) 
Ísaak44: posts small blind $0.05
Redo3112: posts big blind $0.10
*** HOLE CARDS ***
Dealt to Mahu2021 [Qc 5c]
milchengel: folds 
Mahu2021: folds 
vogiatzis97: folds 
Textures777: folds 
Ísaak44: folds 
Uncalled bet ($0.05) returned to Redo3112
Redo3112 collected $0.10 from pot
Redo3112: doesn't show hand 
*** SUMMARY ***
Total pot $0.10 | Rake $0 
Seat 1: Textures777 (button) folded before Flop (didn't bet)
Seat 2: Ísaak44 (small blind) folded before Flop
Seat 3: Redo3112 (big blind) collected ($0.10)
Seat 4: milchengel folded before Flop (didn't bet)
Seat 5: Mahu2021 folded before Flop (didn't bet)
Seat 6: vogiatzis97 folded before Flop (didn't bet)



PokerStars Zoom Hand #254056774149:  Hold'em No Limit ($0.05/$0.10) - 2024/12/27 21:05:54 CET [2024/12/27 15:05:54 ET]
Table 'Aludra' 6-max Seat #1 is the button
Seat 1: Ale.A.S.M.R ($21.58 in chips) 
Seat 2: Tutunn ($8.75 in chips) 
Seat 3: Boymack05 ($16.20 in chips) 
Seat 4: Mahu2021 ($10.40 in chips) 
Seat 5: Loose Dollar ($12.04 in chips) 
Seat 6: jookai ($10 in chips) 
Tutunn: posts small blind $0.05
Boymack05: posts big blind $0.10
*** HOLE CARDS ***
Dealt to Mahu2021 [2c 3s]
Mahu2021: folds 
Loose Dollar: folds 
jookai: folds 
Ale.A.S.M.R: folds 
Tutunn: raises $0.20 to $0.30
Boymack05: folds 
Uncalled bet ($0.20) returned to Tutunn
Tutunn collected $0.20 from pot
Tutunn: doesn't show hand 
*** SUMMARY ***
Total pot $0.20 | Rake $0 
Seat 1: Ale.A.S.M.R (button) folded before Flop (didn't bet)
Seat 2: Tutunn (small blind) collected ($0.20)
Seat 3: Boymack05 (big blind) folded before Flop
Seat 4: Mahu2021 folded before Flop (didn't bet)
Seat 5: Loose Dollar folded before Flop (didn't bet)
Seat 6: jookai folded before Flop (didn't bet)



PokerStars Zoom Hand #254056775829:  Hold'em No Limit ($0.05/$0.10) - 2024/12/27 21:05:59 CET [2024/12/27 15:05:59 ET]
Table 'Aludra' 6-max Seat #1 is the button
Seat 1: manko2000 ($6.54 in chips) 
Seat 2: quissama ($10 in chips) 
Seat 3: Mahu2021 ($10.40 in chips) 
Seat 4: iwantwhiskey ($4.75 in chips) 
Seat 5: Ísaak44 ($22.94 in chips) 
Seat 6: pokerfilzv2 ($20.06 in chips) 
quissama: posts small blind $0.05
Mahu2021: posts big blind $0.10
*** HOLE CARDS ***
Dealt to Mahu2021 [9d Qd]
iwantwhiskey: folds 
Ísaak44: folds 
pokerfilzv2: folds 
manko2000: folds 
quissama: folds 
Uncalled bet ($0.05) returned to Mahu2021
Mahu2021 collected $0.10 from pot
Mahu2021: doesn't show hand 
*** SUMMARY ***
Total pot $0.10 | Rake $0 
Seat 1: manko2000 (button) folded before Flop (didn't bet)
Seat 2: quissama (small blind) folded before Flop
Seat 3: Mahu2021 (big blind) collected ($0.10)
Seat 4: iwantwhiskey folded before Flop (didn't bet)
Seat 5: Ísaak44 folded before Flop (didn't bet)
Seat 6: pokerfilzv2 folded before Flop (didn't bet)



PokerStars Zoom Hand #254056780913:  Hold'em No Limit ($0.05/$0.10) - 2024/12/27 21:06:14 CET [2024/12/27 15:06:14 ET]
Table 'Aludra' 6-max Seat #1 is the button
Seat 1: Mahu2021 ($10.45 in chips) 
Seat 2: quissama ($13.82 in chips) 
Seat 3: Olsen43 ($16.89 in chips) 
Seat 4: Redo3112 ($9.75 in chips) 
Seat 5: Ale.A.S.M.R ($19.07 in chips) 
Seat 6: chabby36 ($16.26 in chips) 
quissama: posts small blind $0.05
Olsen43: posts big blind $0.10
*** HOLE CARDS ***
Dealt to Mahu2021 [7h 9h]
Redo3112: folds 
Ale.A.S.M.R: folds 
chabby36: folds 
Mahu2021: raises $0.20 to $0.30
quissama: folds 
Olsen43: folds 
Uncalled bet ($0.20) returned to Mahu2021
Mahu2021 collected $0.25 from pot
Mahu2021: doesn't show hand 
*** SUMMARY ***
Total pot $0.25 | Rake $0 
Seat 1: Mahu2021 (button) collected ($0.25)
Seat 2: quissama (small blind) folded before Flop
Seat 3: Olsen43 (big blind) folded before Flop
Seat 4: Redo3112 folded before Flop (didn't bet)
Seat 5: Ale.A.S.M.R folded before Flop (didn't bet)
Seat 6: chabby36 folded before Flop (didn't bet)



PokerStars Zoom Hand #254056792117:  Hold'em No Limit ($0.05/$0.10) - 2024/12/27 21:06:47 CET [2024/12/27 15:06:47 ET]
Table 'Aludra' 6-max Seat #1 is the button
Seat 1: hatoya3 ($29.17 in chips) 
Seat 2: Mahu2021 ($10.60 in chips) 
Seat 3: TopSaleman ($10.30 in chips) 
Seat 4: Loose Dollar ($13.58 in chips) 
Seat 5: quissama ($13.77 in chips) 
Seat 6: CraigCasey88 ($17.95 in chips) 
Mahu2021: posts small blind $0.05
TopSaleman: posts big blind $0.10
*** HOLE CARDS ***
Dealt to Mahu2021 [6s 2s]
Loose Dollar: folds 
quissama: folds 
CraigCasey88: folds 
hatoya3: folds 
Mahu2021: folds 
Uncalled bet ($0.05) returned to TopSaleman
TopSaleman collected $0.10 from pot
TopSaleman: doesn't show hand 
*** SUMMARY ***
Total pot $0.10 | Rake $0 
Seat 1: hatoya3 (button) folded before Flop (didn't bet)
Seat 2: Mahu2021 (small blind) folded before Flop
Seat 3: TopSaleman (big blind) collected ($0.10)
Seat 4: Loose Dollar folded before Flop (didn't bet)
Seat 5: quissama folded before Flop (didn't bet)
Seat 6: CraigCasey88 folded before Flop (didn't bet)



PokerStars Zoom Hand #254056794178:  Hold'em No Limit ($0.05/$0.10) - 2024/12/27 21:06:53 CET [2024/12/27 15:06:53 ET]
Table 'Aludra' 6-max Seat #1 is the button
Seat 1: pirocker ($10.65 in chips) 
Seat 2: Mahu2021 ($10.55 in chips) 
Seat 3: NicBrotzu ($10.84 in chips) 
Seat 4: kubuspstars ($5.26 in chips) 
Seat 5: vogiatzis97 ($10.36 in chips) 
Seat 6: iwantwhiskey ($4.35 in chips) 
Mahu2021: posts small blind $0.05
NicBrotzu: posts big blind $0.10
*** HOLE CARDS ***
Dealt to Mahu2021 [Jh 2h]
kubuspstars: folds 
vogiatzis97: raises $0.12 to $0.22
iwantwhiskey: folds 
pirocker: folds 
Mahu2021: folds 
NicBrotzu: folds 
Uncalled bet ($0.12) returned to vogiatzis97
vogiatzis97 collected $0.25 from pot
vogiatzis97: doesn't show hand 
*** SUMMARY ***
Total pot $0.25 | Rake $0 
Seat 1: pirocker (button) folded before Flop (didn't bet)
Seat 2: Mahu2021 (small blind) folded before Flop
Seat 3: NicBrotzu (big blind) folded before Flop
Seat 4: kubuspstars folded before Flop (didn't bet)
Seat 5: vogiatzis97 collected ($0.25)
Seat 6: iwantwhiskey folded before Flop (didn't bet)



PokerStars Zoom Hand #254056796226:  Hold'em No Limit ($0.05/$0.10) - 2024/12/27 21:06:59 CET [2024/12/27 15:06:59 ET]
Table 'Aludra' 6-max Seat #1 is the button
Seat 1: viniciusjj ($10.10 in chips) 
Seat 2: tobillon3110 ($10 in chips) 
Seat 3: elvis_genius ($13.92 in chips) 
Seat 4: Alexsny13 ($24.21 in chips) 
Seat 5: Mahu2021 ($10.50 in chips) 
Seat 6: wujaszek ($9.90 in chips) 
tobillon3110: posts small blind $0.05
elvis_genius: posts big blind $0.10
*** HOLE CARDS ***
Dealt to Mahu2021 [6c As]
Alexsny13: folds 
Mahu2021: folds 
wujaszek: folds 
viniciusjj: folds 
tobillon3110: raises $0.20 to $0.30
elvis_genius: folds 
Uncalled bet ($0.20) returned to tobillon3110
tobillon3110 collected $0.20 from pot
tobillon3110: doesn't show hand 
*** SUMMARY ***
Total pot $0.20 | Rake $0 
Seat 1: viniciusjj (button) folded before Flop (didn't bet)
Seat 2: tobillon3110 (small blind) collected ($0.20)
Seat 3: elvis_genius (big blind) folded before Flop
Seat 4: Alexsny13 folded before Flop (didn't bet)
Seat 5: Mahu2021 folded before Flop (didn't bet)
Seat 6: wujaszek folded before Flop (didn't bet)



PokerStars Zoom Hand #254056803276:  Hold'em No Limit ($0.05/$0.10) - 2024/12/27 21:07:20 CET [2024/12/27 15:07:20 ET]
Table 'Aludra' 6-max Seat #1 is the button
Seat 1: Mahu2021 ($10.40 in chips) 
Seat 2: craigbissett ($17.19 in chips) 
Seat 3: Tutunn ($8.20 in chips) 
Seat 4: 2ater ($29.79 in chips) 
Seat 5: milchengel ($16.83 in chips) 
Seat 6: reidy1985 ($5.26 in chips) 
craigbissett: posts small blind $0.05
Tutunn: posts big blind $0.10
*** HOLE CARDS ***
Dealt to Mahu2021 [9h 8s]
2ater: folds 
milchengel: folds 
reidy1985: raises $0.15 to $0.25
Mahu2021: folds 
craigbissett: folds 
Tutunn: folds 
Uncalled bet ($0.15) returned to reidy1985
reidy1985 collected $0.25 from pot
reidy1985: doesn't show hand 
*** SUMMARY ***
Total pot $0.25 | Rake $0 
Seat 1: Mahu2021 (button) folded before Flop (didn't bet)
Seat 2: craigbissett (small blind) folded before Flop
Seat 3: Tutunn (big blind) folded before Flop
Seat 4: 2ater folded before Flop (didn't bet)
Seat 5: milchengel folded before Flop (didn't bet)
Seat 6: reidy1985 collected ($0.25)



PokerStars Zoom Hand #254056797933:  Hold'em No Limit ($0.05/$0.10) - 2024/12/27 21:07:04 CET [2024/12/27 15:07:04 ET]
Table 'Aludra' 6-max Seat #1 is the button
Seat 1: Textures777 ($10.55 in chips) 
Seat 2: pirocker ($12.23 in chips) 
Seat 3: Mahu2021 ($10.50 in chips) 
Seat 4: pokking876 ($27.79 in chips) 
Seat 5: pitbull857 ($9.43 in chips) 
Seat 6: 2hug0 ($17.65 in chips) 
pirocker: posts small blind $0.05
Mahu2021: posts big blind $0.10
*** HOLE CARDS ***
Dealt to Mahu2021 [Ah 6s]
pokking876: raises $0.10 to $0.20
pitbull857: folds 
2hug0: folds 
Textures777: raises $0.40 to $0.60
pirocker: folds 
Mahu2021: folds 
pokking876: calls $0.40
*** FLOP *** [5d Ts Jd]
pokking876: checks 
Textures777: bets $0.65
pokking876: calls $0.65
*** TURN *** [5d Ts Jd] [5s]
pokking876: checks 
Textures777: bets $1.90
pokking876: folds 
Uncalled bet ($1.90) returned to Textures777
Textures777 collected $2.53 from pot
Textures777: doesn't show hand 
*** SUMMARY ***
Total pot $2.65 | Rake $0.12 
Board [5d Ts Jd 5s]
Seat 1: Textures777 (button) collected ($2.53)
Seat 2: pirocker (small blind) folded before Flop
Seat 3: Mahu2021 (big blind) folded before Flop
Seat 4: pokking876 folded on the Turn
Seat 5: pitbull857 folded before Flop (didn't bet)
Seat 6: 2hug0 folded before Flop (didn't bet)



PokerStars Zoom Hand #254056804754:  Hold'em No Limit ($0.05/$0.10) - 2024/12/27 21:07:24 CET [2024/12/27 15:07:24 ET]
Table 'Aludra' 6-max Seat #1 is the button
Seat 1: iwantwhiskey ($4.25 in chips) 
Seat 2: Celena Teneriva ($10.05 in chips) 
Seat 3: gresscrack ($10.58 in chips) 
Seat 4: MarkRegen ($10.14 in chips) 
Seat 5: epsilon2011 ($10 in chips) 
Seat 6: Mahu2021 ($10.40 in chips) 
Celena Teneriva: posts small blind $0.05
gresscrack: posts big blind $0.10
*** HOLE CARDS ***
Dealt to Mahu2021 [Ts Ad]
MarkRegen: folds 
epsilon2011: folds 
Mahu2021: raises $0.20 to $0.30
iwantwhiskey: folds 
Celena Teneriva: raises $0.70 to $1
gresscrack: folds 
Mahu2021: folds 
Uncalled bet ($0.70) returned to Celena Teneriva
Celena Teneriva collected $0.70 from pot
Celena Teneriva: doesn't show hand 
*** SUMMARY ***
Total pot $0.70 | Rake $0 
Seat 1: iwantwhiskey (button) folded before Flop (didn't bet)
Seat 2: Celena Teneriva (small blind) collected ($0.70)
Seat 3: gresscrack (big blind) folded before Flop
Seat 4: MarkRegen folded before Flop (didn't bet)
Seat 5: epsilon2011 folded before Flop (didn't bet)
Seat 6: Mahu2021 folded before Flop



PokerStars Zoom Hand #254056811162:  Hold'em No Limit ($0.05/$0.10) - 2024/12/27 21:07:43 CET [2024/12/27 15:07:43 ET]
Table 'Aludra' 6-max Seat #1 is the button
Seat 1: pirocker ($10.50 in chips) 
Seat 2: hatoya3 ($29.02 in chips) 
Seat 3: NicBrotzu ($10.84 in chips) 
Seat 4: elvis_genius ($10 in chips) 
Seat 5: Mahu2021 ($10.10 in chips) 
Seat 6: meilohund111 ($8.66 in chips) 
hatoya3: posts small blind $0.05
NicBrotzu: posts big blind $0.10
*** HOLE CARDS ***
Dealt to Mahu2021 [3c Js]
elvis_genius: raises $0.15 to $0.25
Mahu2021: folds 
meilohund111: folds 
pirocker: folds 
hatoya3: folds 
NicBrotzu: folds 
Uncalled bet ($0.15) returned to elvis_genius
elvis_genius collected $0.25 from pot
elvis_genius: doesn't show hand 
*** SUMMARY ***
Total pot $0.25 | Rake $0 
Seat 1: pirocker (button) folded before Flop (didn't bet)
Seat 2: hatoya3 (small blind) folded before Flop
Seat 3: NicBrotzu (big blind) folded before Flop
Seat 4: elvis_genius collected ($0.25)
Seat 5: Mahu2021 folded before Flop (didn't bet)
Seat 6: meilohund111 folded before Flop (didn't bet)



PokerStars Zoom Hand #254056790373:  Hold'em No Limit ($0.05/$0.10) - 2024/12/27 21:06:42 CET [2024/12/27 15:06:42 ET]
Table 'Aludra' 6-max Seat #1 is the button
Seat 1: craigbissett ($16.63 in chips) 
Seat 2: colomo1 ($10 in chips) 
Seat 3: rGiosa ($19.45 in chips) 
Seat 4: Mahu2021 ($10.60 in chips) 
Seat 5: Textures777 ($25.85 in chips) 
Seat 6: DrBootMan ($11.91 in chips) 
colomo1: posts small blind $0.05
rGiosa: posts big blind $0.10
*** HOLE CARDS ***
Dealt to Mahu2021 [3d 4d]
Mahu2021: folds 
Textures777: folds 
DrBootMan: raises $0.10 to $0.20
craigbissett: folds 
colomo1: raises $0.80 to $1
rGiosa: folds 
DrBootMan: calls $0.80
*** FLOP *** [7c 9h Qd]
colomo1: checks 
DrBootMan: checks 
*** TURN *** [7c 9h Qd] [As]
colomo1: bets $1.49
DrBootMan: calls $1.49
*** RIVER *** [7c 9h Qd As] [4h]
colomo1: bets $6.06
DrBootMan: raises $3.36 to $9.42 and is all-in
colomo1: calls $1.45 and is all-in
Uncalled bet ($1.91) returned to DrBootMan
*** SHOW DOWN ***
DrBootMan: shows [Ad Td] (a pair of Aces)
colomo1: shows [Qs Qh] (three of a kind, Queens)
colomo1 collected $19.20 from pot
*** SUMMARY ***
Total pot $20.10 | Rake $0.90 
Board [7c 9h Qd As 4h]
Seat 1: craigbissett (button) folded before Flop (didn't bet)
Seat 2: colomo1 (small blind) showed [Qs Qh] and won ($19.20) with three of a kind, Queens
Seat 3: rGiosa (big blind) folded before Flop
Seat 4: Mahu2021 folded before Flop (didn't bet)
Seat 5: Textures777 folded before Flop (didn't bet)
Seat 6: DrBootMan showed [Ad Td] and lost with a pair of Aces



PokerStars Zoom Hand #254056814934:  Hold'em No Limit ($0.05/$0.10) - 2024/12/27 21:07:54 CET [2024/12/27 15:07:54 ET]
Table 'Aludra' 6-max Seat #1 is the button
Seat 1: Chestiefol ($14.89 in chips) 
Seat 2: Mahu2021 ($10.10 in chips) 
Seat 3: Ísaak44 ($10 in chips) 
Seat 4: epsilon2011 ($18.66 in chips) 
Seat 5: witos72 ($10.72 in chips) 
Seat 6: rGiosa ($17.59 in chips) 
Mahu2021: posts small blind $0.05
Ísaak44: posts big blind $0.10
*** HOLE CARDS ***
Dealt to Mahu2021 [8s Th]
epsilon2011: folds 
witos72: folds 
rGiosa: folds 
Chestiefol: folds 
Mahu2021: folds 
Uncalled bet ($0.05) returned to Ísaak44
Ísaak44 collected $0.10 from pot
Ísaak44: doesn't show hand 
*** SUMMARY ***
Total pot $0.10 | Rake $0 
Seat 1: Chestiefol (button) folded before Flop (didn't bet)
Seat 2: Mahu2021 (small blind) folded before Flop
Seat 3: Ísaak44 (big blind) collected ($0.10)
Seat 4: epsilon2011 folded before Flop (didn't bet)
Seat 5: witos72 folded before Flop (didn't bet)
Seat 6: rGiosa folded before Flop (didn't bet)



PokerStars Zoom Hand #254056812468:  Hold'em No Limit ($0.05/$0.10) - 2024/12/27 21:07:47 CET [2024/12/27 15:07:47 ET]
Table 'Aludra' 6-max Seat #1 is the button
Seat 1: TopSaleman ($11.16 in chips) 
Seat 2: unterstein ($9.55 in chips) 
Seat 3: wujaszek ($10 in chips) 
Seat 4: Bornin10 ($22.61 in chips) 
Seat 5: Chestiefol ($14.89 in chips) 
Seat 6: Mahu2021 ($10.10 in chips) 
unterstein: posts small blind $0.05
wujaszek: posts big blind $0.10
*** HOLE CARDS ***
Dealt to Mahu2021 [2c Ad]
Bornin10: folds 
Chestiefol: folds 
Mahu2021: folds 
TopSaleman: raises $0.12 to $0.22
unterstein: folds 
wujaszek: calls $0.12
*** FLOP *** [5d 2s 4c]
wujaszek: checks 
TopSaleman: checks 
*** TURN *** [5d 2s 4c] [8c]
wujaszek: checks 
TopSaleman: bets $0.14
wujaszek: folds 
Uncalled bet ($0.14) returned to TopSaleman
TopSaleman collected $0.47 from pot
TopSaleman: doesn't show hand 
*** SUMMARY ***
Total pot $0.49 | Rake $0.02 
Board [5d 2s 4c 8c]
Seat 1: TopSaleman (button) collected ($0.47)
Seat 2: unterstein (small blind) folded before Flop
Seat 3: wujaszek (big blind) folded on the Turn
Seat 4: Bornin10 folded before Flop (didn't bet)
Seat 5: Chestiefol folded before Flop (didn't bet)
Seat 6: Mahu2021 folded before Flop (didn't bet)



PokerStars Zoom Hand #254056820449:  Hold'em No Limit ($0.05/$0.10) - 2024/12/27 21:08:10 CET [2024/12/27 15:08:10 ET]
Table 'Aludra' 6-max Seat #1 is the button
Seat 1: Mahu2021 ($10.05 in chips) 
Seat 2: Ísaak44 ($22.48 in chips) 
Seat 3: TGVon ($10 in chips) 
Seat 4: Pr0Hooker ($11.30 in chips) 
Seat 5: Chestiefol ($12.45 in chips) 
Seat 6: masa2929 ($13.35 in chips) 
Ísaak44: posts small blind $0.05
TGVon: posts big blind $0.10
*** HOLE CARDS ***
Dealt to Mahu2021 [7c 6c]
Pr0Hooker: raises $0.11 to $0.21
Chestiefol: folds 
masa2929: folds 
Mahu2021: calls $0.21
Ísaak44: folds 
TGVon: calls $0.11
*** FLOP *** [4d 5d Kh]
TGVon: checks 
Pr0Hooker: bets $0.40
Mahu2021: calls $0.40
TGVon: folds 
*** TURN *** [4d 5d Kh] [4h]
Pr0Hooker: bets $1
Mahu2021: folds 
Uncalled bet ($1) returned to Pr0Hooker
Pr0Hooker collected $1.41 from pot
Pr0Hooker: doesn't show hand 
*** SUMMARY ***
Total pot $1.48 | Rake $0.07 
Board [4d 5d Kh 4h]
Seat 1: Mahu2021 (button) folded on the Turn
Seat 2: Ísaak44 (small blind) folded before Flop
Seat 3: TGVon (big blind) folded on the Flop
Seat 4: Pr0Hooker collected ($1.41)
Seat 5: Chestiefol folded before Flop (didn't bet)
Seat 6: masa2929 folded before Flop (didn't bet)



PokerStars Zoom Hand #254056839481:  Hold'em No Limit ($0.05/$0.10) - 2024/12/27 21:09:06 CET [2024/12/27 15:09:06 ET]
Table 'Aludra' 6-max Seat #1 is the button
Seat 1: T-Bird_Tom ($12.33 in chips) 
Seat 2: adambuddy2 ($10 in chips) 
Seat 3: Mahu2021 ($9.44 in chips) 
Seat 4: tobillon3110 ($11.28 in chips) 
Seat 5: iwantwhiskey ($4.10 in chips) 
Seat 6: hatoya3 ($18.71 in chips) 
adambuddy2: posts small blind $0.05
Mahu2021: posts big blind $0.10
*** HOLE CARDS ***
Dealt to Mahu2021 [Qs 6d]
tobillon3110: folds 
iwantwhiskey: folds 
hatoya3: folds 
T-Bird_Tom: folds 
adambuddy2: folds 
Uncalled bet ($0.05) returned to Mahu2021
Mahu2021 collected $0.10 from pot
Mahu2021: doesn't show hand 
*** SUMMARY ***
Total pot $0.10 | Rake $0 
Seat 1: T-Bird_Tom (button) folded before Flop (didn't bet)
Seat 2: adambuddy2 (small blind) folded before Flop
Seat 3: Mahu2021 (big blind) collected ($0.10)
Seat 4: tobillon3110 folded before Flop (didn't bet)
Seat 5: iwantwhiskey folded before Flop (didn't bet)
Seat 6: hatoya3 folded before Flop (didn't bet)



PokerStars Zoom Hand #254056847211:  Hold'em No Limit ($0.05/$0.10) - 2024/12/27 21:09:29 CET [2024/12/27 15:09:29 ET]
Table 'Aludra' 6-max Seat #1 is the button
Seat 1: Chestiefol ($28.86 in chips) 
Seat 2: milchengel ($16.75 in chips) 
Seat 3: epsilon2011 ($18.69 in chips) 
Seat 4: Textures777 ($16.52 in chips) 
Seat 5: Mahu2021 ($9.49 in chips) 
Seat 6: Loose Dollar ($13.73 in chips) 
milchengel: posts small blind $0.05
epsilon2011: posts big blind $0.10
*** HOLE CARDS ***
Dealt to Mahu2021 [5s Jd]
Textures777: folds 
Mahu2021 has timed out
Mahu2021: folds 
Loose Dollar: folds 
Chestiefol: folds 
milchengel: folds 
Uncalled bet ($0.05) returned to epsilon2011
epsilon2011 collected $0.10 from pot
epsilon2011: doesn't show hand 
*** SUMMARY ***
Total pot $0.10 | Rake $0 
Seat 1: Chestiefol (button) folded before Flop (didn't bet)
Seat 2: milchengel (small blind) folded before Flop
Seat 3: epsilon2011 (big blind) collected ($0.10)
Seat 4: Textures777 folded before Flop (didn't bet)
Seat 5: Mahu2021 folded before Flop (didn't bet)
Seat 6: Loose Dollar folded before Flop (didn't bet)



PokerStars Zoom Hand #254056876033:  Hold'em No Limit ($0.05/$0.10) - 2024/12/27 21:10:55 CET [2024/12/27 15:10:55 ET]
Table 'Aludra' 6-max Seat #1 is the button
Seat 1: epsilon2011 ($18.15 in chips) 
Seat 2: Chestiefol ($12.45 in chips) 
Seat 3: Textures777 ($25.47 in chips) 
Seat 4: Mahu2021 ($9.49 in chips) 
Seat 5: witos72 ($9.87 in chips) 
Seat 6: NakedMonkey666 ($4.38 in chips) 
Chestiefol: posts small blind $0.05
Textures777: posts big blind $0.10
*** HOLE CARDS ***
Dealt to Mahu2021 [Qd 2c]
Mahu2021: folds 
witos72: folds 
NakedMonkey666: folds 
epsilon2011: raises $0.10 to $0.20
Chestiefol: folds 
Textures777: folds 
Uncalled bet ($0.10) returned to epsilon2011
epsilon2011 collected $0.25 from pot
epsilon2011: doesn't show hand 
*** SUMMARY ***
Total pot $0.25 | Rake $0 
Seat 1: epsilon2011 (button) collected ($0.25)
Seat 2: Chestiefol (small blind) folded before Flop
Seat 3: Textures777 (big blind) folded before Flop
Seat 4: Mahu2021 folded before Flop (didn't bet)
Seat 5: witos72 folded before Flop (didn't bet)
Seat 6: NakedMonkey666 folded before Flop (didn't bet)



PokerStars Zoom Hand #254056878659:  Hold'em No Limit ($0.05/$0.10) - 2024/12/27 21:11:02 CET [2024/12/27 15:11:02 ET]
Table 'Aludra' 6-max Seat #1 is the button
Seat 1: Tutunn ($10.92 in chips) 
Seat 2: Mahu2021 ($9.49 in chips) 
Seat 3: witos72 ($9.87 in chips) 
Seat 4: Textures777 ($17.47 in chips) 
Seat 5: Smet1984 ($8.04 in chips) 
Seat 6: Boymack05 ($17.41 in chips) 
Mahu2021: posts small blind $0.05
witos72: posts big blind $0.10
*** HOLE CARDS ***
Dealt to Mahu2021 [8s 5c]
Textures777: folds 
Smet1984: folds 
Boymack05: folds 
Tutunn: raises $0.20 to $0.30
Mahu2021: folds 
witos72: folds 
Uncalled bet ($0.20) returned to Tutunn
Tutunn collected $0.25 from pot
Tutunn: doesn't show hand 
*** SUMMARY ***
Total pot $0.25 | Rake $0 
Seat 1: Tutunn (button) collected ($0.25)
Seat 2: Mahu2021 (small blind) folded before Flop
Seat 3: witos72 (big blind) folded before Flop
Seat 4: Textures777 folded before Flop (didn't bet)
Seat 5: Smet1984 folded before Flop (didn't bet)
Seat 6: Boymack05 folded before Flop (didn't bet)



PokerStars Zoom Hand #254056877417:  Hold'em No Limit ($0.05/$0.10) - 2024/12/27 21:10:59 CET [2024/12/27 15:10:59 ET]
Table 'Aludra' 6-max Seat #1 is the button
Seat 1: MarkRegen ($10.70 in chips) 
Seat 2: Boymack05 ($17.46 in chips) 
Seat 3: jmijat26 ($4.91 in chips) 
Seat 4: zédafoice ($10.87 in chips) 
Seat 5: yakkai ($11.39 in chips) 
Seat 6: Mahu2021 ($9.49 in chips) 
Boymack05: posts small blind $0.05
jmijat26: posts big blind $0.10
*** HOLE CARDS ***
Dealt to Mahu2021 [9h 3c]
zédafoice: folds 
yakkai: folds 
Mahu2021: folds 
MarkRegen: calls $0.10
Boymack05: folds 
jmijat26: checks 
*** FLOP *** [5s Kc 7s]
jmijat26: checks 
MarkRegen: checks 
*** TURN *** [5s Kc 7s] [7d]
jmijat26: checks 
MarkRegen: bets $0.20
jmijat26: folds 
Uncalled bet ($0.20) returned to MarkRegen
MarkRegen collected $0.24 from pot
MarkRegen: doesn't show hand 
*** SUMMARY ***
Total pot $0.25 | Rake $0.01 
Board [5s Kc 7s 7d]
Seat 1: MarkRegen (button) collected ($0.24)
Seat 2: Boymack05 (small blind) folded before Flop
Seat 3: jmijat26 (big blind) folded on the Turn
Seat 4: zédafoice folded before Flop (didn't bet)
Seat 5: yakkai folded before Flop (didn't bet)
Seat 6: Mahu2021 folded before Flop (didn't bet)



PokerStars Zoom Hand #254056881711:  Hold'em No Limit ($0.05/$0.10) - 2024/12/27 21:11:12 CET [2024/12/27 15:11:12 ET]
Table 'Aludra' 6-max Seat #1 is the button
Seat 1: epsilon2011 ($11.05 in chips) 
Seat 2: Ale.A.S.M.R ($12.47 in chips) 
Seat 3: Mahu2021 ($9.44 in chips) 
Seat 4: Smet1984 ($8.04 in chips) 
Seat 5: Chestiefol ($12.30 in chips) 
Seat 6: Textures777 ($11.65 in chips) 
Ale.A.S.M.R: posts small blind $0.05
Mahu2021: posts big blind $0.10
*** HOLE CARDS ***
Dealt to Mahu2021 [7s 2h]
Smet1984: folds 
Chestiefol: folds 
Textures777: raises $0.20 to $0.30
epsilon2011: folds 
Ale.A.S.M.R: folds 
Mahu2021: folds 
Uncalled bet ($0.20) returned to Textures777
Textures777 collected $0.25 from pot
Textures777: doesn't show hand 
*** SUMMARY ***
Total pot $0.25 | Rake $0 
Seat 1: epsilon2011 (button) folded before Flop (didn't bet)
Seat 2: Ale.A.S.M.R (small blind) folded before Flop
Seat 3: Mahu2021 (big blind) folded before Flop
Seat 4: Smet1984 folded before Flop (didn't bet)
Seat 5: Chestiefol folded before Flop (didn't bet)
Seat 6: Textures777 collected ($0.25)



PokerStars Zoom Hand #254056883782:  Hold'em No Limit ($0.05/$0.10) - 2024/12/27 21:11:18 CET [2024/12/27 15:11:18 ET]
Table 'Aludra' 6-max Seat #1 is the button
Seat 1: Mr_Plejer7x ($10 in chips) 
Seat 2: Andrei070190 ($10.07 in chips) 
Seat 3: 2ater ($29.11 in chips) 
Seat 4: Chestiefol ($12.30 in chips) 
Seat 5: hatoya3 ($19.39 in chips) 
Seat 6: Mahu2021 ($9.34 in chips) 
Andrei070190: posts small blind $0.05
2ater: posts big blind $0.10
*** HOLE CARDS ***
Dealt to Mahu2021 [Qd 5s]
Chestiefol: folds 
hatoya3: folds 
Mahu2021: folds 
Mr_Plejer7x: folds 
Andrei070190: folds 
Uncalled bet ($0.05) returned to 2ater
2ater collected $0.10 from pot
2ater: doesn't show hand 
*** SUMMARY ***
Total pot $0.10 | Rake $0 
Seat 1: Mr_Plejer7x (button) folded before Flop (didn't bet)
Seat 2: Andrei070190 (small blind) folded before Flop
Seat 3: 2ater (big blind) collected ($0.10)
Seat 4: Chestiefol folded before Flop (didn't bet)
Seat 5: hatoya3 folded before Flop (didn't bet)
Seat 6: Mahu2021 folded before Flop (didn't bet)



PokerStars Zoom Hand #254056885072:  Hold'em No Limit ($0.05/$0.10) - 2024/12/27 21:11:22 CET [2024/12/27 15:11:22 ET]
Table 'Aludra' 6-max Seat #1 is the button
Seat 1: Ísaak44 ($14.75 in chips) 
Seat 2: Celena Teneriva ($8.95 in chips) 
Seat 3: epsilon2011 ($11.05 in chips) 
Seat 4: shortstackpro ($6.39 in chips) 
Seat 5: Mahu2021 ($9.34 in chips) 
Seat 6: hmaximiliano ($3.76 in chips) 
Celena Teneriva: posts small blind $0.05
epsilon2011: posts big blind $0.10
*** HOLE CARDS ***
Dealt to Mahu2021 [4d 8h]
shortstackpro: folds 
Mahu2021: folds 
hmaximiliano: folds 
Ísaak44: folds 
Celena Teneriva: raises $0.20 to $0.30
epsilon2011: folds 
Uncalled bet ($0.20) returned to Celena Teneriva
Celena Teneriva collected $0.20 from pot
Celena Teneriva: doesn't show hand 
*** SUMMARY ***
Total pot $0.20 | Rake $0 
Seat 1: Ísaak44 (button) folded before Flop (didn't bet)
Seat 2: Celena Teneriva (small blind) collected ($0.20)
Seat 3: epsilon2011 (big blind) folded before Flop
Seat 4: shortstackpro folded before Flop (didn't bet)
Seat 5: Mahu2021 folded before Flop (didn't bet)
Seat 6: hmaximiliano folded before Flop (didn't bet)



PokerStars Zoom Hand #254056888121:  Hold'em No Limit ($0.05/$0.10) - 2024/12/27 21:11:31 CET [2024/12/27 15:11:31 ET]
Table 'Aludra' 6-max Seat #1 is the button
Seat 1: VieraNeto ($20.15 in chips) 
Seat 2: 2ater ($27.46 in chips) 
Seat 3: jokkacska ($6.20 in chips) 
Seat 4: Mahu2021 ($9.34 in chips) 
Seat 5: alpharfn ($8.32 in chips) 
Seat 6: kubuspstars ($4.96 in chips) 
2ater: posts small blind $0.05
jokkacska: posts big blind $0.10
*** HOLE CARDS ***
Dealt to Mahu2021 [3s 3d]
Mahu2021: folds 
alpharfn: folds 
kubuspstars: folds 
VieraNeto: raises $0.60 to $0.70
2ater: folds 
jokkacska: folds 
Uncalled bet ($0.60) returned to VieraNeto
VieraNeto collected $0.25 from pot
VieraNeto: doesn't show hand 
*** SUMMARY ***
Total pot $0.25 | Rake $0 
Seat 1: VieraNeto (button) collected ($0.25)
Seat 2: 2ater (small blind) folded before Flop
Seat 3: jokkacska (big blind) folded before Flop
Seat 4: Mahu2021 folded before Flop (didn't bet)
Seat 5: alpharfn folded before Flop (didn't bet)
Seat 6: kubuspstars folded before Flop (didn't bet)



PokerStars Zoom Hand #254056874038:  Hold'em No Limit ($0.05/$0.10) - 2024/12/27 21:10:49 CET [2024/12/27 15:10:49 ET]
Table 'Aludra' 6-max Seat #1 is the button
Seat 1: Mahu2021 ($9.49 in chips) 
Seat 2: parti_HUN ($9.06 in chips) 
Seat 3: RiZZo2107 ($9.75 in chips) 
Seat 4: iwantwhiskey ($5 in chips) 
Seat 5: OscarLorr ($12.79 in chips) 
Seat 6: DropIceoleito ($8.82 in chips) 
parti_HUN: posts small blind $0.05
RiZZo2107: posts big blind $0.10
*** HOLE CARDS ***
Dealt to Mahu2021 [7d 4h]
iwantwhiskey: raises $0.15 to $0.25
OscarLorr: folds 
DropIceoleito: raises $0.25 to $0.50
Mahu2021: folds 
parti_HUN: folds 
RiZZo2107: folds 
iwantwhiskey: calls $0.25
*** FLOP *** [7h 6h Ac]
iwantwhiskey: checks 
DropIceoleito: checks 
*** TURN *** [7h 6h Ac] [9h]
iwantwhiskey: bets $2.85
DropIceoleito: folds 
Uncalled bet ($2.85) returned to iwantwhiskey
iwantwhiskey collected $1.10 from pot
iwantwhiskey: doesn't show hand 
*** SUMMARY ***
Total pot $1.15 | Rake $0.05 
Board [7h 6h Ac 9h]
Seat 1: Mahu2021 (button) folded before Flop (didn't bet)
Seat 2: parti_HUN (small blind) folded before Flop
Seat 3: RiZZo2107 (big blind) folded before Flop
Seat 4: iwantwhiskey collected ($1.10)
Seat 5: OscarLorr folded before Flop (didn't bet)
Seat 6: DropIceoleito folded on the Turn



PokerStars Zoom Hand #254056891091:  Hold'em No Limit ($0.05/$0.10) - 2024/12/27 21:11:39 CET [2024/12/27 15:11:39 ET]
Table 'Aludra' 6-max Seat #1 is the button
Seat 1: sevenseven33 ($5 in chips) 
Seat 2: ACTN3 ($13.63 in chips) 
Seat 3: Mahu2021 ($9.34 in chips) 
Seat 4: blysk ($11.93 in chips) 
Seat 5: RiZZo2107 ($9.50 in chips) 
Seat 6: 2ater ($29.16 in chips) 
ACTN3: posts small blind $0.05
Mahu2021: posts big blind $0.10
*** HOLE CARDS ***
Dealt to Mahu2021 [Ah Ks]
blysk: folds 
RiZZo2107: raises $0.18 to $0.28
2ater: folds 
sevenseven33: folds 
ACTN3: folds 
Mahu2021: raises $0.52 to $0.80
RiZZo2107: folds 
Uncalled bet ($0.52) returned to Mahu2021
Mahu2021 collected $0.61 from pot
Mahu2021: doesn't show hand 
*** SUMMARY ***
Total pot $0.61 | Rake $0 
Seat 1: sevenseven33 (button) folded before Flop (didn't bet)
Seat 2: ACTN3 (small blind) folded before Flop
Seat 3: Mahu2021 (big blind) collected ($0.61)
Seat 4: blysk folded before Flop (didn't bet)
Seat 5: RiZZo2107 folded before Flop
Seat 6: 2ater folded before Flop (didn't bet)



PokerStars Zoom Hand #254056889489:  Hold'em No Limit ($0.05/$0.10) - 2024/12/27 21:11:35 CET [2024/12/27 15:11:35 ET]
Table 'Aludra' 6-max Seat #1 is the button
Seat 1: Mahu2021 ($9.34 in chips) 
Seat 2: pitbull857 ($19.25 in chips) 
Seat 3: alpharfn ($8.32 in chips) 
Seat 4: Mitschelb87 ($8.16 in chips) 
Seat 5: ACTN3 ($13.63 in chips) 
Seat 6: Ale.A.S.M.R ($12.42 in chips) 
pitbull857: posts small blind $0.05
alpharfn: posts big blind $0.10
*** HOLE CARDS ***
Dealt to Mahu2021 [2c Kh]
Mitschelb87: raises $0.10 to $0.20
ACTN3: folds 
Ale.A.S.M.R: folds 
Mahu2021: folds 
pitbull857: folds 
alpharfn: calls $0.10
*** FLOP *** [Qs Ah 7h]
alpharfn: checks 
Mitschelb87: bets $0.43
alpharfn: folds 
Uncalled bet ($0.43) returned to Mitschelb87
Mitschelb87 collected $0.43 from pot
Mitschelb87: doesn't show hand 
*** SUMMARY ***
Total pot $0.45 | Rake $0.02 
Board [Qs Ah 7h]
Seat 1: Mahu2021 (button) folded before Flop (didn't bet)
Seat 2: pitbull857 (small blind) folded before Flop
Seat 3: alpharfn (big blind) folded on the Flop
Seat 4: Mitschelb87 collected ($0.43)
Seat 5: ACTN3 folded before Flop (didn't bet)
Seat 6: Ale.A.S.M.R folded before Flop (didn't bet)



PokerStars Zoom Hand #254056880100:  Hold'em No Limit ($0.05/$0.10) - 2024/12/27 21:11:07 CET [2024/12/27 15:11:07 ET]
Table 'Aludra' 6-max Seat #1 is the button
Seat 1: grantul ($10.63 in chips) 
Seat 2: jookai ($10.41 in chips) 
Seat 3: TGVon ($10.42 in chips) 
Seat 4: Mahu2021 ($9.44 in chips) 
Seat 5: Chestiefol ($37.55 in chips) 
Seat 6: 2hug0 ($26.41 in chips) 
jookai: posts small blind $0.05
TGVon: posts big blind $0.10
*** HOLE CARDS ***
Dealt to Mahu2021 [4h Ts]
Mahu2021: folds 
Chestiefol: folds 
2hug0: folds 
grantul: raises $0.20 to $0.30
jookai: folds 
TGVon: raises $0.90 to $1.20
grantul: calls $0.90
*** FLOP *** [8s 8c Qc]
TGVon: bets $0.59
grantul: calls $0.59
*** TURN *** [8s 8c Qc] [8h]
TGVon: checks 
grantul: bets $1.74
TGVon: calls $1.74
*** RIVER *** [8s 8c Qc 8h] [Ad]
TGVon: checks 
grantul: checks 
*** SHOW DOWN ***
TGVon: shows [Kc Jc] (three of a kind, Eights)
grantul: shows [9d Qd] (a full house, Eights full of Queens)
grantul collected $6.79 from pot
*** SUMMARY ***
Total pot $7.11 | Rake $0.32 
Board [8s 8c Qc 8h Ad]
Seat 1: grantul (button) showed [9d Qd] and won ($6.79) with a full house, Eights full of Queens
Seat 2: jookai (small blind) folded before Flop
Seat 3: TGVon (big blind) showed [Kc Jc] and lost with three of a kind, Eights
Seat 4: Mahu2021 folded before Flop (didn't bet)
Seat 5: Chestiefol folded before Flop (didn't bet)
Seat 6: 2hug0 folded before Flop (didn't bet)



PokerStars Zoom Hand #254056897102:  Hold'em No Limit ($0.05/$0.10) - 2024/12/27 21:11:57 CET [2024/12/27 15:11:57 ET]
Table 'Aludra' 6-max Seat #1 is the button
Seat 1: Chestiefol ($37.25 in chips) 
Seat 2: Mahu2021 ($9.67 in chips) 
Seat 3: 2hug0 ($26.11 in chips) 
Seat 4: 2ater ($28.99 in chips) 
Seat 5: meilohund111 ($7.57 in chips) 
Seat 6: Tom Smurf ($10.87 in chips) 
Mahu2021: posts small blind $0.05
2hug0: posts big blind $0.10
*** HOLE CARDS ***
Dealt to Mahu2021 [2c Kc]
2ater: folds 
meilohund111: folds 
Tom Smurf: folds 
Chestiefol: folds 
Mahu2021: raises $0.40 to $0.50
2hug0: folds 
Uncalled bet ($0.40) returned to Mahu2021
Mahu2021 collected $0.20 from pot
Mahu2021: doesn't show hand 
*** SUMMARY ***
Total pot $0.20 | Rake $0 
Seat 1: Chestiefol (button) folded before Flop (didn't bet)
Seat 2: Mahu2021 (small blind) collected ($0.20)
Seat 3: 2hug0 (big blind) folded before Flop
Seat 4: 2ater folded before Flop (didn't bet)
Seat 5: meilohund111 folded before Flop (didn't bet)
Seat 6: Tom Smurf folded before Flop (didn't bet)



PokerStars Zoom Hand #254056911460:  Hold'em No Limit ($0.05/$0.10) - 2024/12/27 21:12:39 CET [2024/12/27 15:12:39 ET]
Table 'Aludra' 6-max Seat #1 is the button
Seat 1: busfahrer09 ($10 in chips) 
Seat 2: Ale.A.S.M.R ($18.13 in chips) 
Seat 3: DropIceoleito ($8.12 in chips) 
Seat 4: jookai ($10.36 in chips) 
Seat 5: Textures777 ($26.51 in chips) 
Seat 6: Mahu2021 ($9.77 in chips) 
Ale.A.S.M.R: posts small blind $0.05
DropIceoleito: posts big blind $0.10
*** HOLE CARDS ***
Dealt to Mahu2021 [Qs Qh]
jookai: folds 
Textures777: folds 
Mahu2021: raises $0.20 to $0.30
busfahrer09: folds 
Ale.A.S.M.R: raises $0.70 to $1
DropIceoleito: folds 
Mahu2021: raises $8.77 to $9.77 and is all-in
Ale.A.S.M.R: calls $8.77
*** FLOP *** [9h 6c Th]
*** TURN *** [9h 6c Th] [5h]
*** RIVER *** [9h 6c Th 5h] [5s]
*** SHOW DOWN ***
Ale.A.S.M.R: shows [Kc Ks] (two pair, Kings and Fives)
Mahu2021: shows [Qs Qh] (two pair, Queens and Fives)
Ale.A.S.M.R collected $18.76 from pot
*** SUMMARY ***
Total pot $19.64 | Rake $0.88 
Board [9h 6c Th 5h 5s]
Seat 1: busfahrer09 (button) folded before Flop (didn't bet)
Seat 2: Ale.A.S.M.R (small blind) showed [Kc Ks] and won ($18.76) with two pair, Kings and Fives
Seat 3: DropIceoleito (big blind) folded before Flop
Seat 4: jookai folded before Flop (didn't bet)
Seat 5: Textures777 folded before Flop (didn't bet)
Seat 6: Mahu2021 showed [Qs Qh] and lost with two pair, Queens and Fives



PokerStars Zoom Hand #254056927952:  Hold'em No Limit ($0.05/$0.10) - 2024/12/27 21:13:27 CET [2024/12/27 15:13:27 ET]
Table 'Aludra' 6-max Seat #1 is the button
Seat 1: Tom Smurf ($11.98 in chips) 
Seat 2: Mr_Plejer7x ($10.07 in chips) 
Seat 3: bkis ($5.68 in chips) 
Seat 4: yakkai ($11.24 in chips) 
Seat 5: Mahu2021 ($10 in chips) 
Seat 6: Textures777 ($11.55 in chips) 
Mr_Plejer7x: posts small blind $0.05
bkis: posts big blind $0.10
*** HOLE CARDS ***
Dealt to Mahu2021 [5c 3h]
yakkai: folds 
Mahu2021: folds 
Textures777: folds 
Tom Smurf: raises $0.15 to $0.25
Mr_Plejer7x: folds 
bkis: folds 
Uncalled bet ($0.15) returned to Tom Smurf
Tom Smurf collected $0.25 from pot
Tom Smurf: doesn't show hand 
*** SUMMARY ***
Total pot $0.25 | Rake $0 
Seat 1: Tom Smurf (button) collected ($0.25)
Seat 2: Mr_Plejer7x (small blind) folded before Flop
Seat 3: bkis (big blind) folded before Flop
Seat 4: yakkai folded before Flop (didn't bet)
Seat 5: Mahu2021 folded before Flop (didn't bet)
Seat 6: Textures777 folded before Flop (didn't bet)



PokerStars Zoom Hand #254056930704:  Hold'em No Limit ($0.05/$0.10) - 2024/12/27 21:13:35 CET [2024/12/27 15:13:35 ET]
Table 'Aludra' 6-max Seat #1 is the button
Seat 1: Mahu2021 ($10 in chips) 
Seat 2: Dr. Margil ($7.93 in chips) 
Seat 3: TGVon ($13.42 in chips) 
Seat 4: pirocker ($14.66 in chips) 
Seat 5: ACTN3 ($13.33 in chips) 
Seat 6: Tutunn ($10.92 in chips) 
Dr. Margil: posts small blind $0.05
TGVon: posts big blind $0.10
*** HOLE CARDS ***
Dealt to Mahu2021 [Kc 6h]
pirocker: folds 
ACTN3: raises $0.20 to $0.30
Tutunn: folds 
Mahu2021: folds 
Dr. Margil: folds 
TGVon: folds 
Uncalled bet ($0.20) returned to ACTN3
ACTN3 collected $0.25 from pot
ACTN3: doesn't show hand 
*** SUMMARY ***
Total pot $0.25 | Rake $0 
Seat 1: Mahu2021 (button) folded before Flop (didn't bet)
Seat 2: Dr. Margil (small blind) folded before Flop
Seat 3: TGVon (big blind) folded before Flop
Seat 4: pirocker folded before Flop (didn't bet)
Seat 5: ACTN3 collected ($0.25)
Seat 6: Tutunn folded before Flop (didn't bet)



PokerStars Zoom Hand #254056932434:  Hold'em No Limit ($0.05/$0.10) - 2024/12/27 21:13:40 CET [2024/12/27 15:13:40 ET]
Table 'Aludra' 6-max Seat #1 is the button
Seat 1: tobillon3110 ($10.40 in chips) 
Seat 2: Mahu2021 ($10 in chips) 
Seat 3: pirocker ($14.66 in chips) 
Seat 4: grantul ($14.05 in chips) 
Seat 5: Andrei070190 ($11.85 in chips) 
Seat 6: sevenseven33 ($5.01 in chips) 
Mahu2021: posts small blind $0.05
pirocker: posts big blind $0.10
*** HOLE CARDS ***
Dealt to Mahu2021 [7h 3d]
grantul: folds 
Andrei070190: raises $0.30 to $0.40
sevenseven33: folds 
tobillon3110: folds 
Mahu2021: folds 
pirocker: folds 
Uncalled bet ($0.30) returned to Andrei070190
Andrei070190 collected $0.25 from pot
Andrei070190: doesn't show hand 
*** SUMMARY ***
Total pot $0.25 | Rake $0 
Seat 1: tobillon3110 (button) folded before Flop (didn't bet)
Seat 2: Mahu2021 (small blind) folded before Flop
Seat 3: pirocker (big blind) folded before Flop
Seat 4: grantul folded before Flop (didn't bet)
Seat 5: Andrei070190 collected ($0.25)
Seat 6: sevenseven33 folded before Flop (didn't bet)



PokerStars Zoom Hand #254056933816:  Hold'em No Limit ($0.05/$0.10) - 2024/12/27 21:13:44 CET [2024/12/27 15:13:44 ET]
Table 'Aludra' 6-max Seat #1 is the button
Seat 1: NicBrotzu ($23.79 in chips) 
Seat 2: calixtinhoo1 ($19.68 in chips) 
Seat 3: shoromonoko ($12.68 in chips) 
Seat 4: Mahu2021 ($9.95 in chips) 
Seat 5: iwantwhiskey ($5.40 in chips) 
Seat 6: TopSaleman ($10 in chips) 
calixtinhoo1: posts small blind $0.05
shoromonoko: posts big blind $0.10
*** HOLE CARDS ***
Dealt to Mahu2021 [6h Kc]
Mahu2021: folds 
iwantwhiskey: folds 
TopSaleman: raises $0.12 to $0.22
NicBrotzu: folds 
calixtinhoo1: folds 
shoromonoko: folds 
Uncalled bet ($0.12) returned to TopSaleman
TopSaleman collected $0.25 from pot
TopSaleman: doesn't show hand 
*** SUMMARY ***
Total pot $0.25 | Rake $0 
Seat 1: NicBrotzu (button) folded before Flop (didn't bet)
Seat 2: calixtinhoo1 (small blind) folded before Flop
Seat 3: shoromonoko (big blind) folded before Flop
Seat 4: Mahu2021 folded before Flop (didn't bet)
Seat 5: iwantwhiskey folded before Flop (didn't bet)
Seat 6: TopSaleman collected ($0.25)



PokerStars Zoom Hand #254056935182:  Hold'em No Limit ($0.05/$0.10) - 2024/12/27 21:13:48 CET [2024/12/27 15:13:48 ET]
Table 'Aludra' 6-max Seat #1 is the button
Seat 1: TGVon ($13.34 in chips) 
Seat 2: bkis ($5.58 in chips) 
Seat 3: Mahu2021 ($9.95 in chips) 
Seat 4: Hjalmen ($10.19 in chips) 
Seat 5: hatoya3 ($20.06 in chips) 
Seat 6: Tom Smurf ($12.13 in chips) 
bkis: posts small blind $0.05
Mahu2021: posts big blind $0.10
*** HOLE CARDS ***
Dealt to Mahu2021 [Jc Js]
Hjalmen: raises $0.17 to $0.27
hatoya3: folds 
Tom Smurf: folds 
TGVon: folds 
bkis: folds 
Mahu2021: raises $0.43 to $0.70
Hjalmen: raises $1.70 to $2.40
Mahu2021: calls $1.70
*** FLOP *** [3s 3h Qh]
Mahu2021: checks 
Hjalmen: bets $1.53
Mahu2021: calls $1.53
*** TURN *** [3s 3h Qh] [5h]
Mahu2021: checks 
Hjalmen: checks 
*** RIVER *** [3s 3h Qh 5h] [Ah]
Mahu2021: checks 
Hjalmen: bets $4.98
Mahu2021: folds 
Uncalled bet ($4.98) returned to Hjalmen
Hjalmen collected $7.55 from pot
Hjalmen: doesn't show hand 
*** SUMMARY ***
Total pot $7.91 | Rake $0.36 
Board [3s 3h Qh 5h Ah]
Seat 1: TGVon (button) folded before Flop (didn't bet)
Seat 2: bkis (small blind) folded before Flop
Seat 3: Mahu2021 (big blind) folded on the River
Seat 4: Hjalmen collected ($7.55)
Seat 5: hatoya3 folded before Flop (didn't bet)
Seat 6: Tom Smurf folded before Flop (didn't bet)



PokerStars Zoom Hand #254056949525:  Hold'em No Limit ($0.05/$0.10) - 2024/12/27 21:14:31 CET [2024/12/27 15:14:31 ET]
Table 'Aludra' 6-max Seat #1 is the button
Seat 1: elvis_genius ($12.81 in chips) 
Seat 2: Tutunn ($10.42 in chips) 
Seat 3: cghap ($19.29 in chips) 
Seat 4: Mahu2021 ($6.02 in chips) 
Seat 5: iliasdemos ($8.80 in chips) 
Seat 6: witos72 ($10 in chips) 
Tutunn: posts small blind $0.05
cghap: posts big blind $0.10
*** HOLE CARDS ***
Dealt to Mahu2021 [2c Ks]
Mahu2021: folds 
iliasdemos: folds 
witos72: raises $0.20 to $0.30
elvis_genius: folds 
Tutunn: folds 
cghap: folds 
Uncalled bet ($0.20) returned to witos72
witos72 collected $0.25 from pot
witos72: doesn't show hand 
*** SUMMARY ***
Total pot $0.25 | Rake $0 
Seat 1: elvis_genius (button) folded before Flop (didn't bet)
Seat 2: Tutunn (small blind) folded before Flop
Seat 3: cghap (big blind) folded before Flop
Seat 4: Mahu2021 folded before Flop (didn't bet)
Seat 5: iliasdemos folded before Flop (didn't bet)
Seat 6: witos72 collected ($0.25)



PokerStars Zoom Hand #254056951279:  Hold'em No Limit ($0.05/$0.10) - 2024/12/27 21:14:36 CET [2024/12/27 15:14:36 ET]
Table 'Aludra' 6-max Seat #1 is the button
Seat 1: iwantwhiskey ($5.40 in chips) 
Seat 2: zadros1984a ($10 in chips) 
Seat 3: 2ater ($28.96 in chips) 
Seat 4: Chestiefol ($11.07 in chips) 
Seat 5: SkunkBoy77 ($14.87 in chips) 
Seat 6: Mahu2021 ($6.02 in chips) 
zadros1984a: posts small blind $0.05
2ater: posts big blind $0.10
*** HOLE CARDS ***
Dealt to Mahu2021 [8c Ad]
Chestiefol: folds 
SkunkBoy77: raises $0.15 to $0.25
Mahu2021: folds 
iwantwhiskey: folds 
zadros1984a: folds 
2ater: folds 
Uncalled bet ($0.15) returned to SkunkBoy77
SkunkBoy77 collected $0.25 from pot
SkunkBoy77: doesn't show hand 
*** SUMMARY ***
Total pot $0.25 | Rake $0 
Seat 1: iwantwhiskey (button) folded before Flop (didn't bet)
Seat 2: zadros1984a (small blind) folded before Flop
Seat 3: 2ater (big blind) folded before Flop
Seat 4: Chestiefol folded before Flop (didn't bet)
Seat 5: SkunkBoy77 collected ($0.25)
Seat 6: Mahu2021 folded before Flop (didn't bet)



PokerStars Zoom Hand #254056955789:  Hold'em No Limit ($0.05/$0.10) - 2024/12/27 21:14:49 CET [2024/12/27 15:14:49 ET]
Table 'Aludra' 6-max Seat #1 is the button
Seat 1: Mahu2021 ($6.02 in chips) 
Seat 2: RiZZo2107 ($9.95 in chips) 
Seat 3: pirocker ($11.72 in chips) 
Seat 4: Smet1984 ($11.35 in chips) 
Seat 5: kubuspstars ($7.11 in chips) 
Seat 6: Ilimp72o ($12.53 in chips) 
RiZZo2107: posts small blind $0.05
pirocker: posts big blind $0.10
*** HOLE CARDS ***
Dealt to Mahu2021 [2d 4s]
Smet1984: folds 
kubuspstars: folds 
Ilimp72o: folds 
Mahu2021: folds 
RiZZo2107: folds 
Uncalled bet ($0.05) returned to pirocker
pirocker collected $0.10 from pot
pirocker: doesn't show hand 
*** SUMMARY ***
Total pot $0.10 | Rake $0 
Seat 1: Mahu2021 (button) folded before Flop (didn't bet)
Seat 2: RiZZo2107 (small blind) folded before Flop
Seat 3: pirocker (big blind) collected ($0.10)
Seat 4: Smet1984 folded before Flop (didn't bet)
Seat 5: kubuspstars folded before Flop (didn't bet)
Seat 6: Ilimp72o folded before Flop (didn't bet)



PokerStars Zoom Hand #254056954114:  Hold'em No Limit ($0.05/$0.10) - 2024/12/27 21:14:44 CET [2024/12/27 15:14:44 ET]
Table 'Aludra' 6-max Seat #1 is the button
Seat 1: taadiboy ($8.60 in chips) 
Seat 2: sykora288 ($7.95 in chips) 
Seat 3: Textures777 ($19.93 in chips) 
Seat 4: pirocker ($11.72 in chips) 
Seat 5: Mahu2021 ($6.02 in chips) 
Seat 6: 2hug0 ($25.06 in chips) 
sykora288: posts small blind $0.05
Textures777: posts big blind $0.10
*** HOLE CARDS ***
Dealt to Mahu2021 [4d 3h]
pirocker: folds 
Mahu2021: folds 
2hug0: folds 
taadiboy: raises $0.45 to $0.55
sykora288: folds 
Textures777: folds 
Uncalled bet ($0.45) returned to taadiboy
taadiboy collected $0.25 from pot
taadiboy: doesn't show hand 
*** SUMMARY ***
Total pot $0.25 | Rake $0 
Seat 1: taadiboy (button) collected ($0.25)
Seat 2: sykora288 (small blind) folded before Flop
Seat 3: Textures777 (big blind) folded before Flop
Seat 4: pirocker folded before Flop (didn't bet)
Seat 5: Mahu2021 folded before Flop (didn't bet)
Seat 6: 2hug0 folded before Flop (didn't bet)



PokerStars Zoom Hand #254056967748:  Hold'em No Limit ($0.05/$0.10) - 2024/12/27 21:15:24 CET [2024/12/27 15:15:24 ET]
Table 'Aludra' 6-max Seat #1 is the button
Seat 1: wujaszek ($8.23 in chips) 
Seat 2: gresscrack ($10.09 in chips) 
Seat 3: Mahu2021 ($5.97 in chips) 
Seat 4: E2AS ($9.07 in chips) 
Seat 5: kubuspstars ($6.91 in chips) 
Seat 6: craigbissett ($16.84 in chips) 
gresscrack: posts small blind $0.05
Mahu2021: posts big blind $0.10
*** HOLE CARDS ***
Dealt to Mahu2021 [8d Jh]
E2AS: raises $0.15 to $0.25
kubuspstars: folds 
craigbissett: folds 
wujaszek: folds 
gresscrack: folds 
Mahu2021: folds 
Uncalled bet ($0.15) returned to E2AS
E2AS collected $0.25 from pot
E2AS: doesn't show hand 
*** SUMMARY ***
Total pot $0.25 | Rake $0 
Seat 1: wujaszek (button) folded before Flop (didn't bet)
Seat 2: gresscrack (small blind) folded before Flop
Seat 3: Mahu2021 (big blind) folded before Flop
Seat 4: E2AS collected ($0.25)
Seat 5: kubuspstars folded before Flop (didn't bet)
Seat 6: craigbissett folded before Flop (didn't bet)



PokerStars Zoom Hand #254056963682:  Hold'em No Limit ($0.05/$0.10) - 2024/12/27 21:15:12 CET [2024/12/27 15:15:12 ET]
Table 'Aludra' 6-max Seat #1 is the button
Seat 1: pokerfilzv2 ($24.30 in chips) 
Seat 2: Celena Teneriva ($9.73 in chips) 
Seat 3: F2u&F2urFace ($11.23 in chips) 
Seat 4: Mahu2021 ($5.97 in chips) 
Seat 5: Chestiefol ($37.38 in chips) 
Seat 6: Paulhyf ($4.82 in chips) 
Celena Teneriva: posts small blind $0.05
F2u&F2urFace: posts big blind $0.10
*** HOLE CARDS ***
Dealt to Mahu2021 [4c 6d]
Mahu2021: folds 
Chestiefol: folds 
Paulhyf: calls $0.10
pokerfilzv2: folds 
Celena Teneriva: folds 
F2u&F2urFace: checks 
*** FLOP *** [8h 9h 6h]
F2u&F2urFace: checks 
Paulhyf: bets $0.10
F2u&F2urFace: folds 
Uncalled bet ($0.10) returned to Paulhyf
Paulhyf collected $0.24 from pot
Paulhyf: doesn't show hand 
*** SUMMARY ***
Total pot $0.25 | Rake $0.01 
Board [8h 9h 6h]
Seat 1: pokerfilzv2 (button) folded before Flop (didn't bet)
Seat 2: Celena Teneriva (small blind) folded before Flop
Seat 3: F2u&F2urFace (big blind) folded on the Flop
Seat 4: Mahu2021 folded before Flop (didn't bet)
Seat 5: Chestiefol folded before Flop (didn't bet)
Seat 6: Paulhyf collected ($0.24)



PokerStars Zoom Hand #254056969939:  Hold'em No Limit ($0.05/$0.10) - 2024/12/27 21:15:30 CET [2024/12/27 15:15:30 ET]
Table 'Aludra' 6-max Seat #1 is the button
Seat 1: Chestiefol ($28.93 in chips) 
Seat 2: Textures777 ($26.54 in chips) 
Seat 3: Profbetting ($10 in chips) 
Seat 4: pirocker ($26.17 in chips) 
Seat 5: pokerfilzv2 ($24.15 in chips) 
Seat 6: Mahu2021 ($5.87 in chips) 
Textures777: posts small blind $0.05
Profbetting: posts big blind $0.10
*** HOLE CARDS ***
Dealt to Mahu2021 [7s Ks]
pirocker: folds 
pokerfilzv2: folds 
Mahu2021: raises $0.20 to $0.30
Chestiefol: folds 
Textures777: folds 
Profbetting: folds 
Uncalled bet ($0.20) returned to Mahu2021
Mahu2021 collected $0.25 from pot
Mahu2021: doesn't show hand 
*** SUMMARY ***
Total pot $0.25 | Rake $0 
Seat 1: Chestiefol (button) folded before Flop (didn't bet)
Seat 2: Textures777 (small blind) folded before Flop
Seat 3: Profbetting (big blind) folded before Flop
Seat 4: pirocker folded before Flop (didn't bet)
Seat 5: pokerfilzv2 folded before Flop (didn't bet)
Seat 6: Mahu2021 collected ($0.25)



PokerStars Zoom Hand #254056957146:  Hold'em No Limit ($0.05/$0.10) - 2024/12/27 21:14:53 CET [2024/12/27 15:14:53 ET]
Table 'Aludra' 6-max Seat #1 is the button
Seat 1: F2u&F2urFace ($10.24 in chips) 
Seat 2: Mahu2021 ($6.02 in chips) 
Seat 3: VieraNeto ($19.69 in chips) 
Seat 4: blysk ($11.58 in chips) 
Seat 5: OscarLorr ($11.68 in chips) 
Seat 6: RiZZo2107 ($9.90 in chips) 
Mahu2021: posts small blind $0.05
VieraNeto: posts big blind $0.10
*** HOLE CARDS ***
Dealt to Mahu2021 [5s 3s]
blysk: folds 
OscarLorr: raises $0.10 to $0.20
RiZZo2107: folds 
F2u&F2urFace: raises $0.50 to $0.70
Mahu2021: folds 
VieraNeto: calls $0.60
OscarLorr: calls $0.50
*** FLOP *** [9c Kc 4c]
VieraNeto: checks 
OscarLorr: checks 
F2u&F2urFace: checks 
*** TURN *** [9c Kc 4c] [As]
VieraNeto: checks 
OscarLorr: checks 
F2u&F2urFace: bets $1.60
VieraNeto: calls $1.60
OscarLorr: folds 
*** RIVER *** [9c Kc 4c As] [3d]
VieraNeto: checks 
F2u&F2urFace: bets $7.94 and is all-in
VieraNeto: folds 
Uncalled bet ($7.94) returned to F2u&F2urFace
F2u&F2urFace collected $5.11 from pot
F2u&F2urFace: doesn't show hand 
*** SUMMARY ***
Total pot $5.35 | Rake $0.24 
Board [9c Kc 4c As 3d]
Seat 1: F2u&F2urFace (button) collected ($5.11)
Seat 2: Mahu2021 (small blind) folded before Flop
Seat 3: VieraNeto (big blind) folded on the River
Seat 4: blysk folded before Flop (didn't bet)
Seat 5: OscarLorr folded on the Turn
Seat 6: RiZZo2107 folded before Flop (didn't bet)



PokerStars Zoom Hand #254056976453:  Hold'em No Limit ($0.05/$0.10) - 2024/12/27 21:15:50 CET [2024/12/27 15:15:50 ET]
Table 'Aludra' 6-max Seat #1 is the button
Seat 1: Mahu2021 ($6.02 in chips) 
Seat 2: adambuddy2 ($14.23 in chips) 
Seat 3: epsilon2011 ($10 in chips) 
Seat 4: Celena Teneriva ($4.96 in chips) 
Seat 5: Mr_Plejer7x ($11.42 in chips) 
Seat 6: Textures777 ($14.20 in chips) 
adambuddy2: posts small blind $0.05
epsilon2011: posts big blind $0.10
*** HOLE CARDS ***
Dealt to Mahu2021 [7s Qs]
Celena Teneriva: folds 
Mr_Plejer7x: folds 
Textures777: folds 
Mahu2021: raises $0.20 to $0.30
adambuddy2: folds 
epsilon2011: folds 
Uncalled bet ($0.20) returned to Mahu2021
Mahu2021 collected $0.25 from pot
Mahu2021: doesn't show hand 
*** SUMMARY ***
Total pot $0.25 | Rake $0 
Seat 1: Mahu2021 (button) collected ($0.25)
Seat 2: adambuddy2 (small blind) folded before Flop
Seat 3: epsilon2011 (big blind) folded before Flop
Seat 4: Celena Teneriva folded before Flop (didn't bet)
Seat 5: Mr_Plejer7x folded before Flop (didn't bet)
Seat 6: Textures777 folded before Flop (didn't bet)



PokerStars Zoom Hand #254056982890:  Hold'em No Limit ($0.05/$0.10) - 2024/12/27 21:16:09 CET [2024/12/27 15:16:09 ET]
Table 'Aludra' 6-max Seat #1 is the button
Seat 1: Textures777 ($14.20 in chips) 
Seat 2: DropIceoleito ($7.02 in chips) 
Seat 3: Maxineeee ($10 in chips) 
Seat 4: Chestiefol ($28.68 in chips) 
Seat 5: alpharfn ($10.07 in chips) 
Seat 6: Mahu2021 ($6.17 in chips) 
DropIceoleito: posts small blind $0.05
Maxineeee: posts big blind $0.10
*** HOLE CARDS ***
Dealt to Mahu2021 [5h As]
Chestiefol: folds 
alpharfn: raises $0.10 to $0.20
Mahu2021: folds 
Textures777: folds 
DropIceoleito: folds 
Maxineeee: folds 
Uncalled bet ($0.10) returned to alpharfn
alpharfn collected $0.25 from pot
alpharfn: doesn't show hand 
*** SUMMARY ***
Total pot $0.25 | Rake $0 
Seat 1: Textures777 (button) folded before Flop (didn't bet)
Seat 2: DropIceoleito (small blind) folded before Flop
Seat 3: Maxineeee (big blind) folded before Flop
Seat 4: Chestiefol folded before Flop (didn't bet)
Seat 5: alpharfn collected ($0.25)
Seat 6: Mahu2021 folded before Flop (didn't bet)



PokerStars Zoom Hand #254056984583:  Hold'em No Limit ($0.05/$0.10) - 2024/12/27 21:16:14 CET [2024/12/27 15:16:14 ET]
Table 'Aludra' 6-max Seat #1 is the button
Seat 1: LuchoJacobo8 ($9.23 in chips) 
Seat 2: BBSITA15 ($5 in chips) 
Seat 3: Hjalmen ($14.21 in chips) 
Seat 4: Mahu2021 ($6.17 in chips) 
Seat 5: redmonkey98 ($10 in chips) 
Seat 6: gresscrack ($10 in chips) 
BBSITA15: posts small blind $0.05
Hjalmen: posts big blind $0.10
*** HOLE CARDS ***
Dealt to Mahu2021 [As Jc]
Mahu2021: raises $0.20 to $0.30
redmonkey98: folds 
gresscrack: folds 
LuchoJacobo8: folds 
BBSITA15: folds 
Hjalmen: folds 
Uncalled bet ($0.20) returned to Mahu2021
Mahu2021 collected $0.25 from pot
Mahu2021: doesn't show hand 
*** SUMMARY ***
Total pot $0.25 | Rake $0 
Seat 1: LuchoJacobo8 (button) folded before Flop (didn't bet)
Seat 2: BBSITA15 (small blind) folded before Flop
Seat 3: Hjalmen (big blind) folded before Flop
Seat 4: Mahu2021 collected ($0.25)
Seat 5: redmonkey98 folded before Flop (didn't bet)
Seat 6: gresscrack folded before Flop (didn't bet)



PokerStars Zoom Hand #254056981564:  Hold'em No Limit ($0.05/$0.10) - 2024/12/27 21:16:05 CET [2024/12/27 15:16:05 ET]
Table 'Aludra' 6-max Seat #1 is the button
Seat 1: adambuddy2 ($14.08 in chips) 
Seat 2: 2hug0 ($13.26 in chips) 
Seat 3: Baratrum777 ($10.15 in chips) 
Seat 4: 2ater ($19.64 in chips) 
Seat 5: Mahu2021 ($6.17 in chips) 
Seat 6: TAr1927 ($5 in chips) 
2hug0: posts small blind $0.05
Baratrum777: posts big blind $0.10
*** HOLE CARDS ***
Dealt to Mahu2021 [9d 4c]
2ater: folds 
Mahu2021: folds 
TAr1927: raises $0.10 to $0.20
adambuddy2: folds 
2hug0: folds 
Baratrum777: folds 
Uncalled bet ($0.10) returned to TAr1927
TAr1927 collected $0.25 from pot
TAr1927: doesn't show hand 
*** SUMMARY ***
Total pot $0.25 | Rake $0 
Seat 1: adambuddy2 (button) folded before Flop (didn't bet)
Seat 2: 2hug0 (small blind) folded before Flop
Seat 3: Baratrum777 (big blind) folded before Flop
Seat 4: 2ater folded before Flop (didn't bet)
Seat 5: Mahu2021 folded before Flop (didn't bet)
Seat 6: TAr1927 collected ($0.25)



PokerStars Zoom Hand #254056992536:  Hold'em No Limit ($0.05/$0.10) - 2024/12/27 21:16:37 CET [2024/12/27 15:16:37 ET]
Table 'Aludra' 6-max Seat #1 is the button
Seat 1: blysk ($12 in chips) 
Seat 2: Mahu2021 ($6.22 in chips) 
Seat 3: F2u&F2urFace ($10.53 in chips) 
Seat 4: Andrei070190 ($11.90 in chips) 
Seat 5: Ale.A.S.M.R ($27.51 in chips) 
Seat 6: shortstackpro ($6.05 in chips) 
Mahu2021: posts small blind $0.05
F2u&F2urFace: posts big blind $0.10
*** HOLE CARDS ***
Dealt to Mahu2021 [9h 3s]
Andrei070190: raises $0.20 to $0.30
Ale.A.S.M.R: folds 
shortstackpro: folds 
blysk: folds 
Mahu2021: folds 
F2u&F2urFace: folds 
Uncalled bet ($0.20) returned to Andrei070190
Andrei070190 collected $0.25 from pot
Andrei070190: doesn't show hand 
*** SUMMARY ***
Total pot $0.25 | Rake $0 
Seat 1: blysk (button) folded before Flop (didn't bet)
Seat 2: Mahu2021 (small blind) folded before Flop
Seat 3: F2u&F2urFace (big blind) folded before Flop
Seat 4: Andrei070190 collected ($0.25)
Seat 5: Ale.A.S.M.R folded before Flop (didn't bet)
Seat 6: shortstackpro folded before Flop (didn't bet)



PokerStars Zoom Hand #254056997987:  Hold'em No Limit ($0.05/$0.10) - 2024/12/27 21:16:53 CET [2024/12/27 15:16:53 ET]
Table 'Aludra' 6-max Seat #1 is the button
Seat 1: Mahu2021 ($6.17 in chips) 
Seat 2: Textures777 ($16.43 in chips) 
Seat 3: Baratrum777 ($10 in chips) 
Seat 4: Tutunn ($10.93 in chips) 
Seat 5: tobillon3110 ($12.33 in chips) 
Seat 6: iwantwhiskey ($4.85 in chips) 
Textures777: posts small blind $0.05
Baratrum777: posts big blind $0.10
*** HOLE CARDS ***
Dealt to Mahu2021 [2h 2c]
Tutunn: folds 
tobillon3110: folds 
iwantwhiskey: folds 
Mahu2021: raises $0.20 to $0.30
Textures777: folds 
Baratrum777: folds 
Uncalled bet ($0.20) returned to Mahu2021
Mahu2021 collected $0.25 from pot
Mahu2021: doesn't show hand 
*** SUMMARY ***
Total pot $0.25 | Rake $0 
Seat 1: Mahu2021 (button) collected ($0.25)
Seat 2: Textures777 (small blind) folded before Flop
Seat 3: Baratrum777 (big blind) folded before Flop
Seat 4: Tutunn folded before Flop (didn't bet)
Seat 5: tobillon3110 folded before Flop (didn't bet)
Seat 6: iwantwhiskey folded before Flop (didn't bet)



PokerStars Zoom Hand #254056988328:  Hold'em No Limit ($0.05/$0.10) - 2024/12/27 21:16:25 CET [2024/12/27 15:16:25 ET]
Table 'Aludra' 6-max Seat #1 is the button
Seat 1: shoromonoko ($12.33 in chips) 
Seat 2: sevenseven33 ($4.80 in chips) 
Seat 3: Mahu2021 ($6.32 in chips) 
Seat 4: BBSITA15 ($4.95 in chips) 
Seat 5: VieraNeto ($17.54 in chips) 
Seat 6: epsilon2011 ($17.15 in chips) 
sevenseven33: posts small blind $0.05
Mahu2021: posts big blind $0.10
*** HOLE CARDS ***
Dealt to Mahu2021 [3s 4c]
BBSITA15: calls $0.10
VieraNeto: folds 
epsilon2011: folds 
shoromonoko: raises $0.95 to $1.05
sevenseven33: folds 
Mahu2021: folds 
BBSITA15: calls $0.95
*** FLOP *** [2d 2s Ac]
BBSITA15: checks 
shoromonoko: checks 
*** TURN *** [2d 2s Ac] [2h]
BBSITA15: checks 
shoromonoko: checks 
*** RIVER *** [2d 2s Ac 2h] [5c]
BBSITA15: checks 
shoromonoko: bets $4
BBSITA15: folds 
Uncalled bet ($4) returned to shoromonoko
shoromonoko collected $2.15 from pot
shoromonoko: doesn't show hand 
*** SUMMARY ***
Total pot $2.25 | Rake $0.10 
Board [2d 2s Ac 2h 5c]
Seat 1: shoromonoko (button) collected ($2.15)
Seat 2: sevenseven33 (small blind) folded before Flop
Seat 3: Mahu2021 (big blind) folded before Flop
Seat 4: BBSITA15 folded on the River
Seat 5: VieraNeto folded before Flop (didn't bet)
Seat 6: epsilon2011 folded before Flop (didn't bet)



PokerStars Zoom Hand #254057003845:  Hold'em No Limit ($0.05/$0.10) - 2024/12/27 21:17:10 CET [2024/12/27 15:17:10 ET]
Table 'Aludra' 6-max Seat #1 is the button
Seat 1: F2u&F2urFace ($10.53 in chips) 
Seat 2: H&PAG ($9.50 in chips) 
Seat 3: sevenseven33 ($4.75 in chips) 
Seat 4: zadros1984a ($10 in chips) 
Seat 5: Mahu2021 ($6.32 in chips) 
Seat 6: masa2929 ($15.89 in chips) 
H&PAG: posts small blind $0.05
sevenseven33: posts big blind $0.10
*** HOLE CARDS ***
Dealt to Mahu2021 [8d Th]
zadros1984a: folds 
Mahu2021: folds 
masa2929: folds 
F2u&F2urFace: raises $0.20 to $0.30
H&PAG: folds 
sevenseven33: folds 
Uncalled bet ($0.20) returned to F2u&F2urFace
F2u&F2urFace collected $0.25 from pot
F2u&F2urFace: doesn't show hand 
*** SUMMARY ***
Total pot $0.25 | Rake $0 
Seat 1: F2u&F2urFace (button) collected ($0.25)
Seat 2: H&PAG (small blind) folded before Flop
Seat 3: sevenseven33 (big blind) folded before Flop
Seat 4: zadros1984a folded before Flop (didn't bet)
Seat 5: Mahu2021 folded before Flop (didn't bet)
Seat 6: masa2929 folded before Flop (didn't bet)



PokerStars Zoom Hand #254057006253:  Hold'em No Limit ($0.05/$0.10) - 2024/12/27 21:17:17 CET [2024/12/27 15:17:17 ET]
Table 'Aludra' 6-max Seat #1 is the button
Seat 1: Karina2707 ($13.29 in chips) 
Seat 2: Mahu2021 ($6.32 in chips) 
Seat 3: 2hug0 ($25.06 in chips) 
Seat 4: elvis_genius ($13.09 in chips) 
Seat 5: Mr_Plejer7x ($19.37 in chips) 
Seat 6: NicBrotzu ($37.69 in chips) 
Mahu2021: posts small blind $0.05
2hug0: posts big blind $0.10
*** HOLE CARDS ***
Dealt to Mahu2021 [6c 7h]
elvis_genius: folds 
Mr_Plejer7x: folds 
NicBrotzu: folds 
Karina2707: folds 
Mahu2021: folds 
Uncalled bet ($0.05) returned to 2hug0
2hug0 collected $0.10 from pot
2hug0: doesn't show hand 
*** SUMMARY ***
Total pot $0.10 | Rake $0 
Seat 1: Karina2707 (button) folded before Flop (didn't bet)
Seat 2: Mahu2021 (small blind) folded before Flop
Seat 3: 2hug0 (big blind) collected ($0.10)
Seat 4: elvis_genius folded before Flop (didn't bet)
Seat 5: Mr_Plejer7x folded before Flop (didn't bet)
Seat 6: NicBrotzu folded before Flop (didn't bet)



PokerStars Zoom Hand #254057009295:  Hold'em No Limit ($0.05/$0.10) - 2024/12/27 21:17:26 CET [2024/12/27 15:17:26 ET]
Table 'Aludra' 6-max Seat #1 is the button
Seat 1: Ale.A.S.M.R ($11.97 in chips) 
Seat 2: vogiatzis97 ($10.23 in chips) 
Seat 3: Chestiefol ($28.38 in chips) 
Seat 4: Mahu2021 ($6.27 in chips) 
Seat 5: SkunkBoy77 ($15.02 in chips) 
Seat 6: B0SSD3M ($11.32 in chips) 
vogiatzis97: posts small blind $0.05
Chestiefol: posts big blind $0.10
*** HOLE CARDS ***
Dealt to Mahu2021 [Tc 5h]
Mahu2021: folds 
SkunkBoy77: folds 
B0SSD3M: folds 
Ale.A.S.M.R: folds 
vogiatzis97: folds 
Uncalled bet ($0.05) returned to Chestiefol
Chestiefol collected $0.10 from pot
Chestiefol: doesn't show hand 
*** SUMMARY ***
Total pot $0.10 | Rake $0 
Seat 1: Ale.A.S.M.R (button) folded before Flop (didn't bet)
Seat 2: vogiatzis97 (small blind) folded before Flop
Seat 3: Chestiefol (big blind) collected ($0.10)
Seat 4: Mahu2021 folded before Flop (didn't bet)
Seat 5: SkunkBoy77 folded before Flop (didn't bet)
Seat 6: B0SSD3M folded before Flop (didn't bet)



PokerStars Zoom Hand #254057007932:  Hold'em No Limit ($0.05/$0.10) - 2024/12/27 21:17:22 CET [2024/12/27 15:17:22 ET]
Table 'Aludra' 6-max Seat #1 is the button
Seat 1: manko2000 ($5.91 in chips) 
Seat 2: shortstackpro ($5.95 in chips) 
Seat 3: Celena Teneriva ($7.57 in chips) 
Seat 4: epsilon2011 ($12.31 in chips) 
Seat 5: Mahu2021 ($6.27 in chips) 
Seat 6: jookai ($24.46 in chips) 
shortstackpro: posts small blind $0.05
Celena Teneriva: posts big blind $0.10
*** HOLE CARDS ***
Dealt to Mahu2021 [4d Js]
epsilon2011: folds 
Mahu2021: folds 
jookai: raises $0.14 to $0.24
manko2000: raises $0.63 to $0.87
shortstackpro: folds 
Celena Teneriva: folds 
jookai: calls $0.63
*** FLOP *** [4c Tc 4s]
jookai: checks 
manko2000: bets $1.80
jookai: folds 
Uncalled bet ($1.80) returned to manko2000
manko2000 collected $1.80 from pot
manko2000: doesn't show hand 
*** SUMMARY ***
Total pot $1.89 | Rake $0.09 
Board [4c Tc 4s]
Seat 1: manko2000 (button) collected ($1.80)
Seat 2: shortstackpro (small blind) folded before Flop
Seat 3: Celena Teneriva (big blind) folded before Flop
Seat 4: epsilon2011 folded before Flop (didn't bet)
Seat 5: Mahu2021 folded before Flop (didn't bet)
Seat 6: jookai folded on the Flop



PokerStars Zoom Hand #254057010670:  Hold'em No Limit ($0.05/$0.10) - 2024/12/27 21:17:30 CET [2024/12/27 15:17:30 ET]
Table 'Aludra' 6-max Seat #1 is the button
Seat 1: Fleischhocka68 ($5.18 in chips) 
Seat 2: skoopies ($66.60 in chips) 
Seat 3: Mahu2021 ($6.27 in chips) 
Seat 4: milchengel ($22.03 in chips) 
Seat 5: Alexsny13 ($22.32 in chips) 
Seat 6: Ripshaw10 ($10 in chips) 
skoopies: posts small blind $0.05
Mahu2021: posts big blind $0.10
*** HOLE CARDS ***
Dealt to Mahu2021 [3h Js]
milchengel: folds 
Alexsny13: raises $0.10 to $0.20
Ripshaw10: folds 
Fleischhocka68: calls $0.20
skoopies: raises $1.10 to $1.30
Mahu2021: folds 
Alexsny13: folds 
Fleischhocka68: folds 
Uncalled bet ($1.10) returned to skoopies
skoopies collected $0.70 from pot
skoopies: doesn't show hand 
*** SUMMARY ***
Total pot $0.70 | Rake $0 
Seat 1: Fleischhocka68 (button) folded before Flop
Seat 2: skoopies (small blind) collected ($0.70)
Seat 3: Mahu2021 (big blind) folded before Flop
Seat 4: milchengel folded before Flop (didn't bet)
Seat 5: Alexsny13 folded before Flop
Seat 6: Ripshaw10 folded before Flop (didn't bet)



PokerStars Zoom Hand #254057014366:  Hold'em No Limit ($0.05/$0.10) - 2024/12/27 21:17:41 CET [2024/12/27 15:17:41 ET]
Table 'Aludra' 6-max Seat #1 is the button
Seat 1: 20guette ($10 in chips) 
Seat 2: NakedMonkey666 ($3.52 in chips) 
Seat 3: leon05 ($8.93 in chips) 
Seat 4: Mahu2021 ($6.17 in chips) 
Seat 5: jezza71 ($8.89 in chips) 
Seat 6: NicBrotzu ($22.92 in chips) 
NakedMonkey666: posts small blind $0.05
leon05: posts big blind $0.10
*** HOLE CARDS ***
Dealt to Mahu2021 [Js Qc]
Mahu2021: raises $0.20 to $0.30
jezza71: folds 
NicBrotzu: folds 
20guette: calls $0.30
NakedMonkey666: folds 
leon05: folds 
*** FLOP *** [3h 6c 8s]
Mahu2021: checks 
20guette: checks 
*** TURN *** [3h 6c 8s] [5c]
Mahu2021: checks 
20guette: bets $0.43
Mahu2021: folds 
Uncalled bet ($0.43) returned to 20guette
20guette collected $0.72 from pot
20guette: doesn't show hand 
*** SUMMARY ***
Total pot $0.75 | Rake $0.03 
Board [3h 6c 8s 5c]
Seat 1: 20guette (button) collected ($0.72)
Seat 2: NakedMonkey666 (small blind) folded before Flop
Seat 3: leon05 (big blind) folded before Flop
Seat 4: Mahu2021 folded on the Turn
Seat 5: jezza71 folded before Flop (didn't bet)
Seat 6: NicBrotzu folded before Flop (didn't bet)



PokerStars Zoom Hand #254057026030:  Hold'em No Limit ($0.05/$0.10) - 2024/12/27 21:18:15 CET [2024/12/27 15:18:15 ET]
Table 'Aludra' 6-max Seat #1 is the button
Seat 1: Mr_Plejer7x ($19.64 in chips) 
Seat 2: epsilon2011 ($12.06 in chips) 
Seat 3: alfredo_2855 ($11.37 in chips) 
Seat 4: TopSaleman ($10.25 in chips) 
Seat 5: CraigCasey88 ($18.10 in chips) 
Seat 6: Mahu2021 ($5.87 in chips) 
epsilon2011: posts small blind $0.05
alfredo_2855: posts big blind $0.10
*** HOLE CARDS ***
Dealt to Mahu2021 [9s 7h]
TopSaleman: folds 
CraigCasey88: raises $0.20 to $0.30
Mahu2021: folds 
Mr_Plejer7x: folds 
epsilon2011: folds 
alfredo_2855: folds 
Uncalled bet ($0.20) returned to CraigCasey88
CraigCasey88 collected $0.25 from pot
CraigCasey88: doesn't show hand 
*** SUMMARY ***
Total pot $0.25 | Rake $0 
Seat 1: Mr_Plejer7x (button) folded before Flop (didn't bet)
Seat 2: epsilon2011 (small blind) folded before Flop
Seat 3: alfredo_2855 (big blind) folded before Flop
Seat 4: TopSaleman folded before Flop (didn't bet)
Seat 5: CraigCasey88 collected ($0.25)
Seat 6: Mahu2021 folded before Flop (didn't bet)



PokerStars Zoom Hand #254057027811:  Hold'em No Limit ($0.05/$0.10) - 2024/12/27 21:18:20 CET [2024/12/27 15:18:20 ET]
Table 'Aludra' 6-max Seat #1 is the button
Seat 1: sevenseven33 ($5 in chips) 
Seat 2: Baratrum777 ($10.62 in chips) 
Seat 3: Mahu2021 ($5.87 in chips) 
Seat 4: 2ater ($19.24 in chips) 
Seat 5: Chestiefol ($10.32 in chips) 
Seat 6: MarkRegen ($12.21 in chips) 
Baratrum777: posts small blind $0.05
Mahu2021: posts big blind $0.10
*** HOLE CARDS ***
Dealt to Mahu2021 [5d 8d]
2ater: folds 
Chestiefol: folds 
MarkRegen: calls $0.10
sevenseven33: folds 
Baratrum777: calls $0.05
Mahu2021: checks 
*** FLOP *** [7c 4s 6s]
Baratrum777: checks 
Mahu2021: checks 
MarkRegen: checks 
*** TURN *** [7c 4s 6s] [4h]
Baratrum777: bets $0.19
Mahu2021: calls $0.19
MarkRegen: calls $0.19
*** RIVER *** [7c 4s 6s 4h] [Ad]
Baratrum777: checks 
Mahu2021: bets $0.83
MarkRegen: folds 
Baratrum777: folds 
Uncalled bet ($0.83) returned to Mahu2021
Mahu2021 collected $0.83 from pot
Mahu2021: doesn't show hand 
*** SUMMARY ***
Total pot $0.87 | Rake $0.04 
Board [7c 4s 6s 4h Ad]
Seat 1: sevenseven33 (button) folded before Flop (didn't bet)
Seat 2: Baratrum777 (small blind) folded on the River
Seat 3: Mahu2021 (big blind) collected ($0.83)
Seat 4: 2ater folded before Flop (didn't bet)
Seat 5: Chestiefol folded before Flop (didn't bet)
Seat 6: MarkRegen folded on the River



PokerStars Zoom Hand #254057041006:  Hold'em No Limit ($0.05/$0.10) - 2024/12/27 21:18:59 CET [2024/12/27 15:18:59 ET]
Table 'Aludra' 6-max Seat #1 is the button
Seat 1: lenz9120 ($9.85 in chips) 
Seat 2: Mahu2021 ($6.41 in chips) 
Seat 3: Ale.A.S.M.R ($25.87 in chips) 
Seat 4: 2ater ($25.95 in chips) 
Seat 5: cghap ($19.53 in chips) 
Seat 6: 2hug0 ($14.27 in chips) 
Mahu2021: posts small blind $0.05
Ale.A.S.M.R: posts big blind $0.10
*** HOLE CARDS ***
Dealt to Mahu2021 [6h Jc]
2ater: folds 
cghap: folds 
2hug0: folds 
lenz9120: folds 
Mahu2021: folds 
Uncalled bet ($0.05) returned to Ale.A.S.M.R
Ale.A.S.M.R collected $0.10 from pot
Ale.A.S.M.R: doesn't show hand 
*** SUMMARY ***
Total pot $0.10 | Rake $0 
Seat 1: lenz9120 (button) folded before Flop (didn't bet)
Seat 2: Mahu2021 (small blind) folded before Flop
Seat 3: Ale.A.S.M.R (big blind) collected ($0.10)
Seat 4: 2ater folded before Flop (didn't bet)
Seat 5: cghap folded before Flop (didn't bet)
Seat 6: 2hug0 folded before Flop (didn't bet)



PokerStars Zoom Hand #254057047092:  Hold'em No Limit ($0.05/$0.10) - 2024/12/27 21:19:17 CET [2024/12/27 15:19:17 ET]
Table 'Aludra' 6-max Seat #1 is the button
Seat 1: perry623 ($11.06 in chips) 
Seat 2: Ísaak44 ($10 in chips) 
Seat 3: NicBrotzu ($22.77 in chips) 
Seat 4: craigbissett ($22.95 in chips) 
Seat 5: ascensionIII ($18.36 in chips) 
Seat 6: Mahu2021 ($6.36 in chips) 
Ísaak44: posts small blind $0.05
NicBrotzu: posts big blind $0.10
*** HOLE CARDS ***
Dealt to Mahu2021 [4h Jh]
craigbissett: folds 
ascensionIII: folds 
Mahu2021: folds 
perry623: folds 
Ísaak44: folds 
Uncalled bet ($0.05) returned to NicBrotzu
NicBrotzu collected $0.10 from pot
NicBrotzu: doesn't show hand 
*** SUMMARY ***
Total pot $0.10 | Rake $0 
Seat 1: perry623 (button) folded before Flop (didn't bet)
Seat 2: Ísaak44 (small blind) folded before Flop
Seat 3: NicBrotzu (big blind) collected ($0.10)
Seat 4: craigbissett folded before Flop (didn't bet)
Seat 5: ascensionIII folded before Flop (didn't bet)
Seat 6: Mahu2021 folded before Flop (didn't bet)



PokerStars Zoom Hand #254057042514:  Hold'em No Limit ($0.05/$0.10) - 2024/12/27 21:19:04 CET [2024/12/27 15:19:04 ET]
Table 'Aludra' 6-max Seat #1 is the button
Seat 1: Mahu2021 ($6.36 in chips) 
Seat 2: Ilimp72o ($10.88 in chips) 
Seat 3: MarkRegen ($11.92 in chips) 
Seat 4: zadros1984a ($12.25 in chips) 
Seat 5: perry623 ($11.11 in chips) 
Seat 6: CBUHOKOHb-1 ($35.40 in chips) 
Ilimp72o: posts small blind $0.05
MarkRegen: posts big blind $0.10
*** HOLE CARDS ***
Dealt to Mahu2021 [3d 6s]
zadros1984a: raises $0.15 to $0.25
perry623: folds 
CBUHOKOHb-1: raises $0.65 to $0.90
Mahu2021: folds 
Ilimp72o: folds 
MarkRegen: folds 
zadros1984a: folds 
Uncalled bet ($0.65) returned to CBUHOKOHb-1
CBUHOKOHb-1 collected $0.65 from pot
CBUHOKOHb-1: doesn't show hand 
*** SUMMARY ***
Total pot $0.65 | Rake $0 
Seat 1: Mahu2021 (button) folded before Flop (didn't bet)
Seat 2: Ilimp72o (small blind) folded before Flop
Seat 3: MarkRegen (big blind) folded before Flop
Seat 4: zadros1984a folded before Flop
Seat 5: perry623 folded before Flop (didn't bet)
Seat 6: CBUHOKOHb-1 collected ($0.65)



PokerStars Zoom Hand #254057044017:  Hold'em No Limit ($0.05/$0.10) - 2024/12/27 21:19:08 CET [2024/12/27 15:19:08 ET]
Table 'Aludra' 6-max Seat #1 is the button
Seat 1: Textures777 ($23.84 in chips) 
Seat 2: F2u&F2urFace ($12.71 in chips) 
Seat 3: antimol75 ($10 in chips) 
Seat 4: Mahu2021 ($6.36 in chips) 
Seat 5: blysk ($15.59 in chips) 
Seat 6: DropIceoleito ($6.82 in chips) 
F2u&F2urFace: posts small blind $0.05
antimol75: posts big blind $0.10
*** HOLE CARDS ***
Dealt to Mahu2021 [9d 6d]
Mahu2021: folds 
blysk: folds 
DropIceoleito: raises $0.10 to $0.20
Textures777: folds 
F2u&F2urFace: folds 
antimol75: calls $0.10
*** FLOP *** [5h Jc Qs]
antimol75: checks 
DropIceoleito: checks 
*** TURN *** [5h Jc Qs] [4s]
antimol75: bets $0.22
DropIceoleito: folds 
Uncalled bet ($0.22) returned to antimol75
antimol75 collected $0.43 from pot
antimol75: doesn't show hand 
*** SUMMARY ***
Total pot $0.45 | Rake $0.02 
Board [5h Jc Qs 4s]
Seat 1: Textures777 (button) folded before Flop (didn't bet)
Seat 2: F2u&F2urFace (small blind) folded before Flop
Seat 3: antimol75 (big blind) collected ($0.43)
Seat 4: Mahu2021 folded before Flop (didn't bet)
Seat 5: blysk folded before Flop (didn't bet)
Seat 6: DropIceoleito folded on the Turn



PokerStars Zoom Hand #254057050554:  Hold'em No Limit ($0.05/$0.10) - 2024/12/27 21:19:27 CET [2024/12/27 15:19:27 ET]
Table 'Aludra' 6-max Seat #1 is the button
Seat 1: Mr_Plejer7x ($10.15 in chips) 
Seat 2: Tom Smurf ($9.65 in chips) 
Seat 3: NakedMonkey666 ($4.76 in chips) 
Seat 4: Loose Dollar ($15.13 in chips) 
Seat 5: Mahu2021 ($6.36 in chips) 
Seat 6: craigbissett ($22.95 in chips) 
Tom Smurf: posts small blind $0.05
NakedMonkey666: posts big blind $0.10
*** HOLE CARDS ***
Dealt to Mahu2021 [5s As]
Loose Dollar: folds 
Mahu2021: raises $0.20 to $0.30
craigbissett: folds 
Mr_Plejer7x: folds 
Tom Smurf: folds 
NakedMonkey666: calls $0.20
*** FLOP *** [Kd Ks Qh]
NakedMonkey666: checks 
Mahu2021: checks 
*** TURN *** [Kd Ks Qh] [Js]
NakedMonkey666: checks 
Mahu2021: checks 
*** RIVER *** [Kd Ks Qh Js] [Qc]
NakedMonkey666: checks 
Mahu2021: checks 
*** SHOW DOWN ***
NakedMonkey666: shows [4c 6h] (two pair, Kings and Queens)
Mahu2021: shows [5s As] (two pair, Kings and Queens - Ace kicker)
Mahu2021 collected $0.62 from pot
*** SUMMARY ***
Total pot $0.65 | Rake $0.03 
Board [Kd Ks Qh Js Qc]
Seat 1: Mr_Plejer7x (button) folded before Flop (didn't bet)
Seat 2: Tom Smurf (small blind) folded before Flop
Seat 3: NakedMonkey666 (big blind) showed [4c 6h] and lost with two pair, Kings and Queens
Seat 4: Loose Dollar folded before Flop (didn't bet)
Seat 5: Mahu2021 showed [5s As] and won ($0.62) with two pair, Kings and Queens
Seat 6: craigbissett folded before Flop (didn't bet)



PokerStars Zoom Hand #254057062029:  Hold'em No Limit ($0.05/$0.10) - 2024/12/27 21:20:01 CET [2024/12/27 15:20:01 ET]
Table 'Aludra' 6-max Seat #1 is the button
Seat 1: lEternamente ($10 in chips) 
Seat 2: Mahu2021 ($6.68 in chips) 
Seat 3: shoromonoko ($11.12 in chips) 
Seat 4: Boymack05 ($16.34 in chips) 
Seat 5: elvis_genius ($23.53 in chips) 
Seat 6: Ripshaw10 ($12.52 in chips) 
Mahu2021: posts small blind $0.05
shoromonoko: posts big blind $0.10
*** HOLE CARDS ***
Dealt to Mahu2021 [2c 4h]
Boymack05: folds 
elvis_genius: folds 
Ripshaw10: folds 
lEternamente: folds 
Mahu2021: folds 
Uncalled bet ($0.05) returned to shoromonoko
shoromonoko collected $0.10 from pot
shoromonoko: doesn't show hand 
*** SUMMARY ***
Total pot $0.10 | Rake $0 
Seat 1: lEternamente (button) folded before Flop (didn't bet)
Seat 2: Mahu2021 (small blind) folded before Flop
Seat 3: shoromonoko (big blind) collected ($0.10)
Seat 4: Boymack05 folded before Flop (didn't bet)
Seat 5: elvis_genius folded before Flop (didn't bet)
Seat 6: Ripshaw10 folded before Flop (didn't bet)



PokerStars Zoom Hand #254057045400:  Hold'em No Limit ($0.05/$0.10) - 2024/12/27 21:19:12 CET [2024/12/27 15:19:12 ET]
Table 'Aludra' 6-max Seat #1 is the button
Seat 1: Mahu2021 ($6.36 in chips) 
Seat 2: bkis ($5.05 in chips) 
Seat 3: Daivaras999 ($10 in chips) 
Seat 4: Textures777 ($23.84 in chips) 
Seat 5: Baratrum777 ($10.33 in chips) 
Seat 6: jookai ($25.84 in chips) 
bkis: posts small blind $0.05
Daivaras999: posts big blind $0.10
*** HOLE CARDS ***
Dealt to Mahu2021 [3c 2h]
Textures777: raises $0.15 to $0.25
Baratrum777: folds 
jookai: folds 
Mahu2021: folds 
bkis: raises $0.75 to $1
Daivaras999: calls $0.90
Textures777: calls $0.75
*** FLOP *** [7d 9c Ad]
bkis: checks 
Daivaras999: checks 
Textures777: checks 
*** TURN *** [7d 9c Ad] [9s]
bkis: checks 
Daivaras999: bets $0.90
Textures777: folds 
bkis: folds 
Uncalled bet ($0.90) returned to Daivaras999
Daivaras999 collected $2.86 from pot
Daivaras999: doesn't show hand 
*** SUMMARY ***
Total pot $3 | Rake $0.14 
Board [7d 9c Ad 9s]
Seat 1: Mahu2021 (button) folded before Flop (didn't bet)
Seat 2: bkis (small blind) folded on the Turn
Seat 3: Daivaras999 (big blind) collected ($2.86)
Seat 4: Textures777 folded on the Turn
Seat 5: Baratrum777 folded before Flop (didn't bet)
Seat 6: jookai folded before Flop (didn't bet)



PokerStars Zoom Hand #254057063684:  Hold'em No Limit ($0.05/$0.10) - 2024/12/27 21:20:06 CET [2024/12/27 15:20:06 ET]
Table 'Aludra' 6-max Seat #1 is the button
Seat 1: Ripshaw10 ($12.52 in chips) 
Seat 2: epsilon2011 ($17.46 in chips) 
Seat 3: skoopies ($10.22 in chips) 
Seat 4: milchengel ($21.23 in chips) 
Seat 5: jookai ($25.74 in chips) 
Seat 6: Mahu2021 ($6.63 in chips) 
epsilon2011: posts small blind $0.05
skoopies: posts big blind $0.10
*** HOLE CARDS ***
Dealt to Mahu2021 [4c 7s]
milchengel: folds 
jookai: folds 
Mahu2021: folds 
Ripshaw10: folds 
epsilon2011: raises $0.15 to $0.25
skoopies: folds 
Uncalled bet ($0.15) returned to epsilon2011
epsilon2011 collected $0.20 from pot
epsilon2011: doesn't show hand 
*** SUMMARY ***
Total pot $0.20 | Rake $0 
Seat 1: Ripshaw10 (button) folded before Flop (didn't bet)
Seat 2: epsilon2011 (small blind) collected ($0.20)
Seat 3: skoopies (big blind) folded before Flop
Seat 4: milchengel folded before Flop (didn't bet)
Seat 5: jookai folded before Flop (didn't bet)
Seat 6: Mahu2021 folded before Flop (didn't bet)



PokerStars Zoom Hand #254057065044:  Hold'em No Limit ($0.05/$0.10) - 2024/12/27 21:20:10 CET [2024/12/27 15:20:10 ET]
Table 'Aludra' 6-max Seat #1 is the button
Seat 1: Ísaak44 ($10.05 in chips) 
Seat 2: juockiss ($5.05 in chips) 
Seat 3: Mahu2021 ($6.63 in chips) 
Seat 4: LuchoJacobo8 ($7.72 in chips) 
Seat 5: blysk ($10 in chips) 
Seat 6: shoromonoko ($11.17 in chips) 
juockiss: posts small blind $0.05
Mahu2021: posts big blind $0.10
*** HOLE CARDS ***
Dealt to Mahu2021 [7h Jc]
LuchoJacobo8: folds 
blysk: raises $0.10 to $0.20
shoromonoko: folds 
Ísaak44: raises $0.65 to $0.85
juockiss: folds 
Mahu2021: folds 
blysk: folds 
Uncalled bet ($0.65) returned to Ísaak44
Ísaak44 collected $0.55 from pot
Ísaak44: doesn't show hand 
*** SUMMARY ***
Total pot $0.55 | Rake $0 
Seat 1: Ísaak44 (button) collected ($0.55)
Seat 2: juockiss (small blind) folded before Flop
Seat 3: Mahu2021 (big blind) folded before Flop
Seat 4: LuchoJacobo8 folded before Flop (didn't bet)
Seat 5: blysk folded before Flop
Seat 6: shoromonoko folded before Flop (didn't bet)



PokerStars Zoom Hand #254057070928:  Hold'em No Limit ($0.05/$0.10) - 2024/12/27 21:20:27 CET [2024/12/27 15:20:27 ET]
Table 'Aludra' 6-max Seat #1 is the button
Seat 1: Mr_Plejer7x ($19.34 in chips) 
Seat 2: Lordswrath154 ($10.86 in chips) 
Seat 3: blysk ($10 in chips) 
Seat 4: Mahu2021 ($6.53 in chips) 
Seat 5: alfredo_2855 ($11.64 in chips) 
Seat 6: camilo13186 ($5.02 in chips) 
Lordswrath154: posts small blind $0.05
blysk: posts big blind $0.10
*** HOLE CARDS ***
Dealt to Mahu2021 [3d 6h]
Mahu2021: folds 
alfredo_2855: folds 
camilo13186: folds 
Mr_Plejer7x: folds 
Lordswrath154: folds 
Uncalled bet ($0.05) returned to blysk
blysk collected $0.10 from pot
blysk: doesn't show hand 
*** SUMMARY ***
Total pot $0.10 | Rake $0 
Seat 1: Mr_Plejer7x (button) folded before Flop (didn't bet)
Seat 2: Lordswrath154 (small blind) folded before Flop
Seat 3: blysk (big blind) collected ($0.10)
Seat 4: Mahu2021 folded before Flop (didn't bet)
Seat 5: alfredo_2855 folded before Flop (didn't bet)
Seat 6: camilo13186 folded before Flop (didn't bet)



PokerStars Zoom Hand #254057069573:  Hold'em No Limit ($0.05/$0.10) - 2024/12/27 21:20:23 CET [2024/12/27 15:20:23 ET]
Table 'Aludra' 6-max Seat #1 is the button
Seat 1: 2hug0 ($13.62 in chips) 
Seat 2: epazeli ($9.87 in chips) 
Seat 3: CraigCasey88 ($18.22 in chips) 
Seat 4: Senna_VF ($6.37 in chips) 
Seat 5: Mahu2021 ($6.53 in chips) 
Seat 6: elvis_genius ($14.18 in chips) 
epazeli: posts small blind $0.05
CraigCasey88: posts big blind $0.10
*** HOLE CARDS ***
Dealt to Mahu2021 [8s 2s]
Senna_VF: folds 
Mahu2021: folds 
elvis_genius: folds 
2hug0: raises $0.20 to $0.30
epazeli: folds 
CraigCasey88: folds 
Uncalled bet ($0.20) returned to 2hug0
2hug0 collected $0.25 from pot
2hug0: doesn't show hand 
*** SUMMARY ***
Total pot $0.25 | Rake $0 
Seat 1: 2hug0 (button) collected ($0.25)
Seat 2: epazeli (small blind) folded before Flop
Seat 3: CraigCasey88 (big blind) folded before Flop
Seat 4: Senna_VF folded before Flop (didn't bet)
Seat 5: Mahu2021 folded before Flop (didn't bet)
Seat 6: elvis_genius folded before Flop (didn't bet)



PokerStars Zoom Hand #254057073633:  Hold'em No Limit ($0.05/$0.10) - 2024/12/27 21:20:35 CET [2024/12/27 15:20:35 ET]
Table 'Aludra' 6-max Seat #1 is the button
Seat 1: Mahu2021 ($6.53 in chips) 
Seat 2: wujaszek ($10 in chips) 
Seat 3: Celena Teneriva ($7.95 in chips) 
Seat 4: pirocker ($10.94 in chips) 
Seat 5: craigbissett ($23.08 in chips) 
Seat 6: Dr. Margil ($7.37 in chips) 
wujaszek: posts small blind $0.05
Celena Teneriva: posts big blind $0.10
*** HOLE CARDS ***
Dealt to Mahu2021 [7d Ac]
pirocker: folds 
craigbissett: raises $0.10 to $0.20
Dr. Margil: raises $0.70 to $0.90
Mahu2021: folds 
wujaszek: folds 
Celena Teneriva: folds 
craigbissett: folds 
Uncalled bet ($0.70) returned to Dr. Margil
Dr. Margil collected $0.55 from pot
Dr. Margil: doesn't show hand 
*** SUMMARY ***
Total pot $0.55 | Rake $0 
Seat 1: Mahu2021 (button) folded before Flop (didn't bet)
Seat 2: wujaszek (small blind) folded before Flop
Seat 3: Celena Teneriva (big blind) folded before Flop
Seat 4: pirocker folded before Flop (didn't bet)
Seat 5: craigbissett folded before Flop
Seat 6: Dr. Margil collected ($0.55)



PokerStars Zoom Hand #254057079116:  Hold'em No Limit ($0.05/$0.10) - 2024/12/27 21:20:51 CET [2024/12/27 15:20:51 ET]
Table 'Aludra' 6-max Seat #1 is the button
Seat 1: Boymack05 ($16.19 in chips) 
Seat 2: Mahu2021 ($6.53 in chips) 
Seat 3: Loose Dollar ($22.82 in chips) 
Seat 4: Textures777 ($10.28 in chips) 
Seat 5: ttjjaann ($6.23 in chips) 
Seat 6: taadiboy ($10.80 in chips) 
Mahu2021: posts small blind $0.05
Loose Dollar: posts big blind $0.10
*** HOLE CARDS ***
Dealt to Mahu2021 [9h Ad]
Textures777: folds 
ttjjaann: folds 
taadiboy: folds 
Boymack05: folds 
Mahu2021: raises $0.20 to $0.30
Loose Dollar: folds 
Uncalled bet ($0.20) returned to Mahu2021
Mahu2021 collected $0.20 from pot
Mahu2021: doesn't show hand 
*** SUMMARY ***
Total pot $0.20 | Rake $0 
Seat 1: Boymack05 (button) folded before Flop (didn't bet)
Seat 2: Mahu2021 (small blind) collected ($0.20)
Seat 3: Loose Dollar (big blind) folded before Flop
Seat 4: Textures777 folded before Flop (didn't bet)
Seat 5: ttjjaann folded before Flop (didn't bet)
Seat 6: taadiboy folded before Flop (didn't bet)



PokerStars Zoom Hand #254057087940:  Hold'em No Limit ($0.05/$0.10) - 2024/12/27 21:21:17 CET [2024/12/27 15:21:17 ET]
Table 'Aludra' 6-max Seat #1 is the button
Seat 1: juockiss ($4.80 in chips) 
Seat 2: masa2929 ($15.25 in chips) 
Seat 3: Dr. Margil ($7.72 in chips) 
Seat 4: craigbissett ($22.88 in chips) 
Seat 5: Mahu2021 ($6.53 in chips) 
Seat 6: aalewee56 ($7.29 in chips) 
masa2929: posts small blind $0.05
Dr. Margil: posts big blind $0.10
*** HOLE CARDS ***
Dealt to Mahu2021 [9s Ac]
craigbissett: folds 
Mahu2021: folds 
aalewee56: folds 
juockiss: folds 
masa2929: folds 
Uncalled bet ($0.05) returned to Dr. Margil
Dr. Margil collected $0.10 from pot
Dr. Margil: doesn't show hand 
*** SUMMARY ***
Total pot $0.10 | Rake $0 
Seat 1: juockiss (button) folded before Flop (didn't bet)
Seat 2: masa2929 (small blind) folded before Flop
Seat 3: Dr. Margil (big blind) collected ($0.10)
Seat 4: craigbissett folded before Flop (didn't bet)
Seat 5: Mahu2021 folded before Flop (didn't bet)
Seat 6: aalewee56 folded before Flop (didn't bet)



PokerStars Zoom Hand #254057092063:  Hold'em No Limit ($0.05/$0.10) - 2024/12/27 21:21:29 CET [2024/12/27 15:21:29 ET]
Table 'Aludra' 6-max Seat #1 is the button
Seat 1: epsilon2011 ($11.86 in chips) 
Seat 2: 2ater ($18.84 in chips) 
Seat 3: gresscrack ($10.45 in chips) 
Seat 4: Bruno CP796 ($4.22 in chips) 
Seat 5: vogiatzis97 ($10.32 in chips) 
Seat 6: Mahu2021 ($6.53 in chips) 
2ater: posts small blind $0.05
gresscrack: posts big blind $0.10
*** HOLE CARDS ***
Dealt to Mahu2021 [Qh Tc]
Bruno CP796: folds 
vogiatzis97: raises $0.12 to $0.22
Mahu2021: folds 
epsilon2011: folds 
2ater: folds 
gresscrack: folds 
Uncalled bet ($0.12) returned to vogiatzis97
vogiatzis97 collected $0.25 from pot
vogiatzis97: doesn't show hand 
*** SUMMARY ***
Total pot $0.25 | Rake $0 
Seat 1: epsilon2011 (button) folded before Flop (didn't bet)
Seat 2: 2ater (small blind) folded before Flop
Seat 3: gresscrack (big blind) folded before Flop
Seat 4: Bruno CP796 folded before Flop (didn't bet)
Seat 5: vogiatzis97 collected ($0.25)
Seat 6: Mahu2021 folded before Flop (didn't bet)



PokerStars Zoom Hand #254057084931:  Hold'em No Limit ($0.05/$0.10) - 2024/12/27 21:21:09 CET [2024/12/27 15:21:09 ET]
Table 'Aludra' 6-max Seat #1 is the button
Seat 1: sevenseven33 ($5.70 in chips) 
Seat 2: Textures777 ($26.20 in chips) 
Seat 3: Mahu2021 ($6.63 in chips) 
Seat 4: Ilimp72o ($11.61 in chips) 
Seat 5: Mr_Plejer7x ($14.87 in chips) 
Seat 6: Celena Teneriva ($8 in chips) 
Textures777: posts small blind $0.05
Mahu2021: posts big blind $0.10
*** HOLE CARDS ***
Dealt to Mahu2021 [3h 8c]
Ilimp72o: raises $0.10 to $0.20
Mr_Plejer7x: calls $0.20
Celena Teneriva: raises $0.75 to $0.95
sevenseven33: folds 
Textures777: folds 
Mahu2021: folds 
Ilimp72o: calls $0.75
Mr_Plejer7x: folds 
*** FLOP *** [8h Ac 3d]
Ilimp72o: checks 
Celena Teneriva: checks 
*** TURN *** [8h Ac 3d] [5c]
Ilimp72o: checks 
Celena Teneriva: checks 
*** RIVER *** [8h Ac 3d 5c] [Td]
Ilimp72o: bets $1.61
Celena Teneriva: folds 
Uncalled bet ($1.61) returned to Ilimp72o
Ilimp72o collected $2.15 from pot
Ilimp72o: doesn't show hand 
*** SUMMARY ***
Total pot $2.25 | Rake $0.10 
Board [8h Ac 3d 5c Td]
Seat 1: sevenseven33 (button) folded before Flop (didn't bet)
Seat 2: Textures777 (small blind) folded before Flop
Seat 3: Mahu2021 (big blind) folded before Flop
Seat 4: Ilimp72o collected ($2.15)
Seat 5: Mr_Plejer7x folded before Flop
Seat 6: Celena Teneriva folded on the River



PokerStars Zoom Hand #254057098754:  Hold'em No Limit ($0.05/$0.10) - 2024/12/27 21:21:49 CET [2024/12/27 15:21:49 ET]
Table 'Aludra' 6-max Seat #1 is the button
Seat 1: 2hug0 ($13.87 in chips) 
Seat 2: Avskum2010 ($14.13 in chips) 
Seat 3: iliasdemos ($8.58 in chips) 
Seat 4: Mahu2021 ($6.53 in chips) 
Seat 5: Mr_Plejer7x ($10 in chips) 
Seat 6: Ale.A.S.M.R ($12.84 in chips) 
Avskum2010: posts small blind $0.05
iliasdemos: posts big blind $0.10
*** HOLE CARDS ***
Dealt to Mahu2021 [8s 4c]
Mahu2021: folds 
Mr_Plejer7x: folds 
Ale.A.S.M.R: folds 
2hug0: raises $0.20 to $0.30
Avskum2010: folds 
iliasdemos: folds 
Uncalled bet ($0.20) returned to 2hug0
2hug0 collected $0.25 from pot
2hug0: doesn't show hand 
*** SUMMARY ***
Total pot $0.25 | Rake $0 
Seat 1: 2hug0 (button) collected ($0.25)
Seat 2: Avskum2010 (small blind) folded before Flop
Seat 3: iliasdemos (big blind) folded before Flop
Seat 4: Mahu2021 folded before Flop (didn't bet)
Seat 5: Mr_Plejer7x folded before Flop (didn't bet)
Seat 6: Ale.A.S.M.R folded before Flop (didn't bet)



PokerStars Zoom Hand #254057106292:  Hold'em No Limit ($0.05/$0.10) - 2024/12/27 21:22:12 CET [2024/12/27 15:22:12 ET]
Table 'Aludra' 6-max Seat #1 is the button
Seat 1: Mahu2021 ($6.48 in chips) 
Seat 2: Loose Dollar ($10 in chips) 
Seat 3: Avskum2010 ($14.08 in chips) 
Seat 4: lenz9120 ($9.91 in chips) 
Seat 5: craigbissett ($21.88 in chips) 
Seat 6: NicBrotzu ($39.67 in chips) 
Loose Dollar: posts small blind $0.05
Avskum2010: posts big blind $0.10
*** HOLE CARDS ***
Dealt to Mahu2021 [5s 4c]
lenz9120: folds 
craigbissett: raises $0.10 to $0.20
NicBrotzu: folds 
Mahu2021: folds 
Loose Dollar: folds 
Avskum2010: folds 
Uncalled bet ($0.10) returned to craigbissett
craigbissett collected $0.25 from pot
craigbissett: doesn't show hand 
*** SUMMARY ***
Total pot $0.25 | Rake $0 
Seat 1: Mahu2021 (button) folded before Flop (didn't bet)
Seat 2: Loose Dollar (small blind) folded before Flop
Seat 3: Avskum2010 (big blind) folded before Flop
Seat 4: lenz9120 folded before Flop (didn't bet)
Seat 5: craigbissett collected ($0.25)
Seat 6: NicBrotzu folded before Flop (didn't bet)



PokerStars Zoom Hand #254057109779:  Hold'em No Limit ($0.05/$0.10) - 2024/12/27 21:22:22 CET [2024/12/27 15:22:22 ET]
Table 'Aludra' 6-max Seat #1 is the button
Seat 1: sevenseven33 ($4.99 in chips) 
Seat 2: wujaszek ($10.25 in chips) 
Seat 3: zadros1984a ($9.92 in chips) 
Seat 4: Ripshaw10 ($6.20 in chips) 
Seat 5: ttjjaann ($4.57 in chips) 
Seat 6: Mahu2021 ($6.38 in chips) 
wujaszek: posts small blind $0.05
zadros1984a: posts big blind $0.10
*** HOLE CARDS ***
Dealt to Mahu2021 [Qh 9c]
Ripshaw10: folds 
ttjjaann: folds 
Mahu2021: folds 
sevenseven33: folds 
wujaszek: folds 
Uncalled bet ($0.05) returned to zadros1984a
zadros1984a collected $0.10 from pot
zadros1984a: doesn't show hand 
*** SUMMARY ***
Total pot $0.10 | Rake $0 
Seat 1: sevenseven33 (button) folded before Flop (didn't bet)
Seat 2: wujaszek (small blind) folded before Flop
Seat 3: zadros1984a (big blind) collected ($0.10)
Seat 4: Ripshaw10 folded before Flop (didn't bet)
Seat 5: ttjjaann folded before Flop (didn't bet)
Seat 6: Mahu2021 folded before Flop (didn't bet)



PokerStars Zoom Hand #254057110922:  Hold'em No Limit ($0.05/$0.10) - 2024/12/27 21:22:25 CET [2024/12/27 15:22:25 ET]
Table 'Aludra' 6-max Seat #1 is the button
Seat 1: Jaironi ($6.73 in chips) 
Seat 2: bkis ($5.34 in chips) 
Seat 3: blysk ($11.74 in chips) 
Seat 4: Loose Dollar ($10 in chips) 
Seat 5: Mahu2021 ($6.38 in chips) 
Seat 6: sevenseven33 ($4.99 in chips) 
bkis: posts small blind $0.05
blysk: posts big blind $0.10
*** HOLE CARDS ***
Dealt to Mahu2021 [6d Kh]
Loose Dollar: folds 
Mahu2021: folds 
sevenseven33: folds 
Jaironi: folds 
bkis: folds 
Uncalled bet ($0.05) returned to blysk
blysk collected $0.10 from pot
blysk: doesn't show hand 
*** SUMMARY ***
Total pot $0.10 | Rake $0 
Seat 1: Jaironi (button) folded before Flop (didn't bet)
Seat 2: bkis (small blind) folded before Flop
Seat 3: blysk (big blind) collected ($0.10)
Seat 4: Loose Dollar folded before Flop (didn't bet)
Seat 5: Mahu2021 folded before Flop (didn't bet)
Seat 6: sevenseven33 folded before Flop (didn't bet)



PokerStars Zoom Hand #254057101852:  Hold'em No Limit ($0.05/$0.10) - 2024/12/27 21:21:58 CET [2024/12/27 15:21:58 ET]
Table 'Aludra' 6-max Seat #1 is the button
Seat 1: NicBrotzu ($39.67 in chips) 
Seat 2: Mahu2021 ($6.53 in chips) 
Seat 3: Boymack05 ($15.81 in chips) 
Seat 4: MarkRegen ($9.45 in chips) 
Seat 5: Tutunn ($16.64 in chips) 
Seat 6: Daivaras999 ($11.56 in chips) 
Mahu2021: posts small blind $0.05
Boymack05: posts big blind $0.10
*** HOLE CARDS ***
Dealt to Mahu2021 [3d 4d]
MarkRegen: folds 
Tutunn: folds 
Daivaras999: calls $0.10
NicBrotzu: folds 
Mahu2021: folds 
Boymack05: checks 
*** FLOP *** [Qh 4h Qs]
Boymack05: checks 
Daivaras999: checks 
*** TURN *** [Qh 4h Qs] [Jh]
Boymack05: checks 
Daivaras999: checks 
*** RIVER *** [Qh 4h Qs Jh] [7d]
Boymack05: checks 
Daivaras999: checks 
*** SHOW DOWN ***
Boymack05: shows [7h 8d] (two pair, Queens and Sevens)
Daivaras999: mucks hand 
Boymack05 collected $0.24 from pot
*** SUMMARY ***
Total pot $0.25 | Rake $0.01 
Board [Qh 4h Qs Jh 7d]
Seat 1: NicBrotzu (button) folded before Flop (didn't bet)
Seat 2: Mahu2021 (small blind) folded before Flop
Seat 3: Boymack05 (big blind) showed [7h 8d] and won ($0.24) with two pair, Queens and Sevens
Seat 4: MarkRegen folded before Flop (didn't bet)
Seat 5: Tutunn folded before Flop (didn't bet)
Seat 6: Daivaras999 mucked [Ac Ts]



PokerStars Zoom Hand #254057113723:  Hold'em No Limit ($0.05/$0.10) - 2024/12/27 21:22:34 CET [2024/12/27 15:22:34 ET]
Table 'Aludra' 6-max Seat #1 is the button
Seat 1: juockiss ($4.35 in chips) 
Seat 2: Mahu2021 ($6.38 in chips) 
Seat 3: F2u&F2urFace ($10.05 in chips) 
Seat 4: H&PAG ($12.59 in chips) 
Seat 5: alpharfn ($10.40 in chips) 
Seat 6: gresscrack ($11.10 in chips) 
Mahu2021: posts small blind $0.05
F2u&F2urFace: posts big blind $0.10
*** HOLE CARDS ***
Dealt to Mahu2021 [Qs Js]
H&PAG: raises $0.25 to $0.35
alpharfn: folds 
gresscrack: folds 
juockiss: folds 
Mahu2021: calls $0.30
F2u&F2urFace: folds 
*** FLOP *** [9s 7s 3c]
Mahu2021: checks 
H&PAG: bets $0.76
Mahu2021: calls $0.76
*** TURN *** [9s 7s 3c] [Ah]
Mahu2021: checks 
H&PAG: bets $1.11
Mahu2021: calls $1.11
*** RIVER *** [9s 7s 3c Ah] [6h]
Mahu2021: checks 
H&PAG: bets $2.17
Mahu2021: folds 
Uncalled bet ($2.17) returned to H&PAG
H&PAG collected $4.34 from pot
H&PAG: doesn't show hand 
*** SUMMARY ***
Total pot $4.54 | Rake $0.20 
Board [9s 7s 3c Ah 6h]
Seat 1: juockiss (button) folded before Flop (didn't bet)
Seat 2: Mahu2021 (small blind) folded on the River
Seat 3: F2u&F2urFace (big blind) folded before Flop
Seat 4: H&PAG collected ($4.34)
Seat 5: alpharfn folded before Flop (didn't bet)
Seat 6: gresscrack folded before Flop (didn't bet)



PokerStars Zoom Hand #254057126228:  Hold'em No Limit ($0.05/$0.10) - 2024/12/27 21:23:11 CET [2024/12/27 15:23:11 ET]
Table 'Aludra' 6-max Seat #1 is the button
Seat 1: lEternamente ($10 in chips) 
Seat 2: epsilon2011 ($13.20 in chips) 
Seat 3: ascensionIII ($16.15 in chips) 
Seat 4: dragon ma523 ($13.62 in chips) 
Seat 5: Mahu2021 ($4.16 in chips) 
Seat 6: Textures777 ($21.88 in chips) 
epsilon2011: posts small blind $0.05
ascensionIII: posts big blind $0.10
*** HOLE CARDS ***
Dealt to Mahu2021 [9d 8c]
dragon ma523: folds 
Mahu2021: folds 
Textures777: folds 
lEternamente: folds 
epsilon2011: folds 
Uncalled bet ($0.05) returned to ascensionIII
ascensionIII collected $0.10 from pot
ascensionIII: doesn't show hand 
*** SUMMARY ***
Total pot $0.10 | Rake $0 
Seat 1: lEternamente (button) folded before Flop (didn't bet)
Seat 2: epsilon2011 (small blind) folded before Flop
Seat 3: ascensionIII (big blind) collected ($0.10)
Seat 4: dragon ma523 folded before Flop (didn't bet)
Seat 5: Mahu2021 folded before Flop (didn't bet)
Seat 6: Textures777 folded before Flop (didn't bet)



PokerStars Zoom Hand #254057124236:  Hold'em No Limit ($0.05/$0.10) - 2024/12/27 21:23:05 CET [2024/12/27 15:23:05 ET]
Table 'Aludra' 6-max Seat #1 is the button
Seat 1: sevenseven33 ($8.09 in chips) 
Seat 2: H&PAG ($14.71 in chips) 
Seat 3: zadros1984a ($9.99 in chips) 
Seat 4: mmnbvc ($10 in chips) 
Seat 5: epsilon2011 ($13.20 in chips) 
Seat 6: Mahu2021 ($4.16 in chips) 
H&PAG: posts small blind $0.05
zadros1984a: posts big blind $0.10
*** HOLE CARDS ***
Dealt to Mahu2021 [2c Kd]
mmnbvc: folds 
epsilon2011: folds 
Mahu2021: folds 
sevenseven33: folds 
H&PAG: folds 
Uncalled bet ($0.05) returned to zadros1984a
zadros1984a collected $0.10 from pot
zadros1984a: doesn't show hand 
*** SUMMARY ***
Total pot $0.10 | Rake $0 
Seat 1: sevenseven33 (button) folded before Flop (didn't bet)
Seat 2: H&PAG (small blind) folded before Flop
Seat 3: zadros1984a (big blind) collected ($0.10)
Seat 4: mmnbvc folded before Flop (didn't bet)
Seat 5: epsilon2011 folded before Flop (didn't bet)
Seat 6: Mahu2021 folded before Flop (didn't bet)



PokerStars Zoom Hand #254057112047:  Hold'em No Limit ($0.05/$0.10) - 2024/12/27 21:22:29 CET [2024/12/27 15:22:29 ET]
Table 'Aludra' 6-max Seat #1 is the button
Seat 1: Mahu2021 ($6.38 in chips) 
Seat 2: Nene3810 ($4.75 in chips) 
Seat 3: adambuddy2 ($13.91 in chips) 
Seat 4: antimol75 ($9.28 in chips) 
Seat 5: skoopies ($67.44 in chips) 
Seat 6: bkis ($5.29 in chips) 
Nene3810: posts small blind $0.05
adambuddy2: posts big blind $0.10
*** HOLE CARDS ***
Dealt to Mahu2021 [5c Jd]
antimol75: raises $0.15 to $0.25
skoopies: raises $0.50 to $0.75
bkis: folds 
Mahu2021: folds 
Nene3810: calls $0.70
adambuddy2: folds 
antimol75: calls $0.50
*** FLOP *** [9h Qs 5d]
Nene3810: bets $1.12
antimol75: folds 
skoopies: calls $1.12
*** TURN *** [9h Qs 5d] [Js]
Nene3810: bets $2.88 and is all-in
skoopies: calls $2.88
*** RIVER *** [9h Qs 5d Js] [7h]
*** SHOW DOWN ***
Nene3810: shows [Kh 9c] (a pair of Nines)
skoopies: shows [Qc Ac] (a pair of Queens)
skoopies collected $9.88 from pot
Nene3810 cashed out the hand for $1.99 | Cash Out Fee $0.04
*** SUMMARY ***
Total pot $10.35 | Rake $0.47 
Board [9h Qs 5d Js 7h]
Seat 1: Mahu2021 (button) folded before Flop (didn't bet)
Seat 2: Nene3810 (small blind) showed [Kh 9c] and lost with a pair of Nines (cashed out).
Seat 3: adambuddy2 (big blind) folded before Flop
Seat 4: antimol75 folded on the Flop
Seat 5: skoopies showed [Qc Ac] and won ($9.88) with a pair of Queens
Seat 6: bkis folded before Flop (didn't bet)



PokerStars Zoom Hand #254057107606:  Hold'em No Limit ($0.05/$0.10) - 2024/12/27 21:22:16 CET [2024/12/27 15:22:16 ET]
Table 'Aludra' 6-max Seat #1 is the button
Seat 1: Boymack05 ($16.04 in chips) 
Seat 2: deejaydmc ($3.16 in chips) 
Seat 3: Mahu2021 ($6.48 in chips) 
Seat 4: pirocker ($24.59 in chips) 
Seat 5: epsilon2011 ($17.26 in chips) 
Seat 6: elvis_genius ($24.46 in chips) 
deejaydmc: posts small blind $0.05
Mahu2021: posts big blind $0.10
*** HOLE CARDS ***
Dealt to Mahu2021 [7s Ts]
pirocker: raises $0.15 to $0.25
epsilon2011: folds 
elvis_genius: calls $0.25
Boymack05: folds 
deejaydmc: folds 
Mahu2021: folds 
*** FLOP *** [5s 8h 5d]
pirocker: checks 
elvis_genius: checks 
*** TURN *** [5s 8h 5d] [Kd]
pirocker: checks 
elvis_genius: bets $0.61
pirocker: folds 
Uncalled bet ($0.61) returned to elvis_genius
elvis_genius collected $0.62 from pot
elvis_genius: doesn't show hand 
*** SUMMARY ***
Total pot $0.65 | Rake $0.03 
Board [5s 8h 5d Kd]
Seat 1: Boymack05 (button) folded before Flop (didn't bet)
Seat 2: deejaydmc (small blind) folded before Flop
Seat 3: Mahu2021 (big blind) folded before Flop
Seat 4: pirocker folded on the Turn
Seat 5: epsilon2011 folded before Flop (didn't bet)
Seat 6: elvis_genius collected ($0.62)



PokerStars Zoom Hand #254057127938:  Hold'em No Limit ($0.05/$0.10) - 2024/12/27 21:23:16 CET [2024/12/27 15:23:16 ET]
Table 'Aludra' 6-max Seat #1 is the button
Seat 1: Boymack05 ($16.10 in chips) 
Seat 2: Zonizo ($25.25 in chips) 
Seat 3: Mahu2021 ($4.16 in chips) 
Seat 4: pirocker ($13.58 in chips) 
Seat 5: Ripshaw10 ($11.35 in chips) 
Seat 6: 2ater ($20.41 in chips) 
Zonizo: posts small blind $0.05
Mahu2021: posts big blind $0.10
*** HOLE CARDS ***
Dealt to Mahu2021 [7d Kd]
pirocker: folds 
Ripshaw10: folds 
2ater: folds 
Boymack05: folds 
Zonizo: folds 
Uncalled bet ($0.05) returned to Mahu2021
Mahu2021 collected $0.10 from pot
Mahu2021: doesn't show hand 
*** SUMMARY ***
Total pot $0.10 | Rake $0 
Seat 1: Boymack05 (button) folded before Flop (didn't bet)
Seat 2: Zonizo (small blind) folded before Flop
Seat 3: Mahu2021 (big blind) collected ($0.10)
Seat 4: pirocker folded before Flop (didn't bet)
Seat 5: Ripshaw10 folded before Flop (didn't bet)
Seat 6: 2ater folded before Flop (didn't bet)



PokerStars Zoom Hand #254057136270:  Hold'em No Limit ($0.05/$0.10) - 2024/12/27 21:23:41 CET [2024/12/27 15:23:41 ET]
Table 'Aludra' 6-max Seat #1 is the button
Seat 1: Loose Dollar ($10.30 in chips) 
Seat 2: Chestiefol ($22.72 in chips) 
Seat 3: zadros1984a ($9.67 in chips) 
Seat 4: adambuddy2 ($14.10 in chips) 
Seat 5: Mahu2021 ($4.21 in chips) 
Seat 6: Avskum2010 ($12.84 in chips) 
Chestiefol: posts small blind $0.05
zadros1984a: posts big blind $0.10
*** HOLE CARDS ***
Dealt to Mahu2021 [Td Jd]
adambuddy2: folds 
Mahu2021: raises $0.20 to $0.30
Avskum2010: folds 
Loose Dollar: folds 
Chestiefol: folds 
zadros1984a: calls $0.20
*** FLOP *** [6d Ts Kd]
zadros1984a: checks 
Mahu2021: bets $0.30
zadros1984a: folds 
Uncalled bet ($0.30) returned to Mahu2021
Mahu2021 collected $0.62 from pot
Mahu2021: doesn't show hand 
*** SUMMARY ***
Total pot $0.65 | Rake $0.03 
Board [6d Ts Kd]
Seat 1: Loose Dollar (button) folded before Flop (didn't bet)
Seat 2: Chestiefol (small blind) folded before Flop
Seat 3: zadros1984a (big blind) folded on the Flop
Seat 4: adambuddy2 folded before Flop (didn't bet)
Seat 5: Mahu2021 collected ($0.62)
Seat 6: Avskum2010 folded before Flop (didn't bet)



PokerStars Zoom Hand #254057143181:  Hold'em No Limit ($0.05/$0.10) - 2024/12/27 21:24:01 CET [2024/12/27 15:24:01 ET]
Table 'Aludra' 6-max Seat #1 is the button
Seat 1: Mahu2021 ($4.53 in chips) 
Seat 2: jookai ($11.17 in chips) 
Seat 3: Textures777 ($10.36 in chips) 
Seat 4: redmonkey98 ($11.40 in chips) 
Seat 5: zadros1984a ($9.37 in chips) 
Seat 6: xbengi ($10.69 in chips) 
jookai: posts small blind $0.05
Textures777: posts big blind $0.10
*** HOLE CARDS ***
Dealt to Mahu2021 [5s 4c]
redmonkey98: folds 
zadros1984a: folds 
xbengi: folds 
Mahu2021: folds 
jookai: folds 
Uncalled bet ($0.05) returned to Textures777
Textures777 collected $0.10 from pot
Textures777: doesn't show hand 
*** SUMMARY ***
Total pot $0.10 | Rake $0 
Seat 1: Mahu2021 (button) folded before Flop (didn't bet)
Seat 2: jookai (small blind) folded before Flop
Seat 3: Textures777 (big blind) collected ($0.10)
Seat 4: redmonkey98 folded before Flop (didn't bet)
Seat 5: zadros1984a folded before Flop (didn't bet)
Seat 6: xbengi folded before Flop (didn't bet)



PokerStars Zoom Hand #254057145084:  Hold'em No Limit ($0.05/$0.10) - 2024/12/27 21:24:07 CET [2024/12/27 15:24:07 ET]
Table 'Aludra' 6-max Seat #1 is the button
Seat 1: jookai ($11.12 in chips) 
Seat 2: Mahu2021 ($4.53 in chips) 
Seat 3: jmijat26 ($4.70 in chips) 
Seat 4: alfredo_2855 ($8.66 in chips) 
Seat 5: Senna_VF ($13.06 in chips) 
Seat 6: Avskum2010 ($14.73 in chips) 
Mahu2021: posts small blind $0.05
jmijat26: posts big blind $0.10
*** HOLE CARDS ***
Dealt to Mahu2021 [5d 5s]
alfredo_2855: folds 
Senna_VF: folds 
Avskum2010: folds 
jookai: raises $0.20 to $0.30
Mahu2021: folds 
jmijat26: folds 
Uncalled bet ($0.20) returned to jookai
jookai collected $0.25 from pot
jookai: doesn't show hand 
*** SUMMARY ***
Total pot $0.25 | Rake $0 
Seat 1: jookai (button) collected ($0.25)
Seat 2: Mahu2021 (small blind) folded before Flop
Seat 3: jmijat26 (big blind) folded before Flop
Seat 4: alfredo_2855 folded before Flop (didn't bet)
Seat 5: Senna_VF folded before Flop (didn't bet)
Seat 6: Avskum2010 folded before Flop (didn't bet)



PokerStars Zoom Hand #254057151852:  Hold'em No Limit ($0.05/$0.10) - 2024/12/27 21:24:27 CET [2024/12/27 15:24:27 ET]
Table 'Aludra' 6-max Seat #1 is the button
Seat 1: pirocker ($13.75 in chips) 
Seat 2: epsilon2011 ($13.20 in chips) 
Seat 3: Alexsny13 ($20.32 in chips) 
Seat 4: Mahu2021 ($4.48 in chips) 
Seat 5: Textures777 ($29.76 in chips) 
Seat 6: jookai ($11.27 in chips) 
epsilon2011: posts small blind $0.05
Alexsny13: posts big blind $0.10
*** HOLE CARDS ***
Dealt to Mahu2021 [Jh 8s]
Mahu2021: folds 
Textures777: folds 
jookai: folds 
pirocker: folds 
epsilon2011: folds 
Uncalled bet ($0.05) returned to Alexsny13
Alexsny13 collected $0.10 from pot
Alexsny13: doesn't show hand 
*** SUMMARY ***
Total pot $0.10 | Rake $0 
Seat 1: pirocker (button) folded before Flop (didn't bet)
Seat 2: epsilon2011 (small blind) folded before Flop
Seat 3: Alexsny13 (big blind) collected ($0.10)
Seat 4: Mahu2021 folded before Flop (didn't bet)
Seat 5: Textures777 folded before Flop (didn't bet)
Seat 6: jookai folded before Flop (didn't bet)



PokerStars Zoom Hand #254057153553:  Hold'em No Limit ($0.05/$0.10) - 2024/12/27 21:24:32 CET [2024/12/27 15:24:32 ET]
Table 'Aludra' 6-max Seat #1 is the button
Seat 1: NicBrotzu ($17.52 in chips) 
Seat 2: epazeli ($9.91 in chips) 
Seat 3: Mahu2021 ($4.48 in chips) 
Seat 4: Ale.A.S.M.R ($11.09 in chips) 
Seat 5: bkis ($4.12 in chips) 
Seat 6: Chestiefol ($10.22 in chips) 
epazeli: posts small blind $0.05
Mahu2021: posts big blind $0.10
*** HOLE CARDS ***
Dealt to Mahu2021 [8h 6c]
Ale.A.S.M.R: folds 
bkis: raises $0.10 to $0.20
Chestiefol: folds 
NicBrotzu: folds 
epazeli: folds 
Mahu2021: folds 
Uncalled bet ($0.10) returned to bkis
bkis collected $0.25 from pot
bkis: doesn't show hand 
*** SUMMARY ***
Total pot $0.25 | Rake $0 
Seat 1: NicBrotzu (button) folded before Flop (didn't bet)
Seat 2: epazeli (small blind) folded before Flop
Seat 3: Mahu2021 (big blind) folded before Flop
Seat 4: Ale.A.S.M.R folded before Flop (didn't bet)
Seat 5: bkis collected ($0.25)
Seat 6: Chestiefol folded before Flop (didn't bet)



PokerStars Zoom Hand #254057150413:  Hold'em No Limit ($0.05/$0.10) - 2024/12/27 21:24:23 CET [2024/12/27 15:24:23 ET]
Table 'Aludra' 6-max Seat #1 is the button
Seat 1: craigbissett ($21.14 in chips) 
Seat 2: pirocker ($15.39 in chips) 
Seat 3: Nene3810 ($10 in chips) 
Seat 4: Mahu2021 ($4.48 in chips) 
Seat 5: Textures777 ($23.26 in chips) 
Seat 6: blysk ($15.77 in chips) 
pirocker: posts small blind $0.05
Nene3810: posts big blind $0.10
*** HOLE CARDS ***
Dealt to Mahu2021 [Tc 3c]
Mahu2021: folds 
Textures777: raises $0.15 to $0.25
blysk: folds 
craigbissett: folds 
pirocker: folds 
Nene3810: calls $0.15
*** FLOP *** [9h 9s 7h]
Nene3810: checks 
Textures777: checks 
*** TURN *** [9h 9s 7h] [3s]
Nene3810: checks 
Textures777: checks 
*** RIVER *** [9h 9s 7h 3s] [4s]
Nene3810: checks 
Textures777: checks 
*** SHOW DOWN ***
Nene3810: shows [Kc 6c] (a pair of Nines)
Textures777: shows [Ac 5c] (a pair of Nines - Ace kicker)
Textures777 collected $0.53 from pot
*** SUMMARY ***
Total pot $0.55 | Rake $0.02 
Board [9h 9s 7h 3s 4s]
Seat 1: craigbissett (button) folded before Flop (didn't bet)
Seat 2: pirocker (small blind) folded before Flop
Seat 3: Nene3810 (big blind) showed [Kc 6c] and lost with a pair of Nines
Seat 4: Mahu2021 folded before Flop (didn't bet)
Seat 5: Textures777 showed [Ac 5c] and won ($0.53) with a pair of Nines
Seat 6: blysk folded before Flop (didn't bet)



PokerStars Zoom Hand #254057157629:  Hold'em No Limit ($0.05/$0.10) - 2024/12/27 21:24:44 CET [2024/12/27 15:24:44 ET]
Table 'Aludra' 6-max Seat #1 is the button
Seat 1: vogiatzis97 ($13.53 in chips) 
Seat 2: Ripshaw10 ($8.81 in chips) 
Seat 3: lEternamente ($13.82 in chips) 
Seat 4: narsefv ($10 in chips) 
Seat 5: bkis ($5.14 in chips) 
Seat 6: Mahu2021 ($4.38 in chips) 
Ripshaw10: posts small blind $0.05
lEternamente: posts big blind $0.10
*** HOLE CARDS ***
Dealt to Mahu2021 [Jd 9d]
narsefv has timed out
narsefv: folds 
bkis: folds 
Mahu2021: raises $0.20 to $0.30
vogiatzis97: folds 
Ripshaw10: folds 
lEternamente: folds 
Uncalled bet ($0.20) returned to Mahu2021
Mahu2021 collected $0.25 from pot
Mahu2021: doesn't show hand 
*** SUMMARY ***
Total pot $0.25 | Rake $0 
Seat 1: vogiatzis97 (button) folded before Flop (didn't bet)
Seat 2: Ripshaw10 (small blind) folded before Flop
Seat 3: lEternamente (big blind) folded before Flop
Seat 4: narsefv folded before Flop (didn't bet)
Seat 5: bkis folded before Flop (didn't bet)
Seat 6: Mahu2021 collected ($0.25)



PokerStars Zoom Hand #254057166297:  Hold'em No Limit ($0.05/$0.10) - 2024/12/27 21:25:10 CET [2024/12/27 15:25:10 ET]
Table 'Aludra' 6-max Seat #1 is the button
Seat 1: Mahu2021 ($4.53 in chips) 
Seat 2: epsilon2011 ($17.41 in chips) 
Seat 3: Chestiefol ($20.92 in chips) 
Seat 4: lEternamente ($13.72 in chips) 
Seat 5: cghap ($19.53 in chips) 
Seat 6: Hjalmen ($20.56 in chips) 
epsilon2011: posts small blind $0.05
Chestiefol: posts big blind $0.10
*** HOLE CARDS ***
Dealt to Mahu2021 [5d Jd]
lEternamente: folds 
cghap: folds 
Hjalmen: folds 
Mahu2021: folds 
epsilon2011: raises $0.10 to $0.20
Chestiefol: raises $0.50 to $0.70
epsilon2011: folds 
Uncalled bet ($0.50) returned to Chestiefol
Chestiefol collected $0.40 from pot
Chestiefol: doesn't show hand 
*** SUMMARY ***
Total pot $0.40 | Rake $0 
Seat 1: Mahu2021 (button) folded before Flop (didn't bet)
Seat 2: epsilon2011 (small blind) folded before Flop
Seat 3: Chestiefol (big blind) collected ($0.40)
Seat 4: lEternamente folded before Flop (didn't bet)
Seat 5: cghap folded before Flop (didn't bet)
Seat 6: Hjalmen folded before Flop (didn't bet)



PokerStars Zoom Hand #254057170281:  Hold'em No Limit ($0.05/$0.10) - 2024/12/27 21:25:22 CET [2024/12/27 15:25:22 ET]
Table 'Aludra' 6-max Seat #1 is the button
Seat 1: pirocker ($13.60 in chips) 
Seat 2: Tom Smurf ($9.52 in chips) 
Seat 3: Mahu2021 ($4.53 in chips) 
Seat 4: sevenseven33 ($5.90 in chips) 
Seat 5: wujaszek ($9.80 in chips) 
Seat 6: mmnbvc ($12.03 in chips) 
Tom Smurf: posts small blind $0.05
Mahu2021: posts big blind $0.10
*** HOLE CARDS ***
Dealt to Mahu2021 [7s Qh]
sevenseven33: folds 
wujaszek: folds 
mmnbvc: folds 
pirocker: folds 
Tom Smurf: calls $0.05
Mahu2021: checks 
*** FLOP *** [6h 8c 3h]
Tom Smurf: checks 
Mahu2021: checks 
*** TURN *** [6h 8c 3h] [9d]
Tom Smurf: checks 
Mahu2021: bets $0.20
Tom Smurf: folds 
Uncalled bet ($0.20) returned to Mahu2021
Mahu2021 collected $0.19 from pot
Mahu2021: doesn't show hand 
*** SUMMARY ***
Total pot $0.20 | Rake $0.01 
Board [6h 8c 3h 9d]
Seat 1: pirocker (button) folded before Flop (didn't bet)
Seat 2: Tom Smurf (small blind) folded on the Turn
Seat 3: Mahu2021 (big blind) collected ($0.19)
Seat 4: sevenseven33 folded before Flop (didn't bet)
Seat 5: wujaszek folded before Flop (didn't bet)
Seat 6: mmnbvc folded before Flop (didn't bet)



PokerStars Zoom Hand #254057169042:  Hold'em No Limit ($0.05/$0.10) - 2024/12/27 21:25:18 CET [2024/12/27 15:25:18 ET]
Table 'Aludra' 6-max Seat #1 is the button
Seat 1: grantul ($22.73 in chips) 
Seat 2: LuchoJacobo8 ($13.88 in chips) 
Seat 3: Ruselllll ($10 in chips) 
Seat 4: Mahu2021 ($4.53 in chips) 
Seat 5: blysk ($15.11 in chips) 
Seat 6: elkrelly ($16.11 in chips) 
LuchoJacobo8: posts small blind $0.05
Ruselllll: posts big blind $0.10
*** HOLE CARDS ***
Dealt to Mahu2021 [Th 8h]
Mahu2021: folds 
blysk: folds 
elkrelly: calls $0.10
grantul: folds 
LuchoJacobo8: folds 
Ruselllll: raises $0.40 to $0.50
elkrelly: calls $0.40
*** FLOP *** [4d 7d 5s]
Ruselllll: checks 
elkrelly: bets $0.70
Ruselllll: folds 
Uncalled bet ($0.70) returned to elkrelly
elkrelly collected $1 from pot
elkrelly: doesn't show hand 
*** SUMMARY ***
Total pot $1.05 | Rake $0.05 
Board [4d 7d 5s]
Seat 1: grantul (button) folded before Flop (didn't bet)
Seat 2: LuchoJacobo8 (small blind) folded before Flop
Seat 3: Ruselllll (big blind) folded on the Flop
Seat 4: Mahu2021 folded before Flop (didn't bet)
Seat 5: blysk folded before Flop (didn't bet)
Seat 6: elkrelly collected ($1)



PokerStars Zoom Hand #254057180780:  Hold'em No Limit ($0.05/$0.10) - 2024/12/27 21:25:53 CET [2024/12/27 15:25:53 ET]
Table 'Aludra' 6-max Seat #1 is the button
Seat 1: TFIF ($9.91 in chips) 
Seat 2: gresscrack ($10 in chips) 
Seat 3: wujaszek ($9.50 in chips) 
Seat 4: Tom Smurf ($10 in chips) 
Seat 5: sevenseven33 ($5 in chips) 
Seat 6: Mahu2021 ($4.57 in chips) 
gresscrack: posts small blind $0.05
wujaszek: posts big blind $0.10
*** HOLE CARDS ***
Dealt to Mahu2021 [6c 7c]
Tom Smurf: folds 
sevenseven33: folds 
Mahu2021: folds 
TFIF: folds 
gresscrack: raises $0.20 to $0.30
wujaszek: folds 
Uncalled bet ($0.20) returned to gresscrack
gresscrack collected $0.20 from pot
gresscrack: doesn't show hand 
*** SUMMARY ***
Total pot $0.20 | Rake $0 
Seat 1: TFIF (button) folded before Flop (didn't bet)
Seat 2: gresscrack (small blind) collected ($0.20)
Seat 3: wujaszek (big blind) folded before Flop
Seat 4: Tom Smurf folded before Flop (didn't bet)
Seat 5: sevenseven33 folded before Flop (didn't bet)
Seat 6: Mahu2021 folded before Flop (didn't bet)



PokerStars Zoom Hand #254057182126:  Hold'em No Limit ($0.05/$0.10) - 2024/12/27 21:25:57 CET [2024/12/27 15:25:57 ET]
Table 'Aludra' 6-max Seat #1 is the button
Seat 1: pirocker ($13.65 in chips) 
Seat 2: antimol75 ($9.38 in chips) 
Seat 3: sevenseven33 ($5 in chips) 
Seat 4: Ísaak44 ($16.87 in chips) 
Seat 5: Mahu2021 ($4.57 in chips) 
Seat 6: Ale.A.S.M.R ($12.27 in chips) 
antimol75: posts small blind $0.05
sevenseven33: posts big blind $0.10
*** HOLE CARDS ***
Dealt to Mahu2021 [8d 8s]
Ísaak44: folds 
Mahu2021: raises $0.20 to $0.30
Ale.A.S.M.R: folds 
pirocker: folds 
antimol75: folds 
sevenseven33: folds 
Uncalled bet ($0.20) returned to Mahu2021
Mahu2021 collected $0.25 from pot
Mahu2021: doesn't show hand 
*** SUMMARY ***
Total pot $0.25 | Rake $0 
Seat 1: pirocker (button) folded before Flop (didn't bet)
Seat 2: antimol75 (small blind) folded before Flop
Seat 3: sevenseven33 (big blind) folded before Flop
Seat 4: Ísaak44 folded before Flop (didn't bet)
Seat 5: Mahu2021 collected ($0.25)
Seat 6: Ale.A.S.M.R folded before Flop (didn't bet)



PokerStars Zoom Hand #254057187910:  Hold'em No Limit ($0.05/$0.10) - 2024/12/27 21:26:14 CET [2024/12/27 15:26:14 ET]
Table 'Aludra' 6-max Seat #1 is the button
Seat 1: Ripshaw10 ($9.76 in chips) 
Seat 2: lenz9120 ($14.45 in chips) 
Seat 3: Loose Dollar ($10 in chips) 
Seat 4: Zonizo ($26.04 in chips) 
Seat 5: Mahu2021 ($4.72 in chips) 
Seat 6: iliasdemos ($10.22 in chips) 
lenz9120: posts small blind $0.05
Loose Dollar: posts big blind $0.10
*** HOLE CARDS ***
Dealt to Mahu2021 [9s 4s]
Zonizo: folds 
Mahu2021: folds 
iliasdemos: folds 
Ripshaw10: raises $0.10 to $0.20
lenz9120: folds 
Loose Dollar: folds 
Uncalled bet ($0.10) returned to Ripshaw10
Ripshaw10 collected $0.25 from pot
Ripshaw10: doesn't show hand 
*** SUMMARY ***
Total pot $0.25 | Rake $0 
Seat 1: Ripshaw10 (button) collected ($0.25)
Seat 2: lenz9120 (small blind) folded before Flop
Seat 3: Loose Dollar (big blind) folded before Flop
Seat 4: Zonizo folded before Flop (didn't bet)
Seat 5: Mahu2021 folded before Flop (didn't bet)
Seat 6: iliasdemos folded before Flop (didn't bet)



PokerStars Zoom Hand #254057189548:  Hold'em No Limit ($0.05/$0.10) - 2024/12/27 21:26:19 CET [2024/12/27 15:26:19 ET]
Table 'Aludra' 6-max Seat #1 is the button
Seat 1: busfahrer09 ($10.30 in chips) 
Seat 2: adambuddy2 ($14.01 in chips) 
Seat 3: Mahu2021 ($4.72 in chips) 
Seat 4: NicBrotzu ($39.84 in chips) 
Seat 5: 2ater ($20.26 in chips) 
Seat 6: gresscrack ($10.55 in chips) 
adambuddy2: posts small blind $0.05
Mahu2021: posts big blind $0.10
*** HOLE CARDS ***
Dealt to Mahu2021 [Jc 9c]
NicBrotzu: folds 
2ater: folds 
gresscrack: folds 
busfahrer09: folds 
adambuddy2: raises $0.20 to $0.30
Mahu2021: calls $0.20
*** FLOP *** [2s 3d Tc]
adambuddy2: checks 
Mahu2021: checks 
*** TURN *** [2s 3d Tc] [9s]
adambuddy2: checks 
Mahu2021: bets $0.30
adambuddy2: calls $0.30
*** RIVER *** [2s 3d Tc 9s] [8d]
adambuddy2: bets $0.90
Mahu2021: calls $0.90
*** SHOW DOWN ***
adambuddy2: shows [Ac Qc] (high card Ace)
Mahu2021: shows [Jc 9c] (a pair of Nines)
Mahu2021 collected $2.86 from pot
*** SUMMARY ***
Total pot $3 | Rake $0.14 
Board [2s 3d Tc 9s 8d]
Seat 1: busfahrer09 (button) folded before Flop (didn't bet)
Seat 2: adambuddy2 (small blind) showed [Ac Qc] and lost with high card Ace
Seat 3: Mahu2021 (big blind) showed [Jc 9c] and won ($2.86) with a pair of Nines
Seat 4: NicBrotzu folded before Flop (didn't bet)
Seat 5: 2ater folded before Flop (didn't bet)
Seat 6: gresscrack folded before Flop (didn't bet)



PokerStars Zoom Hand #254057178462:  Hold'em No Limit ($0.05/$0.10) - 2024/12/27 21:25:46 CET [2024/12/27 15:25:46 ET]
Table 'Aludra' 6-max Seat #1 is the button
Seat 1: masa2929 ($9.23 in chips) 
Seat 2: Mahu2021 ($4.62 in chips) 
Seat 3: LeoMarco58 ($10.33 in chips) 
Seat 4: epazeli ($6.61 in chips) 
Seat 5: quissama ($14.31 in chips) 
Seat 6: busfahrer09 ($10.45 in chips) 
Mahu2021: posts small blind $0.05
LeoMarco58: posts big blind $0.10
*** HOLE CARDS ***
Dealt to Mahu2021 [Qh 8h]
epazeli: raises $0.20 to $0.30
quissama: raises $0.75 to $1.05
busfahrer09: folds 
masa2929: folds 
Mahu2021: folds 
LeoMarco58: calls $0.95
epazeli: folds 
*** FLOP *** [As Qc 3h]
LeoMarco58: checks 
quissama: bets $0.50
LeoMarco58: calls $0.50
*** TURN *** [As Qc 3h] [4h]
LeoMarco58: checks 
quissama: bets $0.70
LeoMarco58: calls $0.70
*** RIVER *** [As Qc 3h 4h] [6c]
LeoMarco58: checks 
quissama: checks 
*** SHOW DOWN ***
LeoMarco58: shows [6h 7h] (a pair of Sixes)
quissama: shows [Kh Kc] (a pair of Kings)
quissama collected $4.63 from pot
*** SUMMARY ***
Total pot $4.85 | Rake $0.22 
Board [As Qc 3h 4h 6c]
Seat 1: masa2929 (button) folded before Flop (didn't bet)
Seat 2: Mahu2021 (small blind) folded before Flop
Seat 3: LeoMarco58 (big blind) showed [6h 7h] and lost with a pair of Sixes
Seat 4: epazeli folded before Flop
Seat 5: quissama showed [Kh Kc] and won ($4.63) with a pair of Kings
Seat 6: busfahrer09 folded before Flop (didn't bet)



PokerStars Zoom Hand #254057205280:  Hold'em No Limit ($0.05/$0.10) - 2024/12/27 21:27:05 CET [2024/12/27 15:27:05 ET]
Table 'Aludra' 6-max Seat #1 is the button
Seat 1: hawkwind221 ($4.60 in chips) 
Seat 2: Mahu2021 ($6.08 in chips) 
Seat 3: wujaszek ($9.92 in chips) 
Seat 4: camilo13186 ($2.48 in chips) 
Seat 5: F2u&F2urFace ($10 in chips) 
Seat 6: masa2929 ($9.08 in chips) 
Mahu2021: posts small blind $0.05
wujaszek: posts big blind $0.10
*** HOLE CARDS ***
Dealt to Mahu2021 [8h 3c]
camilo13186: folds 
F2u&F2urFace: folds 
masa2929: folds 
hawkwind221: raises $0.15 to $0.25
Mahu2021: folds 
wujaszek: folds 
Uncalled bet ($0.15) returned to hawkwind221
hawkwind221 collected $0.25 from pot
hawkwind221: doesn't show hand 
*** SUMMARY ***
Total pot $0.25 | Rake $0 
Seat 1: hawkwind221 (button) collected ($0.25)
Seat 2: Mahu2021 (small blind) folded before Flop
Seat 3: wujaszek (big blind) folded before Flop
Seat 4: camilo13186 folded before Flop (didn't bet)
Seat 5: F2u&F2urFace folded before Flop (didn't bet)
Seat 6: masa2929 folded before Flop (didn't bet)



PokerStars Zoom Hand #254057206956:  Hold'em No Limit ($0.05/$0.10) - 2024/12/27 21:27:10 CET [2024/12/27 15:27:10 ET]
Table 'Aludra' 6-max Seat #1 is the button
Seat 1: Ramirez12121 ($6.31 in chips) 
Seat 2: VieraNeto ($16.02 in chips) 
Seat 3: Chestiefol ($31.64 in chips) 
Seat 4: Mahu2021 ($6.03 in chips) 
Seat 5: alfredo_2855 ($13.85 in chips) 
Seat 6: epsilon2011 ($10 in chips) 
VieraNeto: posts small blind $0.05
Chestiefol: posts big blind $0.10
*** HOLE CARDS ***
Dealt to Mahu2021 [Ks 9s]
Mahu2021: raises $0.10 to $0.20
alfredo_2855: folds 
epsilon2011: folds 
Ramirez12121: calls $0.20
VieraNeto: folds 
Chestiefol: calls $0.10
*** FLOP *** [9c Jd 4d]
Chestiefol: checks 
Mahu2021: checks 
Ramirez12121: bets $0.31
Chestiefol: folds 
Mahu2021: folds 
Uncalled bet ($0.31) returned to Ramirez12121
Ramirez12121 collected $0.62 from pot
Ramirez12121: doesn't show hand 
*** SUMMARY ***
Total pot $0.65 | Rake $0.03 
Board [9c Jd 4d]
Seat 1: Ramirez12121 (button) collected ($0.62)
Seat 2: VieraNeto (small blind) folded before Flop
Seat 3: Chestiefol (big blind) folded on the Flop
Seat 4: Mahu2021 folded on the Flop
Seat 5: alfredo_2855 folded before Flop (didn't bet)
Seat 6: epsilon2011 folded before Flop (didn't bet)



PokerStars Zoom Hand #254057215281:  Hold'em No Limit ($0.05/$0.10) - 2024/12/27 21:27:35 CET [2024/12/27 15:27:35 ET]
Table 'Aludra' 6-max Seat #1 is the button
Seat 1: sevenseven33 ($5.27 in chips) 
Seat 2: cghap ($12.60 in chips) 
Seat 3: Ale.A.S.M.R ($12 in chips) 
Seat 4: Tom Smurf ($9.90 in chips) 
Seat 5: Ramirez12121 ($6.73 in chips) 
Seat 6: Mahu2021 ($5.83 in chips) 
cghap: posts small blind $0.05
Ale.A.S.M.R: posts big blind $0.10
*** HOLE CARDS ***
Dealt to Mahu2021 [4s Qc]
Tom Smurf: folds 
Ramirez12121: folds 
Mahu2021: folds 
sevenseven33: folds 
cghap: folds 
Uncalled bet ($0.05) returned to Ale.A.S.M.R
Ale.A.S.M.R collected $0.10 from pot
Ale.A.S.M.R: doesn't show hand 
*** SUMMARY ***
Total pot $0.10 | Rake $0 
Seat 1: sevenseven33 (button) folded before Flop (didn't bet)
Seat 2: cghap (small blind) folded before Flop
Seat 3: Ale.A.S.M.R (big blind) collected ($0.10)
Seat 4: Tom Smurf folded before Flop (didn't bet)
Seat 5: Ramirez12121 folded before Flop (didn't bet)
Seat 6: Mahu2021 folded before Flop (didn't bet)



PokerStars Zoom Hand #254057186789:  Hold'em No Limit ($0.05/$0.10) - 2024/12/27 21:26:11 CET [2024/12/27 15:26:11 ET]
Table 'Aludra' 6-max Seat #1 is the button
Seat 1: Mahu2021 ($4.72 in chips) 
Seat 2: Ísaak44 ($16.92 in chips) 
Seat 3: Lordswrath154 ($11.01 in chips) 
Seat 4: pirocker ($13.60 in chips) 
Seat 5: narsefv ($11.43 in chips) 
Seat 6: redmonkey98 ($13.32 in chips) 
Ísaak44: posts small blind $0.05
Lordswrath154: posts big blind $0.10
*** HOLE CARDS ***
Dealt to Mahu2021 [Qh 5s]
pirocker: folds 
narsefv: raises $0.14 to $0.24
redmonkey98: raises $0.56 to $0.80
Mahu2021: folds 
Ísaak44: folds 
Lordswrath154: calls $0.70
narsefv: calls $0.56
*** FLOP *** [Tc 7c 4h]
Lordswrath154: checks 
narsefv: checks 
redmonkey98: checks 
*** TURN *** [Tc 7c 4h] [4c]
Lordswrath154: checks 
narsefv: checks 
redmonkey98: checks 
*** RIVER *** [Tc 7c 4h 4c] [8s]
Lordswrath154: checks 
narsefv: checks 
redmonkey98: checks 
*** SHOW DOWN ***
Lordswrath154: shows [6c Ah] (a pair of Fours)
narsefv: shows [As Kh] (a pair of Fours - Ace+King kicker)
redmonkey98: mucks hand 
narsefv collected $2.34 from pot
*** SUMMARY ***
Total pot $2.45 | Rake $0.11 
Board [Tc 7c 4h 4c 8s]
Seat 1: Mahu2021 (button) folded before Flop (didn't bet)
Seat 2: Ísaak44 (small blind) folded before Flop
Seat 3: Lordswrath154 (big blind) showed [6c Ah] and lost with a pair of Fours
Seat 4: pirocker folded before Flop (didn't bet)
Seat 5: narsefv showed [As Kh] and won ($2.34) with a pair of Fours
Seat 6: redmonkey98 mucked [Kd Qs]



PokerStars Zoom Hand #254057214306:  Hold'em No Limit ($0.05/$0.10) - 2024/12/27 21:27:32 CET [2024/12/27 15:27:32 ET]
Table 'Aludra' 6-max Seat #1 is the button
Seat 1: Mahu2021 ($5.83 in chips) 
Seat 2: milchengel ($19.03 in chips) 
Seat 3: xbengi ($12.92 in chips) 
Seat 4: kocyk 7 ($12.16 in chips) 
Seat 5: aamsantos ($8.25 in chips) 
Seat 6: Textures777 ($32.58 in chips) 
milchengel: posts small blind $0.05
xbengi: posts big blind $0.10
*** HOLE CARDS ***
Dealt to Mahu2021 [3h Js]
kocyk 7: folds 
aamsantos: raises $0.15 to $0.25
Textures777: raises $0.50 to $0.75
Mahu2021: folds 
milchengel: folds 
xbengi: folds 
aamsantos: calls $0.50
*** FLOP *** [Jh Jc 9s]
aamsantos: checks 
Textures777: bets $0.40
aamsantos: folds 
Uncalled bet ($0.40) returned to Textures777
Textures777 collected $1.58 from pot
Textures777: doesn't show hand 
*** SUMMARY ***
Total pot $1.65 | Rake $0.07 
Board [Jh Jc 9s]
Seat 1: Mahu2021 (button) folded before Flop (didn't bet)
Seat 2: milchengel (small blind) folded before Flop
Seat 3: xbengi (big blind) folded before Flop
Seat 4: kocyk 7 folded before Flop (didn't bet)
Seat 5: aamsantos folded on the Flop
Seat 6: Textures777 collected ($1.58)



PokerStars Zoom Hand #254057218174:  Hold'em No Limit ($0.05/$0.10) - 2024/12/27 21:27:43 CET [2024/12/27 15:27:43 ET]
Table 'Aludra' 6-max Seat #1 is the button
Seat 1: Chestiefol ($13.44 in chips) 
Seat 2: Ísaak44 ($16.72 in chips) 
Seat 3: Mahu2021 ($5.83 in chips) 
Seat 4: Tutunn ($12.49 in chips) 
Seat 5: Maxineeee ($13.34 in chips) 
Seat 6: hatoya3 ($32.97 in chips) 
Ísaak44: posts small blind $0.05
Mahu2021: posts big blind $0.10
*** HOLE CARDS ***
Dealt to Mahu2021 [9h Qd]
Tutunn: folds 
Maxineeee: folds 
hatoya3: raises $0.12 to $0.22
Chestiefol: calls $0.22
Ísaak44: calls $0.17
Mahu2021: calls $0.12
*** FLOP *** [3d 5s 7d]
Ísaak44: checks 
Mahu2021: checks 
hatoya3: checks 
Chestiefol: bets $0.25
Ísaak44: folds 
Mahu2021: folds 
hatoya3: folds 
Uncalled bet ($0.25) returned to Chestiefol
Chestiefol collected $0.84 from pot
Chestiefol: doesn't show hand 
*** SUMMARY ***
Total pot $0.88 | Rake $0.04 
Board [3d 5s 7d]
Seat 1: Chestiefol (button) collected ($0.84)
Seat 2: Ísaak44 (small blind) folded on the Flop
Seat 3: Mahu2021 (big blind) folded on the Flop
Seat 4: Tutunn folded before Flop (didn't bet)
Seat 5: Maxineeee folded before Flop (didn't bet)
Seat 6: hatoya3 folded on the Flop



PokerStars Zoom Hand #254057227375:  Hold'em No Limit ($0.05/$0.10) - 2024/12/27 21:28:10 CET [2024/12/27 15:28:10 ET]
Table 'Aludra' 6-max Seat #1 is the button
Seat 1: narsefv ($13.02 in chips) 
Seat 2: Mahu2021 ($5.61 in chips) 
Seat 3: adambuddy2 ($17.09 in chips) 
Seat 4: Ripshaw10 ($10.06 in chips) 
Seat 5: Avskum2010 ($11.87 in chips) 
Seat 6: Tutunn ($12.74 in chips) 
Mahu2021: posts small blind $0.05
adambuddy2: posts big blind $0.10
*** HOLE CARDS ***
Dealt to Mahu2021 [2d 2s]
Ripshaw10: folds 
Avskum2010: raises $0.10 to $0.20
Tutunn: folds 
narsefv: folds 
Mahu2021: calls $0.15
adambuddy2: folds 
*** FLOP *** [3d 9c Qs]
Mahu2021: checks 
Avskum2010: bets $0.15
Mahu2021: calls $0.15
*** TURN *** [3d 9c Qs] [4c]
Mahu2021: checks 
Avskum2010: bets $0.57
Mahu2021: calls $0.57
*** RIVER *** [3d 9c Qs 4c] [Kd]
Mahu2021: checks 
Avskum2010: bets $1.55
Mahu2021: folds 
Uncalled bet ($1.55) returned to Avskum2010
Avskum2010 collected $1.85 from pot
Avskum2010: doesn't show hand 
*** SUMMARY ***
Total pot $1.94 | Rake $0.09 
Board [3d 9c Qs 4c Kd]
Seat 1: narsefv (button) folded before Flop (didn't bet)
Seat 2: Mahu2021 (small blind) folded on the River
Seat 3: adambuddy2 (big blind) folded before Flop
Seat 4: Ripshaw10 folded before Flop (didn't bet)
Seat 5: Avskum2010 collected ($1.85)
Seat 6: Tutunn folded before Flop (didn't bet)



PokerStars Zoom Hand #254057216781:  Hold'em No Limit ($0.05/$0.10) - 2024/12/27 21:27:39 CET [2024/12/27 15:27:39 ET]
Table 'Aludra' 6-max Seat #1 is the button
Seat 1: wujaszek ($9.77 in chips) 
Seat 2: Tom Smurf ($9.90 in chips) 
Seat 3: epazeli ($7.48 in chips) 
Seat 4: Mahu2021 ($5.83 in chips) 
Seat 5: milchengel ($18.98 in chips) 
Seat 6: Celena Teneriva ($9.06 in chips) 
Tom Smurf: posts small blind $0.05
epazeli: posts big blind $0.10
*** HOLE CARDS ***
Dealt to Mahu2021 [3s 4c]
Mahu2021: folds 
milchengel: folds 
Celena Teneriva: folds 
wujaszek: raises $0.12 to $0.22
Tom Smurf: raises $0.48 to $0.70
epazeli: calls $0.60
wujaszek: folds 
*** FLOP *** [Qs 6c Jh]
Tom Smurf: checks 
epazeli: bets $1
Tom Smurf: calls $1
*** TURN *** [Qs 6c Jh] [8s]
Tom Smurf: checks 
epazeli: bets $2
Tom Smurf: raises $6.10 to $8.10
epazeli: calls $3.78 and is all-in
Uncalled bet ($2.32) returned to Tom Smurf
*** RIVER *** [Qs 6c Jh 8s] [4h]
*** SHOW DOWN ***
Tom Smurf: shows [Qd Ad] (a pair of Queens)
epazeli: shows [Qc Ks] (a pair of Queens - lower kicker)
Tom Smurf collected $14.50 from pot
*** SUMMARY ***
Total pot $15.18 | Rake $0.68 
Board [Qs 6c Jh 8s 4h]
Seat 1: wujaszek (button) folded before Flop
Seat 2: Tom Smurf (small blind) showed [Qd Ad] and won ($14.50) with a pair of Queens
Seat 3: epazeli (big blind) showed [Qc Ks] and lost with a pair of Queens
Seat 4: Mahu2021 folded before Flop (didn't bet)
Seat 5: milchengel folded before Flop (didn't bet)
Seat 6: Celena Teneriva folded before Flop (didn't bet)



PokerStars Zoom Hand #254057238158:  Hold'em No Limit ($0.05/$0.10) - 2024/12/27 21:28:43 CET [2024/12/27 15:28:43 ET]
Table 'Aludra' 6-max Seat #1 is the button
Seat 1: Mahu2021 ($4.69 in chips) 
Seat 2: RiZZo2107 ($12.64 in chips) 
Seat 3: Textures777 ($25.31 in chips) 
Seat 4: Chestiefol ($11.35 in chips) 
Seat 5: lEternamente ($14.11 in chips) 
Seat 6: MrCappu ($14.76 in chips) 
RiZZo2107: posts small blind $0.05
Textures777: posts big blind $0.10
*** HOLE CARDS ***
Dealt to Mahu2021 [Qs 2d]
Chestiefol: folds 
lEternamente: raises $0.10 to $0.20
MrCappu: folds 
Mahu2021: folds 
RiZZo2107: folds 
Textures777: folds 
Uncalled bet ($0.10) returned to lEternamente
lEternamente collected $0.25 from pot
lEternamente: doesn't show hand 
*** SUMMARY ***
Total pot $0.25 | Rake $0 
Seat 1: Mahu2021 (button) folded before Flop (didn't bet)
Seat 2: RiZZo2107 (small blind) folded before Flop
Seat 3: Textures777 (big blind) folded before Flop
Seat 4: Chestiefol folded before Flop (didn't bet)
Seat 5: lEternamente collected ($0.25)
Seat 6: MrCappu folded before Flop (didn't bet)



PokerStars Zoom Hand #254057239801:  Hold'em No Limit ($0.05/$0.10) - 2024/12/27 21:28:48 CET [2024/12/27 15:28:48 ET]
Table 'Aludra' 6-max Seat #1 is the button
Seat 1: cghap ($12.40 in chips) 
Seat 2: Boymack05 ($15.67 in chips) 
Seat 3: sykora288 ($8.45 in chips) 
Seat 4: ttjjaann ($3.71 in chips) 
Seat 5: MrCappu ($14.76 in chips) 
Seat 6: Mahu2021 ($4.69 in chips) 
Boymack05: posts small blind $0.05
sykora288: posts big blind $0.10
*** HOLE CARDS ***
Dealt to Mahu2021 [4h 6h]
ttjjaann: folds 
MrCappu: calls $0.10
Mahu2021: folds 
cghap: folds 
Boymack05: folds 
sykora288: checks 
*** FLOP *** [Qs Jd 5h]
sykora288: checks 
MrCappu: checks 
*** TURN *** [Qs Jd 5h] [6d]
sykora288: checks 
MrCappu: bets $0.24
sykora288: folds 
Uncalled bet ($0.24) returned to MrCappu
MrCappu collected $0.24 from pot
MrCappu: doesn't show hand 
*** SUMMARY ***
Total pot $0.25 | Rake $0.01 
Board [Qs Jd 5h 6d]
Seat 1: cghap (button) folded before Flop (didn't bet)
Seat 2: Boymack05 (small blind) folded before Flop
Seat 3: sykora288 (big blind) folded on the Turn
Seat 4: ttjjaann folded before Flop (didn't bet)
Seat 5: MrCappu collected ($0.24)
Seat 6: Mahu2021 folded before Flop (didn't bet)



PokerStars Zoom Hand #254057243870:  Hold'em No Limit ($0.05/$0.10) - 2024/12/27 21:28:59 CET [2024/12/27 15:28:59 ET]
Table 'Aludra' 6-max Seat #1 is the button
Seat 1: Ísaak44 ($10 in chips) 
Seat 2: redmonkey98 ($15.51 in chips) 
Seat 3: NicBrotzu ($40.65 in chips) 
Seat 4: Mahu2021 ($4.69 in chips) 
Seat 5: Mr_Plejer7x ($10.62 in chips) 
Seat 6: Chestiefol ($11.25 in chips) 
redmonkey98: posts small blind $0.05
NicBrotzu: posts big blind $0.10
*** HOLE CARDS ***
Dealt to Mahu2021 [Qc Th]
Mahu2021: folds 
Mr_Plejer7x: folds 
Chestiefol: folds 
Ísaak44: folds 
redmonkey98: raises $0.20 to $0.30
NicBrotzu: folds 
Uncalled bet ($0.20) returned to redmonkey98
redmonkey98 collected $0.20 from pot
redmonkey98: doesn't show hand 
*** SUMMARY ***
Total pot $0.20 | Rake $0 
Seat 1: Ísaak44 (button) folded before Flop (didn't bet)
Seat 2: redmonkey98 (small blind) collected ($0.20)
Seat 3: NicBrotzu (big blind) folded before Flop
Seat 4: Mahu2021 folded before Flop (didn't bet)
Seat 5: Mr_Plejer7x folded before Flop (didn't bet)
Seat 6: Chestiefol folded before Flop (didn't bet)



PokerStars Zoom Hand #254057242537:  Hold'em No Limit ($0.05/$0.10) - 2024/12/27 21:28:56 CET [2024/12/27 15:28:56 ET]
Table 'Aludra' 6-max Seat #1 is the button
Seat 1: RiZZo2107 ($12.49 in chips) 
Seat 2: Boymack05 ($13.20 in chips) 
Seat 3: yakkai ($12 in chips) 
Seat 4: Mahu2021 ($4.69 in chips) 
Seat 5: antimol75 ($9.95 in chips) 
Seat 6: Ale.A.S.M.R ($32.86 in chips) 
Boymack05: posts small blind $0.05
yakkai: posts big blind $0.10
*** HOLE CARDS ***
Dealt to Mahu2021 [Th 8s]
Mahu2021: folds 
antimol75: raises $0.15 to $0.25
Ale.A.S.M.R: calls $0.25
RiZZo2107: folds 
Boymack05: raises $1.15 to $1.40
yakkai: folds 
antimol75: folds 
Ale.A.S.M.R: folds 
Uncalled bet ($1.15) returned to Boymack05
Boymack05 collected $0.85 from pot
Boymack05: doesn't show hand 
*** SUMMARY ***
Total pot $0.85 | Rake $0 
Seat 1: RiZZo2107 (button) folded before Flop (didn't bet)
Seat 2: Boymack05 (small blind) collected ($0.85)
Seat 3: yakkai (big blind) folded before Flop
Seat 4: Mahu2021 folded before Flop (didn't bet)
Seat 5: antimol75 folded before Flop
Seat 6: Ale.A.S.M.R folded before Flop



PokerStars Zoom Hand #254057241185:  Hold'em No Limit ($0.05/$0.10) - 2024/12/27 21:28:51 CET [2024/12/27 15:28:51 ET]
Table 'Aludra' 6-max Seat #1 is the button
Seat 1: Ilimp72o ($14.04 in chips) 
Seat 2: juockiss ($6.30 in chips) 
Seat 3: ttjjaann ($3.71 in chips) 
Seat 4: RiZZo2107 ($12.49 in chips) 
Seat 5: Mahu2021 ($4.69 in chips) 
Seat 6: cghap ($12.40 in chips) 
juockiss: posts small blind $0.05
ttjjaann: posts big blind $0.10
*** HOLE CARDS ***
Dealt to Mahu2021 [7s 5h]
RiZZo2107: folds 
Mahu2021: folds 
cghap: raises $0.15 to $0.25
Ilimp72o: folds 
juockiss: calls $0.20
ttjjaann: folds 
*** FLOP *** [3h 6c 7c]
juockiss: checks 
cghap: bets $0.29
juockiss: folds 
Uncalled bet ($0.29) returned to cghap
cghap collected $0.57 from pot
cghap: doesn't show hand 
*** SUMMARY ***
Total pot $0.60 | Rake $0.03 
Board [3h 6c 7c]
Seat 1: Ilimp72o (button) folded before Flop (didn't bet)
Seat 2: juockiss (small blind) folded on the Flop
Seat 3: ttjjaann (big blind) folded before Flop
Seat 4: RiZZo2107 folded before Flop (didn't bet)
Seat 5: Mahu2021 folded before Flop (didn't bet)
Seat 6: cghap collected ($0.57)



PokerStars Zoom Hand #254057245206:  Hold'em No Limit ($0.05/$0.10) - 2024/12/27 21:29:03 CET [2024/12/27 15:29:03 ET]
Table 'Aludra' 6-max Seat #1 is the button
Seat 1: aamsantos ($6.90 in chips) 
Seat 2: Ripshaw10 ($3.77 in chips) 
Seat 3: Mahu2021 ($4.69 in chips) 
Seat 4: sevenseven33 ($6.25 in chips) 
Seat 5: lenz9120 ($14.48 in chips) 
Seat 6: zadros1984a ($11.70 in chips) 
Ripshaw10: posts small blind $0.05
Mahu2021: posts big blind $0.10
*** HOLE CARDS ***
Dealt to Mahu2021 [5s Qc]
sevenseven33: folds 
lenz9120: folds 
zadros1984a: folds 
aamsantos: folds 
Ripshaw10: raises $0.10 to $0.20
Mahu2021: calls $0.10
*** FLOP *** [Th 3s Jc]
Ripshaw10: checks 
Mahu2021: checks 
*** TURN *** [Th 3s Jc] [Tc]
Ripshaw10: bets $0.19
Mahu2021: folds 
Uncalled bet ($0.19) returned to Ripshaw10
Ripshaw10 collected $0.38 from pot
Ripshaw10: doesn't show hand 
*** SUMMARY ***
Total pot $0.40 | Rake $0.02 
Board [Th 3s Jc Tc]
Seat 1: aamsantos (button) folded before Flop (didn't bet)
Seat 2: Ripshaw10 (small blind) collected ($0.38)
Seat 3: Mahu2021 (big blind) folded on the Turn
Seat 4: sevenseven33 folded before Flop (didn't bet)
Seat 5: lenz9120 folded before Flop (didn't bet)
Seat 6: zadros1984a folded before Flop (didn't bet)



PokerStars Zoom Hand #254057253051:  Hold'em No Limit ($0.05/$0.10) - 2024/12/27 21:29:27 CET [2024/12/27 15:29:27 ET]
Table 'Aludra' 6-max Seat #1 is the button
Seat 1: elvis_genius ($11.24 in chips) 
Seat 2: Mahu2021 ($4.49 in chips) 
Seat 3: NicBrotzu ($17.99 in chips) 
Seat 4: xbengi ($9.45 in chips) 
Seat 5: epsilon2011 ($13.59 in chips) 
Seat 6: calixtinhoo1 ($17.60 in chips) 
Mahu2021: posts small blind $0.05
NicBrotzu: posts big blind $0.10
*** HOLE CARDS ***
Dealt to Mahu2021 [Ad Th]
xbengi: folds 
epsilon2011: folds 
calixtinhoo1: raises $0.20 to $0.30
elvis_genius: folds 
Mahu2021: calls $0.25
NicBrotzu has timed out
NicBrotzu: folds 
*** FLOP *** [As 5d 2h]
Mahu2021: bets $4.19 and is all-in
calixtinhoo1: calls $4.19
*** TURN *** [As 5d 2h] [Kd]
*** RIVER *** [As 5d 2h Kd] [Tc]
*** SHOW DOWN ***
Mahu2021: shows [Ad Th] (two pair, Aces and Tens)
calixtinhoo1: shows [Js Jh] (a pair of Jacks)
Mahu2021 cashed out the hand for $7.68 | Cash Out Fee $0.16
*** SUMMARY ***
Total pot $9.08 | Rake $0.41 
Board [As 5d 2h Kd Tc]
Seat 1: elvis_genius (button) folded before Flop (didn't bet)
Seat 2: Mahu2021 (small blind) showed [Ad Th] and won ($8.67) with two pair, Aces and Tens (pot not awarded as player cashed out)
Seat 3: NicBrotzu (big blind) folded before Flop
Seat 4: xbengi folded before Flop (didn't bet)
Seat 5: epsilon2011 folded before Flop (didn't bet)
Seat 6: calixtinhoo1 showed [Js Jh] and lost with a pair of Jacks



PokerStars Zoom Hand #254057278333:  Hold'em No Limit ($0.05/$0.10) - 2024/12/27 21:30:42 CET [2024/12/27 15:30:42 ET]
Table 'Aludra' 6-max Seat #1 is the button
Seat 1: calixtinhoo1 ($13.11 in chips) 
Seat 2: sevenseven33 ($5 in chips) 
Seat 3: sykora288 ($15.53 in chips) 
Seat 4: fantonima ($8.85 in chips) 
Seat 5: cghap ($17.66 in chips) 
Seat 6: Mahu2021 ($7.68 in chips) 
sevenseven33: posts small blind $0.05
sykora288: posts big blind $0.10
*** HOLE CARDS ***
Dealt to Mahu2021 [5s 7s]
fantonima: raises $0.20 to $0.30
cghap: folds 
Mahu2021: folds 
calixtinhoo1: calls $0.30
sevenseven33: folds 
sykora288: folds 
*** FLOP *** [4s 7c Kh]
fantonima: checks 
calixtinhoo1: bets $0.30
fantonima: folds 
Uncalled bet ($0.30) returned to calixtinhoo1
calixtinhoo1 collected $0.72 from pot
calixtinhoo1: doesn't show hand 
*** SUMMARY ***
Total pot $0.75 | Rake $0.03 
Board [4s 7c Kh]
Seat 1: calixtinhoo1 (button) collected ($0.72)
Seat 2: sevenseven33 (small blind) folded before Flop
Seat 3: sykora288 (big blind) folded before Flop
Seat 4: fantonima folded on the Flop
Seat 5: cghap folded before Flop (didn't bet)
Seat 6: Mahu2021 folded before Flop (didn't bet)



PokerStars Zoom Hand #254057280687:  Hold'em No Limit ($0.05/$0.10) - 2024/12/27 21:30:49 CET [2024/12/27 15:30:49 ET]
Table 'Aludra' 6-max Seat #1 is the button
Seat 1: Mahu2021 ($7.68 in chips) 
Seat 2: elkrelly ($16.41 in chips) 
Seat 3: pougia777 ($10.83 in chips) 
Seat 4: quissama ($17 in chips) 
Seat 5: Chestiefol ($15.19 in chips) 
Seat 6: Alexsny13 ($19.14 in chips) 
elkrelly: posts small blind $0.05
pougia777: posts big blind $0.10
*** HOLE CARDS ***
Dealt to Mahu2021 [Td Qd]
quissama: raises $0.14 to $0.24
Chestiefol: calls $0.24
Alexsny13: folds 
Mahu2021: calls $0.24
elkrelly: folds 
pougia777: folds 
*** FLOP *** [Qh 4h Kc]
quissama: bets $0.46
Chestiefol: folds 
Mahu2021: folds 
Uncalled bet ($0.46) returned to quissama
quissama collected $0.83 from pot
quissama: doesn't show hand 
*** SUMMARY ***
Total pot $0.87 | Rake $0.04 
Board [Qh 4h Kc]
Seat 1: Mahu2021 (button) folded on the Flop
Seat 2: elkrelly (small blind) folded before Flop
Seat 3: pougia777 (big blind) folded before Flop
Seat 4: quissama collected ($0.83)
Seat 5: Chestiefol folded on the Flop
Seat 6: Alexsny13 folded before Flop (didn't bet)



PokerStars Zoom Hand #254057288321:  Hold'em No Limit ($0.05/$0.10) - 2024/12/27 21:31:12 CET [2024/12/27 15:31:12 ET]
Table 'Aludra' 6-max Seat #1 is the button
Seat 1: hiding.by ($10.24 in chips) 
Seat 2: Alexsny13 ($19.04 in chips) 
Seat 3: Avskum2010 ($12.20 in chips) 
Seat 4: Jaironi ($5.93 in chips) 
Seat 5: Mahu2021 ($7.44 in chips) 
Seat 6: Loose Dollar ($12.73 in chips) 
Alexsny13: posts small blind $0.05
Avskum2010: posts big blind $0.10
*** HOLE CARDS ***
Dealt to Mahu2021 [Qd Qs]
Jaironi: raises $0.15 to $0.25
Mahu2021: raises $0.55 to $0.80
Loose Dollar: folds 
hiding.by: calls $0.80
Alexsny13: folds 
Avskum2010: folds 
Jaironi: calls $0.55
*** FLOP *** [8d 8s 4s]
Jaironi: bets $1.22
Mahu2021: calls $1.22
hiding.by: calls $1.22
*** TURN *** [8d 8s 4s] [3c]
Jaironi: bets $3.91 and is all-in
Mahu2021: raises $1.51 to $5.42 and is all-in
hiding.by: calls $5.42
*** RIVER *** [8d 8s 4s 3c] [Ks]
*** SHOW DOWN ***
Mahu2021: shows [Qd Qs] (two pair, Queens and Eights)
hiding.by: shows [6s 7s] (a flush, King high)
Jaironi: shows [As 9s] (a flush, Ace high)
Jaironi collected $17.13 from main pot
hiding.by cashed out the hand for $2.20 | Cash Out Fee $0.04
Mahu2021 cashed out the hand for $14.22 | Cash Out Fee $0.29
*** SUMMARY ***
Total pot $20.96 Main pot $17.13. Side pot $2.89. | Rake $0.94 
Board [8d 8s 4s 3c Ks]
Seat 1: hiding.by (button) showed [6s 7s] and won ($2.89) with a flush, King high (pot not awarded as player cashed out)
Seat 2: Alexsny13 (small blind) folded before Flop
Seat 3: Avskum2010 (big blind) folded before Flop
Seat 4: Jaironi showed [As 9s] and won ($17.13) with a flush, Ace high
Seat 5: Mahu2021 showed [Qd Qs] and lost with two pair, Queens and Eights (cashed out).
Seat 6: Loose Dollar folded before Flop (didn't bet)



PokerStars Zoom Hand #254057299397:  Hold'em No Limit ($0.05/$0.10) - 2024/12/27 21:31:44 CET [2024/12/27 15:31:44 ET]
Table 'Aludra' 6-max Seat #1 is the button
Seat 1: RiZZo2107 ($10.63 in chips) 
Seat 2: Smet1984 ($11.33 in chips) 
Seat 3: leon05 ($9.54 in chips) 
Seat 4: Mahu2021 ($14.22 in chips) 
Seat 5: sykora288 ($15.81 in chips) 
Seat 6: danielbal ($5.01 in chips) 
Smet1984: posts small blind $0.05
leon05: posts big blind $0.10
*** HOLE CARDS ***
Dealt to Mahu2021 [6c 3c]
Mahu2021: folds 
sykora288: raises $0.12 to $0.22
danielbal: folds 
RiZZo2107: calls $0.22
Smet1984: folds 
leon05: folds 
*** FLOP *** [Jh 7c Ts]
sykora288: bets $0.10
RiZZo2107: calls $0.10
*** TURN *** [Jh 7c Ts] [2h]
sykora288: checks 
RiZZo2107: bets $0.40
sykora288: calls $0.40
*** RIVER *** [Jh 7c Ts 2h] [Qd]
sykora288: checks 
RiZZo2107: checks 
*** SHOW DOWN ***
sykora288: shows [Ah 8h] (high card Ace)
RiZZo2107: shows [Jc 9c] (a pair of Jacks)
RiZZo2107 collected $1.52 from pot
*** SUMMARY ***
Total pot $1.59 | Rake $0.07 
Board [Jh 7c Ts 2h Qd]
Seat 1: RiZZo2107 (button) showed [Jc 9c] and won ($1.52) with a pair of Jacks
Seat 2: Smet1984 (small blind) folded before Flop
Seat 3: leon05 (big blind) folded before Flop
Seat 4: Mahu2021 folded before Flop (didn't bet)
Seat 5: sykora288 showed [Ah 8h] and lost with high card Ace
Seat 6: danielbal folded before Flop (didn't bet)



PokerStars Zoom Hand #254057306348:  Hold'em No Limit ($0.05/$0.10) - 2024/12/27 21:32:05 CET [2024/12/27 15:32:05 ET]
Table 'Aludra' 6-max Seat #1 is the button
Seat 1: Bruno CP796 ($5.22 in chips) 
Seat 2: OscarLorr ($12.79 in chips) 
Seat 3: Mahu2021 ($14.22 in chips) 
Seat 4: cablemage ($9.85 in chips) 
Seat 5: lEternamente ($10.05 in chips) 
Seat 6: F2u&F2urFace ($10 in chips) 
OscarLorr: posts small blind $0.05
Mahu2021: posts big blind $0.10
*** HOLE CARDS ***
Dealt to Mahu2021 [Td As]
cablemage: folds 
lEternamente: raises $0.10 to $0.20
F2u&F2urFace: folds 
Bruno CP796: folds 
OscarLorr: folds 
Mahu2021: calls $0.10
*** FLOP *** [9d Kd Ah]
Mahu2021: checks 
lEternamente: bets $0.13
Mahu2021: calls $0.13
*** TURN *** [9d Kd Ah] [7d]
Mahu2021: checks 
lEternamente: checks 
*** RIVER *** [9d Kd Ah 7d] [Qh]
Mahu2021: bets $0.30
lEternamente: raises $0.38 to $0.68
Mahu2021: calls $0.38
*** SHOW DOWN ***
lEternamente: shows [Ks Kc] (three of a kind, Kings)
Mahu2021: mucks hand 
lEternamente collected $1.98 from pot
*** SUMMARY ***
Total pot $2.07 | Rake $0.09 
Board [9d Kd Ah 7d Qh]
Seat 1: Bruno CP796 (button) folded before Flop (didn't bet)
Seat 2: OscarLorr (small blind) folded before Flop
Seat 3: Mahu2021 (big blind) mucked [Td As]
Seat 4: cablemage folded before Flop (didn't bet)
Seat 5: lEternamente showed [Ks Kc] and won ($1.98) with three of a kind, Kings
Seat 6: F2u&F2urFace folded before Flop (didn't bet)



PokerStars Zoom Hand #254057315461:  Hold'em No Limit ($0.05/$0.10) - 2024/12/27 21:32:32 CET [2024/12/27 15:32:32 ET]
Table 'Aludra' 6-max Seat #1 is the button
Seat 1: danielbal ($5.01 in chips) 
Seat 2: Mahu2021 ($13.21 in chips) 
Seat 3: Smet1984 ($11.23 in chips) 
Seat 4: F2u&F2urFace ($10.15 in chips) 
Seat 5: schiller_88 ($12.39 in chips) 
Seat 6: epsilon2011 ($13.12 in chips) 
Mahu2021: posts small blind $0.05
Smet1984: posts big blind $0.10
*** HOLE CARDS ***
Dealt to Mahu2021 [5d 3h]
F2u&F2urFace: folds 
schiller_88: folds 
epsilon2011: folds 
danielbal: raises $0.10 to $0.20
Mahu2021: folds 
Smet1984: folds 
Uncalled bet ($0.10) returned to danielbal
danielbal collected $0.25 from pot
danielbal: doesn't show hand 
*** SUMMARY ***
Total pot $0.25 | Rake $0 
Seat 1: danielbal (button) collected ($0.25)
Seat 2: Mahu2021 (small blind) folded before Flop
Seat 3: Smet1984 (big blind) folded before Flop
Seat 4: F2u&F2urFace folded before Flop (didn't bet)
Seat 5: schiller_88 folded before Flop (didn't bet)
Seat 6: epsilon2011 folded before Flop (didn't bet)



PokerStars Zoom Hand #254057317731:  Hold'em No Limit ($0.05/$0.10) - 2024/12/27 21:32:39 CET [2024/12/27 15:32:39 ET]
Table 'Aludra' 6-max Seat #1 is the button
Seat 1: Mahu2021 ($13.16 in chips) 
Seat 2: vogiatzis97 ($12.38 in chips) 
Seat 3: JamieRyu ($10.32 in chips) 
Seat 4: NicBrotzu ($40.55 in chips) 
Seat 5: Boymack05 ($15.08 in chips) 
Seat 6: Zonizo ($27.62 in chips) 
vogiatzis97: posts small blind $0.05
JamieRyu: posts big blind $0.10
*** HOLE CARDS ***
Dealt to Mahu2021 [Jh Ks]
NicBrotzu: folds 
Boymack05: folds 
Zonizo: folds 
Mahu2021: raises $0.20 to $0.30
vogiatzis97: folds 
JamieRyu: calls $0.20
*** FLOP *** [3h 2c 8d]
JamieRyu: checks 
Mahu2021: checks 
*** TURN *** [3h 2c 8d] [9s]
JamieRyu: bets $0.16
Mahu2021: calls $0.16
*** RIVER *** [3h 2c 8d 9s] [7h]
JamieRyu: checks 
Mahu2021: checks 
*** SHOW DOWN ***
JamieRyu: shows [Kh 8h] (a pair of Eights)
Mahu2021: mucks hand 
JamieRyu collected $0.93 from pot
*** SUMMARY ***
Total pot $0.97 | Rake $0.04 
Board [3h 2c 8d 9s 7h]
Seat 1: Mahu2021 (button) mucked [Jh Ks]
Seat 2: vogiatzis97 (small blind) folded before Flop
Seat 3: JamieRyu (big blind) showed [Kh 8h] and won ($0.93) with a pair of Eights
Seat 4: NicBrotzu folded before Flop (didn't bet)
Seat 5: Boymack05 folded before Flop (didn't bet)
Seat 6: Zonizo folded before Flop (didn't bet)



PokerStars Zoom Hand #254057326520:  Hold'em No Limit ($0.05/$0.10) - 2024/12/27 21:33:05 CET [2024/12/27 15:33:05 ET]
Table 'Aludra' 6-max Seat #1 is the button
Seat 1: JamieRyu ($10.79 in chips) 
Seat 2: redmonkey98 ($14.75 in chips) 
Seat 3: NicBrotzu ($40.50 in chips) 
Seat 4: TopSaleman ($12.29 in chips) 
Seat 5: Boymack05 ($11.11 in chips) 
Seat 6: Mahu2021 ($12.70 in chips) 
redmonkey98: posts small blind $0.05
NicBrotzu: posts big blind $0.10
*** HOLE CARDS ***
Dealt to Mahu2021 [9d 8h]
TopSaleman: folds 
Boymack05: folds 
Mahu2021: folds 
JamieRyu: folds 
redmonkey98: folds 
Uncalled bet ($0.05) returned to NicBrotzu
NicBrotzu collected $0.10 from pot
NicBrotzu: doesn't show hand 
*** SUMMARY ***
Total pot $0.10 | Rake $0 
Seat 1: JamieRyu (button) folded before Flop (didn't bet)
Seat 2: redmonkey98 (small blind) folded before Flop
Seat 3: NicBrotzu (big blind) collected ($0.10)
Seat 4: TopSaleman folded before Flop (didn't bet)
Seat 5: Boymack05 folded before Flop (didn't bet)
Seat 6: Mahu2021 folded before Flop (didn't bet)



PokerStars Zoom Hand #254057328393:  Hold'em No Limit ($0.05/$0.10) - 2024/12/27 21:33:11 CET [2024/12/27 15:33:11 ET]
Table 'Aludra' 6-max Seat #1 is the button
Seat 1: 2hug0 ($12.86 in chips) 
Seat 2: simulati0n ($12.73 in chips) 
Seat 3: zadros1984a ($10.15 in chips) 
Seat 4: Apollolol ($10.70 in chips) 
Seat 5: Mahu2021 ($12.70 in chips) 
Seat 6: blysk ($12.46 in chips) 
simulati0n: posts small blind $0.05
zadros1984a: posts big blind $0.10
*** HOLE CARDS ***
Dealt to Mahu2021 [Jd Ac]
Apollolol: folds 
Mahu2021: raises $0.20 to $0.30
blysk: folds 
2hug0: folds 
simulati0n: folds 
zadros1984a: folds 
Uncalled bet ($0.20) returned to Mahu2021
Mahu2021 collected $0.25 from pot
Mahu2021: doesn't show hand 
*** SUMMARY ***
Total pot $0.25 | Rake $0 
Seat 1: 2hug0 (button) folded before Flop (didn't bet)
Seat 2: simulati0n (small blind) folded before Flop
Seat 3: zadros1984a (big blind) folded before Flop
Seat 4: Apollolol folded before Flop (didn't bet)
Seat 5: Mahu2021 collected ($0.25)
Seat 6: blysk folded before Flop (didn't bet)



PokerStars Zoom Hand #254057335266:  Hold'em No Limit ($0.05/$0.10) - 2024/12/27 21:33:31 CET [2024/12/27 15:33:31 ET]
Table 'Aludra' 6-max Seat #1 is the button
Seat 1: busfahrer09 ($10 in chips) 
Seat 2: Mahu2021 ($12.75 in chips) 
Seat 3: Ilimp72o ($12.56 in chips) 
Seat 4: DropIceoleito ($8.35 in chips) 
Seat 5: pougia777 ($10.64 in chips) 
Seat 6: narsefv ($12.17 in chips) 
Mahu2021: posts small blind $0.05
Ilimp72o: posts big blind $0.10
*** HOLE CARDS ***
Dealt to Mahu2021 [2h 4d]
DropIceoleito: folds 
pougia777: folds 
narsefv: folds 
busfahrer09: folds 
Mahu2021: folds 
Uncalled bet ($0.05) returned to Ilimp72o
Ilimp72o collected $0.10 from pot
Ilimp72o: doesn't show hand 
*** SUMMARY ***
Total pot $0.10 | Rake $0 
Seat 1: busfahrer09 (button) folded before Flop (didn't bet)
Seat 2: Mahu2021 (small blind) folded before Flop
Seat 3: Ilimp72o (big blind) collected ($0.10)
Seat 4: DropIceoleito folded before Flop (didn't bet)
Seat 5: pougia777 folded before Flop (didn't bet)
Seat 6: narsefv folded before Flop (didn't bet)



PokerStars Zoom Hand #254057337774:  Hold'em No Limit ($0.05/$0.10) - 2024/12/27 21:33:39 CET [2024/12/27 15:33:39 ET]
Table 'Aludra' 6-max Seat #1 is the button
Seat 1: Baratrum777 ($11.27 in chips) 
Seat 2: Ilimp72o ($12.61 in chips) 
Seat 3: hydra333 ($9.06 in chips) 
Seat 4: Avskum2010 ($10 in chips) 
Seat 5: Mahu2021 ($12.70 in chips) 
Seat 6: sevenseven33 ($4.75 in chips) 
Ilimp72o: posts small blind $0.05
hydra333: posts big blind $0.10
*** HOLE CARDS ***
Dealt to Mahu2021 [9c Kc]
Avskum2010: folds 
Mahu2021: raises $0.20 to $0.30
sevenseven33: folds 
Baratrum777: folds 
Ilimp72o: folds 
hydra333: folds 
Uncalled bet ($0.20) returned to Mahu2021
Mahu2021 collected $0.25 from pot
Mahu2021: doesn't show hand 
*** SUMMARY ***
Total pot $0.25 | Rake $0 
Seat 1: Baratrum777 (button) folded before Flop (didn't bet)
Seat 2: Ilimp72o (small blind) folded before Flop
Seat 3: hydra333 (big blind) folded before Flop
Seat 4: Avskum2010 folded before Flop (didn't bet)
Seat 5: Mahu2021 collected ($0.25)
Seat 6: sevenseven33 folded before Flop (didn't bet)



PokerStars Zoom Hand #254057343824:  Hold'em No Limit ($0.05/$0.10) - 2024/12/27 21:33:57 CET [2024/12/27 15:33:57 ET]
Table 'Aludra' 6-max Seat #1 is the button
Seat 1: Avskum2010 ($10.84 in chips) 
Seat 2: Mahu2021 ($12.85 in chips) 
Seat 3: justarifu ($5.98 in chips) 
Seat 4: fantonima ($4.59 in chips) 
Seat 5: RiZZo2107 ($22.12 in chips) 
Seat 6: milchengel ($20.13 in chips) 
Mahu2021: posts small blind $0.05
justarifu: posts big blind $0.10
*** HOLE CARDS ***
Dealt to Mahu2021 [3h 6h]
fantonima: raises $0.25 to $0.35
RiZZo2107: folds 
milchengel: folds 
Avskum2010: folds 
Mahu2021: folds 
justarifu: folds 
Uncalled bet ($0.25) returned to fantonima
fantonima collected $0.25 from pot
fantonima: doesn't show hand 
*** SUMMARY ***
Total pot $0.25 | Rake $0 
Seat 1: Avskum2010 (button) folded before Flop (didn't bet)
Seat 2: Mahu2021 (small blind) folded before Flop
Seat 3: justarifu (big blind) folded before Flop
Seat 4: fantonima collected ($0.25)
Seat 5: RiZZo2107 folded before Flop (didn't bet)
Seat 6: milchengel folded before Flop (didn't bet)



PokerStars Zoom Hand #254057342730:  Hold'em No Limit ($0.05/$0.10) - 2024/12/27 21:33:53 CET [2024/12/27 15:33:53 ET]
Table 'Aludra' 6-max Seat #1 is the button
Seat 1: fantonima ($4.59 in chips) 
Seat 2: RiZZo2107 ($22.17 in chips) 
Seat 3: sykora288 ($15.17 in chips) 
Seat 4: Mahu2021 ($12.85 in chips) 
Seat 5: F2u&F2urFace ($10 in chips) 
Seat 6: yakkai ($12.62 in chips) 
RiZZo2107: posts small blind $0.05
sykora288: posts big blind $0.10
*** HOLE CARDS ***
Dealt to Mahu2021 [7c 2h]
Mahu2021: folds 
F2u&F2urFace: folds 
yakkai: folds 
fantonima: folds 
RiZZo2107: folds 
Uncalled bet ($0.05) returned to sykora288
sykora288 collected $0.10 from pot
sykora288: doesn't show hand 
*** SUMMARY ***
Total pot $0.10 | Rake $0 
Seat 1: fantonima (button) folded before Flop (didn't bet)
Seat 2: RiZZo2107 (small blind) folded before Flop
Seat 3: sykora288 (big blind) collected ($0.10)
Seat 4: Mahu2021 folded before Flop (didn't bet)
Seat 5: F2u&F2urFace folded before Flop (didn't bet)
Seat 6: yakkai folded before Flop (didn't bet)



PokerStars Zoom Hand #254057333262:  Hold'em No Limit ($0.05/$0.10) - 2024/12/27 21:33:25 CET [2024/12/27 15:33:25 ET]
Table 'Aludra' 6-max Seat #1 is the button
Seat 1: F2u&F2urFace ($10 in chips) 
Seat 2: Bruno CP796 ($4.32 in chips) 
Seat 3: Mahu2021 ($12.85 in chips) 
Seat 4: blysk ($16.33 in chips) 
Seat 5: zadros1984a ($10.05 in chips) 
Seat 6: hiding.by ($10.10 in chips) 
Bruno CP796: posts small blind $0.05
Mahu2021: posts big blind $0.10
*** HOLE CARDS ***
Dealt to Mahu2021 [3c 2h]
blysk: raises $0.10 to $0.20
zadros1984a: folds 
hiding.by: folds 
F2u&F2urFace: calls $0.20
Bruno CP796: folds 
Mahu2021: folds 
*** FLOP *** [9h Qc Tc]
blysk: checks 
F2u&F2urFace: bets $0.41
blysk: calls $0.41
*** TURN *** [9h Qc Tc] [Ac]
blysk: checks 
F2u&F2urFace: bets $0.90
blysk: folds 
Uncalled bet ($0.90) returned to F2u&F2urFace
F2u&F2urFace collected $1.31 from pot
F2u&F2urFace: doesn't show hand 
*** SUMMARY ***
Total pot $1.37 | Rake $0.06 
Board [9h Qc Tc Ac]
Seat 1: F2u&F2urFace (button) collected ($1.31)
Seat 2: Bruno CP796 (small blind) folded before Flop
Seat 3: Mahu2021 (big blind) folded before Flop
Seat 4: blysk folded on the Turn
Seat 5: zadros1984a folded before Flop (didn't bet)
Seat 6: hiding.by folded before Flop (didn't bet)



PokerStars Zoom Hand #254057336692:  Hold'em No Limit ($0.05/$0.10) - 2024/12/27 21:33:35 CET [2024/12/27 15:33:35 ET]
Table 'Aludra' 6-max Seat #1 is the button
Seat 1: Mahu2021 ($12.70 in chips) 
Seat 2: Apollolol ($10.77 in chips) 
Seat 3: 2ater ($21.20 in chips) 
Seat 4: Gxzd ($9.03 in chips) 
Seat 5: JAntdog ($10 in chips) 
Seat 6: Gianzindopoker ($14.07 in chips) 
Apollolol: posts small blind $0.05
2ater: posts big blind $0.10
*** HOLE CARDS ***
Dealt to Mahu2021 [5s Td]
Gxzd: folds 
JAntdog: folds 
Gianzindopoker: folds 
Mahu2021: folds 
Apollolol: raises $0.20 to $0.30
2ater: calls $0.20
*** FLOP *** [9h 2s 8s]
Apollolol: checks 
2ater: bets $0.43
Apollolol: folds 
Uncalled bet ($0.43) returned to 2ater
2ater collected $0.57 from pot
2ater: doesn't show hand 
*** SUMMARY ***
Total pot $0.60 | Rake $0.03 
Board [9h 2s 8s]
Seat 1: Mahu2021 (button) folded before Flop (didn't bet)
Seat 2: Apollolol (small blind) folded on the Flop
Seat 3: 2ater (big blind) collected ($0.57)
Seat 4: Gxzd folded before Flop (didn't bet)
Seat 5: JAntdog folded before Flop (didn't bet)
Seat 6: Gianzindopoker folded before Flop (didn't bet)



PokerStars Zoom Hand #254057346715:  Hold'em No Limit ($0.05/$0.10) - 2024/12/27 21:34:06 CET [2024/12/27 15:34:06 ET]
Table 'Aludra' 6-max Seat #1 is the button
Seat 1: Chestiefol ($31.99 in chips) 
Seat 2: danielbal ($5.06 in chips) 
Seat 3: RiZZo2107 ($22.12 in chips) 
Seat 4: 2hug0 ($12.76 in chips) 
Seat 5: simulati0n ($12.83 in chips) 
Seat 6: Mahu2021 ($12.80 in chips) 
danielbal: posts small blind $0.05
RiZZo2107: posts big blind $0.10
*** HOLE CARDS ***
Dealt to Mahu2021 [8s 4h]
2hug0: folds 
simulati0n: raises $0.25 to $0.35
Mahu2021: folds 
Chestiefol: calls $0.35
danielbal: folds 
RiZZo2107: calls $0.25
*** FLOP *** [6s 4s Qh]
RiZZo2107: checks 
simulati0n: checks 
Chestiefol: bets $0.32
RiZZo2107: folds 
simulati0n: folds 
Uncalled bet ($0.32) returned to Chestiefol
Chestiefol collected $1.05 from pot
Chestiefol: doesn't show hand 
*** SUMMARY ***
Total pot $1.10 | Rake $0.05 
Board [6s 4s Qh]
Seat 1: Chestiefol (button) collected ($1.05)
Seat 2: danielbal (small blind) folded before Flop
Seat 3: RiZZo2107 (big blind) folded on the Flop
Seat 4: 2hug0 folded before Flop (didn't bet)
Seat 5: simulati0n folded on the Flop
Seat 6: Mahu2021 folded before Flop (didn't bet)



PokerStars Zoom Hand #254057348016:  Hold'em No Limit ($0.05/$0.10) - 2024/12/27 21:34:09 CET [2024/12/27 15:34:09 ET]
Table 'Aludra' 6-max Seat #1 is the button
Seat 1: hydra333 ($8.91 in chips) 
Seat 2: jsam0023 ($9.97 in chips) 
Seat 3: Mahu2021 ($12.80 in chips) 
Seat 4: Mr_Plejer7x ($10 in chips) 
Seat 5: H&PAG ($19.42 in chips) 
Seat 6: Jaironi ($4.85 in chips) 
jsam0023: posts small blind $0.05
Mahu2021: posts big blind $0.10
*** HOLE CARDS ***
Dealt to Mahu2021 [Ad 2h]
Mr_Plejer7x: folds 
H&PAG: raises $0.25 to $0.35
Jaironi: folds 
hydra333: folds 
jsam0023: folds 
Mahu2021: folds 
Uncalled bet ($0.25) returned to H&PAG
H&PAG collected $0.25 from pot
H&PAG: doesn't show hand 
*** SUMMARY ***
Total pot $0.25 | Rake $0 
Seat 1: hydra333 (button) folded before Flop (didn't bet)
Seat 2: jsam0023 (small blind) folded before Flop
Seat 3: Mahu2021 (big blind) folded before Flop
Seat 4: Mr_Plejer7x folded before Flop (didn't bet)
Seat 5: H&PAG collected ($0.25)
Seat 6: Jaironi folded before Flop (didn't bet)



PokerStars Zoom Hand #254057353447:  Hold'em No Limit ($0.05/$0.10) - 2024/12/27 21:34:25 CET [2024/12/27 15:34:25 ET]
Table 'Aludra' 6-max Seat #1 is the button
Seat 1: Mahu2021 ($12.70 in chips) 
Seat 2: hydra333 ($8.81 in chips) 
Seat 3: Ripshaw10 ($11.11 in chips) 
Seat 4: 2ater ($20.06 in chips) 
Seat 5: Jaironi ($4.85 in chips) 
Seat 6: Loose Dollar ($17.18 in chips) 
hydra333: posts small blind $0.05
Ripshaw10: posts big blind $0.10
*** HOLE CARDS ***
Dealt to Mahu2021 [2s Kc]
2ater: folds 
Jaironi: folds 
Loose Dollar: folds 
Mahu2021: folds 
hydra333: folds 
Uncalled bet ($0.05) returned to Ripshaw10
Ripshaw10 collected $0.10 from pot
Ripshaw10: doesn't show hand 
*** SUMMARY ***
Total pot $0.10 | Rake $0 
Seat 1: Mahu2021 (button) folded before Flop (didn't bet)
Seat 2: hydra333 (small blind) folded before Flop
Seat 3: Ripshaw10 (big blind) collected ($0.10)
Seat 4: 2ater folded before Flop (didn't bet)
Seat 5: Jaironi folded before Flop (didn't bet)
Seat 6: Loose Dollar folded before Flop (didn't bet)



PokerStars Zoom Hand #254057354852:  Hold'em No Limit ($0.05/$0.10) - 2024/12/27 21:34:30 CET [2024/12/27 15:34:30 ET]
Table 'Aludra' 6-max Seat #1 is the button
Seat 1: SuperLogico87 ($10 in chips) 
Seat 2: masa2929 ($10.30 in chips) 
Seat 3: hatoya3 ($31.06 in chips) 
Seat 4: Mahu2021 ($12.70 in chips) 
Seat 5: Smet1984 ($11.48 in chips) 
Seat 6: F2u&F2urFace ($10.65 in chips) 
masa2929: posts small blind $0.05
hatoya3: posts big blind $0.10
*** HOLE CARDS ***
Dealt to Mahu2021 [6h Ts]
Mahu2021: folds 
Smet1984: raises $0.20 to $0.30
F2u&F2urFace: raises $0.70 to $1
SuperLogico87: folds 
masa2929: folds 
hatoya3: folds 
Smet1984: folds 
Uncalled bet ($0.70) returned to F2u&F2urFace
F2u&F2urFace collected $0.75 from pot
F2u&F2urFace: doesn't show hand 
*** SUMMARY ***
Total pot $0.75 | Rake $0 
Seat 1: SuperLogico87 (button) folded before Flop (didn't bet)
Seat 2: masa2929 (small blind) folded before Flop
Seat 3: hatoya3 (big blind) folded before Flop
Seat 4: Mahu2021 folded before Flop (didn't bet)
Seat 5: Smet1984 folded before Flop
Seat 6: F2u&F2urFace collected ($0.75)



PokerStars Zoom Hand #254057356942:  Hold'em No Limit ($0.05/$0.10) - 2024/12/27 21:34:36 CET [2024/12/27 15:34:36 ET]
Table 'Aludra' 6-max Seat #1 is the button
Seat 1: NicBrotzu ($49.70 in chips) 
Seat 2: alfredo_2855 ($11.14 in chips) 
Seat 3: Chestiefol ($32.69 in chips) 
Seat 4: Ale.A.S.M.R ($14.62 in chips) 
Seat 5: Mahu2021 ($12.70 in chips) 
Seat 6: TGVon ($10.15 in chips) 
alfredo_2855: posts small blind $0.05
Chestiefol: posts big blind $0.10
*** HOLE CARDS ***
Dealt to Mahu2021 [Kc 4c]
Ale.A.S.M.R: folds 
Mahu2021: folds 
TGVon: folds 
NicBrotzu: folds 
alfredo_2855: raises $0.10 to $0.20
Chestiefol: calls $0.10
*** FLOP *** [9h Jc 3h]
alfredo_2855: bets $0.19
Chestiefol: calls $0.19
*** TURN *** [9h Jc 3h] [Kd]
alfredo_2855: bets $0.20
Chestiefol: calls $0.20
*** RIVER *** [9h Jc 3h Kd] [As]
alfredo_2855: checks 
Chestiefol: checks 
*** SHOW DOWN ***
alfredo_2855: shows [Jh Qd] (a pair of Jacks)
Chestiefol: mucks hand 
alfredo_2855 collected $1.13 from pot
*** SUMMARY ***
Total pot $1.18 | Rake $0.05 
Board [9h Jc 3h Kd As]
Seat 1: NicBrotzu (button) folded before Flop (didn't bet)
Seat 2: alfredo_2855 (small blind) showed [Jh Qd] and won ($1.13) with a pair of Jacks
Seat 3: Chestiefol (big blind) mucked [Js 8s]
Seat 4: Ale.A.S.M.R folded before Flop (didn't bet)
Seat 5: Mahu2021 folded before Flop (didn't bet)
Seat 6: TGVon folded before Flop (didn't bet)



PokerStars Zoom Hand #254057359119:  Hold'em No Limit ($0.05/$0.10) - 2024/12/27 21:34:42 CET [2024/12/27 15:34:42 ET]
Table 'Aludra' 6-max Seat #1 is the button
Seat 1: Baratrum777 ($11.12 in chips) 
Seat 2: Alexsny13 ($21.89 in chips) 
Seat 3: Ale.A.S.M.R ($32.26 in chips) 
Seat 4: redmonkey98 ($14.59 in chips) 
Seat 5: Avskum2010 ($10 in chips) 
Seat 6: Mahu2021 ($12.70 in chips) 
Alexsny13: posts small blind $0.05
Ale.A.S.M.R: posts big blind $0.10
*** HOLE CARDS ***
Dealt to Mahu2021 [Qs Kc]
redmonkey98 has timed out
redmonkey98: folds 
Avskum2010: folds 
Mahu2021: raises $0.20 to $0.30
Baratrum777: folds 
Alexsny13: folds 
Ale.A.S.M.R: raises $0.65 to $0.95
Mahu2021: folds 
Uncalled bet ($0.65) returned to Ale.A.S.M.R
Ale.A.S.M.R collected $0.65 from pot
Ale.A.S.M.R: doesn't show hand 
*** SUMMARY ***
Total pot $0.65 | Rake $0 
Seat 1: Baratrum777 (button) folded before Flop (didn't bet)
Seat 2: Alexsny13 (small blind) folded before Flop
Seat 3: Ale.A.S.M.R (big blind) collected ($0.65)
Seat 4: redmonkey98 folded before Flop (didn't bet)
Seat 5: Avskum2010 folded before Flop (didn't bet)
Seat 6: Mahu2021 folded before Flop



PokerStars Zoom Hand #254057371652:  Hold'em No Limit ($0.05/$0.10) - 2024/12/27 21:35:20 CET [2024/12/27 15:35:20 ET]
Table 'Aludra' 6-max Seat #1 is the button
Seat 1: narsefv ($10.40 in chips) 
Seat 2: milchengel ($19.73 in chips) 
Seat 3: Mahu2021 ($12.40 in chips) 
Seat 4: Apollolol ($10.52 in chips) 
Seat 5: PRIMSHIC ($11.05 in chips) 
Seat 6: sevenseven33 ($5.87 in chips) 
milchengel: posts small blind $0.05
Mahu2021: posts big blind $0.10
*** HOLE CARDS ***
Dealt to Mahu2021 [Jc 8h]
Apollolol: folds 
PRIMSHIC: folds 
sevenseven33: folds 
narsefv: folds 
milchengel: folds 
Uncalled bet ($0.05) returned to Mahu2021
Mahu2021 collected $0.10 from pot
Mahu2021: doesn't show hand 
*** SUMMARY ***
Total pot $0.10 | Rake $0 
Seat 1: narsefv (button) folded before Flop (didn't bet)
Seat 2: milchengel (small blind) folded before Flop
Seat 3: Mahu2021 (big blind) collected ($0.10)
Seat 4: Apollolol folded before Flop (didn't bet)
Seat 5: PRIMSHIC folded before Flop (didn't bet)
Seat 6: sevenseven33 folded before Flop (didn't bet)



PokerStars Zoom Hand #254057375477:  Hold'em No Limit ($0.05/$0.10) - 2024/12/27 21:35:32 CET [2024/12/27 15:35:32 ET]
Table 'Aludra' 6-max Seat #1 is the button
Seat 1: Ripshaw10 ($9.65 in chips) 
Seat 2: Mahu2021 ($12.45 in chips) 
Seat 3: hydra333 ($8.61 in chips) 
Seat 4: NicBrotzu ($49.60 in chips) 
Seat 5: JAntdog ($10.02 in chips) 
Seat 6: ingenskillz ($9.85 in chips) 
Mahu2021: posts small blind $0.05
hydra333: posts big blind $0.10
*** HOLE CARDS ***
Dealt to Mahu2021 [3h 6h]
NicBrotzu: folds 
JAntdog: folds 
ingenskillz: raises $0.12 to $0.22
Ripshaw10: folds 
Mahu2021: folds 
hydra333: folds 
Uncalled bet ($0.12) returned to ingenskillz
ingenskillz collected $0.25 from pot
ingenskillz: doesn't show hand 
*** SUMMARY ***
Total pot $0.25 | Rake $0 
Seat 1: Ripshaw10 (button) folded before Flop (didn't bet)
Seat 2: Mahu2021 (small blind) folded before Flop
Seat 3: hydra333 (big blind) folded before Flop
Seat 4: NicBrotzu folded before Flop (didn't bet)
Seat 5: JAntdog folded before Flop (didn't bet)
Seat 6: ingenskillz collected ($0.25)



PokerStars Zoom Hand #254057380246:  Hold'em No Limit ($0.05/$0.10) - 2024/12/27 21:35:46 CET [2024/12/27 15:35:46 ET]
Table 'Aludra' 6-max Seat #1 is the button
Seat 1: Mahu2021 ($12.40 in chips) 
Seat 2: NicBrotzu ($49.60 in chips) 
Seat 3: JamieRyu ($10 in chips) 
Seat 4: Gxzd ($14.77 in chips) 
Seat 5: JAntdog ($10.25 in chips) 
Seat 6: Alexsny13 ($21.69 in chips) 
NicBrotzu: posts small blind $0.05
JamieRyu: posts big blind $0.10
*** HOLE CARDS ***
Dealt to Mahu2021 [3s Ad]
Gxzd: folds 
JAntdog: raises $0.15 to $0.25
Alexsny13: folds 
Mahu2021: folds 
NicBrotzu: folds 
JamieRyu: folds 
Uncalled bet ($0.15) returned to JAntdog
JAntdog collected $0.25 from pot
JAntdog: doesn't show hand 
*** SUMMARY ***
Total pot $0.25 | Rake $0 
Seat 1: Mahu2021 (button) folded before Flop (didn't bet)
Seat 2: NicBrotzu (small blind) folded before Flop
Seat 3: JamieRyu (big blind) folded before Flop
Seat 4: Gxzd folded before Flop (didn't bet)
Seat 5: JAntdog collected ($0.25)
Seat 6: Alexsny13 folded before Flop (didn't bet)



PokerStars Zoom Hand #254057376856:  Hold'em No Limit ($0.05/$0.10) - 2024/12/27 21:35:36 CET [2024/12/27 15:35:36 ET]
Table 'Aludra' 6-max Seat #1 is the button
Seat 1: Smet1984 ($11.18 in chips) 
Seat 2: F2u&F2urFace ($10.32 in chips) 
Seat 3: TGVon ($10.43 in chips) 
Seat 4: NicBrotzu ($49.60 in chips) 
Seat 5: Mahu2021 ($12.40 in chips) 
Seat 6: Jamila555333555 ($5.07 in chips) 
F2u&F2urFace: posts small blind $0.05
TGVon: posts big blind $0.10
*** HOLE CARDS ***
Dealt to Mahu2021 [7s 4c]
NicBrotzu: folds 
Mahu2021: folds 
Jamila555333555: raises $0.10 to $0.20
Smet1984: folds 
F2u&F2urFace: folds 
TGVon: calls $0.10
*** FLOP *** [4d 7h 4h]
TGVon: checks 
Jamila555333555: bets $0.20
TGVon: raises $0.60 to $0.80
Jamila555333555: folds 
Uncalled bet ($0.60) returned to TGVon
TGVon collected $0.81 from pot
TGVon: doesn't show hand 
*** SUMMARY ***
Total pot $0.85 | Rake $0.04 
Board [4d 7h 4h]
Seat 1: Smet1984 (button) folded before Flop (didn't bet)
Seat 2: F2u&F2urFace (small blind) folded before Flop
Seat 3: TGVon (big blind) collected ($0.81)
Seat 4: NicBrotzu folded before Flop (didn't bet)
Seat 5: Mahu2021 folded before Flop (didn't bet)
Seat 6: Jamila555333555 folded on the Flop



PokerStars Zoom Hand #254057378535:  Hold'em No Limit ($0.05/$0.10) - 2024/12/27 21:35:41 CET [2024/12/27 15:35:41 ET]
Table 'Aludra' 6-max Seat #1 is the button
Seat 1: OscarLorr ($3.77 in chips) 
Seat 2: Baratrum777 ($11.17 in chips) 
Seat 3: 2ater ($22.82 in chips) 
Seat 4: Mahu2021 ($12.40 in chips) 
Seat 5: Chestiefol ($26.44 in chips) 
Seat 6: cablemage ($10.99 in chips) 
Baratrum777: posts small blind $0.05
2ater: posts big blind $0.10
*** HOLE CARDS ***
Dealt to Mahu2021 [8d Jc]
Mahu2021: folds 
Chestiefol: folds 
cablemage: folds 
OscarLorr: folds 
Baratrum777: raises $0.20 to $0.30
2ater: folds 
Uncalled bet ($0.20) returned to Baratrum777
Baratrum777 collected $0.20 from pot
Baratrum777: doesn't show hand 
*** SUMMARY ***
Total pot $0.20 | Rake $0 
Seat 1: OscarLorr (button) folded before Flop (didn't bet)
Seat 2: Baratrum777 (small blind) collected ($0.20)
Seat 3: 2ater (big blind) folded before Flop
Seat 4: Mahu2021 folded before Flop (didn't bet)
Seat 5: Chestiefol folded before Flop (didn't bet)
Seat 6: cablemage folded before Flop (didn't bet)



PokerStars Zoom Hand #254057383224:  Hold'em No Limit ($0.05/$0.10) - 2024/12/27 21:35:55 CET [2024/12/27 15:35:55 ET]
Table 'Aludra' 6-max Seat #1 is the button
Seat 1: masa2929 ($9.95 in chips) 
Seat 2: Mahu2021 ($12.40 in chips) 
Seat 3: aamsantos ($9.88 in chips) 
Seat 4: Apollolol ($9.97 in chips) 
Seat 5: milchengel ($20.17 in chips) 
Seat 6: Alexsny13 ($21.69 in chips) 
Mahu2021: posts small blind $0.05
aamsantos: posts big blind $0.10
*** HOLE CARDS ***
Dealt to Mahu2021 [2c 6h]
Apollolol: folds 
milchengel: folds 
Alexsny13: raises $0.10 to $0.20
masa2929: folds 
Mahu2021: folds 
aamsantos: calls $0.10
*** FLOP *** [Qd Ah 7s]
aamsantos: checks 
Alexsny13: bets $0.22
aamsantos: calls $0.22
*** TURN *** [Qd Ah 7s] [3h]
aamsantos: checks 
Alexsny13: bets $0.53
aamsantos: folds 
Uncalled bet ($0.53) returned to Alexsny13
Alexsny13 collected $0.85 from pot
Alexsny13: doesn't show hand 
*** SUMMARY ***
Total pot $0.89 | Rake $0.04 
Board [Qd Ah 7s 3h]
Seat 1: masa2929 (button) folded before Flop (didn't bet)
Seat 2: Mahu2021 (small blind) folded before Flop
Seat 3: aamsantos (big blind) folded on the Turn
Seat 4: Apollolol folded before Flop (didn't bet)
Seat 5: milchengel folded before Flop (didn't bet)
Seat 6: Alexsny13 collected ($0.85)



PokerStars Zoom Hand #254057384927:  Hold'em No Limit ($0.05/$0.10) - 2024/12/27 21:36:00 CET [2024/12/27 15:36:00 ET]
Table 'Aludra' 6-max Seat #1 is the button
Seat 1: Apollolol ($9.97 in chips) 
Seat 2: TylerT91 ($9 in chips) 
Seat 3: Ripshaw10 ($12.66 in chips) 
Seat 4: Mr_Plejer7x ($10.22 in chips) 
Seat 5: yakkai ($12.48 in chips) 
Seat 6: Mahu2021 ($12.35 in chips) 
TylerT91: posts small blind $0.05
Ripshaw10: posts big blind $0.10
*** HOLE CARDS ***
Dealt to Mahu2021 [8h Kh]
Mr_Plejer7x: folds 
yakkai: folds 
Mahu2021: raises $0.20 to $0.30
Apollolol: folds 
TylerT91: calls $0.25
Ripshaw10: folds 
*** FLOP *** [6s Kd 3h]
TylerT91: checks 
Mahu2021: bets $0.67
TylerT91: calls $0.67
*** TURN *** [6s Kd 3h] [2c]
TylerT91: checks 
Mahu2021: bets $1.95
TylerT91: calls $1.95
*** RIVER *** [6s Kd 3h 2c] [2h]
TylerT91: checks 
Mahu2021: checks 
*** SHOW DOWN ***
TylerT91: shows [8d Ks] (two pair, Kings and Deuces)
Mahu2021: shows [8h Kh] (two pair, Kings and Deuces)
TylerT91 collected $2.84 from pot
Mahu2021 collected $2.83 from pot
*** SUMMARY ***
Total pot $5.94 | Rake $0.27 
Board [6s Kd 3h 2c 2h]
Seat 1: Apollolol (button) folded before Flop (didn't bet)
Seat 2: TylerT91 (small blind) showed [8d Ks] and won ($2.84) with two pair, Kings and Deuces
Seat 3: Ripshaw10 (big blind) folded before Flop
Seat 4: Mr_Plejer7x folded before Flop (didn't bet)
Seat 5: yakkai folded before Flop (didn't bet)
Seat 6: Mahu2021 showed [8h Kh] and won ($2.83) with two pair, Kings and Deuces



PokerStars Zoom Hand #254057396990:  Hold'em No Limit ($0.05/$0.10) - 2024/12/27 21:36:36 CET [2024/12/27 15:36:36 ET]
Table 'Aludra' 6-max Seat #1 is the button
Seat 1: Smet1984 ($11.03 in chips) 
Seat 2: hydra333 ($8.61 in chips) 
Seat 3: Mahu2021 ($12.26 in chips) 
Seat 4: cghap ($17.71 in chips) 
Seat 5: Baratrum777 ($11.15 in chips) 
Seat 6: Textures777 ($10 in chips) 
hydra333: posts small blind $0.05
Mahu2021: posts big blind $0.10
*** HOLE CARDS ***
Dealt to Mahu2021 [8h Th]
cghap: raises $0.15 to $0.25
Baratrum777: folds 
Textures777: folds 
Smet1984: folds 
hydra333: folds 
Mahu2021: folds 
Uncalled bet ($0.15) returned to cghap
cghap collected $0.25 from pot
cghap: doesn't show hand 
*** SUMMARY ***
Total pot $0.25 | Rake $0 
Seat 1: Smet1984 (button) folded before Flop (didn't bet)
Seat 2: hydra333 (small blind) folded before Flop
Seat 3: Mahu2021 (big blind) folded before Flop
Seat 4: cghap collected ($0.25)
Seat 5: Baratrum777 folded before Flop (didn't bet)
Seat 6: Textures777 folded before Flop (didn't bet)



