PokerStars Hand #243277293379: Tournament #3581718324, $4.60+$0.40 USD Hold'em No Limit - Level I (10/20) - 2023/04/23 22:34:15 CET [2023/04/23 16:34:15 ET]
Table '3581718324 1' 3-max Seat #1 is the button
Seat 1: shperc (500 in chips) 
Seat 2: real TrotiL (500 in chips) 
Seat 3: Mahu2021 (500 in chips) 
real TrotiL: posts small blind 10
Mahu2021: posts big blind 20
*** HOLE CARDS ***
Dealt to Mahu2021 [Ad 3c]
shperc: folds 
real TrotiL: raises 20 to 40
Mahu2021: calls 20
*** FLOP *** [As Jc 4h]
real TrotiL: bets 80
Mahu2021: calls 80
*** TURN *** [As Jc 4h] [Ks]
real TrotiL: checks 
Mahu2021: checks 
*** RIVER *** [As Jc 4h Ks] [5d]
real TrotiL: bets 240
Mahu2021: calls 240
*** SHOW DOWN ***
real TrotiL: shows [Js 4s] (two pair, Jacks and Fours)
Mahu2021: mucks hand 
real TrotiL collected 720 from pot
*** SUMMARY ***
Total pot 720 | Rake 0 
Board [As Jc 4h Ks 5d]
Seat 1: shperc (button) folded before Flop (didn't bet)
Seat 2: real TrotiL (small blind) showed [Js 4s] and won (720) with two pair, Jacks and Fours
Seat 3: Mahu2021 (big blind) mucked [Ad 3c]



PokerStars Hand #243277302196: Tournament #3581718324, $4.60+$0.40 USD Hold'em No Limit - Level I (10/20) - 2023/04/23 22:34:34 CET [2023/04/23 16:34:34 ET]
Table '3581718324 1' 3-max Seat #2 is the button
Seat 1: shperc (500 in chips) 
Seat 2: real TrotiL (860 in chips) 
Seat 3: Mahu2021 (140 in chips) 
Mahu2021: posts small blind 10
shperc: posts big blind 20
*** HOLE CARDS ***
Dealt to Mahu2021 [5h 6c]
real TrotiL: folds 
Mahu2021: calls 10
shperc: raises 40 to 60
Mahu2021: raises 80 to 140 and is all-in
shperc: calls 80
*** FLOP *** [Kc Qd Qh]
*** TURN *** [Kc Qd Qh] [Ad]
*** RIVER *** [Kc Qd Qh Ad] [7h]
*** SHOW DOWN ***
Mahu2021: shows [5h 6c] (a pair of Queens)
shperc: shows [Ah 4c] (two pair, Aces and Queens)
shperc collected 280 from pot
Mahu2021 finished the tournament in 3rd place
*** SUMMARY ***
Total pot 280 | Rake 0 
Board [Kc Qd Qh Ad 7h]
Seat 1: shperc (big blind) showed [Ah 4c] and won (280) with two pair, Aces and Queens
Seat 2: real TrotiL (button) folded before Flop (didn't bet)
Seat 3: Mahu2021 (small blind) showed [5h 6c] and lost with a pair of Queens



