PokerStars Zoom Hand #255162624834:  Hold'em No Limit ($0.05/$0.10) - 2025/03/06 12:10:10 CET [2025/03/06 6:10:10 ET]
Table 'Aludra' 6-max Seat #1 is the button
Seat 1: Footraiser ($23.03 in chips) 
Seat 2: IVERNMAN ($10.91 in chips) 
Seat 3: Mahu2021 ($10 in chips) 
Seat 4: kimmand ($13.81 in chips) 
Seat 5: Lim 2589 ($10.78 in chips) 
Seat 6: tafarel8 ($10.10 in chips) 
IVERNMAN: posts small blind $0.05
Mahu2021: posts big blind $0.10
*** HOLE CARDS ***
Dealt to Mahu2021 [Kd 7c]
kimmand: folds 
Lim 2589: folds 
tafarel8: folds 
Footraiser: raises $0.15 to $0.25
IVERNMAN: folds 
Mahu2021: folds 
Uncalled bet ($0.15) returned to Footraiser
Footraiser collected $0.25 from pot
Footraiser: doesn't show hand 
*** SUMMARY ***
Total pot $0.25 | Rake $0 
Seat 1: Footraiser (button) collected ($0.25)
Seat 2: IVERNMAN (small blind) folded before Flop
Seat 3: Mahu2021 (big blind) folded before Flop
Seat 4: kimmand folded before Flop (didn't bet)
Seat 5: Lim 2589 folded before Flop (didn't bet)
Seat 6: tafarel8 folded before Flop (didn't bet)



PokerStars Zoom Hand #255162625843:  Hold'em No Limit ($0.05/$0.10) - 2025/03/06 12:10:19 CET [2025/03/06 6:10:19 ET]
Table 'Aludra' 6-max Seat #1 is the button
Seat 1: NowLow170 ($9.71 in chips) 
Seat 2: Mahu2021 ($9.90 in chips) 
Seat 3: pcsk8 ($13.12 in chips) 
Seat 4: Winik810 ($10 in chips) 
Seat 5: Robertrby73 ($11.13 in chips) 
Seat 6: Vaka89 ($10 in chips) 
Mahu2021: posts small blind $0.05
pcsk8: posts big blind $0.10
*** HOLE CARDS ***
Dealt to Mahu2021 [8c Kh]
Winik810: folds 
Robertrby73: folds 
Vaka89: raises $0.10 to $0.20
NowLow170: folds 
Mahu2021: folds 
pcsk8: folds 
Uncalled bet ($0.10) returned to Vaka89
Vaka89 collected $0.25 from pot
Vaka89: doesn't show hand 
*** SUMMARY ***
Total pot $0.25 | Rake $0 
Seat 1: NowLow170 (button) folded before Flop (didn't bet)
Seat 2: Mahu2021 (small blind) folded before Flop
Seat 3: pcsk8 (big blind) folded before Flop
Seat 4: Winik810 folded before Flop (didn't bet)
Seat 5: Robertrby73 folded before Flop (didn't bet)
Seat 6: Vaka89 collected ($0.25)



PokerStars Zoom Hand #255162626662:  Hold'em No Limit ($0.05/$0.10) - 2025/03/06 12:10:26 CET [2025/03/06 6:10:26 ET]
Table 'Aludra' 6-max Seat #1 is the button
Seat 1: IVERNMAN ($11.20 in chips) 
Seat 2: augtoth ($10 in chips) 
Seat 3: JustRaise7 ($10 in chips) 
Seat 4: chilli60 ($8.93 in chips) 
Seat 5: vicegoodman ($10 in chips) 
Seat 6: Mahu2021 ($9.85 in chips) 
augtoth: posts small blind $0.05
JustRaise7: posts big blind $0.10
*** HOLE CARDS ***
Dealt to Mahu2021 [2h 9s]
chilli60: folds 
vicegoodman: folds 
Mahu2021: folds 
IVERNMAN: raises $0.10 to $0.20
augtoth: raises $0.80 to $1
JustRaise7: folds 
IVERNMAN: folds 
Uncalled bet ($0.80) returned to augtoth
augtoth collected $0.50 from pot
augtoth: doesn't show hand 
*** SUMMARY ***
Total pot $0.50 | Rake $0 
Seat 1: IVERNMAN (button) folded before Flop
Seat 2: augtoth (small blind) collected ($0.50)
Seat 3: JustRaise7 (big blind) folded before Flop
Seat 4: chilli60 folded before Flop (didn't bet)
Seat 5: vicegoodman folded before Flop (didn't bet)
Seat 6: Mahu2021 folded before Flop (didn't bet)



PokerStars Zoom Hand #255162627841:  Hold'em No Limit ($0.05/$0.10) - 2025/03/06 12:10:37 CET [2025/03/06 6:10:37 ET]
Table 'Aludra' 6-max Seat #1 is the button
Seat 1: Mahu2021 ($9.85 in chips) 
Seat 2: Winik810 ($10 in chips) 
Seat 3: Georg006830 ($17.91 in chips) 
Seat 4: Yash1ch ($9.09 in chips) 
Seat 5: pcsk8 ($44.34 in chips) 
Seat 6: Devans18180 ($11.46 in chips) 
Winik810: posts small blind $0.05
Georg006830: posts big blind $0.10
*** HOLE CARDS ***
Dealt to Mahu2021 [8s 6d]
Yash1ch: raises $0.10 to $0.20
pcsk8: folds 
Devans18180: folds 
Mahu2021: folds 
Winik810: folds 
Georg006830: folds 
Uncalled bet ($0.10) returned to Yash1ch
Yash1ch collected $0.25 from pot
Yash1ch: doesn't show hand 
*** SUMMARY ***
Total pot $0.25 | Rake $0 
Seat 1: Mahu2021 (button) folded before Flop (didn't bet)
Seat 2: Winik810 (small blind) folded before Flop
Seat 3: Georg006830 (big blind) folded before Flop
Seat 4: Yash1ch collected ($0.25)
Seat 5: pcsk8 folded before Flop (didn't bet)
Seat 6: Devans18180 folded before Flop (didn't bet)



PokerStars Zoom Hand #255162627566:  Hold'em No Limit ($0.05/$0.10) - 2025/03/06 12:10:34 CET [2025/03/06 6:10:34 ET]
Table 'Aludra' 6-max Seat #1 is the button
Seat 1: Strelets.UA ($10 in chips) 
Seat 2: P1ntail ($13.80 in chips) 
Seat 3: kimmand ($7.81 in chips) 
Seat 4: Netzath ($10.26 in chips) 
Seat 5: Mahu2021 ($9.85 in chips) 
Seat 6: CrazyDizell ($13.08 in chips) 
P1ntail: posts small blind $0.05
kimmand: posts big blind $0.10
*** HOLE CARDS ***
Dealt to Mahu2021 [6h 2s]
Netzath: folds 
Mahu2021: folds 
CrazyDizell: folds 
Strelets.UA: folds 
P1ntail: raises $0.22 to $0.32
kimmand: folds 
Uncalled bet ($0.22) returned to P1ntail
P1ntail collected $0.20 from pot
P1ntail: doesn't show hand 
*** SUMMARY ***
Total pot $0.20 | Rake $0 
Seat 1: Strelets.UA (button) folded before Flop (didn't bet)
Seat 2: P1ntail (small blind) collected ($0.20)
Seat 3: kimmand (big blind) folded before Flop
Seat 4: Netzath folded before Flop (didn't bet)
Seat 5: Mahu2021 folded before Flop (didn't bet)
Seat 6: CrazyDizell folded before Flop (didn't bet)



PokerStars Zoom Hand #255162627198:  Hold'em No Limit ($0.05/$0.10) - 2025/03/06 12:10:31 CET [2025/03/06 6:10:31 ET]
Table 'Aludra' 6-max Seat #1 is the button
Seat 1: Mahu2021 ($9.85 in chips) 
Seat 2: chilli60 ($11.62 in chips) 
Seat 3: 00Joe76 ($5.53 in chips) 
Seat 4: aar0lep ($12.19 in chips) 
Seat 5: Robertwao ($12.20 in chips) 
Seat 6: Yash1ch ($9.09 in chips) 
chilli60: posts small blind $0.05
00Joe76: posts big blind $0.10
*** HOLE CARDS ***
Dealt to Mahu2021 [5c Qd]
aar0lep: raises $0.10 to $0.20
Robertwao: folds 
Yash1ch: folds 
Mahu2021: folds 
chilli60: folds 
00Joe76: folds 
Uncalled bet ($0.10) returned to aar0lep
aar0lep collected $0.25 from pot
aar0lep: doesn't show hand 
*** SUMMARY ***
Total pot $0.25 | Rake $0 
Seat 1: Mahu2021 (button) folded before Flop (didn't bet)
Seat 2: chilli60 (small blind) folded before Flop
Seat 3: 00Joe76 (big blind) folded before Flop
Seat 4: aar0lep collected ($0.25)
Seat 5: Robertwao folded before Flop (didn't bet)
Seat 6: Yash1ch folded before Flop (didn't bet)



PokerStars Zoom Hand #255162628216:  Hold'em No Limit ($0.05/$0.10) - 2025/03/06 12:10:40 CET [2025/03/06 6:10:40 ET]
Table 'Aludra' 6-max Seat #1 is the button
Seat 1: chilli60 ($11.57 in chips) 
Seat 2: royacht ($9.90 in chips) 
Seat 3: Mahu2021 ($9.85 in chips) 
Seat 4: fargofargo ($13.20 in chips) 
Seat 5: Strelets.UA ($10 in chips) 
Seat 6: Bur1k ($5.47 in chips) 
royacht: posts small blind $0.05
Mahu2021: posts big blind $0.10
*** HOLE CARDS ***
Dealt to Mahu2021 [2c Ac]
fargofargo: raises $0.15 to $0.25
Strelets.UA: folds 
Bur1k: folds 
chilli60: folds 
royacht: folds 
Mahu2021: calls $0.15
*** FLOP *** [7s Kd As]
Mahu2021: checks 
fargofargo: bets $0.24
Mahu2021: calls $0.24
*** TURN *** [7s Kd As] [4c]
Mahu2021: checks 
fargofargo: bets $0.74
Mahu2021: folds 
Uncalled bet ($0.74) returned to fargofargo
fargofargo collected $0.98 from pot
fargofargo: doesn't show hand 
*** SUMMARY ***
Total pot $1.03 | Rake $0.05 
Board [7s Kd As 4c]
Seat 1: chilli60 (button) folded before Flop (didn't bet)
Seat 2: royacht (small blind) folded before Flop
Seat 3: Mahu2021 (big blind) folded on the Turn
Seat 4: fargofargo collected ($0.98)
Seat 5: Strelets.UA folded before Flop (didn't bet)
Seat 6: Bur1k folded before Flop (didn't bet)



PokerStars Zoom Hand #255162630530:  Hold'em No Limit ($0.05/$0.10) - 2025/03/06 12:11:00 CET [2025/03/06 6:11:00 ET]
Table 'Aludra' 6-max Seat #1 is the button
Seat 1: TheRage333 ($10.30 in chips) 
Seat 2: Mahu2021 ($9.36 in chips) 
Seat 3: Bur1k ($5 in chips) 
Seat 4: timonphantom ($5.49 in chips) 
Seat 5: Georg006830 ($17.76 in chips) 
Seat 6: iudicus ($10.95 in chips) 
Mahu2021: posts small blind $0.05
Bur1k: posts big blind $0.10
*** HOLE CARDS ***
Dealt to Mahu2021 [Kd 7h]
timonphantom: raises $0.20 to $0.30
Georg006830: folds 
iudicus: folds 
TheRage333: folds 
Mahu2021: folds 
Bur1k: folds 
Uncalled bet ($0.20) returned to timonphantom
timonphantom collected $0.25 from pot
timonphantom: doesn't show hand 
*** SUMMARY ***
Total pot $0.25 | Rake $0 
Seat 1: TheRage333 (button) folded before Flop (didn't bet)
Seat 2: Mahu2021 (small blind) folded before Flop
Seat 3: Bur1k (big blind) folded before Flop
Seat 4: timonphantom collected ($0.25)
Seat 5: Georg006830 folded before Flop (didn't bet)
Seat 6: iudicus folded before Flop (didn't bet)



PokerStars Zoom Hand #255162631316:  Hold'em No Limit ($0.05/$0.10) - 2025/03/06 12:11:06 CET [2025/03/06 6:11:06 ET]
Table 'Aludra' 6-max Seat #1 is the button
Seat 1: hecto600 ($5.42 in chips) 
Seat 2: iudicus ($10.95 in chips) 
Seat 3: Georg006830 ($17.76 in chips) 
Seat 4: Mahu2021 ($9.31 in chips) 
Seat 5: Netzath ($10.76 in chips) 
Seat 6: chilli60 ($11.57 in chips) 
iudicus: posts small blind $0.05
Georg006830: posts big blind $0.10
*** HOLE CARDS ***
Dealt to Mahu2021 [5h 7d]
Mahu2021: folds 
Netzath: folds 
chilli60: folds 
hecto600: folds 
iudicus: raises $0.30 to $0.40
Georg006830: folds 
Uncalled bet ($0.30) returned to iudicus
iudicus collected $0.20 from pot
iudicus: doesn't show hand 
*** SUMMARY ***
Total pot $0.20 | Rake $0 
Seat 1: hecto600 (button) folded before Flop (didn't bet)
Seat 2: iudicus (small blind) collected ($0.20)
Seat 3: Georg006830 (big blind) folded before Flop
Seat 4: Mahu2021 folded before Flop (didn't bet)
Seat 5: Netzath folded before Flop (didn't bet)
Seat 6: chilli60 folded before Flop (didn't bet)



PokerStars Zoom Hand #255162632286:  Hold'em No Limit ($0.05/$0.10) - 2025/03/06 12:11:15 CET [2025/03/06 6:11:15 ET]
Table 'Aludra' 6-max Seat #1 is the button
Seat 1: Netzath ($10.26 in chips) 
Seat 2: Bur1k ($5 in chips) 
Seat 3: Lime&Lemon1 ($10 in chips) 
Seat 4: nicholas kenny ($17.17 in chips) 
Seat 5: CrazyDizell ($13.08 in chips) 
Seat 6: Mahu2021 ($9.31 in chips) 
Bur1k: posts small blind $0.05
Lime&Lemon1: posts big blind $0.10
*** HOLE CARDS ***
Dealt to Mahu2021 [9d 5s]
nicholas kenny: folds 
CrazyDizell: raises $0.20 to $0.30
Mahu2021: folds 
Netzath: folds 
Bur1k: folds 
Lime&Lemon1: folds 
Uncalled bet ($0.20) returned to CrazyDizell
CrazyDizell collected $0.25 from pot
CrazyDizell: doesn't show hand 
*** SUMMARY ***
Total pot $0.25 | Rake $0 
Seat 1: Netzath (button) folded before Flop (didn't bet)
Seat 2: Bur1k (small blind) folded before Flop
Seat 3: Lime&Lemon1 (big blind) folded before Flop
Seat 4: nicholas kenny folded before Flop (didn't bet)
Seat 5: CrazyDizell collected ($0.25)
Seat 6: Mahu2021 folded before Flop (didn't bet)



PokerStars Zoom Hand #255162633217:  Hold'em No Limit ($0.05/$0.10) - 2025/03/06 12:11:23 CET [2025/03/06 6:11:23 ET]
Table 'Aludra' 6-max Seat #1 is the button
Seat 1: Mahu2021 ($9.26 in chips) 
Seat 2: Calvis_lol ($10 in chips) 
Seat 3: chilli60 ($11.57 in chips) 
Seat 4: MarkDontTrust ($11.20 in chips) 
Seat 5: IVERNMAN ($11.91 in chips) 
Seat 6: ratchadan ($10.58 in chips) 
Calvis_lol: posts small blind $0.05
chilli60: posts big blind $0.10
*** HOLE CARDS ***
Dealt to Mahu2021 [Tc 9d]
MarkDontTrust: folds 
IVERNMAN: folds 
ratchadan: folds 
Mahu2021: raises $0.14 to $0.24
Calvis_lol: raises $0.96 to $1.20
chilli60: folds 
Mahu2021: folds 
Uncalled bet ($0.96) returned to Calvis_lol
Calvis_lol collected $0.58 from pot
Calvis_lol: doesn't show hand 
*** SUMMARY ***
Total pot $0.58 | Rake $0 
Seat 1: Mahu2021 (button) folded before Flop
Seat 2: Calvis_lol (small blind) collected ($0.58)
Seat 3: chilli60 (big blind) folded before Flop
Seat 4: MarkDontTrust folded before Flop (didn't bet)
Seat 5: IVERNMAN folded before Flop (didn't bet)
Seat 6: ratchadan folded before Flop (didn't bet)



PokerStars Zoom Hand #255162631760:  Hold'em No Limit ($0.05/$0.10) - 2025/03/06 12:11:10 CET [2025/03/06 6:11:10 ET]
Table 'Aludra' 6-max Seat #1 is the button
Seat 1: chilli60 ($11.57 in chips) 
Seat 2: 00Joe76 ($5.43 in chips) 
Seat 3: pcsk8 ($10.47 in chips) 
Seat 4: franz Z750 ($11.24 in chips) 
Seat 5: Mahu2021 ($9.31 in chips) 
Seat 6: augtoth ($10.35 in chips) 
00Joe76: posts small blind $0.05
pcsk8: posts big blind $0.10
*** HOLE CARDS ***
Dealt to Mahu2021 [Tc 7d]
franz Z750: folds 
Mahu2021: folds 
augtoth: raises $0.15 to $0.25
chilli60: folds 
00Joe76: folds 
pcsk8: calls $0.15
*** FLOP *** [5h 9d 8h]
pcsk8: checks 
augtoth: checks 
*** TURN *** [5h 9d 8h] [3s]
pcsk8: bets $0.40
augtoth: calls $0.40
*** RIVER *** [5h 9d 8h 3s] [Jh]
pcsk8: bets $1.20
augtoth: folds 
Uncalled bet ($1.20) returned to pcsk8
pcsk8 collected $1.29 from pot
pcsk8: doesn't show hand 
*** SUMMARY ***
Total pot $1.35 | Rake $0.06 
Board [5h 9d 8h 3s Jh]
Seat 1: chilli60 (button) folded before Flop (didn't bet)
Seat 2: 00Joe76 (small blind) folded before Flop
Seat 3: pcsk8 (big blind) collected ($1.29)
Seat 4: franz Z750 folded before Flop (didn't bet)
Seat 5: Mahu2021 folded before Flop (didn't bet)
Seat 6: augtoth folded on the River



PokerStars Zoom Hand #255162632742:  Hold'em No Limit ($0.05/$0.10) - 2025/03/06 12:11:19 CET [2025/03/06 6:11:19 ET]
Table 'Aludra' 6-max Seat #1 is the button
Seat 1: tafarel8 ($10.64 in chips) 
Seat 2: Mahu2021 ($9.31 in chips) 
Seat 3: JICC632 ($17.18 in chips) 
Seat 4: nicholas kenny ($17.17 in chips) 
Seat 5: chevaloz ($11.47 in chips) 
Seat 6: franz Z750 ($11.24 in chips) 
Mahu2021: posts small blind $0.05
JICC632: posts big blind $0.10
*** HOLE CARDS ***
Dealt to Mahu2021 [2s 6d]
nicholas kenny: folds 
chevaloz: folds 
franz Z750: folds 
tafarel8: raises $0.15 to $0.25
Mahu2021: folds 
JICC632: calls $0.15
*** FLOP *** [Td 8s 6h]
JICC632: checks 
tafarel8: bets $0.17
JICC632: calls $0.17
*** TURN *** [Td 8s 6h] [7c]
JICC632: checks 
tafarel8: checks 
*** RIVER *** [Td 8s 6h 7c] [6s]
JICC632: bets $1.34
tafarel8: folds 
Uncalled bet ($1.34) returned to JICC632
JICC632 collected $0.85 from pot
JICC632: doesn't show hand 
*** SUMMARY ***
Total pot $0.89 | Rake $0.04 
Board [Td 8s 6h 7c 6s]
Seat 1: tafarel8 (button) folded on the River
Seat 2: Mahu2021 (small blind) folded before Flop
Seat 3: JICC632 (big blind) collected ($0.85)
Seat 4: nicholas kenny folded before Flop (didn't bet)
Seat 5: chevaloz folded before Flop (didn't bet)
Seat 6: franz Z750 folded before Flop (didn't bet)



PokerStars Zoom Hand #255162635717:  Hold'em No Limit ($0.05/$0.10) - 2025/03/06 12:11:44 CET [2025/03/06 6:11:44 ET]
Table 'Aludra' 6-max Seat #1 is the button
Seat 1: polina70 ($4.95 in chips) 
Seat 2: Goumios ($10.21 in chips) 
Seat 3: Mahu2021 ($9.02 in chips) 
Seat 4: KundenDdienst ($9.15 in chips) 
Seat 5: Bond 25-33 ($9.85 in chips) 
Seat 6: kimmand ($13.61 in chips) 
Goumios: posts small blind $0.05
Mahu2021: posts big blind $0.10
*** HOLE CARDS ***
Dealt to Mahu2021 [6c 5c]
KundenDdienst: folds 
Bond 25-33: folds 
kimmand: calls $0.10
polina70: calls $0.10
Goumios: calls $0.05
Mahu2021: checks 
*** FLOP *** [Ac Ah 8d]
Goumios: checks 
Mahu2021: checks 
kimmand: checks 
polina70: checks 
*** TURN *** [Ac Ah 8d] [Js]
Goumios: checks 
Mahu2021: checks 
kimmand: checks 
polina70: checks 
*** RIVER *** [Ac Ah 8d Js] [Kc]
Goumios: checks 
Mahu2021: checks 
kimmand: checks 
polina70: checks 
*** SHOW DOWN ***
Goumios: shows [7d 8h] (two pair, Aces and Eights)
Mahu2021: mucks hand 
kimmand: shows [9h 9s] (two pair, Aces and Nines)
polina70: shows [Tc Jd] (two pair, Aces and Jacks)
polina70 collected $0.38 from pot
*** SUMMARY ***
Total pot $0.40 | Rake $0.02 
Board [Ac Ah 8d Js Kc]
Seat 1: polina70 (button) showed [Tc Jd] and won ($0.38) with two pair, Aces and Jacks
Seat 2: Goumios (small blind) showed [7d 8h] and lost with two pair, Aces and Eights
Seat 3: Mahu2021 (big blind) mucked [6c 5c]
Seat 4: KundenDdienst folded before Flop (didn't bet)
Seat 5: Bond 25-33 folded before Flop (didn't bet)
Seat 6: kimmand showed [9h 9s] and lost with two pair, Aces and Nines



PokerStars Zoom Hand #255162639644:  Hold'em No Limit ($0.05/$0.10) - 2025/03/06 12:12:17 CET [2025/03/06 6:12:17 ET]
Table 'Aludra' 6-max Seat #1 is the button
Seat 1: numbergirl27 ($11.13 in chips) 
Seat 2: polina70 ($5.23 in chips) 
Seat 3: Goumios ($10.11 in chips) 
Seat 4: Adam<3Coffee ($31.51 in chips) 
Seat 5: augtoth ($11.67 in chips) 
Seat 6: Mahu2021 ($8.92 in chips) 
polina70: posts small blind $0.05
Goumios: posts big blind $0.10
*** HOLE CARDS ***
Dealt to Mahu2021 [Qc 9h]
Adam<3Coffee: raises $0.12 to $0.22
augtoth: folds 
Mahu2021: folds 
numbergirl27: folds 
polina70: folds 
Goumios: calls $0.12
*** FLOP *** [4s Tc 3c]
Goumios: checks 
Adam<3Coffee: bets $0.16
Goumios: raises $0.45 to $0.61
Adam<3Coffee: folds 
Uncalled bet ($0.45) returned to Goumios
Goumios collected $0.77 from pot
Goumios: doesn't show hand 
*** SUMMARY ***
Total pot $0.81 | Rake $0.04 
Board [4s Tc 3c]
Seat 1: numbergirl27 (button) folded before Flop (didn't bet)
Seat 2: polina70 (small blind) folded before Flop
Seat 3: Goumios (big blind) collected ($0.77)
Seat 4: Adam<3Coffee folded on the Flop
Seat 5: augtoth folded before Flop (didn't bet)
Seat 6: Mahu2021 folded before Flop (didn't bet)



PokerStars Zoom Hand #255162640250:  Hold'em No Limit ($0.05/$0.10) - 2025/03/06 12:12:22 CET [2025/03/06 6:12:22 ET]
Table 'Aludra' 6-max Seat #1 is the button
Seat 1: kimmand ($13.51 in chips) 
Seat 2: MrCangrejoTh ($24.19 in chips) 
Seat 3: augtoth ($10.38 in chips) 
Seat 4: IVERNMAN ($18.08 in chips) 
Seat 5: Mahu2021 ($8.92 in chips) 
Seat 6: ratchadan ($11.05 in chips) 
MrCangrejoTh: posts small blind $0.05
augtoth: posts big blind $0.10
*** HOLE CARDS ***
Dealt to Mahu2021 [7s 6s]
IVERNMAN: folds 
Mahu2021: raises $0.14 to $0.24
ratchadan: folds 
kimmand: folds 
MrCangrejoTh: folds 
augtoth: calls $0.14
*** FLOP *** [9h 3c Qd]
augtoth: checks 
Mahu2021: checks 
*** TURN *** [9h 3c Qd] [2h]
augtoth: checks 
Mahu2021: checks 
*** RIVER *** [9h 3c Qd 2h] [7c]
augtoth: checks 
Mahu2021: checks 
*** SHOW DOWN ***
augtoth: shows [Ts Ah] (high card Ace)
Mahu2021: shows [7s 6s] (a pair of Sevens)
Mahu2021 collected $0.51 from pot
*** SUMMARY ***
Total pot $0.53 | Rake $0.02 
Board [9h 3c Qd 2h 7c]
Seat 1: kimmand (button) folded before Flop (didn't bet)
Seat 2: MrCangrejoTh (small blind) folded before Flop
Seat 3: augtoth (big blind) showed [Ts Ah] and lost with high card Ace
Seat 4: IVERNMAN folded before Flop (didn't bet)
Seat 5: Mahu2021 showed [7s 6s] and won ($0.51) with a pair of Sevens
Seat 6: ratchadan folded before Flop (didn't bet)



PokerStars Zoom Hand #255162644306:  Hold'em No Limit ($0.05/$0.10) - 2025/03/06 12:12:56 CET [2025/03/06 6:12:56 ET]
Table 'Aludra' 6-max Seat #1 is the button
Seat 1: fargofargo ($12.88 in chips) 
Seat 2: Bur1k ($5.22 in chips) 
Seat 3: nicholas kenny ($18.07 in chips) 
Seat 4: Mahu2021 ($9.19 in chips) 
Seat 5: JustRaise7 ($10.15 in chips) 
Seat 6: royacht ($8.89 in chips) 
Bur1k: posts small blind $0.05
nicholas kenny: posts big blind $0.10
*** HOLE CARDS ***
Dealt to Mahu2021 [9c Qs]
Mahu2021: folds 
JustRaise7: folds 
royacht: folds 
fargofargo: folds 
Bur1k: raises $0.15 to $0.25
nicholas kenny: folds 
Uncalled bet ($0.15) returned to Bur1k
Bur1k collected $0.20 from pot
Bur1k: doesn't show hand 
*** SUMMARY ***
Total pot $0.20 | Rake $0 
Seat 1: fargofargo (button) folded before Flop (didn't bet)
Seat 2: Bur1k (small blind) collected ($0.20)
Seat 3: nicholas kenny (big blind) folded before Flop
Seat 4: Mahu2021 folded before Flop (didn't bet)
Seat 5: JustRaise7 folded before Flop (didn't bet)
Seat 6: royacht folded before Flop (didn't bet)



PokerStars Zoom Hand #255162644873:  Hold'em No Limit ($0.05/$0.10) - 2025/03/06 12:13:01 CET [2025/03/06 6:13:01 ET]
Table 'Aludra' 6-max Seat #1 is the button
Seat 1: Yash1ch ($7.30 in chips) 
Seat 2: iudicus ($10.36 in chips) 
Seat 3: Netzath ($10.26 in chips) 
Seat 4: Mahu2021 ($9.19 in chips) 
Seat 5: KianushVo ($11.02 in chips) 
Seat 6: augtoth ($10 in chips) 
iudicus: posts small blind $0.05
Netzath: posts big blind $0.10
*** HOLE CARDS ***
Dealt to Mahu2021 [4c 4s]
Mahu2021: raises $0.14 to $0.24
KianushVo: folds 
augtoth: folds 
Yash1ch: folds 
iudicus: calls $0.19
Netzath: folds 
*** FLOP *** [3h 9s Qs]
iudicus: checks 
Mahu2021: checks 
*** TURN *** [3h 9s Qs] [6d]
iudicus: bets $0.27
Mahu2021: calls $0.27
*** RIVER *** [3h 9s Qs 6d] [Kc]
iudicus: checks 
Mahu2021: checks 
*** SHOW DOWN ***
iudicus: shows [Qc Js] (a pair of Queens)
Mahu2021: mucks hand 
iudicus collected $1.06 from pot
*** SUMMARY ***
Total pot $1.12 | Rake $0.06 
Board [3h 9s Qs 6d Kc]
Seat 1: Yash1ch (button) folded before Flop (didn't bet)
Seat 2: iudicus (small blind) showed [Qc Js] and won ($1.06) with a pair of Queens
Seat 3: Netzath (big blind) folded before Flop
Seat 4: Mahu2021 mucked [4c 4s]
Seat 5: KianushVo folded before Flop (didn't bet)
Seat 6: augtoth folded before Flop (didn't bet)



PokerStars Zoom Hand #255162654353:  Hold'em No Limit ($0.05/$0.10) - 2025/03/06 12:14:22 CET [2025/03/06 6:14:22 ET]
Table 'Aludra' 6-max Seat #1 is the button
Seat 1: Lime&Lemon1 ($9.55 in chips) 
Seat 2: Strelets.UA ($10 in chips) 
Seat 3: Netzath ($10.11 in chips) 
Seat 4: Mahu2021 ($8.68 in chips) 
Seat 5: vicegoodman ($10.15 in chips) 
Seat 6: numbergirl27 ($11.72 in chips) 
Strelets.UA: posts small blind $0.05
Netzath: posts big blind $0.10
*** HOLE CARDS ***
Dealt to Mahu2021 [Td 7h]
Mahu2021: folds 
vicegoodman: raises $0.12 to $0.22
numbergirl27: folds 
Lime&Lemon1: folds 
Strelets.UA: folds 
Netzath: folds 
Uncalled bet ($0.12) returned to vicegoodman
vicegoodman collected $0.25 from pot
vicegoodman: doesn't show hand 
*** SUMMARY ***
Total pot $0.25 | Rake $0 
Seat 1: Lime&Lemon1 (button) folded before Flop (didn't bet)
Seat 2: Strelets.UA (small blind) folded before Flop
Seat 3: Netzath (big blind) folded before Flop
Seat 4: Mahu2021 folded before Flop (didn't bet)
Seat 5: vicegoodman collected ($0.25)
Seat 6: numbergirl27 folded before Flop (didn't bet)



PokerStars Zoom Hand #255162654935:  Hold'em No Limit ($0.05/$0.10) - 2025/03/06 12:14:27 CET [2025/03/06 6:14:27 ET]
Table 'Aludra' 6-max Seat #1 is the button
Seat 1: numbergirl27 ($11.72 in chips) 
Seat 2: augtoth ($10.15 in chips) 
Seat 3: Mahu2021 ($8.68 in chips) 
Seat 4: Lim 2589 ($13.29 in chips) 
Seat 5: ariss1994 ($13.81 in chips) 
Seat 6: royacht ($8.39 in chips) 
augtoth: posts small blind $0.05
Mahu2021: posts big blind $0.10
*** HOLE CARDS ***
Dealt to Mahu2021 [Qs As]
Lim 2589: folds 
ariss1994: folds 
royacht: folds 
numbergirl27: raises $0.15 to $0.25
augtoth: folds 
Mahu2021: raises $0.85 to $1.10
numbergirl27: calls $0.85
*** FLOP *** [8c 3h 2d]
Mahu2021: checks 
numbergirl27: bets $0.88
Mahu2021: calls $0.88
*** TURN *** [8c 3h 2d] [7d]
Mahu2021: checks 
numbergirl27: bets $1.40
Mahu2021: folds 
Uncalled bet ($1.40) returned to numbergirl27
numbergirl27 collected $3.83 from pot
numbergirl27: doesn't show hand 
*** SUMMARY ***
Total pot $4.01 | Rake $0.18 
Board [8c 3h 2d 7d]
Seat 1: numbergirl27 (button) collected ($3.83)
Seat 2: augtoth (small blind) folded before Flop
Seat 3: Mahu2021 (big blind) folded on the Turn
Seat 4: Lim 2589 folded before Flop (didn't bet)
Seat 5: ariss1994 folded before Flop (didn't bet)
Seat 6: royacht folded before Flop (didn't bet)



PokerStars Zoom Hand #255162659846:  Hold'em No Limit ($0.05/$0.10) - 2025/03/06 12:15:08 CET [2025/03/06 6:15:08 ET]
Table 'Aludra' 6-max Seat #1 is the button
Seat 1: arazkhan1802 ($15.20 in chips) 
Seat 2: Mahu2021 ($6.70 in chips) 
Seat 3: Robertwao ($11.19 in chips) 
Seat 4: kimmand ($7.87 in chips) 
Seat 5: Calvis_lol ($10.50 in chips) 
Seat 6: Netzath ($11.34 in chips) 
Mahu2021: posts small blind $0.05
Robertwao: posts big blind $0.10
*** HOLE CARDS ***
Dealt to Mahu2021 [As 2d]
kimmand: folds 
Calvis_lol: folds 
Netzath: folds 
arazkhan1802: folds 
Mahu2021: folds 
Uncalled bet ($0.05) returned to Robertwao
Robertwao collected $0.10 from pot
Robertwao: doesn't show hand 
*** SUMMARY ***
Total pot $0.10 | Rake $0 
Seat 1: arazkhan1802 (button) folded before Flop (didn't bet)
Seat 2: Mahu2021 (small blind) folded before Flop
Seat 3: Robertwao (big blind) collected ($0.10)
Seat 4: kimmand folded before Flop (didn't bet)
Seat 5: Calvis_lol folded before Flop (didn't bet)
Seat 6: Netzath folded before Flop (didn't bet)



PokerStars Zoom Hand #255162660813:  Hold'em No Limit ($0.05/$0.10) - 2025/03/06 12:15:16 CET [2025/03/06 6:15:16 ET]
Table 'Aludra' 6-max Seat #1 is the button
Seat 1: Mahu2021 ($6.65 in chips) 
Seat 2: MrCangrejoTh ($15.81 in chips) 
Seat 3: hummbold ($29.27 in chips) 
Seat 4: JustRaise7 ($10 in chips) 
Seat 5: Vaka89 ($9.75 in chips) 
Seat 6: Calvis_lol ($10.13 in chips) 
MrCangrejoTh: posts small blind $0.05
hummbold: posts big blind $0.10
*** HOLE CARDS ***
Dealt to Mahu2021 [3s 6h]
JustRaise7: folds 
Vaka89: folds 
Calvis_lol: folds 
Mahu2021: folds 
MrCangrejoTh: folds 
Uncalled bet ($0.05) returned to hummbold
hummbold collected $0.10 from pot
hummbold: doesn't show hand 
*** SUMMARY ***
Total pot $0.10 | Rake $0 
Seat 1: Mahu2021 (button) folded before Flop (didn't bet)
Seat 2: MrCangrejoTh (small blind) folded before Flop
Seat 3: hummbold (big blind) collected ($0.10)
Seat 4: JustRaise7 folded before Flop (didn't bet)
Seat 5: Vaka89 folded before Flop (didn't bet)
Seat 6: Calvis_lol folded before Flop (didn't bet)



PokerStars Zoom Hand #255162661650:  Hold'em No Limit ($0.05/$0.10) - 2025/03/06 12:15:23 CET [2025/03/06 6:15:23 ET]
Table 'Aludra' 6-max Seat #1 is the button
Seat 1: hummbold ($12.15 in chips) 
Seat 2: gena60 ($10.05 in chips) 
Seat 3: Netzath ($10 in chips) 
Seat 4: P1ntail ($14.26 in chips) 
Seat 5: Strelets.UA ($10.50 in chips) 
Seat 6: Mahu2021 ($6.65 in chips) 
gena60: posts small blind $0.05
Netzath: posts big blind $0.10
*** HOLE CARDS ***
Dealt to Mahu2021 [Td 8h]
P1ntail: folds 
Strelets.UA: raises $0.15 to $0.25
Mahu2021: calls $0.25
hummbold: folds 
gena60: folds 
Netzath: calls $0.15
*** FLOP *** [8d Qd Kh]
Netzath: checks 
Strelets.UA: bets $0.38
Mahu2021: calls $0.38
Netzath: calls $0.38
*** TURN *** [8d Qd Kh] [2d]
Netzath: checks 
Strelets.UA: checks 
Mahu2021: checks 
*** RIVER *** [8d Qd Kh 2d] [5h]
Netzath: bets $2.31
Strelets.UA: folds 
Mahu2021: folds 
Uncalled bet ($2.31) returned to Netzath
Netzath collected $1.85 from pot
Netzath: doesn't show hand 
*** SUMMARY ***
Total pot $1.94 | Rake $0.09 
Board [8d Qd Kh 2d 5h]
Seat 1: hummbold (button) folded before Flop (didn't bet)
Seat 2: gena60 (small blind) folded before Flop
Seat 3: Netzath (big blind) collected ($1.85)
Seat 4: P1ntail folded before Flop (didn't bet)
Seat 5: Strelets.UA folded on the River
Seat 6: Mahu2021 folded on the River



PokerStars Zoom Hand #255162668762:  Hold'em No Limit ($0.05/$0.10) - 2025/03/06 12:16:24 CET [2025/03/06 6:16:24 ET]
Table 'Aludra' 6-max Seat #1 is the button
Seat 1: royacht ($7.74 in chips) 
Seat 2: numbergirl27 ($19.99 in chips) 
Seat 3: P1ntail ($14.61 in chips) 
Seat 4: Lime&Lemon1 ($10.18 in chips) 
Seat 5: Mahu2021 ($6.02 in chips) 
Seat 6: polzerjung ($10.22 in chips) 
numbergirl27: posts small blind $0.05
P1ntail: posts big blind $0.10
*** HOLE CARDS ***
Dealt to Mahu2021 [6c 6d]
Lime&Lemon1: folds 
Mahu2021: raises $0.14 to $0.24
polzerjung: folds 
royacht: folds 
numbergirl27: folds 
P1ntail: calls $0.14
*** FLOP *** [8d Qd 5c]
P1ntail: checks 
Mahu2021: bets $0.30
P1ntail: folds 
Uncalled bet ($0.30) returned to Mahu2021
Mahu2021 collected $0.51 from pot
Mahu2021: doesn't show hand 
*** SUMMARY ***
Total pot $0.53 | Rake $0.02 
Board [8d Qd 5c]
Seat 1: royacht (button) folded before Flop (didn't bet)
Seat 2: numbergirl27 (small blind) folded before Flop
Seat 3: P1ntail (big blind) folded on the Flop
Seat 4: Lime&Lemon1 folded before Flop (didn't bet)
Seat 5: Mahu2021 collected ($0.51)
Seat 6: polzerjung folded before Flop (didn't bet)



PokerStars Zoom Hand #255162673089:  Hold'em No Limit ($0.05/$0.10) - 2025/03/06 12:17:01 CET [2025/03/06 6:17:01 ET]
Table 'Aludra' 6-max Seat #1 is the button
Seat 1: chilli60 ($9.78 in chips) 
Seat 2: Bigbacon510 ($27.26 in chips) 
Seat 3: Mahu2021 ($6.29 in chips) 
Seat 4: Bur1k ($10.63 in chips) 
Seat 5: augtoth ($10.19 in chips) 
Seat 6: pougia777 ($10 in chips) 
Bigbacon510: posts small blind $0.05
Mahu2021: posts big blind $0.10
*** HOLE CARDS ***
Dealt to Mahu2021 [Ks 4h]
Bur1k: folds 
augtoth: folds 
pougia777: folds 
chilli60: raises $0.13 to $0.23
Bigbacon510: folds 
Mahu2021: folds 
Uncalled bet ($0.13) returned to chilli60
chilli60 collected $0.25 from pot
chilli60: doesn't show hand 
*** SUMMARY ***
Total pot $0.25 | Rake $0 
Seat 1: chilli60 (button) collected ($0.25)
Seat 2: Bigbacon510 (small blind) folded before Flop
Seat 3: Mahu2021 (big blind) folded before Flop
Seat 4: Bur1k folded before Flop (didn't bet)
Seat 5: augtoth folded before Flop (didn't bet)
Seat 6: pougia777 folded before Flop (didn't bet)



PokerStars Zoom Hand #255162676190:  Hold'em No Limit ($0.05/$0.10) - 2025/03/06 12:17:27 CET [2025/03/06 6:17:27 ET]
Table 'Aludra' 6-max Seat #1 is the button
Seat 1: TOATOAPABOYZ ($6.49 in chips) 
Seat 2: Mahu2021 ($6.19 in chips) 
Seat 3: P1ntail ($16.53 in chips) 
Seat 4: TheRage333 ($20.91 in chips) 
Seat 5: MarkRegen ($24.48 in chips) 
Seat 6: vanelul ($10 in chips) 
Mahu2021: posts small blind $0.05
P1ntail: posts big blind $0.10
*** HOLE CARDS ***
Dealt to Mahu2021 [Qs 3s]
TheRage333: folds 
MarkRegen: folds 
vanelul: folds 
TOATOAPABOYZ: folds 
Mahu2021: folds 
Uncalled bet ($0.05) returned to P1ntail
P1ntail collected $0.10 from pot
P1ntail: doesn't show hand 
*** SUMMARY ***
Total pot $0.10 | Rake $0 
Seat 1: TOATOAPABOYZ (button) folded before Flop (didn't bet)
Seat 2: Mahu2021 (small blind) folded before Flop
Seat 3: P1ntail (big blind) collected ($0.10)
Seat 4: TheRage333 folded before Flop (didn't bet)
Seat 5: MarkRegen folded before Flop (didn't bet)
Seat 6: vanelul folded before Flop (didn't bet)



PokerStars Zoom Hand #255162672599:  Hold'em No Limit ($0.05/$0.10) - 2025/03/06 12:16:57 CET [2025/03/06 6:16:57 ET]
Table 'Aludra' 6-max Seat #1 is the button
Seat 1: Bur1k ($6.46 in chips) 
Seat 2: Lim 2589 ($11.32 in chips) 
Seat 3: ShadOfStoff ($7.96 in chips) 
Seat 4: Mahu2021 ($6.29 in chips) 
Seat 5: Bigbacon510 ($27.26 in chips) 
Seat 6: P1ntail ($16.58 in chips) 
Lim 2589: posts small blind $0.05
ShadOfStoff: posts big blind $0.10
*** HOLE CARDS ***
Dealt to Mahu2021 [5h Js]
Mahu2021: folds 
Bigbacon510: folds 
P1ntail: folds 
Bur1k: raises $0.15 to $0.25
Lim 2589: raises $0.65 to $0.90
ShadOfStoff: raises $7.06 to $7.96 and is all-in
Bur1k: folds 
Lim 2589: folds 
Uncalled bet ($7.06) returned to ShadOfStoff
ShadOfStoff collected $2.05 from pot
ShadOfStoff: doesn't show hand 
*** SUMMARY ***
Total pot $2.05 | Rake $0 
Seat 1: Bur1k (button) folded before Flop
Seat 2: Lim 2589 (small blind) folded before Flop
Seat 3: ShadOfStoff (big blind) collected ($2.05)
Seat 4: Mahu2021 folded before Flop (didn't bet)
Seat 5: Bigbacon510 folded before Flop (didn't bet)
Seat 6: P1ntail folded before Flop (didn't bet)



PokerStars Zoom Hand #255162677615:  Hold'em No Limit ($0.05/$0.10) - 2025/03/06 12:17:39 CET [2025/03/06 6:17:39 ET]
Table 'Aludra' 6-max Seat #1 is the button
Seat 1: MarkDontTrust ($15.72 in chips) 
Seat 2: polina70 ($4.55 in chips) 
Seat 3: iudicus ($15.32 in chips) 
Seat 4: Netzath ($11.13 in chips) 
Seat 5: P1ntail ($16.58 in chips) 
Seat 6: Mahu2021 ($6.14 in chips) 
polina70: posts small blind $0.05
iudicus: posts big blind $0.10
*** HOLE CARDS ***
Dealt to Mahu2021 [5h 8h]
Netzath: raises $0.15 to $0.25
P1ntail: folds 
Mahu2021: folds 
MarkDontTrust: folds 
polina70: folds 
iudicus: folds 
Uncalled bet ($0.15) returned to Netzath
Netzath collected $0.25 from pot
Netzath: doesn't show hand 
*** SUMMARY ***
Total pot $0.25 | Rake $0 
Seat 1: MarkDontTrust (button) folded before Flop (didn't bet)
Seat 2: polina70 (small blind) folded before Flop
Seat 3: iudicus (big blind) folded before Flop
Seat 4: Netzath collected ($0.25)
Seat 5: P1ntail folded before Flop (didn't bet)
Seat 6: Mahu2021 folded before Flop (didn't bet)



PokerStars Zoom Hand #255162677122:  Hold'em No Limit ($0.05/$0.10) - 2025/03/06 12:17:35 CET [2025/03/06 6:17:35 ET]
Table 'Aludra' 6-max Seat #1 is the button
Seat 1: Mahu2021 ($6.14 in chips) 
Seat 2: Yash1ch ($6.36 in chips) 
Seat 3: TheRage333 ($20.91 in chips) 
Seat 4: Robertrby73 ($9.58 in chips) 
Seat 5: Cyborg_0113 ($12.35 in chips) 
Seat 6: numbergirl27 ($13.12 in chips) 
Yash1ch: posts small blind $0.05
TheRage333: posts big blind $0.10
*** HOLE CARDS ***
Dealt to Mahu2021 [2s Ts]
Robertrby73: calls $0.10
Cyborg_0113: folds 
numbergirl27: folds 
Mahu2021: folds 
Yash1ch: calls $0.05
TheRage333: checks 
*** FLOP *** [Jc As Qd]
Yash1ch: checks 
TheRage333: checks 
Robertrby73: bets $0.20
Yash1ch: folds 
TheRage333: folds 
Uncalled bet ($0.20) returned to Robertrby73
Robertrby73 collected $0.29 from pot
Robertrby73: doesn't show hand 
*** SUMMARY ***
Total pot $0.30 | Rake $0.01 
Board [Jc As Qd]
Seat 1: Mahu2021 (button) folded before Flop (didn't bet)
Seat 2: Yash1ch (small blind) folded on the Flop
Seat 3: TheRage333 (big blind) folded on the Flop
Seat 4: Robertrby73 collected ($0.29)
Seat 5: Cyborg_0113 folded before Flop (didn't bet)
Seat 6: numbergirl27 folded before Flop (didn't bet)



PokerStars Zoom Hand #255162678820:  Hold'em No Limit ($0.05/$0.10) - 2025/03/06 12:17:49 CET [2025/03/06 6:17:49 ET]
Table 'Aludra' 6-max Seat #1 is the button
Seat 1: IVERNMAN ($18.42 in chips) 
Seat 2: numbergirl27 ($19.79 in chips) 
Seat 3: Mahu2021 ($6.14 in chips) 
Seat 4: MarkDontTrust ($15.72 in chips) 
Seat 5: polina70 ($4.50 in chips) 
Seat 6: Calvis_lol ($10 in chips) 
numbergirl27: posts small blind $0.05
Mahu2021: posts big blind $0.10
*** HOLE CARDS ***
Dealt to Mahu2021 [Qs 5d]
MarkDontTrust: folds 
polina70: raises $0.10 to $0.20
Calvis_lol: folds 
IVERNMAN: folds 
numbergirl27: raises $0.60 to $0.80
Mahu2021: folds 
polina70: folds 
Uncalled bet ($0.60) returned to numbergirl27
numbergirl27 collected $0.50 from pot
numbergirl27: doesn't show hand 
*** SUMMARY ***
Total pot $0.50 | Rake $0 
Seat 1: IVERNMAN (button) folded before Flop (didn't bet)
Seat 2: numbergirl27 (small blind) collected ($0.50)
Seat 3: Mahu2021 (big blind) folded before Flop
Seat 4: MarkDontTrust folded before Flop (didn't bet)
Seat 5: polina70 folded before Flop
Seat 6: Calvis_lol folded before Flop (didn't bet)



PokerStars Zoom Hand #255162680084:  Hold'em No Limit ($0.05/$0.10) - 2025/03/06 12:18:00 CET [2025/03/06 6:18:00 ET]
Table 'Aludra' 6-max Seat #1 is the button
Seat 1: Robertwao ($12.29 in chips) 
Seat 2: ShadOfStoff ($9.26 in chips) 
Seat 3: Calvis_lol ($10 in chips) 
Seat 4: TOATOAPABOYZ ($6.54 in chips) 
Seat 5: Mahu2021 ($6.04 in chips) 
Seat 6: Lime&Lemon1 ($15.69 in chips) 
ShadOfStoff: posts small blind $0.05
Calvis_lol: posts big blind $0.10
*** HOLE CARDS ***
Dealt to Mahu2021 [6d Js]
TOATOAPABOYZ: raises $0.10 to $0.20
Mahu2021: folds 
Lime&Lemon1: folds 
Robertwao: folds 
ShadOfStoff: folds 
Calvis_lol: folds 
Uncalled bet ($0.10) returned to TOATOAPABOYZ
TOATOAPABOYZ collected $0.25 from pot
TOATOAPABOYZ: doesn't show hand 
*** SUMMARY ***
Total pot $0.25 | Rake $0 
Seat 1: Robertwao (button) folded before Flop (didn't bet)
Seat 2: ShadOfStoff (small blind) folded before Flop
Seat 3: Calvis_lol (big blind) folded before Flop
Seat 4: TOATOAPABOYZ collected ($0.25)
Seat 5: Mahu2021 folded before Flop (didn't bet)
Seat 6: Lime&Lemon1 folded before Flop (didn't bet)



PokerStars Zoom Hand #255162681377:  Hold'em No Limit ($0.05/$0.10) - 2025/03/06 12:18:10 CET [2025/03/06 6:18:10 ET]
Table 'Aludra' 6-max Seat #1 is the button
Seat 1: Mahu2021 ($5.99 in chips) 
Seat 2: NowLow170 ($12.62 in chips) 
Seat 3: kimmand ($6.01 in chips) 
Seat 4: vanelul ($10 in chips) 
Seat 5: gena60 ($11.21 in chips) 
Seat 6: pcsk8 ($47.67 in chips) 
NowLow170: posts small blind $0.05
kimmand: posts big blind $0.10
*** HOLE CARDS ***
Dealt to Mahu2021 [5c Qh]
vanelul: folds 
gena60: folds 
pcsk8: folds 
Mahu2021: folds 
NowLow170: folds 
Uncalled bet ($0.05) returned to kimmand
kimmand collected $0.10 from pot
kimmand: doesn't show hand 
*** SUMMARY ***
Total pot $0.10 | Rake $0 
Seat 1: Mahu2021 (button) folded before Flop (didn't bet)
Seat 2: NowLow170 (small blind) folded before Flop
Seat 3: kimmand (big blind) collected ($0.10)
Seat 4: vanelul folded before Flop (didn't bet)
Seat 5: gena60 folded before Flop (didn't bet)
Seat 6: pcsk8 folded before Flop (didn't bet)



PokerStars Zoom Hand #255162680834:  Hold'em No Limit ($0.05/$0.10) - 2025/03/06 12:18:06 CET [2025/03/06 6:18:06 ET]
Table 'Aludra' 6-max Seat #1 is the button
Seat 1: Strelets.UA ($10.26 in chips) 
Seat 2: Mahu2021 ($6.04 in chips) 
Seat 3: Goumios ($25.82 in chips) 
Seat 4: tafarel8 ($14.82 in chips) 
Seat 5: chevaloz ($8.92 in chips) 
Seat 6: IVERNMAN ($18.42 in chips) 
Mahu2021: posts small blind $0.05
Goumios: posts big blind $0.10
*** HOLE CARDS ***
Dealt to Mahu2021 [Qd 3s]
tafarel8: folds 
chevaloz: raises $0.10 to $0.20
IVERNMAN: folds 
Strelets.UA: folds 
Mahu2021: folds 
Goumios: folds 
Uncalled bet ($0.10) returned to chevaloz
chevaloz collected $0.25 from pot
chevaloz: doesn't show hand 
*** SUMMARY ***
Total pot $0.25 | Rake $0 
Seat 1: Strelets.UA (button) folded before Flop (didn't bet)
Seat 2: Mahu2021 (small blind) folded before Flop
Seat 3: Goumios (big blind) folded before Flop
Seat 4: tafarel8 folded before Flop (didn't bet)
Seat 5: chevaloz collected ($0.25)
Seat 6: IVERNMAN folded before Flop (didn't bet)



PokerStars Zoom Hand #255162682920:  Hold'em No Limit ($0.05/$0.10) - 2025/03/06 12:18:23 CET [2025/03/06 6:18:23 ET]
Table 'Aludra' 6-max Seat #1 is the button
Seat 1: ariss1994 ($19.89 in chips) 
Seat 2: MarkDontTrust ($8.32 in chips) 
Seat 3: gena60 ($11.21 in chips) 
Seat 4: nicholas kenny ($19.11 in chips) 
Seat 5: Mahu2021 ($5.99 in chips) 
Seat 6: THE SHADOW78 ($10.71 in chips) 
MarkDontTrust: posts small blind $0.05
gena60: posts big blind $0.10
*** HOLE CARDS ***
Dealt to Mahu2021 [2s Jd]
nicholas kenny: folds 
Mahu2021: folds 
THE SHADOW78: raises $0.15 to $0.25
ariss1994: folds 
MarkDontTrust: folds 
gena60: folds 
Uncalled bet ($0.15) returned to THE SHADOW78
THE SHADOW78 collected $0.25 from pot
THE SHADOW78: doesn't show hand 
*** SUMMARY ***
Total pot $0.25 | Rake $0 
Seat 1: ariss1994 (button) folded before Flop (didn't bet)
Seat 2: MarkDontTrust (small blind) folded before Flop
Seat 3: gena60 (big blind) folded before Flop
Seat 4: nicholas kenny folded before Flop (didn't bet)
Seat 5: Mahu2021 folded before Flop (didn't bet)
Seat 6: THE SHADOW78 collected ($0.25)



PokerStars Zoom Hand #255162682399:  Hold'em No Limit ($0.05/$0.10) - 2025/03/06 12:18:19 CET [2025/03/06 6:18:19 ET]
Table 'Aludra' 6-max Seat #1 is the button
Seat 1: vanelul ($10 in chips) 
Seat 2: arazkhan1802 ($16.70 in chips) 
Seat 3: Robertwao ($12.29 in chips) 
Seat 4: Mahu2021 ($5.99 in chips) 
Seat 5: THE SHADOW78 ($10.71 in chips) 
Seat 6: Bamblbi2G ($1.29 in chips) 
arazkhan1802: posts small blind $0.05
Robertwao: posts big blind $0.10
*** HOLE CARDS ***
Dealt to Mahu2021 [8c Jc]
Mahu2021: folds 
THE SHADOW78: folds 
Bamblbi2G: folds 
vanelul: folds 
arazkhan1802: raises $0.20 to $0.30
Robertwao: folds 
Uncalled bet ($0.20) returned to arazkhan1802
arazkhan1802 collected $0.20 from pot
arazkhan1802: doesn't show hand 
*** SUMMARY ***
Total pot $0.20 | Rake $0 
Seat 1: vanelul (button) folded before Flop (didn't bet)
Seat 2: arazkhan1802 (small blind) collected ($0.20)
Seat 3: Robertwao (big blind) folded before Flop
Seat 4: Mahu2021 folded before Flop (didn't bet)
Seat 5: THE SHADOW78 folded before Flop (didn't bet)
Seat 6: Bamblbi2G folded before Flop (didn't bet)



PokerStars Zoom Hand #255162681895:  Hold'em No Limit ($0.05/$0.10) - 2025/03/06 12:18:14 CET [2025/03/06 6:18:14 ET]
Table 'Aludra' 6-max Seat #1 is the button
Seat 1: pcsk8 ($47.67 in chips) 
Seat 2: ratchadan ($9.98 in chips) 
Seat 3: P1ntail ($16.88 in chips) 
Seat 4: Goumios ($25.72 in chips) 
Seat 5: JICC632 ($14.58 in chips) 
Seat 6: Mahu2021 ($5.99 in chips) 
ratchadan: posts small blind $0.05
P1ntail: posts big blind $0.10
*** HOLE CARDS ***
Dealt to Mahu2021 [Kd 9c]
Goumios: folds 
JICC632: raises $0.10 to $0.20
Mahu2021: folds 
pcsk8: raises $0.55 to $0.75
ratchadan: calls $0.70
P1ntail: folds 
JICC632: calls $0.55
*** FLOP *** [2s Td 3c]
ratchadan: checks 
JICC632: checks 
pcsk8: checks 
*** TURN *** [2s Td 3c] [9d]
ratchadan: bets $1.12
JICC632: raises $2.24 to $3.36
pcsk8: folds 
ratchadan: calls $2.24
*** RIVER *** [2s Td 3c 9d] [Ac]
ratchadan: checks 
JICC632: bets $6.50
ratchadan: folds 
Uncalled bet ($6.50) returned to JICC632
JICC632 collected $8.66 from pot
JICC632: doesn't show hand 
*** SUMMARY ***
Total pot $9.07 | Rake $0.41 
Board [2s Td 3c 9d Ac]
Seat 1: pcsk8 (button) folded on the Turn
Seat 2: ratchadan (small blind) folded on the River
Seat 3: P1ntail (big blind) folded before Flop
Seat 4: Goumios folded before Flop (didn't bet)
Seat 5: JICC632 collected ($8.66)
Seat 6: Mahu2021 folded before Flop (didn't bet)



PokerStars Zoom Hand #255162686275:  Hold'em No Limit ($0.05/$0.10) - 2025/03/06 12:18:51 CET [2025/03/06 6:18:51 ET]
Table 'Aludra' 6-max Seat #1 is the button
Seat 1: MarkDontTrust ($8.17 in chips) 
Seat 2: Netzath ($10 in chips) 
Seat 3: pcsk8 ($46.87 in chips) 
Seat 4: Mahu2021 ($5.74 in chips) 
Seat 5: Goumios ($12.66 in chips) 
Seat 6: P1ntail ($16.73 in chips) 
Netzath: posts small blind $0.05
pcsk8: posts big blind $0.10
*** HOLE CARDS ***
Dealt to Mahu2021 [Tc Ts]
Mahu2021: raises $0.14 to $0.24
Goumios: folds 
P1ntail: folds 
MarkDontTrust: folds 
Netzath: folds 
pcsk8: folds 
Uncalled bet ($0.14) returned to Mahu2021
Mahu2021 collected $0.25 from pot
Mahu2021: doesn't show hand 
*** SUMMARY ***
Total pot $0.25 | Rake $0 
Seat 1: MarkDontTrust (button) folded before Flop (didn't bet)
Seat 2: Netzath (small blind) folded before Flop
Seat 3: pcsk8 (big blind) folded before Flop
Seat 4: Mahu2021 collected ($0.25)
Seat 5: Goumios folded before Flop (didn't bet)
Seat 6: P1ntail folded before Flop (didn't bet)



PokerStars Zoom Hand #255162683256:  Hold'em No Limit ($0.05/$0.10) - 2025/03/06 12:18:26 CET [2025/03/06 6:18:26 ET]
Table 'Aludra' 6-max Seat #1 is the button
Seat 1: vicegoodman ($10.15 in chips) 
Seat 2: Winik810 ($10 in chips) 
Seat 3: Mahu2021 ($5.99 in chips) 
Seat 4: Calvis_lol ($10 in chips) 
Seat 5: Lim 2589 ($10.43 in chips) 
Seat 6: chilli60 ($9.63 in chips) 
Winik810: posts small blind $0.05
Mahu2021: posts big blind $0.10
*** HOLE CARDS ***
Dealt to Mahu2021 [As 9s]
Calvis_lol: folds 
Lim 2589: raises $0.10 to $0.20
chilli60: calls $0.20
vicegoodman: folds 
Winik810: folds 
Mahu2021: calls $0.10
*** FLOP *** [Qd 4d 2s]
Mahu2021: checks 
Lim 2589: bets $0.20
chilli60: raises $0.20 to $0.40
Mahu2021: folds 
Lim 2589: calls $0.20
*** TURN *** [Qd 4d 2s] [7d]
Lim 2589: checks 
chilli60: checks 
*** RIVER *** [Qd 4d 2s 7d] [Ts]
Lim 2589: bets $0.46
chilli60: calls $0.46
*** SHOW DOWN ***
Lim 2589: shows [Ks Kd] (a pair of Kings)
chilli60: mucks hand 
Lim 2589 collected $2.26 from pot
*** SUMMARY ***
Total pot $2.37 | Rake $0.11 
Board [Qd 4d 2s 7d Ts]
Seat 1: vicegoodman (button) folded before Flop (didn't bet)
Seat 2: Winik810 (small blind) folded before Flop
Seat 3: Mahu2021 (big blind) folded on the Flop
Seat 4: Calvis_lol folded before Flop (didn't bet)
Seat 5: Lim 2589 showed [Ks Kd] and won ($2.26) with a pair of Kings
Seat 6: chilli60 mucked [Ac Qh]



PokerStars Zoom Hand #255162685685:  Hold'em No Limit ($0.05/$0.10) - 2025/03/06 12:18:46 CET [2025/03/06 6:18:46 ET]
Table 'Aludra' 6-max Seat #1 is the button
Seat 1: IVERNMAN ($18.42 in chips) 
Seat 2: Mahu2021 ($5.79 in chips) 
Seat 3: Cyborg_0113 ($12.10 in chips) 
Seat 4: stanke_d ($8.23 in chips) 
Seat 5: iudicus ($13.35 in chips) 
Seat 6: MarkDontTrust ($8.17 in chips) 
Mahu2021: posts small blind $0.05
Cyborg_0113: posts big blind $0.10
*** HOLE CARDS ***
Dealt to Mahu2021 [6h 3c]
stanke_d: folds 
iudicus: folds 
MarkDontTrust: folds 
IVERNMAN: raises $0.10 to $0.20
Mahu2021: folds 
Cyborg_0113: calls $0.10
*** FLOP *** [Ac 9h 9s]
Cyborg_0113: checks 
IVERNMAN: checks 
*** TURN *** [Ac 9h 9s] [9c]
Cyborg_0113: checks 
IVERNMAN: bets $0.14
Cyborg_0113: folds 
Uncalled bet ($0.14) returned to IVERNMAN
IVERNMAN collected $0.43 from pot
IVERNMAN: doesn't show hand 
*** SUMMARY ***
Total pot $0.45 | Rake $0.02 
Board [Ac 9h 9s 9c]
Seat 1: IVERNMAN (button) collected ($0.43)
Seat 2: Mahu2021 (small blind) folded before Flop
Seat 3: Cyborg_0113 (big blind) folded on the Turn
Seat 4: stanke_d folded before Flop (didn't bet)
Seat 5: iudicus folded before Flop (didn't bet)
Seat 6: MarkDontTrust folded before Flop (didn't bet)



PokerStars Zoom Hand #255162689035:  Hold'em No Limit ($0.05/$0.10) - 2025/03/06 12:19:14 CET [2025/03/06 6:19:14 ET]
Table 'Aludra' 6-max Seat #1 is the button
Seat 1: augtoth ($10.10 in chips) 
Seat 2: ShadOfStoff ($8.96 in chips) 
Seat 3: pougia777 ($10 in chips) 
Seat 4: stanke_d ($8.18 in chips) 
Seat 5: Mahu2021 ($5.89 in chips) 
Seat 6: vanelul ($10.15 in chips) 
ShadOfStoff: posts small blind $0.05
pougia777: posts big blind $0.10
*** HOLE CARDS ***
Dealt to Mahu2021 [Ac 8s]
stanke_d: folds 
Mahu2021: folds 
vanelul: folds 
augtoth: folds 
ShadOfStoff: folds 
Uncalled bet ($0.05) returned to pougia777
pougia777 collected $0.10 from pot
pougia777: doesn't show hand 
*** SUMMARY ***
Total pot $0.10 | Rake $0 
Seat 1: augtoth (button) folded before Flop (didn't bet)
Seat 2: ShadOfStoff (small blind) folded before Flop
Seat 3: pougia777 (big blind) collected ($0.10)
Seat 4: stanke_d folded before Flop (didn't bet)
Seat 5: Mahu2021 folded before Flop (didn't bet)
Seat 6: vanelul folded before Flop (didn't bet)



PokerStars Zoom Hand #255162689437:  Hold'em No Limit ($0.05/$0.10) - 2025/03/06 12:19:17 CET [2025/03/06 6:19:17 ET]
Table 'Aludra' 6-max Seat #1 is the button
Seat 1: Tsikouris69 ($12.40 in chips) 
Seat 2: Roma88K ($5.21 in chips) 
Seat 3: Mahu2021 ($5.89 in chips) 
Seat 4: hummbold ($10.67 in chips) 
Seat 5: Netzath ($11.62 in chips) 
Seat 6: augtoth ($11.55 in chips) 
Roma88K: posts small blind $0.05
Mahu2021: posts big blind $0.10
*** HOLE CARDS ***
Dealt to Mahu2021 [9d 3s]
hummbold: folds 
Netzath: folds 
augtoth: folds 
Tsikouris69: folds 
Roma88K: folds 
Uncalled bet ($0.05) returned to Mahu2021
Mahu2021 collected $0.10 from pot
Mahu2021: doesn't show hand 
*** SUMMARY ***
Total pot $0.10 | Rake $0 
Seat 1: Tsikouris69 (button) folded before Flop (didn't bet)
Seat 2: Roma88K (small blind) folded before Flop
Seat 3: Mahu2021 (big blind) collected ($0.10)
Seat 4: hummbold folded before Flop (didn't bet)
Seat 5: Netzath folded before Flop (didn't bet)
Seat 6: augtoth folded before Flop (didn't bet)



PokerStars Zoom Hand #255162688708:  Hold'em No Limit ($0.05/$0.10) - 2025/03/06 12:19:11 CET [2025/03/06 6:19:11 ET]
Table 'Aludra' 6-max Seat #1 is the button
Seat 1: timonphantom ($10.72 in chips) 
Seat 2: Lim 2589 ($14.17 in chips) 
Seat 3: Tsikouris69 ($12.50 in chips) 
Seat 4: Calvis_lol ($10 in chips) 
Seat 5: Bur1k ($5 in chips) 
Seat 6: Mahu2021 ($5.89 in chips) 
Lim 2589: posts small blind $0.05
Tsikouris69: posts big blind $0.10
*** HOLE CARDS ***
Dealt to Mahu2021 [5d 2c]
Calvis_lol: raises $0.10 to $0.20
Bur1k: folds 
Mahu2021: folds 
timonphantom: raises $0.20 to $0.40
Lim 2589: folds 
Tsikouris69: folds 
Calvis_lol: calls $0.20
*** FLOP *** [7d Td 9c]
Calvis_lol: checks 
timonphantom: bets $0.91
Calvis_lol: calls $0.91
*** TURN *** [7d Td 9c] [Ts]
Calvis_lol: checks 
timonphantom: checks 
*** RIVER *** [7d Td 9c Ts] [4c]
Calvis_lol: checks 
timonphantom: checks 
*** SHOW DOWN ***
Calvis_lol: shows [8d 9d] (two pair, Tens and Nines)
timonphantom: mucks hand 
Calvis_lol collected $2.65 from pot
*** SUMMARY ***
Total pot $2.77 | Rake $0.12 
Board [7d Td 9c Ts 4c]
Seat 1: timonphantom (button) mucked [Ks As]
Seat 2: Lim 2589 (small blind) folded before Flop
Seat 3: Tsikouris69 (big blind) folded before Flop
Seat 4: Calvis_lol showed [8d 9d] and won ($2.65) with two pair, Tens and Nines
Seat 5: Bur1k folded before Flop (didn't bet)
Seat 6: Mahu2021 folded before Flop (didn't bet)



PokerStars Zoom Hand #255162690295:  Hold'em No Limit ($0.05/$0.10) - 2025/03/06 12:19:25 CET [2025/03/06 6:19:25 ET]
Table 'Aludra' 6-max Seat #1 is the button
Seat 1: BigfootWwa ($10 in chips) 
Seat 2: Tsikouris69 ($12.40 in chips) 
Seat 3: Strelets.UA ($11.53 in chips) 
Seat 4: polina70 ($0.71 in chips) 
Seat 5: Mahu2021 ($5.94 in chips) 
Seat 6: DIMBA1977 ($9.90 in chips) 
Tsikouris69: posts small blind $0.05
Strelets.UA: posts big blind $0.10
*** HOLE CARDS ***
Dealt to Mahu2021 [Jd 4s]
polina70: folds 
Mahu2021: folds 
DIMBA1977: folds 
BigfootWwa: folds 
Tsikouris69: raises $0.30 to $0.40
Strelets.UA: calls $0.30
*** FLOP *** [4h 4d Th]
Tsikouris69: bets $0.30
Strelets.UA: calls $0.30
*** TURN *** [4h 4d Th] [9h]
Tsikouris69: bets $0.40
Strelets.UA: folds 
Uncalled bet ($0.40) returned to Tsikouris69
Tsikouris69 collected $1.34 from pot
Tsikouris69: doesn't show hand 
*** SUMMARY ***
Total pot $1.40 | Rake $0.06 
Board [4h 4d Th 9h]
Seat 1: BigfootWwa (button) folded before Flop (didn't bet)
Seat 2: Tsikouris69 (small blind) collected ($1.34)
Seat 3: Strelets.UA (big blind) folded on the Turn
Seat 4: polina70 folded before Flop (didn't bet)
Seat 5: Mahu2021 folded before Flop (didn't bet)
Seat 6: DIMBA1977 folded before Flop (didn't bet)



PokerStars Zoom Hand #255162688088:  Hold'em No Limit ($0.05/$0.10) - 2025/03/06 12:19:06 CET [2025/03/06 6:19:06 ET]
Table 'Aludra' 6-max Seat #1 is the button
Seat 1: Mahu2021 ($5.89 in chips) 
Seat 2: iudicus ($10 in chips) 
Seat 3: pcsk8 ($21.64 in chips) 
Seat 4: Winik810 ($10.42 in chips) 
Seat 5: Calvis_lol ($10 in chips) 
Seat 6: Netzath ($11.02 in chips) 
iudicus: posts small blind $0.05
pcsk8: posts big blind $0.10
*** HOLE CARDS ***
Dealt to Mahu2021 [2c 7h]
Winik810: folds 
Calvis_lol: folds 
Netzath: raises $0.15 to $0.25
Mahu2021: folds 
iudicus: calls $0.20
pcsk8: calls $0.15
*** FLOP *** [Jc 2d 8s]
iudicus: checks 
pcsk8: checks 
Netzath: bets $0.22
iudicus: folds 
pcsk8: folds 
Uncalled bet ($0.22) returned to Netzath
Netzath collected $0.72 from pot
Netzath: doesn't show hand 
*** SUMMARY ***
Total pot $0.75 | Rake $0.03 
Board [Jc 2d 8s]
Seat 1: Mahu2021 (button) folded before Flop (didn't bet)
Seat 2: iudicus (small blind) folded on the Flop
Seat 3: pcsk8 (big blind) folded on the Flop
Seat 4: Winik810 folded before Flop (didn't bet)
Seat 5: Calvis_lol folded before Flop (didn't bet)
Seat 6: Netzath collected ($0.72)



PokerStars Zoom Hand #255162690853:  Hold'em No Limit ($0.05/$0.10) - 2025/03/06 12:19:29 CET [2025/03/06 6:19:29 ET]
Table 'Aludra' 6-max Seat #1 is the button
Seat 1: IVERNMAN ($11.86 in chips) 
Seat 2: Mahu2021 ($5.94 in chips) 
Seat 3: Lim 2589 ($11.58 in chips) 
Seat 4: vanelul ($10 in chips) 
Seat 5: BigfootWwa ($10 in chips) 
Seat 6: Calvis_lol ($10.23 in chips) 
Mahu2021: posts small blind $0.05
Lim 2589: posts big blind $0.10
*** HOLE CARDS ***
Dealt to Mahu2021 [4c Ac]
vanelul: folds 
BigfootWwa: raises $0.15 to $0.25
Calvis_lol: folds 
IVERNMAN: folds 
Mahu2021: calls $0.20
Lim 2589: calls $0.15
*** FLOP *** [5h 7h Ah]
Mahu2021: bets $0.20
Lim 2589: calls $0.20
BigfootWwa: calls $0.20
*** TURN *** [5h 7h Ah] [7d]
Mahu2021: checks 
Lim 2589: checks 
BigfootWwa: checks 
*** RIVER *** [5h 7h Ah 7d] [5d]
Mahu2021: checks 
Lim 2589: checks 
BigfootWwa: checks 
*** SHOW DOWN ***
Mahu2021: shows [4c Ac] (two pair, Aces and Sevens)
Lim 2589: mucks hand 
BigfootWwa: mucks hand 
Mahu2021 collected $1.29 from pot
*** SUMMARY ***
Total pot $1.35 | Rake $0.06 
Board [5h 7h Ah 7d 5d]
Seat 1: IVERNMAN (button) folded before Flop (didn't bet)
Seat 2: Mahu2021 (small blind) showed [4c Ac] and won ($1.29) with two pair, Aces and Sevens
Seat 3: Lim 2589 (big blind) mucked [8h 8c]
Seat 4: vanelul folded before Flop (didn't bet)
Seat 5: BigfootWwa mucked [6d 6h]
Seat 6: Calvis_lol folded before Flop (didn't bet)



PokerStars Zoom Hand #255162697630:  Hold'em No Limit ($0.05/$0.10) - 2025/03/06 12:20:26 CET [2025/03/06 6:20:26 ET]
Table 'Aludra' 6-max Seat #1 is the button
Seat 1: Mahu2021 ($6.78 in chips) 
Seat 2: ariss1994 ($21.86 in chips) 
Seat 3: Jerman93 ($5 in chips) 
Seat 4: Vaka89 ($4.38 in chips) 
Seat 5: augtoth ($15.41 in chips) 
Seat 6: BigfootWwa ($10 in chips) 
ariss1994: posts small blind $0.05
Jerman93: posts big blind $0.10
*** HOLE CARDS ***
Dealt to Mahu2021 [Qc 4d]
Vaka89: folds 
augtoth: folds 
BigfootWwa: folds 
Mahu2021: folds 
ariss1994: raises $0.10 to $0.20
Jerman93: raises $0.40 to $0.60
ariss1994: calls $0.40
*** FLOP *** [5d 8h 7c]
ariss1994: checks 
Jerman93: bets $0.29
ariss1994: raises $1.73 to $2.02
Jerman93: folds 
Uncalled bet ($1.73) returned to ariss1994
ariss1994 collected $1.70 from pot
ariss1994: doesn't show hand 
*** SUMMARY ***
Total pot $1.78 | Rake $0.08 
Board [5d 8h 7c]
Seat 1: Mahu2021 (button) folded before Flop (didn't bet)
Seat 2: ariss1994 (small blind) collected ($1.70)
Seat 3: Jerman93 (big blind) folded on the Flop
Seat 4: Vaka89 folded before Flop (didn't bet)
Seat 5: augtoth folded before Flop (didn't bet)
Seat 6: BigfootWwa folded before Flop (didn't bet)



PokerStars Zoom Hand #255162698276:  Hold'em No Limit ($0.05/$0.10) - 2025/03/06 12:20:32 CET [2025/03/06 6:20:32 ET]
Table 'Aludra' 6-max Seat #1 is the button
Seat 1: pougia777 ($10.05 in chips) 
Seat 2: THE SHADOW78 ($10.82 in chips) 
Seat 3: vanelul ($11.13 in chips) 
Seat 4: Mahu2021 ($6.78 in chips) 
Seat 5: timonphantom ($9.82 in chips) 
Seat 6: arazkhan1802 ($14.55 in chips) 
THE SHADOW78: posts small blind $0.05
vanelul: posts big blind $0.10
*** HOLE CARDS ***
Dealt to Mahu2021 [Jh 9c]
Mahu2021: folds 
timonphantom: folds 
arazkhan1802: folds 
pougia777: raises $0.10 to $0.20
THE SHADOW78: folds 
vanelul: calls $0.10
*** FLOP *** [6s 3c Th]
vanelul: checks 
pougia777: bets $0.13
vanelul: folds 
Uncalled bet ($0.13) returned to pougia777
pougia777 collected $0.43 from pot
pougia777: doesn't show hand 
*** SUMMARY ***
Total pot $0.45 | Rake $0.02 
Board [6s 3c Th]
Seat 1: pougia777 (button) collected ($0.43)
Seat 2: THE SHADOW78 (small blind) folded before Flop
Seat 3: vanelul (big blind) folded on the Flop
Seat 4: Mahu2021 folded before Flop (didn't bet)
Seat 5: timonphantom folded before Flop (didn't bet)
Seat 6: arazkhan1802 folded before Flop (didn't bet)



PokerStars Zoom Hand #255162699431:  Hold'em No Limit ($0.05/$0.10) - 2025/03/06 12:20:41 CET [2025/03/06 6:20:41 ET]
Table 'Aludra' 6-max Seat #1 is the button
Seat 1: TOATOAPABOYZ ($13.34 in chips) 
Seat 2: BigfootWwa ($10 in chips) 
Seat 3: IVERNMAN ($18.60 in chips) 
Seat 4: hummbold ($29.35 in chips) 
Seat 5: vanelul ($10.15 in chips) 
Seat 6: Mahu2021 ($6.78 in chips) 
BigfootWwa: posts small blind $0.05
IVERNMAN: posts big blind $0.10
*** HOLE CARDS ***
Dealt to Mahu2021 [2c Td]
hummbold: folds 
vanelul: folds 
Mahu2021: raises $0.14 to $0.24
TOATOAPABOYZ: calls $0.24
BigfootWwa: folds 
IVERNMAN: folds 
*** FLOP *** [3d 9c 9h]
Mahu2021: checks 
TOATOAPABOYZ: bets $0.10
Mahu2021: calls $0.10
*** TURN *** [3d 9c 9h] [7h]
Mahu2021: checks 
TOATOAPABOYZ: checks 
*** RIVER *** [3d 9c 9h 7h] [Ah]
Mahu2021: bets $0.79
TOATOAPABOYZ: calls $0.79
*** SHOW DOWN ***
Mahu2021: shows [2c Td] (a pair of Nines)
TOATOAPABOYZ: shows [Ac 6c] (two pair, Aces and Nines)
TOATOAPABOYZ collected $2.30 from pot
*** SUMMARY ***
Total pot $2.41 | Rake $0.11 
Board [3d 9c 9h 7h Ah]
Seat 1: TOATOAPABOYZ (button) showed [Ac 6c] and won ($2.30) with two pair, Aces and Nines
Seat 2: BigfootWwa (small blind) folded before Flop
Seat 3: IVERNMAN (big blind) folded before Flop
Seat 4: hummbold folded before Flop (didn't bet)
Seat 5: vanelul folded before Flop (didn't bet)
Seat 6: Mahu2021 showed [2c Td] and lost with a pair of Nines



PokerStars Zoom Hand #255162703648:  Hold'em No Limit ($0.05/$0.10) - 2025/03/06 12:21:17 CET [2025/03/06 6:21:17 ET]
Table 'Aludra' 6-max Seat #1 is the button
Seat 1: numbergirl27 ($12.16 in chips) 
Seat 2: THE SHADOW78 ($10.45 in chips) 
Seat 3: Mahu2021 ($5.65 in chips) 
Seat 4: TOATOAPABOYZ ($14.51 in chips) 
Seat 5: arazkhan1802 ($20.47 in chips) 
Seat 6: IVERNMAN ($12.94 in chips) 
THE SHADOW78: posts small blind $0.05
Mahu2021: posts big blind $0.10
*** HOLE CARDS ***
Dealt to Mahu2021 [2c Jc]
TOATOAPABOYZ: raises $0.10 to $0.20
arazkhan1802: folds 
IVERNMAN: folds 
numbergirl27: folds 
THE SHADOW78: folds 
Mahu2021: calls $0.10
*** FLOP *** [Qd 8s Ts]
Mahu2021: checks 
TOATOAPABOYZ: bets $0.20
Mahu2021: calls $0.20
*** TURN *** [Qd 8s Ts] [7c]
Mahu2021: checks 
TOATOAPABOYZ: bets $0.40
Mahu2021: calls $0.40
*** RIVER *** [Qd 8s Ts 7c] [Qs]
Mahu2021: checks 
TOATOAPABOYZ: checks 
*** SHOW DOWN ***
Mahu2021: shows [2c Jc] (a pair of Queens)
TOATOAPABOYZ: shows [Kh Kc] (two pair, Kings and Queens)
TOATOAPABOYZ collected $1.58 from pot
*** SUMMARY ***
Total pot $1.65 | Rake $0.07 
Board [Qd 8s Ts 7c Qs]
Seat 1: numbergirl27 (button) folded before Flop (didn't bet)
Seat 2: THE SHADOW78 (small blind) folded before Flop
Seat 3: Mahu2021 (big blind) showed [2c Jc] and lost with a pair of Queens
Seat 4: TOATOAPABOYZ showed [Kh Kc] and won ($1.58) with two pair, Kings and Queens
Seat 5: arazkhan1802 folded before Flop (didn't bet)
Seat 6: IVERNMAN folded before Flop (didn't bet)



PokerStars Zoom Hand #255162707153:  Hold'em No Limit ($0.05/$0.10) - 2025/03/06 12:21:46 CET [2025/03/06 6:21:46 ET]
Table 'Aludra' 6-max Seat #1 is the button
Seat 1: Devans18180 ($11.61 in chips) 
Seat 2: BigfootWwa ($10 in chips) 
Seat 3: tafarel8 ($16.52 in chips) 
Seat 4: hummbold ($10.67 in chips) 
Seat 5: Mahu2021 ($4.85 in chips) 
Seat 6: vanelul ($19.57 in chips) 
BigfootWwa: posts small blind $0.05
tafarel8: posts big blind $0.10
*** HOLE CARDS ***
Dealt to Mahu2021 [8s 9h]
hummbold: folds 
Mahu2021: folds 
vanelul: folds 
Devans18180: folds 
BigfootWwa: raises $0.20 to $0.30
tafarel8: raises $0.60 to $0.90
BigfootWwa: folds 
Uncalled bet ($0.60) returned to tafarel8
tafarel8 collected $0.60 from pot
tafarel8: doesn't show hand 
*** SUMMARY ***
Total pot $0.60 | Rake $0 
Seat 1: Devans18180 (button) folded before Flop (didn't bet)
Seat 2: BigfootWwa (small blind) folded before Flop
Seat 3: tafarel8 (big blind) collected ($0.60)
Seat 4: hummbold folded before Flop (didn't bet)
Seat 5: Mahu2021 folded before Flop (didn't bet)
Seat 6: vanelul folded before Flop (didn't bet)



PokerStars Zoom Hand #255162707795:  Hold'em No Limit ($0.05/$0.10) - 2025/03/06 12:21:52 CET [2025/03/06 6:21:52 ET]
Table 'Aludra' 6-max Seat #1 is the button
Seat 1: vanelul ($19.57 in chips) 
Seat 2: Vaka89 ($4.08 in chips) 
Seat 3: hummbold ($10.67 in chips) 
Seat 4: Mahu2021 ($4.85 in chips) 
Seat 5: Calvis_lol ($10 in chips) 
Seat 6: nicholas kenny ($20.30 in chips) 
Vaka89: posts small blind $0.05
hummbold: posts big blind $0.10
*** HOLE CARDS ***
Dealt to Mahu2021 [Jc Td]
Mahu2021: raises $0.14 to $0.24
Calvis_lol: raises $0.51 to $0.75
nicholas kenny: folds 
vanelul: folds 
Vaka89: folds 
hummbold: folds 
Mahu2021: calls $0.51
*** FLOP *** [8s 3h 2d]
Mahu2021: checks 
Calvis_lol: bets $0.40
Mahu2021: calls $0.40
*** TURN *** [8s 3h 2d] [Ah]
Mahu2021: checks 
Calvis_lol: bets $1.20
Mahu2021: folds 
Uncalled bet ($1.20) returned to Calvis_lol
Calvis_lol collected $2.34 from pot
Calvis_lol: doesn't show hand 
*** SUMMARY ***
Total pot $2.45 | Rake $0.11 
Board [8s 3h 2d Ah]
Seat 1: vanelul (button) folded before Flop (didn't bet)
Seat 2: Vaka89 (small blind) folded before Flop
Seat 3: hummbold (big blind) folded before Flop
Seat 4: Mahu2021 folded on the Turn
Seat 5: Calvis_lol collected ($2.34)
Seat 6: nicholas kenny folded before Flop (didn't bet)



PokerStars Zoom Hand #255162714719:  Hold'em No Limit ($0.05/$0.10) - 2025/03/06 12:22:50 CET [2025/03/06 6:22:50 ET]
Table 'Aludra' 6-max Seat #1 is the button
Seat 1: Calvis_lol ($11.86 in chips) 
Seat 2: Mahu2021 ($3.70 in chips) 
Seat 3: Lime&Lemon1 ($11.54 in chips) 
Seat 4: iudicus ($17.08 in chips) 
Seat 5: Lim 2589 ($13.88 in chips) 
Seat 6: numbergirl27 ($10 in chips) 
Mahu2021: posts small blind $0.05
Lime&Lemon1: posts big blind $0.10
*** HOLE CARDS ***
Dealt to Mahu2021 [Ac 3h]
iudicus: folds 
Lim 2589: folds 
numbergirl27: folds 
Calvis_lol: folds 
Mahu2021: folds 
Uncalled bet ($0.05) returned to Lime&Lemon1
Lime&Lemon1 collected $0.10 from pot
Lime&Lemon1: doesn't show hand 
*** SUMMARY ***
Total pot $0.10 | Rake $0 
Seat 1: Calvis_lol (button) folded before Flop (didn't bet)
Seat 2: Mahu2021 (small blind) folded before Flop
Seat 3: Lime&Lemon1 (big blind) collected ($0.10)
Seat 4: iudicus folded before Flop (didn't bet)
Seat 5: Lim 2589 folded before Flop (didn't bet)
Seat 6: numbergirl27 folded before Flop (didn't bet)



PokerStars Zoom Hand #255162715407:  Hold'em No Limit ($0.05/$0.10) - 2025/03/06 12:22:56 CET [2025/03/06 6:22:56 ET]
Table 'Aludra' 6-max Seat #1 is the button
Seat 1: Mahu2021 ($3.65 in chips) 
Seat 2: TOATOAPABOYZ ($13.53 in chips) 
Seat 3: Robertwao ($13.76 in chips) 
Seat 4: Roma88K ($4.99 in chips) 
Seat 5: IVERNMAN ($11.42 in chips) 
Seat 6: Devans18180 ($13.35 in chips) 
TOATOAPABOYZ: posts small blind $0.05
Robertwao: posts big blind $0.10
*** HOLE CARDS ***
Dealt to Mahu2021 [Js Ts]
Roma88K: folds 
IVERNMAN: raises $0.10 to $0.20
Devans18180: folds 
Mahu2021: calls $0.20
TOATOAPABOYZ: folds 
Robertwao: calls $0.10
*** FLOP *** [8h 2h 8s]
Robertwao: checks 
IVERNMAN: checks 
Mahu2021: checks 
*** TURN *** [8h 2h 8s] [7d]
Robertwao: checks 
IVERNMAN: checks 
Mahu2021: checks 
*** RIVER *** [8h 2h 8s 7d] [3c]
Robertwao: checks 
IVERNMAN: checks 
Mahu2021: checks 
*** SHOW DOWN ***
Robertwao: shows [Qh 9d] (a pair of Eights)
IVERNMAN: shows [As Qd] (a pair of Eights - Ace kicker)
Mahu2021: mucks hand 
IVERNMAN collected $0.62 from pot
*** SUMMARY ***
Total pot $0.65 | Rake $0.03 
Board [8h 2h 8s 7d 3c]
Seat 1: Mahu2021 (button) mucked [Js Ts]
Seat 2: TOATOAPABOYZ (small blind) folded before Flop
Seat 3: Robertwao (big blind) showed [Qh 9d] and lost with a pair of Eights
Seat 4: Roma88K folded before Flop (didn't bet)
Seat 5: IVERNMAN showed [As Qd] and won ($0.62) with a pair of Eights
Seat 6: Devans18180 folded before Flop (didn't bet)



PokerStars Zoom Hand #255162718950:  Hold'em No Limit ($0.05/$0.10) - 2025/03/06 12:23:26 CET [2025/03/06 6:23:26 ET]
Table 'Aludra' 6-max Seat #1 is the button
Seat 1: Robertwao ($13.56 in chips) 
Seat 2: Shark5Omaha ($10.46 in chips) 
Seat 3: tafarel8 ($11.64 in chips) 
Seat 4: Mahu2021 ($3.45 in chips) 
Seat 5: polina70 ($0.66 in chips) 
Seat 6: vanelul ($19.22 in chips) 
Shark5Omaha: posts small blind $0.05
tafarel8: posts big blind $0.10
*** HOLE CARDS ***
Dealt to Mahu2021 [2c 3c]
Mahu2021: folds 
polina70: raises $0.15 to $0.25
vanelul: folds 
Robertwao: folds 
Shark5Omaha: folds 
tafarel8: folds 
Uncalled bet ($0.15) returned to polina70
polina70 collected $0.25 from pot
polina70: doesn't show hand 
*** SUMMARY ***
Total pot $0.25 | Rake $0 
Seat 1: Robertwao (button) folded before Flop (didn't bet)
Seat 2: Shark5Omaha (small blind) folded before Flop
Seat 3: tafarel8 (big blind) folded before Flop
Seat 4: Mahu2021 folded before Flop (didn't bet)
Seat 5: polina70 collected ($0.25)
Seat 6: vanelul folded before Flop (didn't bet)



PokerStars Zoom Hand #255162719698:  Hold'em No Limit ($0.05/$0.10) - 2025/03/06 12:23:32 CET [2025/03/06 6:23:32 ET]
Table 'Aludra' 6-max Seat #1 is the button
Seat 1: IVERNMAN ($14.37 in chips) 
Seat 2: Calvis_lol ($11.19 in chips) 
Seat 3: Mahu2021 ($3.45 in chips) 
Seat 4: Bur1k ($5 in chips) 
Seat 5: Netzath ($10 in chips) 
Seat 6: Cyborg_0113 ($16.75 in chips) 
Calvis_lol: posts small blind $0.05
Mahu2021: posts big blind $0.10
*** HOLE CARDS ***
Dealt to Mahu2021 [4h 4s]
Bur1k: folds 
Netzath: folds 
Cyborg_0113: raises $0.14 to $0.24
IVERNMAN: folds 
Calvis_lol: raises $0.96 to $1.20
Mahu2021: folds 
Cyborg_0113: folds 
Uncalled bet ($0.96) returned to Calvis_lol
Calvis_lol collected $0.58 from pot
Calvis_lol: doesn't show hand 
*** SUMMARY ***
Total pot $0.58 | Rake $0 
Seat 1: IVERNMAN (button) folded before Flop (didn't bet)
Seat 2: Calvis_lol (small blind) collected ($0.58)
Seat 3: Mahu2021 (big blind) folded before Flop
Seat 4: Bur1k folded before Flop (didn't bet)
Seat 5: Netzath folded before Flop (didn't bet)
Seat 6: Cyborg_0113 folded before Flop



PokerStars Zoom Hand #255162722947:  Hold'em No Limit ($0.05/$0.10) - 2025/03/06 12:24:00 CET [2025/03/06 6:24:00 ET]
Table 'Aludra' 6-max Seat #1 is the button
Seat 1: vanelul ($10.22 in chips) 
Seat 2: Mahu2021 ($3.35 in chips) 
Seat 3: Perstenev ($5 in chips) 
Seat 4: augtoth ($11.19 in chips) 
Seat 5: 00O-2Z ($14.16 in chips) 
Seat 6: Cyborg_0113 ($11.38 in chips) 
Mahu2021: posts small blind $0.05
Perstenev: posts big blind $0.10
*** HOLE CARDS ***
Dealt to Mahu2021 [9c Kd]
augtoth: folds 
00O-2Z: folds 
Cyborg_0113: folds 
vanelul: raises $0.20 to $0.30
Mahu2021: folds 
Perstenev: folds 
Uncalled bet ($0.20) returned to vanelul
vanelul collected $0.25 from pot
vanelul: doesn't show hand 
*** SUMMARY ***
Total pot $0.25 | Rake $0 
Seat 1: vanelul (button) collected ($0.25)
Seat 2: Mahu2021 (small blind) folded before Flop
Seat 3: Perstenev (big blind) folded before Flop
Seat 4: augtoth folded before Flop (didn't bet)
Seat 5: 00O-2Z folded before Flop (didn't bet)
Seat 6: Cyborg_0113 folded before Flop (didn't bet)



PokerStars Zoom Hand #255162725008:  Hold'em No Limit ($0.05/$0.10) - 2025/03/06 12:24:17 CET [2025/03/06 6:24:17 ET]
Table 'Aludra' 6-max Seat #1 is the button
Seat 1: marcss2003 ($8.94 in chips) 
Seat 2: Cyborg_0113 ($11.38 in chips) 
Seat 3: vanelul ($11.05 in chips) 
Seat 4: Mahu2021 ($3.30 in chips) 
Seat 5: royacht ($7.50 in chips) 
Seat 6: Devans18180 ($13.35 in chips) 
Cyborg_0113: posts small blind $0.05
vanelul: posts big blind $0.10
*** HOLE CARDS ***
Dealt to Mahu2021 [Ac Td]
Mahu2021: raises $3.20 to $3.30 and is all-in
royacht: folds 
Devans18180: folds 
marcss2003: folds 
Cyborg_0113: folds 
vanelul: folds 
Uncalled bet ($3.20) returned to Mahu2021
Mahu2021 collected $0.25 from pot
Mahu2021: doesn't show hand 
*** SUMMARY ***
Total pot $0.25 | Rake $0 
Seat 1: marcss2003 (button) folded before Flop (didn't bet)
Seat 2: Cyborg_0113 (small blind) folded before Flop
Seat 3: vanelul (big blind) folded before Flop
Seat 4: Mahu2021 collected ($0.25)
Seat 5: royacht folded before Flop (didn't bet)
Seat 6: Devans18180 folded before Flop (didn't bet)



PokerStars Zoom Hand #255162723541:  Hold'em No Limit ($0.05/$0.10) - 2025/03/06 12:24:05 CET [2025/03/06 6:24:05 ET]
Table 'Aludra' 6-max Seat #1 is the button
Seat 1: Mahu2021 ($3.30 in chips) 
Seat 2: THE SHADOW78 ($10.28 in chips) 
Seat 3: Netzath ($10 in chips) 
Seat 4: ssum1234 ($30.28 in chips) 
Seat 5: Cyborg_0113 ($16.51 in chips) 
Seat 6: JICC632 ($13.74 in chips) 
THE SHADOW78: posts small blind $0.05
Netzath: posts big blind $0.10
*** HOLE CARDS ***
Dealt to Mahu2021 [7s Kc]
ssum1234: folds 
Cyborg_0113: folds 
JICC632: raises $0.10 to $0.20
Mahu2021: folds 
THE SHADOW78: folds 
Netzath: calls $0.10
*** FLOP *** [2d 9h Kh]
Netzath: checks 
JICC632: bets $0.13
Netzath: folds 
Uncalled bet ($0.13) returned to JICC632
JICC632 collected $0.43 from pot
JICC632: doesn't show hand 
*** SUMMARY ***
Total pot $0.45 | Rake $0.02 
Board [2d 9h Kh]
Seat 1: Mahu2021 (button) folded before Flop (didn't bet)
Seat 2: THE SHADOW78 (small blind) folded before Flop
Seat 3: Netzath (big blind) folded on the Flop
Seat 4: ssum1234 folded before Flop (didn't bet)
Seat 5: Cyborg_0113 folded before Flop (didn't bet)
Seat 6: JICC632 collected ($0.43)



PokerStars Zoom Hand #255162724241:  Hold'em No Limit ($0.05/$0.10) - 2025/03/06 12:24:11 CET [2025/03/06 6:24:11 ET]
Table 'Aludra' 6-max Seat #1 is the button
Seat 1: Strelets.UA ($10.86 in chips) 
Seat 2: Tsikouris69 ($18.90 in chips) 
Seat 3: Lime&Lemon1 ($9.57 in chips) 
Seat 4: Rinzpo ($14.97 in chips) 
Seat 5: Calvis_lol ($10 in chips) 
Seat 6: Mahu2021 ($3.30 in chips) 
Tsikouris69: posts small blind $0.05
Lime&Lemon1: posts big blind $0.10
*** HOLE CARDS ***
Dealt to Mahu2021 [Qh 9h]
Rinzpo: folds 
Calvis_lol: folds 
Mahu2021: folds 
Strelets.UA: raises $0.12 to $0.22
Tsikouris69: folds 
Lime&Lemon1: folds 
Uncalled bet ($0.12) returned to Strelets.UA
Strelets.UA collected $0.25 from pot
Strelets.UA: doesn't show hand 
*** SUMMARY ***
Total pot $0.25 | Rake $0 
Seat 1: Strelets.UA (button) collected ($0.25)
Seat 2: Tsikouris69 (small blind) folded before Flop
Seat 3: Lime&Lemon1 (big blind) folded before Flop
Seat 4: Rinzpo folded before Flop (didn't bet)
Seat 5: Calvis_lol folded before Flop (didn't bet)
Seat 6: Mahu2021 folded before Flop (didn't bet)



PokerStars Zoom Hand #255162724742:  Hold'em No Limit ($0.05/$0.10) - 2025/03/06 12:24:15 CET [2025/03/06 6:24:15 ET]
Table 'Aludra' 6-max Seat #1 is the button
Seat 1: ShadOfStoff ($6.13 in chips) 
Seat 2: CrazyDizell ($16.20 in chips) 
Seat 3: Robertwao ($14.34 in chips) 
Seat 4: kimmand ($7.85 in chips) 
Seat 5: TOATOAPABOYZ ($13.08 in chips) 
Seat 6: Mahu2021 ($3.30 in chips) 
CrazyDizell: posts small blind $0.05
Robertwao: posts big blind $0.10
*** HOLE CARDS ***
Dealt to Mahu2021 [5s 6h]
kimmand: folds 
TOATOAPABOYZ: folds 
Mahu2021: folds 
ShadOfStoff: folds 
CrazyDizell: folds 
Uncalled bet ($0.05) returned to Robertwao
Robertwao collected $0.10 from pot
Robertwao: doesn't show hand 
*** SUMMARY ***
Total pot $0.10 | Rake $0 
Seat 1: ShadOfStoff (button) folded before Flop (didn't bet)
Seat 2: CrazyDizell (small blind) folded before Flop
Seat 3: Robertwao (big blind) collected ($0.10)
Seat 4: kimmand folded before Flop (didn't bet)
Seat 5: TOATOAPABOYZ folded before Flop (didn't bet)
Seat 6: Mahu2021 folded before Flop (didn't bet)



PokerStars Zoom Hand #255162726426:  Hold'em No Limit ($0.05/$0.10) - 2025/03/06 12:24:29 CET [2025/03/06 6:24:29 ET]
Table 'Aludra' 6-max Seat #1 is the button
Seat 1: augtoth ($11.06 in chips) 
Seat 2: Devans18180 ($8.95 in chips) 
Seat 3: hummbold ($30.13 in chips) 
Seat 4: MarkDontTrust ($8.97 in chips) 
Seat 5: Mahu2021 ($3.45 in chips) 
Seat 6: royacht ($7.45 in chips) 
Devans18180: posts small blind $0.05
hummbold: posts big blind $0.10
*** HOLE CARDS ***
Dealt to Mahu2021 [3s Qh]
MarkDontTrust: folds 
Mahu2021: folds 
royacht: folds 
augtoth: folds 
Devans18180: raises $0.20 to $0.30
hummbold: folds 
Uncalled bet ($0.20) returned to Devans18180
Devans18180 collected $0.20 from pot
Devans18180: doesn't show hand 
*** SUMMARY ***
Total pot $0.20 | Rake $0 
Seat 1: augtoth (button) folded before Flop (didn't bet)
Seat 2: Devans18180 (small blind) collected ($0.20)
Seat 3: hummbold (big blind) folded before Flop
Seat 4: MarkDontTrust folded before Flop (didn't bet)
Seat 5: Mahu2021 folded before Flop (didn't bet)
Seat 6: royacht folded before Flop (didn't bet)



PokerStars Zoom Hand #255162728896:  Hold'em No Limit ($0.05/$0.10) - 2025/03/06 12:24:50 CET [2025/03/06 6:24:50 ET]
Table 'Aludra' 6-max Seat #1 is the button
Seat 1: Lime&Lemon1 ($10.32 in chips) 
Seat 2: Mahu2021 ($3.35 in chips) 
Seat 3: P1ntail ($18.39 in chips) 
Seat 4: Devans18180 ($9.05 in chips) 
Seat 5: THE SHADOW78 ($10.23 in chips) 
Seat 6: 00O-2Z ($14.34 in chips) 
Mahu2021: posts small blind $0.05
P1ntail: posts big blind $0.10
*** HOLE CARDS ***
Dealt to Mahu2021 [Kc 2c]
Devans18180: folds 
THE SHADOW78: folds 
00O-2Z: folds 
Lime&Lemon1: folds 
Mahu2021: raises $0.20 to $0.30
P1ntail: calls $0.20
*** FLOP *** [Ad 3d As]
Mahu2021: checks 
P1ntail: bets $0.16
Mahu2021: folds 
Uncalled bet ($0.16) returned to P1ntail
P1ntail collected $0.57 from pot
P1ntail: doesn't show hand 
*** SUMMARY ***
Total pot $0.60 | Rake $0.03 
Board [Ad 3d As]
Seat 1: Lime&Lemon1 (button) folded before Flop (didn't bet)
Seat 2: Mahu2021 (small blind) folded on the Flop
Seat 3: P1ntail (big blind) collected ($0.57)
Seat 4: Devans18180 folded before Flop (didn't bet)
Seat 5: THE SHADOW78 folded before Flop (didn't bet)
Seat 6: 00O-2Z folded before Flop (didn't bet)



PokerStars Zoom Hand #255162732769:  Hold'em No Limit ($0.05/$0.10) - 2025/03/06 12:25:22 CET [2025/03/06 6:25:22 ET]
Table 'Aludra' 6-max Seat #1 is the button
Seat 1: Mahu2021 ($3.05 in chips) 
Seat 2: Bigbacon510 ($26.99 in chips) 
Seat 3: Bamblbi2G ($0.62 in chips) 
Seat 4: augtoth ($10.63 in chips) 
Seat 5: Perstenev ($4.38 in chips) 
Seat 6: kimmand ($7.37 in chips) 
Bigbacon510: posts small blind $0.05
Bamblbi2G: posts big blind $0.10
*** HOLE CARDS ***
Dealt to Mahu2021 [4c Js]
augtoth: raises $0.15 to $0.25
Perstenev: folds 
kimmand: folds 
Mahu2021: folds 
Bigbacon510: folds 
Bamblbi2G: folds 
Uncalled bet ($0.15) returned to augtoth
augtoth collected $0.25 from pot
augtoth: doesn't show hand 
*** SUMMARY ***
Total pot $0.25 | Rake $0 
Seat 1: Mahu2021 (button) folded before Flop (didn't bet)
Seat 2: Bigbacon510 (small blind) folded before Flop
Seat 3: Bamblbi2G (big blind) folded before Flop
Seat 4: augtoth collected ($0.25)
Seat 5: Perstenev folded before Flop (didn't bet)
Seat 6: kimmand folded before Flop (didn't bet)



PokerStars Zoom Hand #255162728117:  Hold'em No Limit ($0.05/$0.10) - 2025/03/06 12:24:43 CET [2025/03/06 6:24:43 ET]
Table 'Aludra' 6-max Seat #1 is the button
Seat 1: JICC632 ($17.33 in chips) 
Seat 2: timonphantom ($8.19 in chips) 
Seat 3: Mahu2021 ($3.45 in chips) 
Seat 4: Perstenev ($5.15 in chips) 
Seat 5: IVERNMAN ($12.47 in chips) 
Seat 6: Jerman93 ($6.57 in chips) 
timonphantom: posts small blind $0.05
Mahu2021: posts big blind $0.10
*** HOLE CARDS ***
Dealt to Mahu2021 [9h 2c]
Perstenev: folds 
IVERNMAN: folds 
Jerman93: raises $0.13 to $0.23
JICC632: calls $0.23
timonphantom: calls $0.18
Mahu2021: folds 
*** FLOP *** [Kd Ks 3s]
timonphantom: checks 
Jerman93: bets $0.19
JICC632: calls $0.19
timonphantom: folds 
*** TURN *** [Kd Ks 3s] [7s]
Jerman93: bets $0.56
JICC632: calls $0.56
*** RIVER *** [Kd Ks 3s 7s] [9c]
Jerman93: bets $1.10
JICC632: calls $1.10
*** SHOW DOWN ***
Jerman93: shows [Ac 5h] (a pair of Kings)
JICC632: shows [5c Kc] (three of a kind, Kings)
JICC632 collected $4.29 from pot
*** SUMMARY ***
Total pot $4.49 | Rake $0.20 
Board [Kd Ks 3s 7s 9c]
Seat 1: JICC632 (button) showed [5c Kc] and won ($4.29) with three of a kind, Kings
Seat 2: timonphantom (small blind) folded on the Flop
Seat 3: Mahu2021 (big blind) folded before Flop
Seat 4: Perstenev folded before Flop (didn't bet)
Seat 5: IVERNMAN folded before Flop (didn't bet)
Seat 6: Jerman93 showed [Ac 5h] and lost with a pair of Kings



PokerStars Zoom Hand #255162733260:  Hold'em No Limit ($0.05/$0.10) - 2025/03/06 12:25:26 CET [2025/03/06 6:25:26 ET]
Table 'Aludra' 6-max Seat #1 is the button
Seat 1: MarkDontTrust ($19.28 in chips) 
Seat 2: Bamblbi2G ($0.52 in chips) 
Seat 3: kimmand ($7.37 in chips) 
Seat 4: Calvis_lol ($10 in chips) 
Seat 5: tafarel8 ($23.57 in chips) 
Seat 6: Mahu2021 ($3.05 in chips) 
Bamblbi2G: posts small blind $0.05
kimmand: posts big blind $0.10
*** HOLE CARDS ***
Dealt to Mahu2021 [9c Ah]
Calvis_lol: folds 
tafarel8: folds 
Mahu2021: raises $0.14 to $0.24
MarkDontTrust: calls $0.24
Bamblbi2G: folds 
kimmand: calls $0.14
*** FLOP *** [5h 8s 5d]
kimmand: checks 
Mahu2021: bets $0.30
MarkDontTrust: calls $0.30
kimmand: folds 
*** TURN *** [5h 8s 5d] [Qs]
Mahu2021: bets $0.30
MarkDontTrust: calls $0.30
*** RIVER *** [5h 8s 5d Qs] [Kd]
Mahu2021: checks 
MarkDontTrust: checks 
*** SHOW DOWN ***
Mahu2021: shows [9c Ah] (a pair of Fives)
MarkDontTrust: shows [9s 8d] (two pair, Eights and Fives)
MarkDontTrust collected $1.88 from pot
*** SUMMARY ***
Total pot $1.97 | Rake $0.09 
Board [5h 8s 5d Qs Kd]
Seat 1: MarkDontTrust (button) showed [9s 8d] and won ($1.88) with two pair, Eights and Fives
Seat 2: Bamblbi2G (small blind) folded before Flop
Seat 3: kimmand (big blind) folded on the Flop
Seat 4: Calvis_lol folded before Flop (didn't bet)
Seat 5: tafarel8 folded before Flop (didn't bet)
Seat 6: Mahu2021 showed [9c Ah] and lost with a pair of Fives



PokerStars Zoom Hand #255162737793:  Hold'em No Limit ($0.05/$0.10) - 2025/03/06 12:26:04 CET [2025/03/06 6:26:04 ET]
Table 'Aludra' 6-max Seat #1 is the button
Seat 1: Lim 2589 ($10 in chips) 
Seat 2: ShadOfStoff ($6.19 in chips) 
Seat 3: MarkDontTrust ($20.32 in chips) 
Seat 4: Mahu2021 ($2.21 in chips) 
Seat 5: IVERNMAN ($17.85 in chips) 
Seat 6: arazkhan1802 ($15.72 in chips) 
ShadOfStoff: posts small blind $0.05
MarkDontTrust: posts big blind $0.10
*** HOLE CARDS ***
Dealt to Mahu2021 [Kh 3s]
Mahu2021: folds 
IVERNMAN: raises $0.10 to $0.20
arazkhan1802: folds 
Lim 2589: folds 
ShadOfStoff: folds 
MarkDontTrust: folds 
Uncalled bet ($0.10) returned to IVERNMAN
IVERNMAN collected $0.25 from pot
IVERNMAN: doesn't show hand 
*** SUMMARY ***
Total pot $0.25 | Rake $0 
Seat 1: Lim 2589 (button) folded before Flop (didn't bet)
Seat 2: ShadOfStoff (small blind) folded before Flop
Seat 3: MarkDontTrust (big blind) folded before Flop
Seat 4: Mahu2021 folded before Flop (didn't bet)
Seat 5: IVERNMAN collected ($0.25)
Seat 6: arazkhan1802 folded before Flop (didn't bet)



PokerStars Zoom Hand #255162738783:  Hold'em No Limit ($0.05/$0.10) - 2025/03/06 12:26:13 CET [2025/03/06 6:26:13 ET]
Table 'Aludra' 6-max Seat #1 is the button
Seat 1: Stroem.jr ($9.30 in chips) 
Seat 2: Perstenev ($5.20 in chips) 
Seat 3: Shark5Omaha ($10.32 in chips) 
Seat 4: JacobClose01 ($13.76 in chips) 
Seat 5: Mahu2021 ($2.16 in chips) 
Seat 6: vanelul ($10.95 in chips) 
Perstenev: posts small blind $0.05
Shark5Omaha: posts big blind $0.10
*** HOLE CARDS ***
Dealt to Mahu2021 [9h 9s]
JacobClose01: folds 
Mahu2021: raises $0.20 to $0.30
vanelul: folds 
Stroem.jr: folds 
Perstenev: calls $0.25
Shark5Omaha: folds 
*** FLOP *** [9d Ks 6d]
Perstenev: checks 
Mahu2021: bets $0.30
Perstenev: calls $0.30
*** TURN *** [9d Ks 6d] [Th]
Perstenev: checks 
Mahu2021: bets $1.56 and is all-in
Perstenev: folds 
Uncalled bet ($1.56) returned to Mahu2021
Mahu2021 collected $1.24 from pot
Mahu2021: doesn't show hand 
*** SUMMARY ***
Total pot $1.30 | Rake $0.06 
Board [9d Ks 6d Th]
Seat 1: Stroem.jr (button) folded before Flop (didn't bet)
Seat 2: Perstenev (small blind) folded on the Turn
Seat 3: Shark5Omaha (big blind) folded before Flop
Seat 4: JacobClose01 folded before Flop (didn't bet)
Seat 5: Mahu2021 collected ($1.24)
Seat 6: vanelul folded before Flop (didn't bet)



PokerStars Zoom Hand #255162742553:  Hold'em No Limit ($0.05/$0.10) - 2025/03/06 12:26:43 CET [2025/03/06 6:26:43 ET]
Table 'Aludra' 6-max Seat #1 is the button
Seat 1: P1ntail ($13.46 in chips) 
Seat 2: pougia777 ($11.72 in chips) 
Seat 3: hummbold ($10.10 in chips) 
Seat 4: Mahu2021 ($2.80 in chips) 
Seat 5: Perstenev ($4.13 in chips) 
Seat 6: IVERNMAN ($15.07 in chips) 
pougia777: posts small blind $0.05
hummbold: posts big blind $0.10
*** HOLE CARDS ***
Dealt to Mahu2021 [2d Td]
Mahu2021: folds 
Perstenev: folds 
IVERNMAN: folds 
P1ntail: raises $0.15 to $0.25
pougia777: folds 
hummbold: folds 
Uncalled bet ($0.15) returned to P1ntail
P1ntail collected $0.25 from pot
P1ntail: doesn't show hand 
*** SUMMARY ***
Total pot $0.25 | Rake $0 
Seat 1: P1ntail (button) collected ($0.25)
Seat 2: pougia777 (small blind) folded before Flop
Seat 3: hummbold (big blind) folded before Flop
Seat 4: Mahu2021 folded before Flop (didn't bet)
Seat 5: Perstenev folded before Flop (didn't bet)
Seat 6: IVERNMAN folded before Flop (didn't bet)



PokerStars Zoom Hand #255162744217:  Hold'em No Limit ($0.05/$0.10) - 2025/03/06 12:26:58 CET [2025/03/06 6:26:58 ET]
Table 'Aludra' 6-max Seat #1 is the button
Seat 1: Lim 2589 ($10 in chips) 
Seat 2: IVERNMAN ($17.70 in chips) 
Seat 3: kjaye8263 ($10 in chips) 
Seat 4: hummbold ($29.22 in chips) 
Seat 5: nicholas kenny ($28.72 in chips) 
Seat 6: Mahu2021 ($2.70 in chips) 
IVERNMAN: posts small blind $0.05
kjaye8263: posts big blind $0.10
*** HOLE CARDS ***
Dealt to Mahu2021 [5s 8d]
hummbold: folds 
nicholas kenny: raises $0.15 to $0.25
Mahu2021: folds 
Lim 2589: folds 
IVERNMAN: folds 
kjaye8263: folds 
Uncalled bet ($0.15) returned to nicholas kenny
nicholas kenny collected $0.25 from pot
nicholas kenny: doesn't show hand 
*** SUMMARY ***
Total pot $0.25 | Rake $0 
Seat 1: Lim 2589 (button) folded before Flop (didn't bet)
Seat 2: IVERNMAN (small blind) folded before Flop
Seat 3: kjaye8263 (big blind) folded before Flop
Seat 4: hummbold folded before Flop (didn't bet)
Seat 5: nicholas kenny collected ($0.25)
Seat 6: Mahu2021 folded before Flop (didn't bet)



PokerStars Zoom Hand #255162743528:  Hold'em No Limit ($0.05/$0.10) - 2025/03/06 12:26:52 CET [2025/03/06 6:26:52 ET]
Table 'Aludra' 6-max Seat #1 is the button
Seat 1: Devans18180 ($9.27 in chips) 
Seat 2: vanelul ($28 in chips) 
Seat 3: Mahu2021 ($2.80 in chips) 
Seat 4: Vaka89 ($8.60 in chips) 
Seat 5: timonphantom ($7.64 in chips) 
Seat 6: AdAAstra ($8.65 in chips) 
vanelul: posts small blind $0.05
Mahu2021: posts big blind $0.10
*** HOLE CARDS ***
Dealt to Mahu2021 [Kd 8c]
Vaka89: raises $0.10 to $0.20
timonphantom: folds 
AdAAstra: calls $0.20
Devans18180: folds 
vanelul: folds 
Mahu2021: folds 
*** FLOP *** [7s Ts Tc]
Vaka89: bets $0.20
AdAAstra: calls $0.20
*** TURN *** [7s Ts Tc] [7h]
Vaka89: bets $0.80
AdAAstra: folds 
Uncalled bet ($0.80) returned to Vaka89
Vaka89 collected $0.91 from pot
Vaka89: doesn't show hand 
*** SUMMARY ***
Total pot $0.95 | Rake $0.04 
Board [7s Ts Tc 7h]
Seat 1: Devans18180 (button) folded before Flop (didn't bet)
Seat 2: vanelul (small blind) folded before Flop
Seat 3: Mahu2021 (big blind) folded before Flop
Seat 4: Vaka89 collected ($0.91)
Seat 5: timonphantom folded before Flop (didn't bet)
Seat 6: AdAAstra folded on the Turn



PokerStars Zoom Hand #255162743139:  Hold'em No Limit ($0.05/$0.10) - 2025/03/06 12:26:48 CET [2025/03/06 6:26:48 ET]
Table 'Aludra' 6-max Seat #1 is the button
Seat 1: Mahu2021 ($2.80 in chips) 
Seat 2: 00O-2Z ($15.31 in chips) 
Seat 3: crashoverrun ($10 in chips) 
Seat 4: Bur1k ($5.28 in chips) 
Seat 5: kjaye8263 ($10.05 in chips) 
Seat 6: Devans18180 ($9.27 in chips) 
00O-2Z: posts small blind $0.05
crashoverrun: posts big blind $0.10
*** HOLE CARDS ***
Dealt to Mahu2021 [9s 3d]
Bur1k: raises $0.20 to $0.30
kjaye8263: folds 
Devans18180: folds 
Mahu2021: folds 
00O-2Z: calls $0.25
crashoverrun: folds 
*** FLOP *** [8d Ad Jd]
00O-2Z: checks 
Bur1k: checks 
*** TURN *** [8d Ad Jd] [7c]
00O-2Z: bets $0.20
Bur1k: folds 
Uncalled bet ($0.20) returned to 00O-2Z
00O-2Z collected $0.67 from pot
00O-2Z: doesn't show hand 
*** SUMMARY ***
Total pot $0.70 | Rake $0.03 
Board [8d Ad Jd 7c]
Seat 1: Mahu2021 (button) folded before Flop (didn't bet)
Seat 2: 00O-2Z (small blind) collected ($0.67)
Seat 3: crashoverrun (big blind) folded before Flop
Seat 4: Bur1k folded on the Turn
Seat 5: kjaye8263 folded before Flop (didn't bet)
Seat 6: Devans18180 folded before Flop (didn't bet)



PokerStars Zoom Hand #255162744679:  Hold'em No Limit ($0.05/$0.10) - 2025/03/06 12:27:01 CET [2025/03/06 6:27:01 ET]
Table 'Aludra' 6-max Seat #1 is the button
Seat 1: CrazyDizell ($16 in chips) 
Seat 2: marcss2003 ($8.49 in chips) 
Seat 3: Shark5Omaha ($5.31 in chips) 
Seat 4: Roma88K ($9.15 in chips) 
Seat 5: Mahu2021 ($2.70 in chips) 
Seat 6: vanelul ($10.64 in chips) 
marcss2003: posts small blind $0.05
Shark5Omaha: posts big blind $0.10
*** HOLE CARDS ***
Dealt to Mahu2021 [4h 3d]
Roma88K: folds 
Mahu2021: folds 
vanelul: folds 
CrazyDizell: raises $0.20 to $0.30
marcss2003: raises $0.70 to $1
Shark5Omaha: folds 
CrazyDizell: calls $0.70
*** FLOP *** [Ac Qc 8s]
marcss2003: bets $1.01
CrazyDizell: calls $1.01
*** TURN *** [Ac Qc 8s] [4s]
marcss2003: checks 
CrazyDizell: checks 
*** RIVER *** [Ac Qc 8s 4s] [6c]
marcss2003: checks 
CrazyDizell: bets $1.97
marcss2003: calls $1.97
*** SHOW DOWN ***
CrazyDizell: shows [As Jc] (a pair of Aces)
marcss2003: mucks hand 
CrazyDizell collected $7.70 from pot
*** SUMMARY ***
Total pot $8.06 | Rake $0.36 
Board [Ac Qc 8s 4s 6c]
Seat 1: CrazyDizell (button) showed [As Jc] and won ($7.70) with a pair of Aces
Seat 2: marcss2003 (small blind) mucked [9d Ad]
Seat 3: Shark5Omaha (big blind) folded before Flop
Seat 4: Roma88K folded before Flop (didn't bet)
Seat 5: Mahu2021 folded before Flop (didn't bet)
Seat 6: vanelul folded before Flop (didn't bet)



PokerStars Zoom Hand #255162738433:  Hold'em No Limit ($0.05/$0.10) - 2025/03/06 12:26:09 CET [2025/03/06 6:26:09 ET]
Table 'Aludra' 6-max Seat #1 is the button
Seat 1: kjaye8263 ($10.13 in chips) 
Seat 2: Mahu2021 ($2.21 in chips) 
Seat 3: iudicus ($17.04 in chips) 
Seat 4: JICC632 ($12.75 in chips) 
Seat 5: Shark5Omaha ($10.32 in chips) 
Seat 6: hummbold ($28.98 in chips) 
Mahu2021: posts small blind $0.05
iudicus: posts big blind $0.10
*** HOLE CARDS ***
Dealt to Mahu2021 [2s Td]
JICC632: raises $0.10 to $0.20
Shark5Omaha: folds 
hummbold: calls $0.20
kjaye8263: folds 
Mahu2021: folds 
iudicus: calls $0.10
*** FLOP *** [Ac 5c 7c]
iudicus: bets $0.31
JICC632: calls $0.31
hummbold: calls $0.31
*** TURN *** [Ac 5c 7c] [Js]
iudicus: checks 
JICC632: bets $1.13
hummbold: calls $1.13
iudicus: folds 
*** RIVER *** [Ac 5c 7c Js] [6s]
JICC632: bets $6.20
hummbold: raises $6.20 to $12.40
JICC632: calls $4.91 and is all-in
Uncalled bet ($1.29) returned to hummbold
*** SHOW DOWN ***
hummbold: shows [4c 3c] (a flush, Ace high)
JICC632: shows [Qc Jc] (a flush, Ace high - Queen higher)
JICC632 collected $24.89 from pot
*** SUMMARY ***
Total pot $26.06 | Rake $1.17 
Board [Ac 5c 7c Js 6s]
Seat 1: kjaye8263 (button) folded before Flop (didn't bet)
Seat 2: Mahu2021 (small blind) folded before Flop
Seat 3: iudicus (big blind) folded on the Turn
Seat 4: JICC632 showed [Qc Jc] and won ($24.89) with a flush, Ace high
Seat 5: Shark5Omaha folded before Flop (didn't bet)
Seat 6: hummbold showed [4c 3c] and lost with a flush, Ace high



PokerStars Zoom Hand #255162746377:  Hold'em No Limit ($0.05/$0.10) - 2025/03/06 12:27:16 CET [2025/03/06 6:27:16 ET]
Table 'Aludra' 6-max Seat #1 is the button
Seat 1: vanelul ($10.32 in chips) 
Seat 2: arazkhan1802 ($15.22 in chips) 
Seat 3: hummbold ($29.22 in chips) 
Seat 4: gena60 ($10.37 in chips) 
Seat 5: Bigbacon510 ($26.93 in chips) 
Seat 6: Mahu2021 ($2.60 in chips) 
arazkhan1802: posts small blind $0.05
hummbold: posts big blind $0.10
*** HOLE CARDS ***
Dealt to Mahu2021 [Ah 2s]
gena60: folds 
Bigbacon510: raises $0.10 to $0.20
Mahu2021: folds 
vanelul: calls $0.20
arazkhan1802: calls $0.15
hummbold: calls $0.10
*** FLOP *** [Th Td 2h]
arazkhan1802: checks 
hummbold: checks 
Bigbacon510: bets $0.30
vanelul: raises $1.36 to $1.66
arazkhan1802: folds 
hummbold: folds 
Bigbacon510: calls $1.36
*** TURN *** [Th Td 2h] [4s]
Bigbacon510: checks 
vanelul: bets $3.03
Bigbacon510: folds 
Uncalled bet ($3.03) returned to vanelul
vanelul collected $3.93 from pot
vanelul: doesn't show hand 
*** SUMMARY ***
Total pot $4.12 | Rake $0.19 
Board [Th Td 2h 4s]
Seat 1: vanelul (button) collected ($3.93)
Seat 2: arazkhan1802 (small blind) folded on the Flop
Seat 3: hummbold (big blind) folded on the Flop
Seat 4: gena60 folded before Flop (didn't bet)
Seat 5: Bigbacon510 folded on the Turn
Seat 6: Mahu2021 folded before Flop (didn't bet)



PokerStars Zoom Hand #255162746956:  Hold'em No Limit ($0.05/$0.10) - 2025/03/06 12:27:21 CET [2025/03/06 6:27:21 ET]
Table 'Aludra' 6-max Seat #1 is the button
Seat 1: cptsaucee ($11.90 in chips) 
Seat 2: Mahu2021 ($2.60 in chips) 
Seat 3: Lim 2589 ($10.15 in chips) 
Seat 4: Georg006830 ($10.34 in chips) 
Seat 5: vanelul ($10.54 in chips) 
Seat 6: timonphantom ($7.49 in chips) 
Mahu2021: posts small blind $0.05
Lim 2589: posts big blind $0.10
*** HOLE CARDS ***
Dealt to Mahu2021 [9d 3h]
Georg006830: raises $0.20 to $0.30
vanelul: folds 
timonphantom: folds 
cptsaucee: calls $0.30
Mahu2021: folds 
Lim 2589: folds 
*** FLOP *** [6d Ad 5s]
Georg006830: checks 
cptsaucee: checks 
*** TURN *** [6d Ad 5s] [Ah]
Georg006830: checks 
cptsaucee: bets $0.36
Georg006830: calls $0.36
*** RIVER *** [6d Ad 5s Ah] [8c]
Georg006830: checks 
cptsaucee: checks 
*** SHOW DOWN ***
Georg006830: shows [5d 5c] (a full house, Fives full of Aces)
cptsaucee: mucks hand 
Georg006830 collected $1.38 from pot
*** SUMMARY ***
Total pot $1.47 | Rake $0.09 
Board [6d Ad 5s Ah 8c]
Seat 1: cptsaucee (button) mucked [Td 9s]
Seat 2: Mahu2021 (small blind) folded before Flop
Seat 3: Lim 2589 (big blind) folded before Flop
Seat 4: Georg006830 showed [5d 5c] and won ($1.38) with a full house, Fives full of Aces
Seat 5: vanelul folded before Flop (didn't bet)
Seat 6: timonphantom folded before Flop (didn't bet)



PokerStars Zoom Hand #255162747422:  Hold'em No Limit ($0.05/$0.10) - 2025/03/06 12:27:24 CET [2025/03/06 6:27:24 ET]
Table 'Aludra' 6-max Seat #1 is the button
Seat 1: Mahu2021 ($2.55 in chips) 
Seat 2: vanelul ($10.54 in chips) 
Seat 3: Vaka89 ($3.43 in chips) 
Seat 4: augtoth ($12.24 in chips) 
Seat 5: IVERNMAN ($14.92 in chips) 
Seat 6: Strelets.UA ($12.83 in chips) 
vanelul: posts small blind $0.05
Vaka89: posts big blind $0.10
*** HOLE CARDS ***
Dealt to Mahu2021 [4d As]
augtoth: folds 
IVERNMAN: folds 
Strelets.UA: folds 
Mahu2021: raises $0.20 to $0.30
vanelul: folds 
Vaka89: calls $0.20
*** FLOP *** [8s Qs 2c]
Vaka89: checks 
Mahu2021: checks 
*** TURN *** [8s Qs 2c] [Js]
Vaka89: bets $0.30
Mahu2021: calls $0.30
*** RIVER *** [8s Qs 2c Js] [4h]
Vaka89: checks 
Mahu2021: bets $1.95 and is all-in
Vaka89: folds 
Uncalled bet ($1.95) returned to Mahu2021
Mahu2021 collected $1.19 from pot
Mahu2021: doesn't show hand 
*** SUMMARY ***
Total pot $1.25 | Rake $0.06 
Board [8s Qs 2c Js 4h]
Seat 1: Mahu2021 (button) collected ($1.19)
Seat 2: vanelul (small blind) folded before Flop
Seat 3: Vaka89 (big blind) folded on the River
Seat 4: augtoth folded before Flop (didn't bet)
Seat 5: IVERNMAN folded before Flop (didn't bet)
Seat 6: Strelets.UA folded before Flop (didn't bet)



PokerStars Zoom Hand #255162751926:  Hold'em No Limit ($0.05/$0.10) - 2025/03/06 12:28:02 CET [2025/03/06 6:28:02 ET]
Table 'Aludra' 6-max Seat #1 is the button
Seat 1: wedness24 ($10 in chips) 
Seat 2: kjaye8263 ($10.43 in chips) 
Seat 3: BigfootWwa ($11.17 in chips) 
Seat 4: vanelul ($12.34 in chips) 
Seat 5: Mahu2021 ($3.14 in chips) 
Seat 6: P1ntail ($10 in chips) 
kjaye8263: posts small blind $0.05
BigfootWwa: posts big blind $0.10
*** HOLE CARDS ***
Dealt to Mahu2021 [4h Kh]
vanelul: raises $0.20 to $0.30
Mahu2021: folds 
P1ntail: folds 
wedness24: folds 
kjaye8263: folds 
BigfootWwa: folds 
Uncalled bet ($0.20) returned to vanelul
vanelul collected $0.25 from pot
vanelul: doesn't show hand 
*** SUMMARY ***
Total pot $0.25 | Rake $0 
Seat 1: wedness24 (button) folded before Flop (didn't bet)
Seat 2: kjaye8263 (small blind) folded before Flop
Seat 3: BigfootWwa (big blind) folded before Flop
Seat 4: vanelul collected ($0.25)
Seat 5: Mahu2021 folded before Flop (didn't bet)
Seat 6: P1ntail folded before Flop (didn't bet)



PokerStars Zoom Hand #255162745054:  Hold'em No Limit ($0.05/$0.10) - 2025/03/06 12:27:05 CET [2025/03/06 6:27:05 ET]
Table 'Aludra' 6-max Seat #1 is the button
Seat 1: hummbold ($29.22 in chips) 
Seat 2: Lime&Lemon1 ($15.95 in chips) 
Seat 3: Mahu2021 ($2.70 in chips) 
Seat 4: MrCangrejoTh ($14.78 in chips) 
Seat 5: arazkhan1802 ($21.12 in chips) 
Seat 6: Cyborg_0113 ($10.96 in chips) 
Lime&Lemon1: posts small blind $0.05
Mahu2021: posts big blind $0.10
*** HOLE CARDS ***
Dealt to Mahu2021 [5d 8h]
MrCangrejoTh: folds 
arazkhan1802: folds 
Cyborg_0113: raises $0.14 to $0.24
hummbold: folds 
Lime&Lemon1: raises $0.56 to $0.80
Mahu2021: folds 
Cyborg_0113: calls $0.56
*** FLOP *** [Js 8c Jd]
Lime&Lemon1: checks 
Cyborg_0113: checks 
*** TURN *** [Js 8c Jd] [7s]
Lime&Lemon1: checks 
Cyborg_0113: checks 
*** RIVER *** [Js 8c Jd 7s] [Qh]
Lime&Lemon1: checks 
Cyborg_0113: bets $0.81
Lime&Lemon1: folds 
Uncalled bet ($0.81) returned to Cyborg_0113
Cyborg_0113 collected $1.62 from pot
Cyborg_0113: doesn't show hand 
*** SUMMARY ***
Total pot $1.70 | Rake $0.08 
Board [Js 8c Jd 7s Qh]
Seat 1: hummbold (button) folded before Flop (didn't bet)
Seat 2: Lime&Lemon1 (small blind) folded on the River
Seat 3: Mahu2021 (big blind) folded before Flop
Seat 4: MrCangrejoTh folded before Flop (didn't bet)
Seat 5: arazkhan1802 folded before Flop (didn't bet)
Seat 6: Cyborg_0113 collected ($1.62)



PokerStars Zoom Hand #255162752541:  Hold'em No Limit ($0.05/$0.10) - 2025/03/06 12:28:07 CET [2025/03/06 6:28:07 ET]
Table 'Aludra' 6-max Seat #1 is the button
Seat 1: 00O-2Z ($15.98 in chips) 
Seat 2: Mahu2021 ($3.14 in chips) 
Seat 3: Calvis_lol ($10 in chips) 
Seat 4: kjaye8263 ($10.38 in chips) 
Seat 5: Stroem.jr ($10.17 in chips) 
Seat 6: augtoth ($10 in chips) 
Mahu2021: posts small blind $0.05
Calvis_lol: posts big blind $0.10
*** HOLE CARDS ***
Dealt to Mahu2021 [4h 4c]
kjaye8263: folds 
Stroem.jr: folds 
augtoth: raises $0.15 to $0.25
00O-2Z: folds 
Mahu2021: calls $0.20
Calvis_lol: folds 
*** FLOP *** [8s 7s Ks]
Mahu2021: checks 
augtoth: checks 
*** TURN *** [8s 7s Ks] [5s]
Mahu2021: bets $0.20
augtoth: calls $0.20
*** RIVER *** [8s 7s Ks 5s] [Jh]
Mahu2021: checks 
augtoth: checks 
*** SHOW DOWN ***
Mahu2021: shows [4h 4c] (a pair of Fours)
augtoth: shows [9c Kh] (a pair of Kings)
augtoth collected $0.96 from pot
*** SUMMARY ***
Total pot $1 | Rake $0.04 
Board [8s 7s Ks 5s Jh]
Seat 1: 00O-2Z (button) folded before Flop (didn't bet)
Seat 2: Mahu2021 (small blind) showed [4h 4c] and lost with a pair of Fours
Seat 3: Calvis_lol (big blind) folded before Flop
Seat 4: kjaye8263 folded before Flop (didn't bet)
Seat 5: Stroem.jr folded before Flop (didn't bet)
Seat 6: augtoth showed [9c Kh] and won ($0.96) with a pair of Kings



PokerStars Zoom Hand #255162757823:  Hold'em No Limit ($0.05/$0.10) - 2025/03/06 12:28:51 CET [2025/03/06 6:28:51 ET]
Table 'Aludra' 6-max Seat #1 is the button
Seat 1: Mahu2021 ($2.69 in chips) 
Seat 2: Robertwao ($14.51 in chips) 
Seat 3: Lime&Lemon1 ($14.59 in chips) 
Seat 4: Limpraiser70 ($18.33 in chips) 
Seat 5: Bigbacon510 ($25.59 in chips) 
Seat 6: BigfootWwa ($10.15 in chips) 
Robertwao: posts small blind $0.05
Lime&Lemon1: posts big blind $0.10
*** HOLE CARDS ***
Dealt to Mahu2021 [Jh Ah]
Limpraiser70: calls $0.10
Bigbacon510: folds 
BigfootWwa: folds 
Mahu2021: raises $2.59 to $2.69 and is all-in
Robertwao: folds 
Lime&Lemon1: folds 
Limpraiser70: calls $2.59
*** FLOP *** [3s 6c 5d]
*** TURN *** [3s 6c 5d] [5s]
*** RIVER *** [3s 6c 5d 5s] [5c]
*** SHOW DOWN ***
Limpraiser70: shows [9s Js] (three of a kind, Fives)
Mahu2021: shows [Jh Ah] (three of a kind, Fives - Ace kicker)
Mahu2021 cashed out the hand for $3.64 | Cash Out Fee $0.07
*** SUMMARY ***
Total pot $5.53 | Rake $0.25 
Board [3s 6c 5d 5s 5c]
Seat 1: Mahu2021 (button) showed [Jh Ah] and won ($5.28) with three of a kind, Fives (pot not awarded as player cashed out)
Seat 2: Robertwao (small blind) folded before Flop
Seat 3: Lime&Lemon1 (big blind) folded before Flop
Seat 4: Limpraiser70 showed [9s Js] and lost with three of a kind, Fives
Seat 5: Bigbacon510 folded before Flop (didn't bet)
Seat 6: BigfootWwa folded before Flop (didn't bet)



PokerStars Zoom Hand #255162761011:  Hold'em No Limit ($0.05/$0.10) - 2025/03/06 12:29:17 CET [2025/03/06 6:29:17 ET]
Table 'Aludra' 6-max Seat #1 is the button
Seat 1: $wanswan ($15.89 in chips) 
Seat 2: MrCangrejoTh ($32.03 in chips) 
Seat 3: Goumios ($26.21 in chips) 
Seat 4: Lim 2589 ($10.15 in chips) 
Seat 5: Mahu2021 ($3.64 in chips) 
Seat 6: Stroem.jr ($10.36 in chips) 
MrCangrejoTh: posts small blind $0.05
Goumios: posts big blind $0.10
*** HOLE CARDS ***
Dealt to Mahu2021 [9d 7c]
Lim 2589: folds 
Mahu2021: folds 
Stroem.jr: folds 
$wanswan: folds 
MrCangrejoTh: folds 
Uncalled bet ($0.05) returned to Goumios
Goumios collected $0.10 from pot
Goumios: doesn't show hand 
*** SUMMARY ***
Total pot $0.10 | Rake $0 
Seat 1: $wanswan (button) folded before Flop (didn't bet)
Seat 2: MrCangrejoTh (small blind) folded before Flop
Seat 3: Goumios (big blind) collected ($0.10)
Seat 4: Lim 2589 folded before Flop (didn't bet)
Seat 5: Mahu2021 folded before Flop (didn't bet)
Seat 6: Stroem.jr folded before Flop (didn't bet)



PokerStars Zoom Hand #255162762716:  Hold'em No Limit ($0.05/$0.10) - 2025/03/06 12:29:31 CET [2025/03/06 6:29:31 ET]
Table 'Aludra' 6-max Seat #1 is the button
Seat 1: 00O-2Z ($16.10 in chips) 
Seat 2: Goumios ($26.26 in chips) 
Seat 3: Winik810 ($12 in chips) 
Seat 4: Mahu2021 ($3.54 in chips) 
Seat 5: nicholas kenny ($27.67 in chips) 
Seat 6: iudicus ($10.05 in chips) 
Goumios: posts small blind $0.05
Winik810: posts big blind $0.10
*** HOLE CARDS ***
Dealt to Mahu2021 [Jc Jd]
Mahu2021: raises $0.14 to $0.24
nicholas kenny: folds 
iudicus: folds 
00O-2Z: folds 
Goumios: folds 
Winik810: folds 
Uncalled bet ($0.14) returned to Mahu2021
Mahu2021 collected $0.25 from pot
Mahu2021: doesn't show hand 
*** SUMMARY ***
Total pot $0.25 | Rake $0 
Seat 1: 00O-2Z (button) folded before Flop (didn't bet)
Seat 2: Goumios (small blind) folded before Flop
Seat 3: Winik810 (big blind) folded before Flop
Seat 4: Mahu2021 collected ($0.25)
Seat 5: nicholas kenny folded before Flop (didn't bet)
Seat 6: iudicus folded before Flop (didn't bet)



PokerStars Zoom Hand #255162761633:  Hold'em No Limit ($0.05/$0.10) - 2025/03/06 12:29:22 CET [2025/03/06 6:29:22 ET]
Table 'Aludra' 6-max Seat #1 is the button
Seat 1: Lim 2589 ($10.15 in chips) 
Seat 2: augtoth ($10 in chips) 
Seat 3: Mahu2021 ($3.64 in chips) 
Seat 4: marcss2003 ($8.51 in chips) 
Seat 5: tafarel8 ($19.07 in chips) 
Seat 6: 00Joe76 ($7.43 in chips) 
augtoth: posts small blind $0.05
Mahu2021: posts big blind $0.10
*** HOLE CARDS ***
Dealt to Mahu2021 [Jd 9h]
marcss2003: raises $0.10 to $0.20
tafarel8: folds 
00Joe76: folds 
Lim 2589: raises $0.50 to $0.70
augtoth: folds 
Mahu2021: folds 
marcss2003: calls $0.50
*** FLOP *** [Qs Td 5s]
marcss2003: checks 
Lim 2589: bets $0.50
marcss2003: folds 
Uncalled bet ($0.50) returned to Lim 2589
Lim 2589 collected $1.48 from pot
Lim 2589: doesn't show hand 
*** SUMMARY ***
Total pot $1.55 | Rake $0.07 
Board [Qs Td 5s]
Seat 1: Lim 2589 (button) collected ($1.48)
Seat 2: augtoth (small blind) folded before Flop
Seat 3: Mahu2021 (big blind) folded before Flop
Seat 4: marcss2003 folded on the Flop
Seat 5: tafarel8 folded before Flop (didn't bet)
Seat 6: 00Joe76 folded before Flop (didn't bet)



PokerStars Zoom Hand #255162765581:  Hold'em No Limit ($0.05/$0.10) - 2025/03/06 12:29:55 CET [2025/03/06 6:29:55 ET]
Table 'Aludra' 6-max Seat #1 is the button
Seat 1: Perstenev ($2.77 in chips) 
Seat 2: hogatto3 ($10.71 in chips) 
Seat 3: $wanswan ($16.04 in chips) 
Seat 4: Mahu2021 ($3.69 in chips) 
Seat 5: 00O-2Z ($16.25 in chips) 
Seat 6: IVERNMAN ($11.53 in chips) 
hogatto3: posts small blind $0.05
$wanswan: posts big blind $0.10
*** HOLE CARDS ***
Dealt to Mahu2021 [Jd 7s]
Mahu2021: folds 
00O-2Z: folds 
IVERNMAN: folds 
Perstenev: folds 
hogatto3: folds 
Uncalled bet ($0.05) returned to $wanswan
$wanswan collected $0.10 from pot
$wanswan: doesn't show hand 
*** SUMMARY ***
Total pot $0.10 | Rake $0 
Seat 1: Perstenev (button) folded before Flop (didn't bet)
Seat 2: hogatto3 (small blind) folded before Flop
Seat 3: $wanswan (big blind) collected ($0.10)
Seat 4: Mahu2021 folded before Flop (didn't bet)
Seat 5: 00O-2Z folded before Flop (didn't bet)
Seat 6: IVERNMAN folded before Flop (didn't bet)



PokerStars Zoom Hand #255162765098:  Hold'em No Limit ($0.05/$0.10) - 2025/03/06 12:29:51 CET [2025/03/06 6:29:51 ET]
Table 'Aludra' 6-max Seat #1 is the button
Seat 1: vanelul ($12.29 in chips) 
Seat 2: BigfootWwa ($10 in chips) 
Seat 3: IVERNMAN ($16.92 in chips) 
Seat 4: Mahu2021 ($3.69 in chips) 
Seat 5: Devans18180 ($8.23 in chips) 
Seat 6: pougia777 ($10.15 in chips) 
BigfootWwa: posts small blind $0.05
IVERNMAN: posts big blind $0.10
*** HOLE CARDS ***
Dealt to Mahu2021 [7s 2h]
Mahu2021: folds 
Devans18180: folds 
pougia777: folds 
vanelul: raises $0.20 to $0.30
BigfootWwa: folds 
IVERNMAN: calls $0.20
*** FLOP *** [Ad Kc 2d]
IVERNMAN: checks 
vanelul: bets $0.48
IVERNMAN: folds 
Uncalled bet ($0.48) returned to vanelul
vanelul collected $0.62 from pot
vanelul: doesn't show hand 
*** SUMMARY ***
Total pot $0.65 | Rake $0.03 
Board [Ad Kc 2d]
Seat 1: vanelul (button) collected ($0.62)
Seat 2: BigfootWwa (small blind) folded before Flop
Seat 3: IVERNMAN (big blind) folded on the Flop
Seat 4: Mahu2021 folded before Flop (didn't bet)
Seat 5: Devans18180 folded before Flop (didn't bet)
Seat 6: pougia777 folded before Flop (didn't bet)



PokerStars Zoom Hand #255162765926:  Hold'em No Limit ($0.05/$0.10) - 2025/03/06 12:29:58 CET [2025/03/06 6:29:58 ET]
Table 'Aludra' 6-max Seat #1 is the button
Seat 1: royacht ($6.84 in chips) 
Seat 2: Lim 2589 ($10.62 in chips) 
Seat 3: Mahu2021 ($3.69 in chips) 
Seat 4: Perstenev ($2.77 in chips) 
Seat 5: 00Joe76 ($7.28 in chips) 
Seat 6: MrCangrejoTh ($14.60 in chips) 
Lim 2589: posts small blind $0.05
Mahu2021: posts big blind $0.10
*** HOLE CARDS ***
Dealt to Mahu2021 [Tc 6d]
Perstenev: folds 
00Joe76: calls $0.10
MrCangrejoTh: folds 
royacht: folds 
Lim 2589: folds 
Mahu2021: checks 
*** FLOP *** [5c 9h 2s]
Mahu2021: checks 
00Joe76: checks 
*** TURN *** [5c 9h 2s] [6h]
Mahu2021: bets $0.10
00Joe76: folds 
Uncalled bet ($0.10) returned to Mahu2021
Mahu2021 collected $0.24 from pot
Mahu2021: doesn't show hand 
*** SUMMARY ***
Total pot $0.25 | Rake $0.01 
Board [5c 9h 2s 6h]
Seat 1: royacht (button) folded before Flop (didn't bet)
Seat 2: Lim 2589 (small blind) folded before Flop
Seat 3: Mahu2021 (big blind) collected ($0.24)
Seat 4: Perstenev folded before Flop (didn't bet)
Seat 5: 00Joe76 folded on the Turn
Seat 6: MrCangrejoTh folded before Flop (didn't bet)



PokerStars Zoom Hand #255162762205:  Hold'em No Limit ($0.05/$0.10) - 2025/03/06 12:29:27 CET [2025/03/06 6:29:27 ET]
Table 'Aludra' 6-max Seat #1 is the button
Seat 1: augtoth ($10 in chips) 
Seat 2: 00Joe76 ($7.43 in chips) 
Seat 3: chevaloz ($4.52 in chips) 
Seat 4: tafarel8 ($19.07 in chips) 
Seat 5: Cyborg_0113 ($11.78 in chips) 
Seat 6: Mahu2021 ($3.54 in chips) 
00Joe76: posts small blind $0.05
chevaloz: posts big blind $0.10
*** HOLE CARDS ***
Dealt to Mahu2021 [2c 7d]
tafarel8: raises $0.15 to $0.25
Cyborg_0113: folds 
Mahu2021: folds 
augtoth: raises $0.50 to $0.75
00Joe76: folds 
chevaloz: calls $0.65
tafarel8: folds 
*** FLOP *** [4c 3h 5c]
chevaloz: checks 
augtoth: bets $0.43
chevaloz: calls $0.43
*** TURN *** [4c 3h 5c] [2h]
chevaloz: checks 
augtoth: checks 
*** RIVER *** [4c 3h 5c 2h] [2d]
chevaloz: checks 
augtoth: bets $3.40
chevaloz: folds 
Uncalled bet ($3.40) returned to augtoth
augtoth collected $2.54 from pot
augtoth: doesn't show hand 
*** SUMMARY ***
Total pot $2.66 | Rake $0.12 
Board [4c 3h 5c 2h 2d]
Seat 1: augtoth (button) collected ($2.54)
Seat 2: 00Joe76 (small blind) folded before Flop
Seat 3: chevaloz (big blind) folded on the River
Seat 4: tafarel8 folded before Flop
Seat 5: Cyborg_0113 folded before Flop (didn't bet)
Seat 6: Mahu2021 folded before Flop (didn't bet)



PokerStars Zoom Hand #255162768677:  Hold'em No Limit ($0.05/$0.10) - 2025/03/06 12:30:21 CET [2025/03/06 6:30:21 ET]
Table 'Aludra' 6-max Seat #1 is the button
Seat 1: Mahu2021 ($3.83 in chips) 
Seat 2: IVERNMAN ($16.62 in chips) 
Seat 3: Bur1k ($5.93 in chips) 
Seat 4: BigfootWwa ($10.65 in chips) 
Seat 5: hogatto3 ($11.33 in chips) 
Seat 6: TOATOAPABOYZ ($7.30 in chips) 
IVERNMAN: posts small blind $0.05
Bur1k: posts big blind $0.10
*** HOLE CARDS ***
Dealt to Mahu2021 [5c 6c]
BigfootWwa: folds 
hogatto3: raises $0.15 to $0.25
TOATOAPABOYZ: calls $0.25
Mahu2021: calls $0.25
IVERNMAN: folds 
Bur1k: calls $0.15
*** FLOP *** [Qd 2h Qs]
Bur1k: checks 
hogatto3: checks 
TOATOAPABOYZ: bets $0.10
Mahu2021: folds 
Bur1k: folds 
hogatto3: calls $0.10
*** TURN *** [Qd 2h Qs] [7s]
hogatto3: checks 
TOATOAPABOYZ: checks 
*** RIVER *** [Qd 2h Qs 7s] [4c]
hogatto3: checks 
TOATOAPABOYZ: checks 
*** SHOW DOWN ***
hogatto3: shows [Ad Jd] (a pair of Queens)
TOATOAPABOYZ: mucks hand 
hogatto3 collected $1.19 from pot
*** SUMMARY ***
Total pot $1.25 | Rake $0.06 
Board [Qd 2h Qs 7s 4c]
Seat 1: Mahu2021 (button) folded on the Flop
Seat 2: IVERNMAN (small blind) folded before Flop
Seat 3: Bur1k (big blind) folded on the Flop
Seat 4: BigfootWwa folded before Flop (didn't bet)
Seat 5: hogatto3 showed [Ad Jd] and won ($1.19) with a pair of Queens
Seat 6: TOATOAPABOYZ mucked [Ah 9d]



PokerStars Zoom Hand #255162771326:  Hold'em No Limit ($0.05/$0.10) - 2025/03/06 12:30:42 CET [2025/03/06 6:30:42 ET]
Table 'Aludra' 6-max Seat #1 is the button
Seat 1: 00Joe76 ($7.08 in chips) 
Seat 2: Mahu2021 ($3.58 in chips) 
Seat 3: Lime&Lemon1 ($13.73 in chips) 
Seat 4: chevaloz ($3.34 in chips) 
Seat 5: P1ntail ($14.74 in chips) 
Seat 6: wedness24 ($21.57 in chips) 
Mahu2021: posts small blind $0.05
Lime&Lemon1: posts big blind $0.10
*** HOLE CARDS ***
Dealt to Mahu2021 [7d Ac]
chevaloz: raises $0.10 to $0.20
P1ntail: calls $0.20
wedness24: folds 
00Joe76: folds 
Mahu2021: folds 
Lime&Lemon1: folds 
*** FLOP *** [7c Kh 5d]
chevaloz: checks 
P1ntail: bets $0.25
chevaloz: folds 
Uncalled bet ($0.25) returned to P1ntail
P1ntail collected $0.53 from pot
P1ntail: doesn't show hand 
*** SUMMARY ***
Total pot $0.55 | Rake $0.02 
Board [7c Kh 5d]
Seat 1: 00Joe76 (button) folded before Flop (didn't bet)
Seat 2: Mahu2021 (small blind) folded before Flop
Seat 3: Lime&Lemon1 (big blind) folded before Flop
Seat 4: chevaloz folded on the Flop
Seat 5: P1ntail collected ($0.53)
Seat 6: wedness24 folded before Flop (didn't bet)



PokerStars Zoom Hand #255162773245:  Hold'em No Limit ($0.05/$0.10) - 2025/03/06 12:30:58 CET [2025/03/06 6:30:58 ET]
Table 'Aludra' 6-max Seat #1 is the button
Seat 1: augtoth ($10.21 in chips) 
Seat 2: pougia777 ($10 in chips) 
Seat 3: Georg006830 ($9.80 in chips) 
Seat 4: Vaka89 ($5.65 in chips) 
Seat 5: Mahu2021 ($3.53 in chips) 
Seat 6: Shark5Omaha ($12.70 in chips) 
pougia777: posts small blind $0.05
Georg006830: posts big blind $0.10
*** HOLE CARDS ***
Dealt to Mahu2021 [2c 7c]
Vaka89: raises $0.10 to $0.20
Mahu2021: folds 
Shark5Omaha: folds 
augtoth: folds 
pougia777: folds 
Georg006830: folds 
Uncalled bet ($0.10) returned to Vaka89
Vaka89 collected $0.25 from pot
Vaka89: doesn't show hand 
*** SUMMARY ***
Total pot $0.25 | Rake $0 
Seat 1: augtoth (button) folded before Flop (didn't bet)
Seat 2: pougia777 (small blind) folded before Flop
Seat 3: Georg006830 (big blind) folded before Flop
Seat 4: Vaka89 collected ($0.25)
Seat 5: Mahu2021 folded before Flop (didn't bet)
Seat 6: Shark5Omaha folded before Flop (didn't bet)



PokerStars Zoom Hand #255162773778:  Hold'em No Limit ($0.05/$0.10) - 2025/03/06 12:31:02 CET [2025/03/06 6:31:02 ET]
Table 'Aludra' 6-max Seat #1 is the button
Seat 1: Georg006830 ($9.70 in chips) 
Seat 2: wedness24 ($21.47 in chips) 
Seat 3: Winik810 ($11.70 in chips) 
Seat 4: Robertwao ($15.12 in chips) 
Seat 5: Mahu2021 ($3.53 in chips) 
Seat 6: hogatto3 ($11.46 in chips) 
wedness24: posts small blind $0.05
Winik810: posts big blind $0.10
*** HOLE CARDS ***
Dealt to Mahu2021 [Th 4s]
Robertwao: folds 
Mahu2021: folds 
hogatto3: raises $0.15 to $0.25
Georg006830: folds 
wedness24: folds 
Winik810: folds 
Uncalled bet ($0.15) returned to hogatto3
hogatto3 collected $0.25 from pot
hogatto3: doesn't show hand 
*** SUMMARY ***
Total pot $0.25 | Rake $0 
Seat 1: Georg006830 (button) folded before Flop (didn't bet)
Seat 2: wedness24 (small blind) folded before Flop
Seat 3: Winik810 (big blind) folded before Flop
Seat 4: Robertwao folded before Flop (didn't bet)
Seat 5: Mahu2021 folded before Flop (didn't bet)
Seat 6: hogatto3 collected ($0.25)



PokerStars Zoom Hand #255162776798:  Hold'em No Limit ($0.05/$0.10) - 2025/03/06 12:31:27 CET [2025/03/06 6:31:27 ET]
Table 'Aludra' 6-max Seat #1 is the button
Seat 1: Mahu2021 ($3.38 in chips) 
Seat 2: SownedxD ($16.83 in chips) 
Seat 3: marcss2003 ($6.95 in chips) 
Seat 4: kjaye8263 ($10.05 in chips) 
Seat 5: Lime&Lemon1 ($13.58 in chips) 
Seat 6: Perstenev ($9.70 in chips) 
SownedxD: posts small blind $0.05
marcss2003: posts big blind $0.10
*** HOLE CARDS ***
Dealt to Mahu2021 [6s 2s]
kjaye8263: folds 
Lime&Lemon1: folds 
Perstenev: folds 
Mahu2021: folds 
SownedxD: folds 
Uncalled bet ($0.05) returned to marcss2003
marcss2003 collected $0.10 from pot
marcss2003: doesn't show hand 
*** SUMMARY ***
Total pot $0.10 | Rake $0 
Seat 1: Mahu2021 (button) folded before Flop (didn't bet)
Seat 2: SownedxD (small blind) folded before Flop
Seat 3: marcss2003 (big blind) collected ($0.10)
Seat 4: kjaye8263 folded before Flop (didn't bet)
Seat 5: Lime&Lemon1 folded before Flop (didn't bet)
Seat 6: Perstenev folded before Flop (didn't bet)



PokerStars Zoom Hand #255162774474:  Hold'em No Limit ($0.05/$0.10) - 2025/03/06 12:31:08 CET [2025/03/06 6:31:08 ET]
Table 'Aludra' 6-max Seat #1 is the button
Seat 1: Stroem.jr ($10.55 in chips) 
Seat 2: chevaloz ($3.14 in chips) 
Seat 3: Mahu2021 ($3.53 in chips) 
Seat 4: arazkhan1802 ($23.55 in chips) 
Seat 5: Goumios ($14.39 in chips) 
Seat 6: Shark5Omaha ($11.50 in chips) 
chevaloz: posts small blind $0.05
Mahu2021: posts big blind $0.10
*** HOLE CARDS ***
Dealt to Mahu2021 [Th Qd]
arazkhan1802: folds 
Goumios: folds 
Shark5Omaha: raises $0.15 to $0.25
Stroem.jr: raises $0.55 to $0.80
chevaloz: folds 
Mahu2021: folds 
Shark5Omaha: calls $0.55
*** FLOP *** [7h 3s 8c]
Shark5Omaha: checks 
Stroem.jr: bets $1.10
Shark5Omaha: folds 
Uncalled bet ($1.10) returned to Stroem.jr
Stroem.jr collected $1.67 from pot
Stroem.jr: doesn't show hand 
*** SUMMARY ***
Total pot $1.75 | Rake $0.08 
Board [7h 3s 8c]
Seat 1: Stroem.jr (button) collected ($1.67)
Seat 2: chevaloz (small blind) folded before Flop
Seat 3: Mahu2021 (big blind) folded before Flop
Seat 4: arazkhan1802 folded before Flop (didn't bet)
Seat 5: Goumios folded before Flop (didn't bet)
Seat 6: Shark5Omaha folded on the Flop



PokerStars Zoom Hand #255162777181:  Hold'em No Limit ($0.05/$0.10) - 2025/03/06 12:31:30 CET [2025/03/06 6:31:30 ET]
Table 'Aludra' 6-max Seat #1 is the button
Seat 1: Calvis_lol ($10.39 in chips) 
Seat 2: Vaka89 ($5.70 in chips) 
Seat 3: Clicker89 ($10 in chips) 
Seat 4: JICC632 ($21.16 in chips) 
Seat 5: Devans18180 ($9.28 in chips) 
Seat 6: Mahu2021 ($3.38 in chips) 
Vaka89: posts small blind $0.05
Clicker89: posts big blind $0.10
*** HOLE CARDS ***
Dealt to Mahu2021 [4s 7d]
JICC632: folds 
Devans18180: folds 
Mahu2021: folds 
Calvis_lol: folds 
Vaka89: folds 
Uncalled bet ($0.05) returned to Clicker89
Clicker89 collected $0.10 from pot
Clicker89: doesn't show hand 
*** SUMMARY ***
Total pot $0.10 | Rake $0 
Seat 1: Calvis_lol (button) folded before Flop (didn't bet)
Seat 2: Vaka89 (small blind) folded before Flop
Seat 3: Clicker89 (big blind) collected ($0.10)
Seat 4: JICC632 folded before Flop (didn't bet)
Seat 5: Devans18180 folded before Flop (didn't bet)
Seat 6: Mahu2021 folded before Flop (didn't bet)



PokerStars Zoom Hand #255162772661:  Hold'em No Limit ($0.05/$0.10) - 2025/03/06 12:30:53 CET [2025/03/06 6:30:53 ET]
Table 'Aludra' 6-max Seat #1 is the button
Seat 1: Rinzpo ($14.62 in chips) 
Seat 2: Lime&Lemon1 ($13.63 in chips) 
Seat 3: hummbold ($10 in chips) 
Seat 4: 00Joe76 ($7.08 in chips) 
Seat 5: Goumios ($27.16 in chips) 
Seat 6: Mahu2021 ($3.53 in chips) 
Lime&Lemon1: posts small blind $0.05
hummbold: posts big blind $0.10
*** HOLE CARDS ***
Dealt to Mahu2021 [4d 5s]
00Joe76: folds 
Goumios: folds 
Mahu2021: folds 
Rinzpo: raises $0.20 to $0.30
Lime&Lemon1: folds 
hummbold: calls $0.20
*** FLOP *** [Kd 7c 2c]
hummbold: checks 
Rinzpo: bets $0.26
hummbold: folds 
Uncalled bet ($0.26) returned to Rinzpo
Rinzpo collected $0.62 from pot
Rinzpo: doesn't show hand 
*** SUMMARY ***
Total pot $0.65 | Rake $0.03 
Board [Kd 7c 2c]
Seat 1: Rinzpo (button) collected ($0.62)
Seat 2: Lime&Lemon1 (small blind) folded before Flop
Seat 3: hummbold (big blind) folded on the Flop
Seat 4: 00Joe76 folded before Flop (didn't bet)
Seat 5: Goumios folded before Flop (didn't bet)
Seat 6: Mahu2021 folded before Flop (didn't bet)



PokerStars Zoom Hand #255162776351:  Hold'em No Limit ($0.05/$0.10) - 2025/03/06 12:31:23 CET [2025/03/06 6:31:23 ET]
Table 'Aludra' 6-max Seat #1 is the button
Seat 1: Maestro90208 ($11.49 in chips) 
Seat 2: P1ntail ($10.71 in chips) 
Seat 3: Shark5Omaha ($8.63 in chips) 
Seat 4: Mahu2021 ($3.38 in chips) 
Seat 5: tafarel8 ($10 in chips) 
Seat 6: Vaka89 ($9.63 in chips) 
P1ntail: posts small blind $0.05
Shark5Omaha: posts big blind $0.10
*** HOLE CARDS ***
Dealt to Mahu2021 [3c 4c]
Mahu2021: folds 
tafarel8: folds 
Vaka89: folds 
Maestro90208: raises $0.15 to $0.25
P1ntail: folds 
Shark5Omaha: folds 
Uncalled bet ($0.15) returned to Maestro90208
Maestro90208 collected $0.25 from pot
Maestro90208: doesn't show hand 
*** SUMMARY ***
Total pot $0.25 | Rake $0 
Seat 1: Maestro90208 (button) collected ($0.25)
Seat 2: P1ntail (small blind) folded before Flop
Seat 3: Shark5Omaha (big blind) folded before Flop
Seat 4: Mahu2021 folded before Flop (didn't bet)
Seat 5: tafarel8 folded before Flop (didn't bet)
Seat 6: Vaka89 folded before Flop (didn't bet)



PokerStars Zoom Hand #255162775972:  Hold'em No Limit ($0.05/$0.10) - 2025/03/06 12:31:20 CET [2025/03/06 6:31:20 ET]
Table 'Aludra' 6-max Seat #1 is the button
Seat 1: wedness24 ($21.70 in chips) 
Seat 2: Mahu2021 ($3.43 in chips) 
Seat 3: kjaye8263 ($10 in chips) 
Seat 4: BigfootWwa ($10 in chips) 
Seat 5: Vaka89 ($5.70 in chips) 
Seat 6: Roma88K ($7.88 in chips) 
Mahu2021: posts small blind $0.05
kjaye8263: posts big blind $0.10
*** HOLE CARDS ***
Dealt to Mahu2021 [2c Th]
BigfootWwa: folds 
Vaka89: folds 
Roma88K: raises $0.10 to $0.20
wedness24: folds 
Mahu2021: folds 
kjaye8263: calls $0.10
*** FLOP *** [5h Js Tc]
kjaye8263: checks 
Roma88K: checks 
*** TURN *** [5h Js Tc] [9s]
kjaye8263: bets $0.26
Roma88K: folds 
Uncalled bet ($0.26) returned to kjaye8263
kjaye8263 collected $0.43 from pot
kjaye8263: doesn't show hand 
*** SUMMARY ***
Total pot $0.45 | Rake $0.02 
Board [5h Js Tc 9s]
Seat 1: wedness24 (button) folded before Flop (didn't bet)
Seat 2: Mahu2021 (small blind) folded before Flop
Seat 3: kjaye8263 (big blind) collected ($0.43)
Seat 4: BigfootWwa folded before Flop (didn't bet)
Seat 5: Vaka89 folded before Flop (didn't bet)
Seat 6: Roma88K folded on the Turn



PokerStars Zoom Hand #255162777677:  Hold'em No Limit ($0.05/$0.10) - 2025/03/06 12:31:34 CET [2025/03/06 6:31:34 ET]
Table 'Aludra' 6-max Seat #1 is the button
Seat 1: hummbold ($10 in chips) 
Seat 2: Calvis_lol ($10.39 in chips) 
Seat 3: Mahu2021 ($3.38 in chips) 
Seat 4: P1ntail ($10.66 in chips) 
Seat 5: MrCangrejoTh ($14.63 in chips) 
Seat 6: Vaka89 ($5.65 in chips) 
Calvis_lol: posts small blind $0.05
Mahu2021: posts big blind $0.10
*** HOLE CARDS ***
Dealt to Mahu2021 [Qc 3c]
P1ntail: folds 
MrCangrejoTh: folds 
Vaka89: folds 
hummbold: folds 
Calvis_lol: raises $0.20 to $0.30
Mahu2021: calls $0.20
*** FLOP *** [Jd 3h Jh]
Calvis_lol: bets $0.14
Mahu2021: calls $0.14
*** TURN *** [Jd 3h Jh] [Js]
Calvis_lol: bets $0.63
Mahu2021: raises $2.31 to $2.94 and is all-in
Calvis_lol: folds 
Uncalled bet ($2.31) returned to Mahu2021
Mahu2021 collected $2.04 from pot
Mahu2021: doesn't show hand 
*** SUMMARY ***
Total pot $2.14 | Rake $0.10 
Board [Jd 3h Jh Js]
Seat 1: hummbold (button) folded before Flop (didn't bet)
Seat 2: Calvis_lol (small blind) folded on the Turn
Seat 3: Mahu2021 (big blind) collected ($2.04)
Seat 4: P1ntail folded before Flop (didn't bet)
Seat 5: MrCangrejoTh folded before Flop (didn't bet)
Seat 6: Vaka89 folded before Flop (didn't bet)



PokerStars Zoom Hand #255162783298:  Hold'em No Limit ($0.05/$0.10) - 2025/03/06 12:32:21 CET [2025/03/06 6:32:21 ET]
Table 'Aludra' 6-max Seat #1 is the button
Seat 1: Mahu2021 ($4.35 in chips) 
Seat 2: ssum1234 ($32.86 in chips) 
Seat 3: TOATOAPABOYZ ($14.77 in chips) 
Seat 4: arazkhan1802 ($23.36 in chips) 
Seat 5: vanelul ($13.59 in chips) 
Seat 6: MrCangrejoTh ($14.48 in chips) 
ssum1234: posts small blind $0.05
TOATOAPABOYZ: posts big blind $0.10
*** HOLE CARDS ***
Dealt to Mahu2021 [4s 7c]
arazkhan1802: raises $0.15 to $0.25
vanelul: folds 
MrCangrejoTh: folds 
Mahu2021: folds 
ssum1234: folds 
TOATOAPABOYZ: folds 
Uncalled bet ($0.15) returned to arazkhan1802
arazkhan1802 collected $0.25 from pot
arazkhan1802: doesn't show hand 
*** SUMMARY ***
Total pot $0.25 | Rake $0 
Seat 1: Mahu2021 (button) folded before Flop (didn't bet)
Seat 2: ssum1234 (small blind) folded before Flop
Seat 3: TOATOAPABOYZ (big blind) folded before Flop
Seat 4: arazkhan1802 collected ($0.25)
Seat 5: vanelul folded before Flop (didn't bet)
Seat 6: MrCangrejoTh folded before Flop (didn't bet)



PokerStars Zoom Hand #255162784692:  Hold'em No Limit ($0.05/$0.10) - 2025/03/06 12:32:32 CET [2025/03/06 6:32:32 ET]
Table 'Aludra' 6-max Seat #1 is the button
Seat 1: Lime&Lemon1 ($14.60 in chips) 
Seat 2: nicholas kenny ($28.25 in chips) 
Seat 3: vanelul ($12.16 in chips) 
Seat 4: Goumios ($26.98 in chips) 
Seat 5: 00Joe76 ($6.77 in chips) 
Seat 6: Mahu2021 ($4.30 in chips) 
nicholas kenny: posts small blind $0.05
vanelul: posts big blind $0.10
*** HOLE CARDS ***
Dealt to Mahu2021 [6c Ah]
Goumios: folds 
00Joe76: folds 
Mahu2021: folds 
Lime&Lemon1: folds 
nicholas kenny: raises $0.20 to $0.30
vanelul: folds 
Uncalled bet ($0.20) returned to nicholas kenny
nicholas kenny collected $0.20 from pot
nicholas kenny: doesn't show hand 
*** SUMMARY ***
Total pot $0.20 | Rake $0 
Seat 1: Lime&Lemon1 (button) folded before Flop (didn't bet)
Seat 2: nicholas kenny (small blind) collected ($0.20)
Seat 3: vanelul (big blind) folded before Flop
Seat 4: Goumios folded before Flop (didn't bet)
Seat 5: 00Joe76 folded before Flop (didn't bet)
Seat 6: Mahu2021 folded before Flop (didn't bet)



PokerStars Zoom Hand #255162784213:  Hold'em No Limit ($0.05/$0.10) - 2025/03/06 12:32:28 CET [2025/03/06 6:32:28 ET]
Table 'Aludra' 6-max Seat #1 is the button
Seat 1: Calvis_lol ($10.56 in chips) 
Seat 2: Mahu2021 ($4.35 in chips) 
Seat 3: Lim 2589 ($10.48 in chips) 
Seat 4: MrCangrejoTh ($14.48 in chips) 
Seat 5: Anbru666 ($10 in chips) 
Seat 6: iudicus ($17.93 in chips) 
Mahu2021: posts small blind $0.05
Lim 2589: posts big blind $0.10
*** HOLE CARDS ***
Dealt to Mahu2021 [6s 4c]
MrCangrejoTh: folds 
Anbru666: folds 
iudicus: folds 
Calvis_lol: raises $0.15 to $0.25
Mahu2021: folds 
Lim 2589: folds 
Uncalled bet ($0.15) returned to Calvis_lol
Calvis_lol collected $0.25 from pot
Calvis_lol: doesn't show hand 
*** SUMMARY ***
Total pot $0.25 | Rake $0 
Seat 1: Calvis_lol (button) collected ($0.25)
Seat 2: Mahu2021 (small blind) folded before Flop
Seat 3: Lim 2589 (big blind) folded before Flop
Seat 4: MrCangrejoTh folded before Flop (didn't bet)
Seat 5: Anbru666 folded before Flop (didn't bet)
Seat 6: iudicus folded before Flop (didn't bet)



PokerStars Zoom Hand #255162785261:  Hold'em No Limit ($0.05/$0.10) - 2025/03/06 12:32:37 CET [2025/03/06 6:32:37 ET]
Table 'Aludra' 6-max Seat #1 is the button
Seat 1: crashoverrun ($11.54 in chips) 
Seat 2: Perstenev ($9.10 in chips) 
Seat 3: arazkhan1802 ($23.51 in chips) 
Seat 4: Lime&Lemon1 ($14.60 in chips) 
Seat 5: Mahu2021 ($4.30 in chips) 
Seat 6: CrazyDizell ($20.39 in chips) 
Perstenev: posts small blind $0.05
arazkhan1802: posts big blind $0.10
*** HOLE CARDS ***
Dealt to Mahu2021 [Jc 5d]
Lime&Lemon1 has timed out
Lime&Lemon1: folds 
Mahu2021: folds 
CrazyDizell: folds 
crashoverrun: folds 
Perstenev: folds 
Uncalled bet ($0.05) returned to arazkhan1802
arazkhan1802 collected $0.10 from pot
arazkhan1802: doesn't show hand 
*** SUMMARY ***
Total pot $0.10 | Rake $0 
Seat 1: crashoverrun (button) folded before Flop (didn't bet)
Seat 2: Perstenev (small blind) folded before Flop
Seat 3: arazkhan1802 (big blind) collected ($0.10)
Seat 4: Lime&Lemon1 folded before Flop (didn't bet)
Seat 5: Mahu2021 folded before Flop (didn't bet)
Seat 6: CrazyDizell folded before Flop (didn't bet)



PokerStars Zoom Hand #255162785759:  Hold'em No Limit ($0.05/$0.10) - 2025/03/06 12:32:41 CET [2025/03/06 6:32:41 ET]
Table 'Aludra' 6-max Seat #1 is the button
Seat 1: Mahu2021 ($4.30 in chips) 
Seat 2: CrazyDizell ($20.39 in chips) 
Seat 3: THE SHADOW78 ($11.10 in chips) 
Seat 4: Strelets.UA ($12.51 in chips) 
Seat 5: timonphantom ($6.51 in chips) 
Seat 6: BigfootWwa ($11.65 in chips) 
CrazyDizell: posts small blind $0.05
THE SHADOW78: posts big blind $0.10
*** HOLE CARDS ***
Dealt to Mahu2021 [3h Tc]
Strelets.UA: folds 
timonphantom: folds 
BigfootWwa: folds 
Mahu2021: folds 
CrazyDizell: raises $0.20 to $0.30
THE SHADOW78: folds 
Uncalled bet ($0.20) returned to CrazyDizell
CrazyDizell collected $0.20 from pot
CrazyDizell: doesn't show hand 
*** SUMMARY ***
Total pot $0.20 | Rake $0 
Seat 1: Mahu2021 (button) folded before Flop (didn't bet)
Seat 2: CrazyDizell (small blind) collected ($0.20)
Seat 3: THE SHADOW78 (big blind) folded before Flop
Seat 4: Strelets.UA folded before Flop (didn't bet)
Seat 5: timonphantom folded before Flop (didn't bet)
Seat 6: BigfootWwa folded before Flop (didn't bet)



PokerStars Zoom Hand #255162788194:  Hold'em No Limit ($0.05/$0.10) - 2025/03/06 12:33:01 CET [2025/03/06 6:33:01 ET]
Table 'Aludra' 6-max Seat #1 is the button
Seat 1: arazkhan1802 ($22.83 in chips) 
Seat 2: JacobClose01 ($13.15 in chips) 
Seat 3: timonphantom ($6.51 in chips) 
Seat 4: Mahu2021 ($4.15 in chips) 
Seat 5: Calvis_lol ($10.05 in chips) 
Seat 6: Legenbel ($5.07 in chips) 
JacobClose01: posts small blind $0.05
timonphantom: posts big blind $0.10
*** HOLE CARDS ***
Dealt to Mahu2021 [Kd Th]
Mahu2021: folds 
Calvis_lol: folds 
Legenbel: folds 
arazkhan1802: raises $0.10 to $0.20
JacobClose01: folds 
timonphantom: folds 
Uncalled bet ($0.10) returned to arazkhan1802
arazkhan1802 collected $0.25 from pot
arazkhan1802: doesn't show hand 
*** SUMMARY ***
Total pot $0.25 | Rake $0 
Seat 1: arazkhan1802 (button) collected ($0.25)
Seat 2: JacobClose01 (small blind) folded before Flop
Seat 3: timonphantom (big blind) folded before Flop
Seat 4: Mahu2021 folded before Flop (didn't bet)
Seat 5: Calvis_lol folded before Flop (didn't bet)
Seat 6: Legenbel folded before Flop (didn't bet)



PokerStars Zoom Hand #255162786975:  Hold'em No Limit ($0.05/$0.10) - 2025/03/06 12:32:51 CET [2025/03/06 6:32:51 ET]
Table 'Aludra' 6-max Seat #1 is the button
Seat 1: cptsaucee ($13.92 in chips) 
Seat 2: Strelets.UA ($13.06 in chips) 
Seat 3: Mahu2021 ($4.30 in chips) 
Seat 4: IVERNMAN ($11.16 in chips) 
Seat 5: Maestro90208 ($11.09 in chips) 
Seat 6: Devans18180 ($8.14 in chips) 
Strelets.UA: posts small blind $0.05
Mahu2021: posts big blind $0.10
*** HOLE CARDS ***
Dealt to Mahu2021 [8d 5h]
IVERNMAN: raises $0.10 to $0.20
Maestro90208: folds 
Devans18180: calls $0.20
cptsaucee: calls $0.20
Strelets.UA: folds 
Mahu2021: folds 
*** FLOP *** [2d 2h 3c]
IVERNMAN: checks 
Devans18180: checks 
cptsaucee: bets $0.10
IVERNMAN: calls $0.10
Devans18180: calls $0.10
*** TURN *** [2d 2h 3c] [6s]
IVERNMAN: checks 
Devans18180: checks 
cptsaucee: bets $0.50
IVERNMAN: folds 
Devans18180: folds 
Uncalled bet ($0.50) returned to cptsaucee
cptsaucee collected $1 from pot
cptsaucee: doesn't show hand 
*** SUMMARY ***
Total pot $1.05 | Rake $0.05 
Board [2d 2h 3c 6s]
Seat 1: cptsaucee (button) collected ($1)
Seat 2: Strelets.UA (small blind) folded before Flop
Seat 3: Mahu2021 (big blind) folded before Flop
Seat 4: IVERNMAN folded on the Turn
Seat 5: Maestro90208 folded before Flop (didn't bet)
Seat 6: Devans18180 folded on the Turn



PokerStars Zoom Hand #255162789662:  Hold'em No Limit ($0.05/$0.10) - 2025/03/06 12:33:13 CET [2025/03/06 6:33:13 ET]
Table 'Aludra' 6-max Seat #1 is the button
Seat 1: marcss2003 ($6.94 in chips) 
Seat 2: Goumios ($14.04 in chips) 
Seat 3: Mahu2021 ($4.15 in chips) 
Seat 4: Lim 2589 ($11.78 in chips) 
Seat 5: Calvis_lol ($10.05 in chips) 
Seat 6: pitzymecanic ($11.04 in chips) 
Goumios: posts small blind $0.05
Mahu2021: posts big blind $0.10
*** HOLE CARDS ***
Dealt to Mahu2021 [Ts 3s]
Lim 2589: folds 
Calvis_lol: folds 
pitzymecanic: folds 
marcss2003: raises $0.10 to $0.20
Goumios: folds 
Mahu2021: folds 
Uncalled bet ($0.10) returned to marcss2003
marcss2003 collected $0.25 from pot
marcss2003: doesn't show hand 
*** SUMMARY ***
Total pot $0.25 | Rake $0 
Seat 1: marcss2003 (button) collected ($0.25)
Seat 2: Goumios (small blind) folded before Flop
Seat 3: Mahu2021 (big blind) folded before Flop
Seat 4: Lim 2589 folded before Flop (didn't bet)
Seat 5: Calvis_lol folded before Flop (didn't bet)
Seat 6: pitzymecanic folded before Flop (didn't bet)



PokerStars Zoom Hand #255162787700:  Hold'em No Limit ($0.05/$0.10) - 2025/03/06 12:32:57 CET [2025/03/06 6:32:57 ET]
Table 'Aludra' 6-max Seat #1 is the button
Seat 1: tafarel8 ($16.81 in chips) 
Seat 2: Mahu2021 ($4.20 in chips) 
Seat 3: hogatto3 ($13.37 in chips) 
Seat 4: royacht ($6.67 in chips) 
Seat 5: JacobClose01 ($13.15 in chips) 
Seat 6: kjaye8263 ($10.15 in chips) 
Mahu2021: posts small blind $0.05
hogatto3: posts big blind $0.10
*** HOLE CARDS ***
Dealt to Mahu2021 [2h Td]
royacht: raises $0.10 to $0.20
JacobClose01: folds 
kjaye8263: folds 
tafarel8: calls $0.20
Mahu2021: folds 
hogatto3: folds 
*** FLOP *** [Ah 7d Kc]
royacht: bets $0.17
tafarel8: folds 
Uncalled bet ($0.17) returned to royacht
royacht collected $0.53 from pot
royacht: doesn't show hand 
*** SUMMARY ***
Total pot $0.55 | Rake $0.02 
Board [Ah 7d Kc]
Seat 1: tafarel8 (button) folded on the Flop
Seat 2: Mahu2021 (small blind) folded before Flop
Seat 3: hogatto3 (big blind) folded before Flop
Seat 4: royacht collected ($0.53)
Seat 5: JacobClose01 folded before Flop (didn't bet)
Seat 6: kjaye8263 folded before Flop (didn't bet)



PokerStars Zoom Hand #255162789145:  Hold'em No Limit ($0.05/$0.10) - 2025/03/06 12:33:09 CET [2025/03/06 6:33:09 ET]
Table 'Aludra' 6-max Seat #1 is the button
Seat 1: DIMBA1977 ($25.32 in chips) 
Seat 2: P1ntail ($11.40 in chips) 
Seat 3: rkdtks8380 ($12.39 in chips) 
Seat 4: 00Joe76 ($6.67 in chips) 
Seat 5: marcss2003 ($6.94 in chips) 
Seat 6: Mahu2021 ($4.15 in chips) 
P1ntail: posts small blind $0.05
rkdtks8380: posts big blind $0.10
*** HOLE CARDS ***
Dealt to Mahu2021 [8s 7h]
00Joe76: folds 
marcss2003: folds 
Mahu2021: folds 
DIMBA1977: folds 
P1ntail: folds 
Uncalled bet ($0.05) returned to rkdtks8380
rkdtks8380 collected $0.10 from pot
rkdtks8380: doesn't show hand 
*** SUMMARY ***
Total pot $0.10 | Rake $0 
Seat 1: DIMBA1977 (button) folded before Flop (didn't bet)
Seat 2: P1ntail (small blind) folded before Flop
Seat 3: rkdtks8380 (big blind) collected ($0.10)
Seat 4: 00Joe76 folded before Flop (didn't bet)
Seat 5: marcss2003 folded before Flop (didn't bet)
Seat 6: Mahu2021 folded before Flop (didn't bet)



PokerStars Zoom Hand #255162788698:  Hold'em No Limit ($0.05/$0.10) - 2025/03/06 12:33:05 CET [2025/03/06 6:33:05 ET]
Table 'Aludra' 6-max Seat #1 is the button
Seat 1: wedness24 ($21.55 in chips) 
Seat 2: Lim 2589 ($11.17 in chips) 
Seat 3: hummbold ($10 in chips) 
Seat 4: Mahu2021 ($4.15 in chips) 
Seat 5: Legenbel ($5.07 in chips) 
Seat 6: Perstenev ($5.44 in chips) 
Lim 2589: posts small blind $0.05
hummbold: posts big blind $0.10
*** HOLE CARDS ***
Dealt to Mahu2021 [Qh 7c]
Mahu2021: folds 
Legenbel: folds 
Perstenev: raises $0.15 to $0.25
wedness24: folds 
Lim 2589: folds 
hummbold: raises $0.75 to $1
Perstenev: calls $0.75
*** FLOP *** [6h 8c 7h]
hummbold: checks 
Perstenev: bets $4.44 and is all-in
hummbold: folds 
Uncalled bet ($4.44) returned to Perstenev
Perstenev collected $1.96 from pot
Perstenev: doesn't show hand 
*** SUMMARY ***
Total pot $2.05 | Rake $0.09 
Board [6h 8c 7h]
Seat 1: wedness24 (button) folded before Flop (didn't bet)
Seat 2: Lim 2589 (small blind) folded before Flop
Seat 3: hummbold (big blind) folded on the Flop
Seat 4: Mahu2021 folded before Flop (didn't bet)
Seat 5: Legenbel folded before Flop (didn't bet)
Seat 6: Perstenev collected ($1.96)



PokerStars Zoom Hand #255162792212:  Hold'em No Limit ($0.05/$0.10) - 2025/03/06 12:33:34 CET [2025/03/06 6:33:34 ET]
Table 'Aludra' 6-max Seat #1 is the button
Seat 1: BigfootWwa ($20.06 in chips) 
Seat 2: Calvis_lol ($10 in chips) 
Seat 3: pougia777 ($11.14 in chips) 
Seat 4: vicegoodman ($10 in chips) 
Seat 5: royacht ($6.95 in chips) 
Seat 6: Mahu2021 ($4 in chips) 
Calvis_lol: posts small blind $0.05
pougia777: posts big blind $0.10
*** HOLE CARDS ***
Dealt to Mahu2021 [Th 8c]
vicegoodman: folds 
royacht: folds 
Mahu2021: folds 
BigfootWwa: folds 
Calvis_lol: folds 
Uncalled bet ($0.05) returned to pougia777
pougia777 collected $0.10 from pot
pougia777: doesn't show hand 
*** SUMMARY ***
Total pot $0.10 | Rake $0 
Seat 1: BigfootWwa (button) folded before Flop (didn't bet)
Seat 2: Calvis_lol (small blind) folded before Flop
Seat 3: pougia777 (big blind) collected ($0.10)
Seat 4: vicegoodman folded before Flop (didn't bet)
Seat 5: royacht folded before Flop (didn't bet)
Seat 6: Mahu2021 folded before Flop (didn't bet)



PokerStars Zoom Hand #255162791625:  Hold'em No Limit ($0.05/$0.10) - 2025/03/06 12:33:29 CET [2025/03/06 6:33:29 ET]
Table 'Aludra' 6-max Seat #1 is the button
Seat 1: Mahu2021 ($4 in chips) 
Seat 2: SownedxD ($16.15 in chips) 
Seat 3: Cyborg_0113 ($16.46 in chips) 
Seat 4: Shark5Omaha ($3.90 in chips) 
Seat 5: iudicus ($10.14 in chips) 
Seat 6: Rinzpo ($15.13 in chips) 
SownedxD: posts small blind $0.05
Cyborg_0113: posts big blind $0.10
*** HOLE CARDS ***
Dealt to Mahu2021 [5s Qs]
Shark5Omaha: folds 
iudicus: raises $0.30 to $0.40
Rinzpo: folds 
Mahu2021: folds 
SownedxD: folds 
Cyborg_0113: folds 
Uncalled bet ($0.30) returned to iudicus
iudicus collected $0.25 from pot
iudicus: doesn't show hand 
*** SUMMARY ***
Total pot $0.25 | Rake $0 
Seat 1: Mahu2021 (button) folded before Flop (didn't bet)
Seat 2: SownedxD (small blind) folded before Flop
Seat 3: Cyborg_0113 (big blind) folded before Flop
Seat 4: Shark5Omaha folded before Flop (didn't bet)
Seat 5: iudicus collected ($0.25)
Seat 6: Rinzpo folded before Flop (didn't bet)



PokerStars Zoom Hand #255162790519:  Hold'em No Limit ($0.05/$0.10) - 2025/03/06 12:33:20 CET [2025/03/06 6:33:20 ET]
Table 'Aludra' 6-max Seat #1 is the button
Seat 1: Goumios ($13.99 in chips) 
Seat 2: Mahu2021 ($4.05 in chips) 
Seat 3: Lime&Lemon1 ($14.55 in chips) 
Seat 4: vanelul ($10.15 in chips) 
Seat 5: cptsaucee ($14.62 in chips) 
Seat 6: arazkhan1802 ($22.98 in chips) 
Mahu2021: posts small blind $0.05
Lime&Lemon1: posts big blind $0.10
*** HOLE CARDS ***
Dealt to Mahu2021 [2s Qc]
vanelul: folds 
cptsaucee: raises $0.10 to $0.20
arazkhan1802: calls $0.20
Goumios: calls $0.20
Mahu2021: folds 
Lime&Lemon1: folds 
*** FLOP *** [6s 3d Ah]
cptsaucee: checks 
arazkhan1802: checks 
Goumios: bets $0.24
cptsaucee: folds 
arazkhan1802: folds 
Uncalled bet ($0.24) returned to Goumios
Goumios collected $0.72 from pot
Goumios: doesn't show hand 
*** SUMMARY ***
Total pot $0.75 | Rake $0.03 
Board [6s 3d Ah]
Seat 1: Goumios (button) collected ($0.72)
Seat 2: Mahu2021 (small blind) folded before Flop
Seat 3: Lime&Lemon1 (big blind) folded before Flop
Seat 4: vanelul folded before Flop (didn't bet)
Seat 5: cptsaucee folded on the Flop
Seat 6: arazkhan1802 folded on the Flop



PokerStars Zoom Hand #255162792957:  Hold'em No Limit ($0.05/$0.10) - 2025/03/06 12:33:40 CET [2025/03/06 6:33:40 ET]
Table 'Aludra' 6-max Seat #1 is the button
Seat 1: Legenbel ($4.77 in chips) 
Seat 2: Calvis_lol ($10 in chips) 
Seat 3: Mahu2021 ($4 in chips) 
Seat 4: SownedxD ($16.10 in chips) 
Seat 5: kjaye8263 ($10.05 in chips) 
Seat 6: Winik810 ($11.05 in chips) 
Calvis_lol: posts small blind $0.05
Mahu2021: posts big blind $0.10
*** HOLE CARDS ***
Dealt to Mahu2021 [Qc 6c]
SownedxD: folds 
kjaye8263: folds 
Winik810: raises $0.20 to $0.30
Legenbel: folds 
Calvis_lol: raises $0.90 to $1.20
Mahu2021: folds 
Winik810: folds 
Uncalled bet ($0.90) returned to Calvis_lol
Calvis_lol collected $0.70 from pot
Calvis_lol: doesn't show hand 
*** SUMMARY ***
Total pot $0.70 | Rake $0 
Seat 1: Legenbel (button) folded before Flop (didn't bet)
Seat 2: Calvis_lol (small blind) collected ($0.70)
Seat 3: Mahu2021 (big blind) folded before Flop
Seat 4: SownedxD folded before Flop (didn't bet)
Seat 5: kjaye8263 folded before Flop (didn't bet)
Seat 6: Winik810 folded before Flop



PokerStars Zoom Hand #255162791027:  Hold'em No Limit ($0.05/$0.10) - 2025/03/06 12:33:24 CET [2025/03/06 6:33:24 ET]
Table 'Aludra' 6-max Seat #1 is the button
Seat 1: hummbold ($10.35 in chips) 
Seat 2: Clicker89 ($10 in chips) 
Seat 3: THE SHADOW78 ($10.95 in chips) 
Seat 4: Mahu2021 ($4 in chips) 
Seat 5: $wanswan ($15.39 in chips) 
Seat 6: Lim 2589 ($11.30 in chips) 
Clicker89: posts small blind $0.05
THE SHADOW78: posts big blind $0.10
*** HOLE CARDS ***
Dealt to Mahu2021 [Jd 3d]
Mahu2021: folds 
$wanswan: raises $0.20 to $0.30
Lim 2589: folds 
hummbold: calls $0.30
Clicker89: folds 
THE SHADOW78: folds 
*** FLOP *** [Ad 6d 9d]
$wanswan: bets $0.46
hummbold: calls $0.46
*** TURN *** [Ad 6d 9d] [5h]
$wanswan: checks 
hummbold: checks 
*** RIVER *** [Ad 6d 9d 5h] [4d]
$wanswan: checks 
hummbold: checks 
*** SHOW DOWN ***
$wanswan: shows [4c 2c] (a pair of Fours)
hummbold: shows [Ac Js] (a pair of Aces)
hummbold collected $1.59 from pot
*** SUMMARY ***
Total pot $1.67 | Rake $0.08 
Board [Ad 6d 9d 5h 4d]
Seat 1: hummbold (button) showed [Ac Js] and won ($1.59) with a pair of Aces
Seat 2: Clicker89 (small blind) folded before Flop
Seat 3: THE SHADOW78 (big blind) folded before Flop
Seat 4: Mahu2021 folded before Flop (didn't bet)
Seat 5: $wanswan showed [4c 2c] and lost with a pair of Fours
Seat 6: Lim 2589 folded before Flop (didn't bet)



PokerStars Zoom Hand #255162795594:  Hold'em No Limit ($0.05/$0.10) - 2025/03/06 12:34:02 CET [2025/03/06 6:34:02 ET]
Table 'Aludra' 6-max Seat #1 is the button
Seat 1: miggggy ($10 in chips) 
Seat 2: vanelul ($11.82 in chips) 
Seat 3: Goumios ($14.51 in chips) 
Seat 4: Robertwao ($16.41 in chips) 
Seat 5: Mahu2021 ($3.90 in chips) 
Seat 6: hogatto3 ($13.27 in chips) 
vanelul: posts small blind $0.05
Goumios: posts big blind $0.10
*** HOLE CARDS ***
Dealt to Mahu2021 [7h Jd]
Robertwao: folds 
Mahu2021: folds 
hogatto3: folds 
miggggy: folds 
vanelul: folds 
Uncalled bet ($0.05) returned to Goumios
Goumios collected $0.10 from pot
Goumios: doesn't show hand 
*** SUMMARY ***
Total pot $0.10 | Rake $0 
Seat 1: miggggy (button) folded before Flop (didn't bet)
Seat 2: vanelul (small blind) folded before Flop
Seat 3: Goumios (big blind) collected ($0.10)
Seat 4: Robertwao folded before Flop (didn't bet)
Seat 5: Mahu2021 folded before Flop (didn't bet)
Seat 6: hogatto3 folded before Flop (didn't bet)



PokerStars Zoom Hand #255162795142:  Hold'em No Limit ($0.05/$0.10) - 2025/03/06 12:33:58 CET [2025/03/06 6:33:58 ET]
Table 'Aludra' 6-max Seat #1 is the button
Seat 1: JacobClose01 ($13.25 in chips) 
Seat 2: HyperBete ($11.03 in chips) 
Seat 3: Strelets.UA ($13.92 in chips) 
Seat 4: Robertwao ($16.41 in chips) 
Seat 5: Mahu2021 ($3.90 in chips) 
Seat 6: IVERNMAN ($13.87 in chips) 
HyperBete: posts small blind $0.05
Strelets.UA: posts big blind $0.10
*** HOLE CARDS ***
Dealt to Mahu2021 [Ah 8d]
Robertwao: folds 
Mahu2021: folds 
IVERNMAN: folds 
JacobClose01: raises $0.15 to $0.25
HyperBete: folds 
Strelets.UA: folds 
Uncalled bet ($0.15) returned to JacobClose01
JacobClose01 collected $0.25 from pot
JacobClose01: doesn't show hand 
*** SUMMARY ***
Total pot $0.25 | Rake $0 
Seat 1: JacobClose01 (button) collected ($0.25)
Seat 2: HyperBete (small blind) folded before Flop
Seat 3: Strelets.UA (big blind) folded before Flop
Seat 4: Robertwao folded before Flop (didn't bet)
Seat 5: Mahu2021 folded before Flop (didn't bet)
Seat 6: IVERNMAN folded before Flop (didn't bet)



PokerStars Zoom Hand #255162796010:  Hold'em No Limit ($0.05/$0.10) - 2025/03/06 12:34:05 CET [2025/03/06 6:34:05 ET]
Table 'Aludra' 6-max Seat #1 is the button
Seat 1: kjaye8263 ($10.15 in chips) 
Seat 2: Mahu2021 ($3.90 in chips) 
Seat 3: Lim 2589 ($11.48 in chips) 
Seat 4: IVERNMAN ($15.42 in chips) 
Seat 5: iudicus ($10 in chips) 
Seat 6: BigfootWwa ($11.75 in chips) 
Mahu2021: posts small blind $0.05
Lim 2589: posts big blind $0.10
*** HOLE CARDS ***
Dealt to Mahu2021 [2h 3c]
IVERNMAN: folds 
iudicus: folds 
BigfootWwa: folds 
kjaye8263: folds 
Mahu2021: folds 
Uncalled bet ($0.05) returned to Lim 2589
Lim 2589 collected $0.10 from pot
Lim 2589: doesn't show hand 
*** SUMMARY ***
Total pot $0.10 | Rake $0 
Seat 1: kjaye8263 (button) folded before Flop (didn't bet)
Seat 2: Mahu2021 (small blind) folded before Flop
Seat 3: Lim 2589 (big blind) collected ($0.10)
Seat 4: IVERNMAN folded before Flop (didn't bet)
Seat 5: iudicus folded before Flop (didn't bet)
Seat 6: BigfootWwa folded before Flop (didn't bet)



PokerStars Zoom Hand #255162786462:  Hold'em No Limit ($0.05/$0.10) - 2025/03/06 12:32:47 CET [2025/03/06 6:32:47 ET]
Table 'Aludra' 6-max Seat #1 is the button
Seat 1: hummbold ($10 in chips) 
Seat 2: Lim 2589 ($11.78 in chips) 
Seat 3: Clicker89 ($10 in chips) 
Seat 4: ShadOfStoff ($6.14 in chips) 
Seat 5: Mahu2021 ($4.30 in chips) 
Seat 6: cptsaucee ($13.92 in chips) 
Lim 2589: posts small blind $0.05
Clicker89: posts big blind $0.10
*** HOLE CARDS ***
Dealt to Mahu2021 [5h 7c]
ShadOfStoff: calls $0.10
Mahu2021: folds 
cptsaucee: folds 
hummbold: folds 
Lim 2589: folds 
Clicker89: checks 
*** FLOP *** [Kd Jd 6s]
ShadOfStoff is disconnected 
Clicker89: checks 
ShadOfStoff has timed out while disconnected
ShadOfStoff: checks 
*** TURN *** [Kd Jd 6s] [Ah]
Clicker89: checks 
ShadOfStoff has timed out while disconnected
ShadOfStoff: checks 
*** RIVER *** [Kd Jd 6s Ah] [6c]
Clicker89: bets $0.42
ShadOfStoff has timed out while disconnected
ShadOfStoff: folds 
Uncalled bet ($0.42) returned to Clicker89
Clicker89 collected $0.24 from pot
Clicker89: doesn't show hand 
*** SUMMARY ***
Total pot $0.25 | Rake $0.01 
Board [Kd Jd 6s Ah 6c]
Seat 1: hummbold (button) folded before Flop (didn't bet)
Seat 2: Lim 2589 (small blind) folded before Flop
Seat 3: Clicker89 (big blind) collected ($0.24)
Seat 4: ShadOfStoff folded on the River
Seat 5: Mahu2021 folded before Flop (didn't bet)
Seat 6: cptsaucee folded before Flop (didn't bet)



PokerStars Zoom Hand #255162797985:  Hold'em No Limit ($0.05/$0.10) - 2025/03/06 12:34:21 CET [2025/03/06 6:34:21 ET]
Table 'Aludra' 6-max Seat #1 is the button
Seat 1: hummbold ($19.81 in chips) 
Seat 2: IVERNMAN ($10.61 in chips) 
Seat 3: DIMBA1977 ($25.17 in chips) 
Seat 4: Mahu2021 ($3.85 in chips) 
Seat 5: Cyborg_0113 ($14.42 in chips) 
Seat 6: vicegoodman ($10.19 in chips) 
IVERNMAN: posts small blind $0.05
DIMBA1977: posts big blind $0.10
*** HOLE CARDS ***
Dealt to Mahu2021 [Ad Qh]
Mahu2021: raises $0.14 to $0.24
Cyborg_0113: folds 
vicegoodman: folds 
hummbold: folds 
IVERNMAN: folds 
DIMBA1977: folds 
Uncalled bet ($0.14) returned to Mahu2021
Mahu2021 collected $0.25 from pot
Mahu2021: doesn't show hand 
*** SUMMARY ***
Total pot $0.25 | Rake $0 
Seat 1: hummbold (button) folded before Flop (didn't bet)
Seat 2: IVERNMAN (small blind) folded before Flop
Seat 3: DIMBA1977 (big blind) folded before Flop
Seat 4: Mahu2021 collected ($0.25)
Seat 5: Cyborg_0113 folded before Flop (didn't bet)
Seat 6: vicegoodman folded before Flop (didn't bet)



PokerStars Zoom Hand #255162797615:  Hold'em No Limit ($0.05/$0.10) - 2025/03/06 12:34:19 CET [2025/03/06 6:34:19 ET]
Table 'Aludra' 6-max Seat #1 is the button
Seat 1: IVERNMAN ($15.37 in chips) 
Seat 2: Lim 2589 ($11.53 in chips) 
Seat 3: Bigbacon510 ($26.11 in chips) 
Seat 4: Mahu2021 ($3.85 in chips) 
Seat 5: timonphantom ($12.51 in chips) 
Seat 6: Antitodo ($10 in chips) 
Lim 2589: posts small blind $0.05
Bigbacon510: posts big blind $0.10
*** HOLE CARDS ***
Dealt to Mahu2021 [Td 4c]
Mahu2021: folds 
timonphantom: calls $0.10
Antitodo: folds 
IVERNMAN: folds 
Lim 2589: folds 
Bigbacon510: raises $0.10 to $0.20
timonphantom: calls $0.10
*** FLOP *** [8h 7s 6s]
Bigbacon510: checks 
timonphantom: bets $0.10
Bigbacon510: folds 
Uncalled bet ($0.10) returned to timonphantom
timonphantom collected $0.43 from pot
timonphantom: doesn't show hand 
*** SUMMARY ***
Total pot $0.45 | Rake $0.02 
Board [8h 7s 6s]
Seat 1: IVERNMAN (button) folded before Flop (didn't bet)
Seat 2: Lim 2589 (small blind) folded before Flop
Seat 3: Bigbacon510 (big blind) folded on the Flop
Seat 4: Mahu2021 folded before Flop (didn't bet)
Seat 5: timonphantom collected ($0.43)
Seat 6: Antitodo folded before Flop (didn't bet)



PokerStars Zoom Hand #255162799991:  Hold'em No Limit ($0.05/$0.10) - 2025/03/06 12:34:38 CET [2025/03/06 6:34:38 ET]
Table 'Aludra' 6-max Seat #1 is the button
Seat 1: SownedxD ($16.33 in chips) 
Seat 2: BigfootWwa ($10.37 in chips) 
Seat 3: Mahu2021 ($4 in chips) 
Seat 4: Lime&Lemon1 ($21.88 in chips) 
Seat 5: vanelul ($10.10 in chips) 
Seat 6: tafarel8 ($21.65 in chips) 
BigfootWwa: posts small blind $0.05
Mahu2021: posts big blind $0.10
*** HOLE CARDS ***
Dealt to Mahu2021 [7d Ks]
Lime&Lemon1: folds 
vanelul: folds 
tafarel8: folds 
SownedxD: folds 
BigfootWwa: raises $0.20 to $0.30
Mahu2021: folds 
Uncalled bet ($0.20) returned to BigfootWwa
BigfootWwa collected $0.20 from pot
BigfootWwa: doesn't show hand 
*** SUMMARY ***
Total pot $0.20 | Rake $0 
Seat 1: SownedxD (button) folded before Flop (didn't bet)
Seat 2: BigfootWwa (small blind) collected ($0.20)
Seat 3: Mahu2021 (big blind) folded before Flop
Seat 4: Lime&Lemon1 folded before Flop (didn't bet)
Seat 5: vanelul folded before Flop (didn't bet)
Seat 6: tafarel8 folded before Flop (didn't bet)



PokerStars Zoom Hand #255162797274:  Hold'em No Limit ($0.05/$0.10) - 2025/03/06 12:34:16 CET [2025/03/06 6:34:16 ET]
Table 'Aludra' 6-max Seat #1 is the button
Seat 1: iudicus ($10 in chips) 
Seat 2: Shark5Omaha ($8.46 in chips) 
Seat 3: crashoverrun ($11.69 in chips) 
Seat 4: tafarel8 ($10 in chips) 
Seat 5: DouglasHomem12 ($10.04 in chips) 
Seat 6: Mahu2021 ($3.85 in chips) 
Shark5Omaha: posts small blind $0.05
crashoverrun: posts big blind $0.10
*** HOLE CARDS ***
Dealt to Mahu2021 [2h Td]
tafarel8: folds 
DouglasHomem12: folds 
Mahu2021: folds 
iudicus: folds 
Shark5Omaha: raises $0.20 to $0.30
crashoverrun: calls $0.20
*** FLOP *** [9d 2s Qc]
Shark5Omaha: checks 
crashoverrun: bets $0.27
Shark5Omaha: folds 
Uncalled bet ($0.27) returned to crashoverrun
crashoverrun collected $0.57 from pot
crashoverrun: doesn't show hand 
*** SUMMARY ***
Total pot $0.60 | Rake $0.03 
Board [9d 2s Qc]
Seat 1: iudicus (button) folded before Flop (didn't bet)
Seat 2: Shark5Omaha (small blind) folded on the Flop
Seat 3: crashoverrun (big blind) collected ($0.57)
Seat 4: tafarel8 folded before Flop (didn't bet)
Seat 5: DouglasHomem12 folded before Flop (didn't bet)
Seat 6: Mahu2021 folded before Flop (didn't bet)



PokerStars Zoom Hand #255162801445:  Hold'em No Limit ($0.05/$0.10) - 2025/03/06 12:34:50 CET [2025/03/06 6:34:50 ET]
Table 'Aludra' 6-max Seat #1 is the button
Seat 1: mYSTISK88 ($8.24 in chips) 
Seat 2: Mahu2021 ($3.90 in chips) 
Seat 3: royacht ($7.56 in chips) 
Seat 4: hogatto3 ($12.03 in chips) 
Seat 5: Shark5Omaha ($3.55 in chips) 
Seat 6: vanelul ($11.62 in chips) 
Mahu2021: posts small blind $0.05
royacht: posts big blind $0.10
*** HOLE CARDS ***
Dealt to Mahu2021 [8d Tc]
hogatto3: folds 
Shark5Omaha: raises $0.15 to $0.25
vanelul: folds 
mYSTISK88: folds 
Mahu2021: folds 
royacht: folds 
Uncalled bet ($0.15) returned to Shark5Omaha
Shark5Omaha collected $0.25 from pot
Shark5Omaha: doesn't show hand 
*** SUMMARY ***
Total pot $0.25 | Rake $0 
Seat 1: mYSTISK88 (button) folded before Flop (didn't bet)
Seat 2: Mahu2021 (small blind) folded before Flop
Seat 3: royacht (big blind) folded before Flop
Seat 4: hogatto3 folded before Flop (didn't bet)
Seat 5: Shark5Omaha collected ($0.25)
Seat 6: vanelul folded before Flop (didn't bet)



PokerStars Zoom Hand #255162801746:  Hold'em No Limit ($0.05/$0.10) - 2025/03/06 12:34:52 CET [2025/03/06 6:34:52 ET]
Table 'Aludra' 6-max Seat #1 is the button
Seat 1: Mahu2021 ($3.85 in chips) 
Seat 2: vanelul ($11.62 in chips) 
Seat 3: kimmand ($3.76 in chips) 
Seat 4: miggggy ($10.22 in chips) 
Seat 5: P1ntail ($11.35 in chips) 
Seat 6: BigfootWwa ($11.65 in chips) 
vanelul: posts small blind $0.05
kimmand: posts big blind $0.10
*** HOLE CARDS ***
Dealt to Mahu2021 [7d 2s]
miggggy: folds 
P1ntail: folds 
BigfootWwa: folds 
Mahu2021: folds 
vanelul: folds 
Uncalled bet ($0.05) returned to kimmand
kimmand collected $0.10 from pot
kimmand: doesn't show hand 
*** SUMMARY ***
Total pot $0.10 | Rake $0 
Seat 1: Mahu2021 (button) folded before Flop (didn't bet)
Seat 2: vanelul (small blind) folded before Flop
Seat 3: kimmand (big blind) collected ($0.10)
Seat 4: miggggy folded before Flop (didn't bet)
Seat 5: P1ntail folded before Flop (didn't bet)
Seat 6: BigfootWwa folded before Flop (didn't bet)



PokerStars Zoom Hand #255162796806:  Hold'em No Limit ($0.05/$0.10) - 2025/03/06 12:34:12 CET [2025/03/06 6:34:12 ET]
Table 'Aludra' 6-max Seat #1 is the button
Seat 1: Mahu2021 ($3.85 in chips) 
Seat 2: Strelets.UA ($13.82 in chips) 
Seat 3: BigfootWwa ($11.75 in chips) 
Seat 4: Shark5Omaha ($8.46 in chips) 
Seat 5: kimmand ($3.86 in chips) 
Seat 6: THE SHADOW78 ($10.65 in chips) 
Strelets.UA: posts small blind $0.05
BigfootWwa: posts big blind $0.10
*** HOLE CARDS ***
Dealt to Mahu2021 [4s Jh]
Shark5Omaha: folds 
kimmand: folds 
THE SHADOW78: folds 
Mahu2021: folds 
Strelets.UA: raises $0.20 to $0.30
BigfootWwa: calls $0.20
*** FLOP *** [7c As 3d]
Strelets.UA: bets $0.19
BigfootWwa: calls $0.19
*** TURN *** [7c As 3d] [7h]
Strelets.UA: checks 
BigfootWwa: checks 
*** RIVER *** [7c As 3d 7h] [Jd]
Strelets.UA: bets $0.31
BigfootWwa: calls $0.31
*** SHOW DOWN ***
Strelets.UA: shows [Kc Ah] (two pair, Aces and Sevens)
BigfootWwa: mucks hand 
Strelets.UA collected $1.53 from pot
*** SUMMARY ***
Total pot $1.60 | Rake $0.07 
Board [7c As 3d 7h Jd]
Seat 1: Mahu2021 (button) folded before Flop (didn't bet)
Seat 2: Strelets.UA (small blind) showed [Kc Ah] and won ($1.53) with two pair, Aces and Sevens
Seat 3: BigfootWwa (big blind) mucked [Ac 5h]
Seat 4: Shark5Omaha folded before Flop (didn't bet)
Seat 5: kimmand folded before Flop (didn't bet)
Seat 6: THE SHADOW78 folded before Flop (didn't bet)



PokerStars Zoom Hand #255162800951:  Hold'em No Limit ($0.05/$0.10) - 2025/03/06 12:34:46 CET [2025/03/06 6:34:46 ET]
Table 'Aludra' 6-max Seat #1 is the button
Seat 1: Lim 2589 ($11.63 in chips) 
Seat 2: Perstenev ($6.15 in chips) 
Seat 3: IVERNMAN ($10.56 in chips) 
Seat 4: Mahu2021 ($3.90 in chips) 
Seat 5: vanelul ($10.10 in chips) 
Seat 6: Clicker89 ($9.92 in chips) 
Perstenev: posts small blind $0.05
IVERNMAN: posts big blind $0.10
*** HOLE CARDS ***
Dealt to Mahu2021 [3d 9s]
Mahu2021: folds 
vanelul: folds 
Clicker89: folds 
Lim 2589: folds 
Perstenev: raises $0.10 to $0.20
IVERNMAN: calls $0.10
*** FLOP *** [8c 6h Ac]
Perstenev: bets $0.10
IVERNMAN: calls $0.10
*** TURN *** [8c 6h Ac] [7d]
Perstenev: bets $0.25
IVERNMAN: calls $0.25
*** RIVER *** [8c 6h Ac 7d] [6c]
Perstenev: checks 
IVERNMAN: bets $0.79
Perstenev: folds 
Uncalled bet ($0.79) returned to IVERNMAN
IVERNMAN collected $1.05 from pot
IVERNMAN: doesn't show hand 
*** SUMMARY ***
Total pot $1.10 | Rake $0.05 
Board [8c 6h Ac 7d 6c]
Seat 1: Lim 2589 (button) folded before Flop (didn't bet)
Seat 2: Perstenev (small blind) folded on the River
Seat 3: IVERNMAN (big blind) collected ($1.05)
Seat 4: Mahu2021 folded before Flop (didn't bet)
Seat 5: vanelul folded before Flop (didn't bet)
Seat 6: Clicker89 folded before Flop (didn't bet)



PokerStars Zoom Hand #255162802165:  Hold'em No Limit ($0.05/$0.10) - 2025/03/06 12:34:56 CET [2025/03/06 6:34:56 ET]
Table 'Aludra' 6-max Seat #1 is the button
Seat 1: Lim 2589 ($11.44 in chips) 
Seat 2: crashoverrun ($11.96 in chips) 
Seat 3: Mahu2021 ($3.85 in chips) 
Seat 4: IVERNMAN ($13.87 in chips) 
Seat 5: BigfootWwa ($11.65 in chips) 
Seat 6: Stroem.jr ($10.97 in chips) 
crashoverrun: posts small blind $0.05
Mahu2021: posts big blind $0.10
*** HOLE CARDS ***
Dealt to Mahu2021 [2d 9c]
IVERNMAN: folds 
BigfootWwa: folds 
Stroem.jr: folds 
Lim 2589: folds 
crashoverrun: raises $0.20 to $0.30
Mahu2021: raises $3.55 to $3.85 and is all-in
crashoverrun: folds 
Uncalled bet ($3.55) returned to Mahu2021
Mahu2021 collected $0.60 from pot
Mahu2021: doesn't show hand 
*** SUMMARY ***
Total pot $0.60 | Rake $0 
Seat 1: Lim 2589 (button) folded before Flop (didn't bet)
Seat 2: crashoverrun (small blind) folded before Flop
Seat 3: Mahu2021 (big blind) collected ($0.60)
Seat 4: IVERNMAN folded before Flop (didn't bet)
Seat 5: BigfootWwa folded before Flop (didn't bet)
Seat 6: Stroem.jr folded before Flop (didn't bet)



PokerStars Zoom Hand #255162805848:  Hold'em No Limit ($0.05/$0.10) - 2025/03/06 12:35:26 CET [2025/03/06 6:35:26 ET]
Table 'Aludra' 6-max Seat #1 is the button
Seat 1: Perstenev ($8.58 in chips) 
Seat 2: Goumios ($14.81 in chips) 
Seat 3: Antitodo ($10.13 in chips) 
Seat 4: Bigbacon510 ($25.76 in chips) 
Seat 5: hogatto3 ($11.88 in chips) 
Seat 6: Mahu2021 ($4.15 in chips) 
Goumios: posts small blind $0.05
Antitodo: posts big blind $0.10
*** HOLE CARDS ***
Dealt to Mahu2021 [4d 6h]
Bigbacon510: calls $0.10
hogatto3: folds 
Mahu2021: folds 
Perstenev: folds 
Goumios: folds 
Antitodo: checks 
*** FLOP *** [Kc 3h 3s]
Antitodo: checks 
Bigbacon510: bets $0.20
Antitodo: folds 
Uncalled bet ($0.20) returned to Bigbacon510
Bigbacon510 collected $0.24 from pot
Bigbacon510: doesn't show hand 
*** SUMMARY ***
Total pot $0.25 | Rake $0.01 
Board [Kc 3h 3s]
Seat 1: Perstenev (button) folded before Flop (didn't bet)
Seat 2: Goumios (small blind) folded before Flop
Seat 3: Antitodo (big blind) folded on the Flop
Seat 4: Bigbacon510 collected ($0.24)
Seat 5: hogatto3 folded before Flop (didn't bet)
Seat 6: Mahu2021 folded before Flop (didn't bet)



PokerStars Zoom Hand #255162806588:  Hold'em No Limit ($0.05/$0.10) - 2025/03/06 12:35:32 CET [2025/03/06 6:35:32 ET]
Table 'Aludra' 6-max Seat #1 is the button
Seat 1: Mahu2021 ($4.15 in chips) 
Seat 2: kjaye8263 ($13.34 in chips) 
Seat 3: Calvis_lol ($10.68 in chips) 
Seat 4: Georg006830 ($9.74 in chips) 
Seat 5: pitzymecanic ($10.88 in chips) 
Seat 6: gena60 ($15.61 in chips) 
kjaye8263: posts small blind $0.05
Calvis_lol: posts big blind $0.10
*** HOLE CARDS ***
Dealt to Mahu2021 [8c 8h]
Georg006830: folds 
pitzymecanic: folds 
gena60: folds 
Mahu2021: raises $0.20 to $0.30
kjaye8263: folds 
Calvis_lol: folds 
Uncalled bet ($0.20) returned to Mahu2021
Mahu2021 collected $0.25 from pot
Mahu2021: doesn't show hand 
*** SUMMARY ***
Total pot $0.25 | Rake $0 
Seat 1: Mahu2021 (button) collected ($0.25)
Seat 2: kjaye8263 (small blind) folded before Flop
Seat 3: Calvis_lol (big blind) folded before Flop
Seat 4: Georg006830 folded before Flop (didn't bet)
Seat 5: pitzymecanic folded before Flop (didn't bet)
Seat 6: gena60 folded before Flop (didn't bet)



PokerStars Zoom Hand #255162808367:  Hold'em No Limit ($0.05/$0.10) - 2025/03/06 12:35:46 CET [2025/03/06 6:35:46 ET]
Table 'Aludra' 6-max Seat #1 is the button
Seat 1: Shark5Omaha ($3.55 in chips) 
Seat 2: CrazyDizell ($13.16 in chips) 
Seat 3: pougia777 ($10.64 in chips) 
Seat 4: Strelets.UA ($14.83 in chips) 
Seat 5: Mahu2021 ($4.30 in chips) 
Seat 6: Calvis_lol ($10.20 in chips) 
CrazyDizell: posts small blind $0.05
pougia777: posts big blind $0.10
*** HOLE CARDS ***
Dealt to Mahu2021 [5s As]
Strelets.UA: folds 
Mahu2021: raises $0.14 to $0.24
Calvis_lol: raises $0.51 to $0.75
Shark5Omaha: folds 
CrazyDizell: folds 
pougia777: folds 
Mahu2021: folds 
Uncalled bet ($0.51) returned to Calvis_lol
Calvis_lol collected $0.63 from pot
Calvis_lol: doesn't show hand 
*** SUMMARY ***
Total pot $0.63 | Rake $0 
Seat 1: Shark5Omaha (button) folded before Flop (didn't bet)
Seat 2: CrazyDizell (small blind) folded before Flop
Seat 3: pougia777 (big blind) folded before Flop
Seat 4: Strelets.UA folded before Flop (didn't bet)
Seat 5: Mahu2021 folded before Flop
Seat 6: Calvis_lol collected ($0.63)



PokerStars Zoom Hand #255162810930:  Hold'em No Limit ($0.05/$0.10) - 2025/03/06 12:36:07 CET [2025/03/06 6:36:07 ET]
Table 'Aludra' 6-max Seat #1 is the button
Seat 1: kjaye8263 ($11.06 in chips) 
Seat 2: Mahu2021 ($4.06 in chips) 
Seat 3: DIMBA1977 ($25.83 in chips) 
Seat 4: vanelul ($10 in chips) 
Seat 5: Lim 2589 ($11.24 in chips) 
Seat 6: marcss2003 ($6.59 in chips) 
Mahu2021: posts small blind $0.05
DIMBA1977: posts big blind $0.10
*** HOLE CARDS ***
Dealt to Mahu2021 [3c 4d]
vanelul: folds 
Lim 2589: folds 
marcss2003: folds 
kjaye8263: folds 
Mahu2021: folds 
Uncalled bet ($0.05) returned to DIMBA1977
DIMBA1977 collected $0.10 from pot
DIMBA1977: doesn't show hand 
*** SUMMARY ***
Total pot $0.10 | Rake $0 
Seat 1: kjaye8263 (button) folded before Flop (didn't bet)
Seat 2: Mahu2021 (small blind) folded before Flop
Seat 3: DIMBA1977 (big blind) collected ($0.10)
Seat 4: vanelul folded before Flop (didn't bet)
Seat 5: Lim 2589 folded before Flop (didn't bet)
Seat 6: marcss2003 folded before Flop (didn't bet)



PokerStars Zoom Hand #255162811551:  Hold'em No Limit ($0.05/$0.10) - 2025/03/06 12:36:12 CET [2025/03/06 6:36:12 ET]
Table 'Aludra' 6-max Seat #1 is the button
Seat 1: chevaloz ($4.55 in chips) 
Seat 2: Lim 2589 ($11.24 in chips) 
Seat 3: Shark5Omaha ($3.55 in chips) 
Seat 4: kjaye8263 ($11.06 in chips) 
Seat 5: Mahu2021 ($4.01 in chips) 
Seat 6: THE SHADOW78 ($10.18 in chips) 
Lim 2589: posts small blind $0.05
Shark5Omaha: posts big blind $0.10
*** HOLE CARDS ***
Dealt to Mahu2021 [2d 2h]
kjaye8263: folds 
Mahu2021: folds 
THE SHADOW78: folds 
chevaloz: folds 
Lim 2589: folds 
Uncalled bet ($0.05) returned to Shark5Omaha
Shark5Omaha collected $0.10 from pot
Shark5Omaha: doesn't show hand 
*** SUMMARY ***
Total pot $0.10 | Rake $0 
Seat 1: chevaloz (button) folded before Flop (didn't bet)
Seat 2: Lim 2589 (small blind) folded before Flop
Seat 3: Shark5Omaha (big blind) collected ($0.10)
Seat 4: kjaye8263 folded before Flop (didn't bet)
Seat 5: Mahu2021 folded before Flop (didn't bet)
Seat 6: THE SHADOW78 folded before Flop (didn't bet)



PokerStars Zoom Hand #255162812022:  Hold'em No Limit ($0.05/$0.10) - 2025/03/06 12:36:16 CET [2025/03/06 6:36:16 ET]
Table 'Aludra' 6-max Seat #1 is the button
Seat 1: hogatto3 ($10 in chips) 
Seat 2: hummbold ($10.27 in chips) 
Seat 3: Robertwao ($16.59 in chips) 
Seat 4: vanelul ($12.12 in chips) 
Seat 5: 00Joe76 ($6.02 in chips) 
Seat 6: Mahu2021 ($4.01 in chips) 
hummbold: posts small blind $0.05
Robertwao: posts big blind $0.10
*** HOLE CARDS ***
Dealt to Mahu2021 [6d 6h]
vanelul: folds 
00Joe76: folds 
Mahu2021: raises $0.14 to $0.24
hogatto3: folds 
hummbold: raises $0.91 to $1.15
Robertwao: folds 
Mahu2021: folds 
Uncalled bet ($0.91) returned to hummbold
hummbold collected $0.58 from pot
hummbold: doesn't show hand 
*** SUMMARY ***
Total pot $0.58 | Rake $0 
Seat 1: hogatto3 (button) folded before Flop (didn't bet)
Seat 2: hummbold (small blind) collected ($0.58)
Seat 3: Robertwao (big blind) folded before Flop
Seat 4: vanelul folded before Flop (didn't bet)
Seat 5: 00Joe76 folded before Flop (didn't bet)
Seat 6: Mahu2021 folded before Flop



PokerStars Zoom Hand #255162814896:  Hold'em No Limit ($0.05/$0.10) - 2025/03/06 12:36:39 CET [2025/03/06 6:36:39 ET]
Table 'Aludra' 6-max Seat #1 is the button
Seat 1: Antitodo ($10 in chips) 
Seat 2: royacht ($7.11 in chips) 
Seat 3: Mahu2021 ($3.77 in chips) 
Seat 4: DouglasHomem12 ($9.36 in chips) 
Seat 5: hecto600 ($4.90 in chips) 
Seat 6: DIMBA1977 ($25.98 in chips) 
royacht: posts small blind $0.05
Mahu2021: posts big blind $0.10
*** HOLE CARDS ***
Dealt to Mahu2021 [Tc 2d]
DouglasHomem12: folds 
hecto600: folds 
DIMBA1977: folds 
Antitodo: folds 
royacht: folds 
Uncalled bet ($0.05) returned to Mahu2021
Mahu2021 collected $0.10 from pot
Mahu2021: doesn't show hand 
*** SUMMARY ***
Total pot $0.10 | Rake $0 
Seat 1: Antitodo (button) folded before Flop (didn't bet)
Seat 2: royacht (small blind) folded before Flop
Seat 3: Mahu2021 (big blind) collected ($0.10)
Seat 4: DouglasHomem12 folded before Flop (didn't bet)
Seat 5: hecto600 folded before Flop (didn't bet)
Seat 6: DIMBA1977 folded before Flop (didn't bet)



PokerStars Zoom Hand #255162816753:  Hold'em No Limit ($0.05/$0.10) - 2025/03/06 12:36:54 CET [2025/03/06 6:36:54 ET]
Table 'Aludra' 6-max Seat #1 is the button
Seat 1: vanelul ($25.60 in chips) 
Seat 2: Mahu2021 ($3.82 in chips) 
Seat 3: Georg006830 ($9.77 in chips) 
Seat 4: 00Joe76 ($5.87 in chips) 
Seat 5: MrCangrejoTh ($16.55 in chips) 
Seat 6: marcss2003 ($6.69 in chips) 
Mahu2021: posts small blind $0.05
Georg006830: posts big blind $0.10
*** HOLE CARDS ***
Dealt to Mahu2021 [9c 8s]
00Joe76: folds 
MrCangrejoTh: folds 
marcss2003: folds 
vanelul: folds 
Mahu2021: raises $0.20 to $0.30
Georg006830: folds 
Uncalled bet ($0.20) returned to Mahu2021
Mahu2021 collected $0.20 from pot
Mahu2021: doesn't show hand 
*** SUMMARY ***
Total pot $0.20 | Rake $0 
Seat 1: vanelul (button) folded before Flop (didn't bet)
Seat 2: Mahu2021 (small blind) collected ($0.20)
Seat 3: Georg006830 (big blind) folded before Flop
Seat 4: 00Joe76 folded before Flop (didn't bet)
Seat 5: MrCangrejoTh folded before Flop (didn't bet)
Seat 6: marcss2003 folded before Flop (didn't bet)



PokerStars Zoom Hand #255162818286:  Hold'em No Limit ($0.05/$0.10) - 2025/03/06 12:37:06 CET [2025/03/06 6:37:06 ET]
Table 'Aludra' 6-max Seat #1 is the button
Seat 1: Mahu2021 ($3.92 in chips) 
Seat 2: Perstenev ($5.43 in chips) 
Seat 3: hummbold ($10.61 in chips) 
Seat 4: royacht ($7.11 in chips) 
Seat 5: THE SHADOW78 ($10 in chips) 
Seat 6: Lim 2589 ($10 in chips) 
Perstenev: posts small blind $0.05
hummbold: posts big blind $0.10
*** HOLE CARDS ***
Dealt to Mahu2021 [Kd Qh]
royacht: folds 
THE SHADOW78: folds 
Lim 2589: folds 
Mahu2021: raises $0.20 to $0.30
Perstenev: folds 
hummbold: folds 
Uncalled bet ($0.20) returned to Mahu2021
Mahu2021 collected $0.25 from pot
Mahu2021: doesn't show hand 
*** SUMMARY ***
Total pot $0.25 | Rake $0 
Seat 1: Mahu2021 (button) collected ($0.25)
Seat 2: Perstenev (small blind) folded before Flop
Seat 3: hummbold (big blind) folded before Flop
Seat 4: royacht folded before Flop (didn't bet)
Seat 5: THE SHADOW78 folded before Flop (didn't bet)
Seat 6: Lim 2589 folded before Flop (didn't bet)



PokerStars Zoom Hand #255162824286:  Hold'em No Limit ($0.05/$0.10) - 2025/03/06 12:37:55 CET [2025/03/06 6:37:55 ET]
Table 'Aludra' 6-max Seat #1 is the button
Seat 1: Strelets.UA ($14.52 in chips) 
Seat 2: Robertwao ($17.04 in chips) 
Seat 3: Antitodo ($10 in chips) 
Seat 4: Devans18180 ($9.80 in chips) 
Seat 5: Rinzpo ($14.29 in chips) 
Seat 6: Mahu2021 ($4.07 in chips) 
Robertwao: posts small blind $0.05
Antitodo: posts big blind $0.10
*** HOLE CARDS ***
Dealt to Mahu2021 [Ts 2s]
Devans18180: folds 
Rinzpo: folds 
Mahu2021: folds 
Strelets.UA: raises $0.15 to $0.25
Robertwao: folds 
Antitodo: calls $0.15
*** FLOP *** [8h Kd 8c]
Antitodo: checks 
Strelets.UA: bets $0.18
Antitodo: folds 
Uncalled bet ($0.18) returned to Strelets.UA
Strelets.UA collected $0.53 from pot
Strelets.UA: doesn't show hand 
*** SUMMARY ***
Total pot $0.55 | Rake $0.02 
Board [8h Kd 8c]
Seat 1: Strelets.UA (button) collected ($0.53)
Seat 2: Robertwao (small blind) folded before Flop
Seat 3: Antitodo (big blind) folded on the Flop
Seat 4: Devans18180 folded before Flop (didn't bet)
Seat 5: Rinzpo folded before Flop (didn't bet)
Seat 6: Mahu2021 folded before Flop (didn't bet)



PokerStars Zoom Hand #255162824943:  Hold'em No Limit ($0.05/$0.10) - 2025/03/06 12:38:00 CET [2025/03/06 6:38:00 ET]
Table 'Aludra' 6-max Seat #1 is the button
Seat 1: Robertwao ($16.99 in chips) 
Seat 2: kjaye8263 ($10.91 in chips) 
Seat 3: Mahu2021 ($4.07 in chips) 
Seat 4: BigfootWwa ($10.35 in chips) 
Seat 5: silberbenis ($10 in chips) 
Seat 6: MrCangrejoTh ($18.67 in chips) 
kjaye8263: posts small blind $0.05
Mahu2021: posts big blind $0.10
*** HOLE CARDS ***
Dealt to Mahu2021 [7h 8d]
BigfootWwa: folds 
silberbenis: folds 
MrCangrejoTh: raises $0.15 to $0.25
Robertwao: folds 
kjaye8263: folds 
Mahu2021: calls $0.15
*** FLOP *** [2s 3h 9h]
Mahu2021: checks 
MrCangrejoTh: bets $0.40
Mahu2021: folds 
Uncalled bet ($0.40) returned to MrCangrejoTh
MrCangrejoTh collected $0.53 from pot
MrCangrejoTh: doesn't show hand 
*** SUMMARY ***
Total pot $0.55 | Rake $0.02 
Board [2s 3h 9h]
Seat 1: Robertwao (button) folded before Flop (didn't bet)
Seat 2: kjaye8263 (small blind) folded before Flop
Seat 3: Mahu2021 (big blind) folded on the Flop
Seat 4: BigfootWwa folded before Flop (didn't bet)
Seat 5: silberbenis folded before Flop (didn't bet)
Seat 6: MrCangrejoTh collected ($0.53)



PokerStars Zoom Hand #255162827563:  Hold'em No Limit ($0.05/$0.10) - 2025/03/06 12:38:22 CET [2025/03/06 6:38:22 ET]
Table 'Aludra' 6-max Seat #1 is the button
Seat 1: Goumios ($25.28 in chips) 
Seat 2: wedness24 ($20.30 in chips) 
Seat 3: Strelets.UA ($14.80 in chips) 
Seat 4: iudicus ($10 in chips) 
Seat 5: Roma88K ($7.32 in chips) 
Seat 6: Mahu2021 ($3.82 in chips) 
wedness24: posts small blind $0.05
Strelets.UA: posts big blind $0.10
*** HOLE CARDS ***
Dealt to Mahu2021 [Ah 3h]
iudicus: folds 
Roma88K: folds 
Mahu2021: raises $0.14 to $0.24
Goumios: folds 
wedness24: folds 
Strelets.UA: folds 
Uncalled bet ($0.14) returned to Mahu2021
Mahu2021 collected $0.25 from pot
Mahu2021: doesn't show hand 
*** SUMMARY ***
Total pot $0.25 | Rake $0 
Seat 1: Goumios (button) folded before Flop (didn't bet)
Seat 2: wedness24 (small blind) folded before Flop
Seat 3: Strelets.UA (big blind) folded before Flop
Seat 4: iudicus folded before Flop (didn't bet)
Seat 5: Roma88K folded before Flop (didn't bet)
Seat 6: Mahu2021 collected ($0.25)



PokerStars Zoom Hand #255162829657:  Hold'em No Limit ($0.05/$0.10) - 2025/03/06 12:38:38 CET [2025/03/06 6:38:38 ET]
Table 'Aludra' 6-max Seat #1 is the button
Seat 1: Antitodo ($10 in chips) 
Seat 2: BigfootWwa ($11.40 in chips) 
Seat 3: Legenbel ($9.87 in chips) 
Seat 4: Mahu2021 ($3.97 in chips) 
Seat 5: Maestro90208 ($12.43 in chips) 
Seat 6: Lime&Lemon1 ($9.79 in chips) 
BigfootWwa: posts small blind $0.05
Legenbel: posts big blind $0.10
*** HOLE CARDS ***
Dealt to Mahu2021 [Qd 9s]
Mahu2021: folds 
Maestro90208: folds 
Lime&Lemon1: folds 
Antitodo: raises $0.15 to $0.25
BigfootWwa: folds 
Legenbel: folds 
Uncalled bet ($0.15) returned to Antitodo
Antitodo collected $0.25 from pot
Antitodo: doesn't show hand 
*** SUMMARY ***
Total pot $0.25 | Rake $0 
Seat 1: Antitodo (button) collected ($0.25)
Seat 2: BigfootWwa (small blind) folded before Flop
Seat 3: Legenbel (big blind) folded before Flop
Seat 4: Mahu2021 folded before Flop (didn't bet)
Seat 5: Maestro90208 folded before Flop (didn't bet)
Seat 6: Lime&Lemon1 folded before Flop (didn't bet)



PokerStars Zoom Hand #255162830088:  Hold'em No Limit ($0.05/$0.10) - 2025/03/06 12:38:42 CET [2025/03/06 6:38:42 ET]
Table 'Aludra' 6-max Seat #1 is the button
Seat 1: chevaloz ($5.03 in chips) 
Seat 2: Mahu2021 ($3.97 in chips) 
Seat 3: Clicker89 ($10.25 in chips) 
Seat 4: rullorh ($10.15 in chips) 
Seat 5: JustRaise7 ($17.11 in chips) 
Seat 6: Perstenev ($2.06 in chips) 
Mahu2021: posts small blind $0.05
Clicker89: posts big blind $0.10
*** HOLE CARDS ***
Dealt to Mahu2021 [3s 9c]
rullorh: folds 
JustRaise7: raises $0.12 to $0.22
Perstenev: folds 
chevaloz: calls $0.22
Mahu2021: folds 
Clicker89: calls $0.12
*** FLOP *** [Qh 2c 8s]
Clicker89: checks 
JustRaise7: checks 
chevaloz: bets $0.30
Clicker89: calls $0.30
JustRaise7: folds 
*** TURN *** [Qh 2c 8s] [Kd]
Clicker89: checks 
chevaloz: bets $0.63
Clicker89: folds 
Uncalled bet ($0.63) returned to chevaloz
chevaloz collected $1.23 from pot
chevaloz: doesn't show hand 
*** SUMMARY ***
Total pot $1.31 | Rake $0.08 
Board [Qh 2c 8s Kd]
Seat 1: chevaloz (button) collected ($1.23)
Seat 2: Mahu2021 (small blind) folded before Flop
Seat 3: Clicker89 (big blind) folded on the Turn
Seat 4: rullorh folded before Flop (didn't bet)
Seat 5: JustRaise7 folded on the Flop
Seat 6: Perstenev folded before Flop (didn't bet)



PokerStars Zoom Hand #255162830614:  Hold'em No Limit ($0.05/$0.10) - 2025/03/06 12:38:46 CET [2025/03/06 6:38:46 ET]
Table 'Aludra' 6-max Seat #1 is the button
Seat 1: Mahu2021 ($3.92 in chips) 
Seat 2: absofix23 ($10.60 in chips) 
Seat 3: Maestro90208 ($12.43 in chips) 
Seat 4: Lim 2589 ($10 in chips) 
Seat 5: Perstenev ($2.06 in chips) 
Seat 6: IVERNMAN ($14.05 in chips) 
absofix23: posts small blind $0.05
Maestro90208: posts big blind $0.10
*** HOLE CARDS ***
Dealt to Mahu2021 [Th Qc]
Lim 2589: folds 
Perstenev: folds 
IVERNMAN: folds 
Mahu2021: raises $0.20 to $0.30
absofix23: calls $0.25
Maestro90208: folds 
*** FLOP *** [Qh 4s 7c]
absofix23: checks 
Mahu2021: bets $0.30
absofix23: calls $0.30
*** TURN *** [Qh 4s 7c] [Ah]
absofix23: checks 
Mahu2021: checks 
*** RIVER *** [Qh 4s 7c Ah] [Tc]
absofix23: checks 
Mahu2021: bets $1.24
absofix23: folds 
Uncalled bet ($1.24) returned to Mahu2021
Mahu2021 collected $1.24 from pot
Mahu2021: doesn't show hand 
*** SUMMARY ***
Total pot $1.30 | Rake $0.06 
Board [Qh 4s 7c Ah Tc]
Seat 1: Mahu2021 (button) collected ($1.24)
Seat 2: absofix23 (small blind) folded on the River
Seat 3: Maestro90208 (big blind) folded before Flop
Seat 4: Lim 2589 folded before Flop (didn't bet)
Seat 5: Perstenev folded before Flop (didn't bet)
Seat 6: IVERNMAN folded before Flop (didn't bet)



PokerStars Zoom Hand #255162827025:  Hold'em No Limit ($0.05/$0.10) - 2025/03/06 12:38:17 CET [2025/03/06 6:38:17 ET]
Table 'Aludra' 6-max Seat #1 is the button
Seat 1: kjaye8263 ($10.86 in chips) 
Seat 2: DouglasHomem12 ($6.93 in chips) 
Seat 3: Rinzpo ($14.29 in chips) 
Seat 4: timonphantom ($14.81 in chips) 
Seat 5: Mahu2021 ($3.82 in chips) 
Seat 6: Maestro90208 ($12.43 in chips) 
DouglasHomem12: posts small blind $0.05
Rinzpo: posts big blind $0.10
*** HOLE CARDS ***
Dealt to Mahu2021 [5d 7c]
timonphantom: raises $0.10 to $0.20
Mahu2021: folds 
Maestro90208: folds 
kjaye8263: raises $0.65 to $0.85
DouglasHomem12: calls $0.80
Rinzpo: folds 
timonphantom: calls $0.65
*** FLOP *** [4s 2c 8d]
DouglasHomem12: checks 
timonphantom: checks 
kjaye8263: checks 
*** TURN *** [4s 2c 8d] [Ah]
DouglasHomem12: checks 
timonphantom: checks 
kjaye8263: bets $0.89
DouglasHomem12: folds 
timonphantom: raises $4.31 to $5.20
kjaye8263: raises $4.81 to $10.01 and is all-in
timonphantom: calls $4.81
*** RIVER *** [4s 2c 8d Ah] [Tc]
*** SHOW DOWN ***
timonphantom: shows [8h 8c] (three of a kind, Eights)
kjaye8263: shows [Kd Ad] (a pair of Aces)
timonphantom collected $21.65 from pot
*** SUMMARY ***
Total pot $22.67 | Rake $1.02 
Board [4s 2c 8d Ah Tc]
Seat 1: kjaye8263 (button) showed [Kd Ad] and lost with a pair of Aces
Seat 2: DouglasHomem12 (small blind) folded on the Turn
Seat 3: Rinzpo (big blind) folded before Flop
Seat 4: timonphantom showed [8h 8c] and won ($21.65) with three of a kind, Eights
Seat 5: Mahu2021 folded before Flop (didn't bet)
Seat 6: Maestro90208 folded before Flop (didn't bet)



PokerStars Zoom Hand #255162835493:  Hold'em No Limit ($0.05/$0.10) - 2025/03/06 12:39:25 CET [2025/03/06 6:39:25 ET]
Table 'Aludra' 6-max Seat #1 is the button
Seat 1: P1ntail ($10 in chips) 
Seat 2: Calvis_lol ($10 in chips) 
Seat 3: TOATOAPABOYZ ($6.06 in chips) 
Seat 4: Mahu2021 ($4.56 in chips) 
Seat 5: JICC632 ($15.94 in chips) 
Seat 6: kjaye8263 ($10 in chips) 
Calvis_lol: posts small blind $0.05
TOATOAPABOYZ: posts big blind $0.10
*** HOLE CARDS ***
Dealt to Mahu2021 [Ah 6h]
Mahu2021: folds 
JICC632: raises $0.10 to $0.20
kjaye8263: folds 
P1ntail: folds 
Calvis_lol: folds 
TOATOAPABOYZ: folds 
Uncalled bet ($0.10) returned to JICC632
JICC632 collected $0.25 from pot
JICC632: doesn't show hand 
*** SUMMARY ***
Total pot $0.25 | Rake $0 
Seat 1: P1ntail (button) folded before Flop (didn't bet)
Seat 2: Calvis_lol (small blind) folded before Flop
Seat 3: TOATOAPABOYZ (big blind) folded before Flop
Seat 4: Mahu2021 folded before Flop (didn't bet)
Seat 5: JICC632 collected ($0.25)
Seat 6: kjaye8263 folded before Flop (didn't bet)



PokerStars Zoom Hand #255162837319:  Hold'em No Limit ($0.05/$0.10) - 2025/03/06 12:39:40 CET [2025/03/06 6:39:40 ET]
Table 'Aludra' 6-max Seat #1 is the button
Seat 1: nicholas kenny ($27.49 in chips) 
Seat 2: Robertwao ($16.36 in chips) 
Seat 3: Perstenev ($5.12 in chips) 
Seat 4: IVERNMAN ($10 in chips) 
Seat 5: Mahu2021 ($4.46 in chips) 
Seat 6: wedness24 ($20.10 in chips) 
Robertwao: posts small blind $0.05
Perstenev: posts big blind $0.10
*** HOLE CARDS ***
Dealt to Mahu2021 [5h 2h]
IVERNMAN: folds 
Mahu2021: folds 
wedness24: raises $0.10 to $0.20
nicholas kenny: folds 
Robertwao: folds 
Perstenev: folds 
Uncalled bet ($0.10) returned to wedness24
wedness24 collected $0.25 from pot
wedness24: doesn't show hand 
*** SUMMARY ***
Total pot $0.25 | Rake $0 
Seat 1: nicholas kenny (button) folded before Flop (didn't bet)
Seat 2: Robertwao (small blind) folded before Flop
Seat 3: Perstenev (big blind) folded before Flop
Seat 4: IVERNMAN folded before Flop (didn't bet)
Seat 5: Mahu2021 folded before Flop (didn't bet)
Seat 6: wedness24 collected ($0.25)



PokerStars Zoom Hand #255162837816:  Hold'em No Limit ($0.05/$0.10) - 2025/03/06 12:39:44 CET [2025/03/06 6:39:44 ET]
Table 'Aludra' 6-max Seat #1 is the button
Seat 1: gena60 ($16.76 in chips) 
Seat 2: Mahu2021 ($4.46 in chips) 
Seat 3: vanelul ($13.08 in chips) 
Seat 4: Antitodo ($10.30 in chips) 
Seat 5: Georg006830 ($17.64 in chips) 
Seat 6: Perstenev ($1.94 in chips) 
Mahu2021: posts small blind $0.05
vanelul: posts big blind $0.10
*** HOLE CARDS ***
Dealt to Mahu2021 [3c 3s]
Antitodo: raises $0.20 to $0.30
Georg006830: folds 
Perstenev: folds 
gena60: folds 
Mahu2021: calls $0.25
vanelul: folds 
*** FLOP *** [Jd 8s 7h]
Mahu2021: checks 
Antitodo: bets $0.20
Mahu2021: calls $0.20
*** TURN *** [Jd 8s 7h] [6s]
Mahu2021: checks 
Antitodo: bets $0.79
Mahu2021: calls $0.79
*** RIVER *** [Jd 8s 7h 6s] [Js]
Mahu2021: checks 
Antitodo: bets $0.84
Mahu2021: calls $0.84
*** SHOW DOWN ***
Antitodo: shows [7c 7d] (a full house, Sevens full of Jacks)
Mahu2021: mucks hand 
Antitodo collected $4.16 from pot
*** SUMMARY ***
Total pot $4.36 | Rake $0.20 
Board [Jd 8s 7h 6s Js]
Seat 1: gena60 (button) folded before Flop (didn't bet)
Seat 2: Mahu2021 (small blind) mucked [3c 3s]
Seat 3: vanelul (big blind) folded before Flop
Seat 4: Antitodo showed [7c 7d] and won ($4.16) with a full house, Sevens full of Jacks
Seat 5: Georg006830 folded before Flop (didn't bet)
Seat 6: Perstenev folded before Flop (didn't bet)



PokerStars Zoom Hand #255162842259:  Hold'em No Limit ($0.05/$0.10) - 2025/03/06 12:40:20 CET [2025/03/06 6:40:20 ET]
Table 'Aludra' 6-max Seat #1 is the button
Seat 1: Lim 2589 ($10 in chips) 
Seat 2: hogatto3 ($11.38 in chips) 
Seat 3: Cyborg_0113 ($16.31 in chips) 
Seat 4: Mahu2021 ($2.33 in chips) 
Seat 5: MrCangrejoTh ($10 in chips) 
Seat 6: DIMBA1977 ($27.43 in chips) 
hogatto3: posts small blind $0.05
Cyborg_0113: posts big blind $0.10
*** HOLE CARDS ***
Dealt to Mahu2021 [9s 6s]
Mahu2021: folds 
MrCangrejoTh: folds 
DIMBA1977: folds 
Lim 2589: folds 
hogatto3: folds 
Uncalled bet ($0.05) returned to Cyborg_0113
Cyborg_0113 collected $0.10 from pot
Cyborg_0113: doesn't show hand 
*** SUMMARY ***
Total pot $0.10 | Rake $0 
Seat 1: Lim 2589 (button) folded before Flop (didn't bet)
Seat 2: hogatto3 (small blind) folded before Flop
Seat 3: Cyborg_0113 (big blind) collected ($0.10)
Seat 4: Mahu2021 folded before Flop (didn't bet)
Seat 5: MrCangrejoTh folded before Flop (didn't bet)
Seat 6: DIMBA1977 folded before Flop (didn't bet)



PokerStars Zoom Hand #255162842714:  Hold'em No Limit ($0.05/$0.10) - 2025/03/06 12:40:24 CET [2025/03/06 6:40:24 ET]
Table 'Aludra' 6-max Seat #1 is the button
Seat 1: Perstenev ($2.29 in chips) 
Seat 2: mYSTISK88 ($8.44 in chips) 
Seat 3: THE SHADOW78 ($10.43 in chips) 
Seat 4: Winik810 ($12.74 in chips) 
Seat 5: hogatto3 ($11.33 in chips) 
Seat 6: Mahu2021 ($2.33 in chips) 
mYSTISK88: posts small blind $0.05
THE SHADOW78: posts big blind $0.10
*** HOLE CARDS ***
Dealt to Mahu2021 [2h 2c]
Winik810: folds 
hogatto3: folds 
Mahu2021: folds 
Perstenev: folds 
mYSTISK88: folds 
Uncalled bet ($0.05) returned to THE SHADOW78
THE SHADOW78 collected $0.10 from pot
THE SHADOW78: doesn't show hand 
*** SUMMARY ***
Total pot $0.10 | Rake $0 
Seat 1: Perstenev (button) folded before Flop (didn't bet)
Seat 2: mYSTISK88 (small blind) folded before Flop
Seat 3: THE SHADOW78 (big blind) collected ($0.10)
Seat 4: Winik810 folded before Flop (didn't bet)
Seat 5: hogatto3 folded before Flop (didn't bet)
Seat 6: Mahu2021 folded before Flop (didn't bet)



PokerStars Zoom Hand #255162844713:  Hold'em No Limit ($0.05/$0.10) - 2025/03/06 12:40:39 CET [2025/03/06 6:40:39 ET]
Table 'Aludra' 6-max Seat #1 is the button
Seat 1: IVERNMAN ($16.54 in chips) 
Seat 2: chevaloz ($7.75 in chips) 
Seat 3: Mahu2021 ($2.33 in chips) 
Seat 4: MrCangrejoTh ($10 in chips) 
Seat 5: pougia777 ($11.61 in chips) 
Seat 6: KianushVo ($10.24 in chips) 
chevaloz: posts small blind $0.05
Mahu2021: posts big blind $0.10
*** HOLE CARDS ***
Dealt to Mahu2021 [5h Kc]
MrCangrejoTh: folds 
pougia777: folds 
KianushVo: folds 
IVERNMAN: raises $0.10 to $0.20
chevaloz: folds 
Mahu2021: folds 
Uncalled bet ($0.10) returned to IVERNMAN
IVERNMAN collected $0.25 from pot
IVERNMAN: doesn't show hand 
*** SUMMARY ***
Total pot $0.25 | Rake $0 
Seat 1: IVERNMAN (button) collected ($0.25)
Seat 2: chevaloz (small blind) folded before Flop
Seat 3: Mahu2021 (big blind) folded before Flop
Seat 4: MrCangrejoTh folded before Flop (didn't bet)
Seat 5: pougia777 folded before Flop (didn't bet)
Seat 6: KianushVo folded before Flop (didn't bet)



PokerStars Zoom Hand #255162844068:  Hold'em No Limit ($0.05/$0.10) - 2025/03/06 12:40:35 CET [2025/03/06 6:40:35 ET]
Table 'Aludra' 6-max Seat #1 is the button
Seat 1: Stroem.jr ($14.32 in chips) 
Seat 2: Perstenev ($2.29 in chips) 
Seat 3: JustRaise7 ($17.08 in chips) 
Seat 4: Lime&Lemon1 ($10.50 in chips) 
Seat 5: Mahu2021 ($2.33 in chips) 
Seat 6: iudicus ($13.84 in chips) 
Perstenev: posts small blind $0.05
JustRaise7: posts big blind $0.10
*** HOLE CARDS ***
Dealt to Mahu2021 [8h Qh]
Lime&Lemon1: folds 
Mahu2021: folds 
iudicus: folds 
Stroem.jr: raises $0.20 to $0.30
Perstenev: folds 
JustRaise7: folds 
Uncalled bet ($0.20) returned to Stroem.jr
Stroem.jr collected $0.25 from pot
Stroem.jr: doesn't show hand 
*** SUMMARY ***
Total pot $0.25 | Rake $0 
Seat 1: Stroem.jr (button) collected ($0.25)
Seat 2: Perstenev (small blind) folded before Flop
Seat 3: JustRaise7 (big blind) folded before Flop
Seat 4: Lime&Lemon1 folded before Flop (didn't bet)
Seat 5: Mahu2021 folded before Flop (didn't bet)
Seat 6: iudicus folded before Flop (didn't bet)



PokerStars Zoom Hand #255162846133:  Hold'em No Limit ($0.05/$0.10) - 2025/03/06 12:40:51 CET [2025/03/06 6:40:51 ET]
Table 'Aludra' 6-max Seat #1 is the button
Seat 1: Perstenev ($2.14 in chips) 
Seat 2: wedness24 ($19.50 in chips) 
Seat 3: TOATOAPABOYZ ($10.21 in chips) 
Seat 4: Mahu2021 ($2.23 in chips) 
Seat 5: KianushVo ($10.24 in chips) 
Seat 6: vanelul ($10 in chips) 
wedness24: posts small blind $0.05
TOATOAPABOYZ: posts big blind $0.10
*** HOLE CARDS ***
Dealt to Mahu2021 [9d 7s]
Mahu2021: folds 
KianushVo: folds 
vanelul: folds 
Perstenev: folds 
wedness24: folds 
Uncalled bet ($0.05) returned to TOATOAPABOYZ
TOATOAPABOYZ collected $0.10 from pot
TOATOAPABOYZ: doesn't show hand 
*** SUMMARY ***
Total pot $0.10 | Rake $0 
Seat 1: Perstenev (button) folded before Flop (didn't bet)
Seat 2: wedness24 (small blind) folded before Flop
Seat 3: TOATOAPABOYZ (big blind) collected ($0.10)
Seat 4: Mahu2021 folded before Flop (didn't bet)
Seat 5: KianushVo folded before Flop (didn't bet)
Seat 6: vanelul folded before Flop (didn't bet)



PokerStars Zoom Hand #255162843543:  Hold'em No Limit ($0.05/$0.10) - 2025/03/06 12:40:31 CET [2025/03/06 6:40:31 ET]
Table 'Aludra' 6-max Seat #1 is the button
Seat 1: Mahu2021 ($2.33 in chips) 
Seat 2: vanelul ($22.95 in chips) 
Seat 3: Shark5Omaha ($9.02 in chips) 
Seat 4: Perstenev ($2.29 in chips) 
Seat 5: chevaloz ($7.75 in chips) 
Seat 6: mYSTISK88 ($8.39 in chips) 
vanelul: posts small blind $0.05
Shark5Omaha: posts big blind $0.10
*** HOLE CARDS ***
Dealt to Mahu2021 [2d 9d]
Perstenev: folds 
chevaloz: folds 
mYSTISK88: raises $0.10 to $0.20
Mahu2021: folds 
vanelul: folds 
Shark5Omaha: calls $0.10
*** FLOP *** [5d Jd 5s]
Shark5Omaha: checks 
mYSTISK88: checks 
*** TURN *** [5d Jd 5s] [Jh]
Shark5Omaha: checks 
mYSTISK88: bets $0.43
Shark5Omaha: folds 
Uncalled bet ($0.43) returned to mYSTISK88
mYSTISK88 collected $0.43 from pot
mYSTISK88: doesn't show hand 
*** SUMMARY ***
Total pot $0.45 | Rake $0.02 
Board [5d Jd 5s Jh]
Seat 1: Mahu2021 (button) folded before Flop (didn't bet)
Seat 2: vanelul (small blind) folded before Flop
Seat 3: Shark5Omaha (big blind) folded on the Turn
Seat 4: Perstenev folded before Flop (didn't bet)
Seat 5: chevaloz folded before Flop (didn't bet)
Seat 6: mYSTISK88 collected ($0.43)



PokerStars Zoom Hand #255162846636:  Hold'em No Limit ($0.05/$0.10) - 2025/03/06 12:40:55 CET [2025/03/06 6:40:55 ET]
Table 'Aludra' 6-max Seat #1 is the button
Seat 1: Mahu2021 ($2.23 in chips) 
Seat 2: BigfootWwa ($10.30 in chips) 
Seat 3: IVERNMAN ($16.69 in chips) 
Seat 4: Calvis_lol ($10.35 in chips) 
Seat 5: rkdtks8380 ($15.25 in chips) 
Seat 6: Perstenev ($2.14 in chips) 
BigfootWwa: posts small blind $0.05
IVERNMAN: posts big blind $0.10
*** HOLE CARDS ***
Dealt to Mahu2021 [5s 5d]
Calvis_lol: folds 
rkdtks8380: folds 
Perstenev: calls $0.10
Mahu2021: calls $0.10
BigfootWwa: folds 
IVERNMAN: checks 
*** FLOP *** [4d Kh Ah]
IVERNMAN: checks 
Perstenev: bets $0.30
Mahu2021: folds 
IVERNMAN: calls $0.30
*** TURN *** [4d Kh Ah] [5h]
IVERNMAN: checks 
Perstenev: bets $0.46
IVERNMAN: folds 
Uncalled bet ($0.46) returned to Perstenev
Perstenev collected $0.91 from pot
Perstenev: doesn't show hand 
*** SUMMARY ***
Total pot $0.95 | Rake $0.04 
Board [4d Kh Ah 5h]
Seat 1: Mahu2021 (button) folded on the Flop
Seat 2: BigfootWwa (small blind) folded before Flop
Seat 3: IVERNMAN (big blind) folded on the Turn
Seat 4: Calvis_lol folded before Flop (didn't bet)
Seat 5: rkdtks8380 folded before Flop (didn't bet)
Seat 6: Perstenev collected ($0.91)



PokerStars Zoom Hand #255162850587:  Hold'em No Limit ($0.05/$0.10) - 2025/03/06 12:41:28 CET [2025/03/06 6:41:28 ET]
Table 'Aludra' 6-max Seat #1 is the button
Seat 1: like.yasu119 ($10 in chips) 
Seat 2: Mahu2021 ($2.13 in chips) 
Seat 3: hogatto3 ($10.05 in chips) 
Seat 4: timonphantom ($26.31 in chips) 
Seat 5: Perstenev ($5.63 in chips) 
Seat 6: Lime&Lemon1 ($10.40 in chips) 
Mahu2021: posts small blind $0.05
hogatto3: posts big blind $0.10
*** HOLE CARDS ***
Dealt to Mahu2021 [2s Ac]
timonphantom: folds 
Perstenev: folds 
Lime&Lemon1: folds 
like.yasu119: folds 
Mahu2021: raises $0.20 to $0.30
hogatto3: folds 
Uncalled bet ($0.20) returned to Mahu2021
Mahu2021 collected $0.20 from pot
Mahu2021: doesn't show hand 
*** SUMMARY ***
Total pot $0.20 | Rake $0 
Seat 1: like.yasu119 (button) folded before Flop (didn't bet)
Seat 2: Mahu2021 (small blind) collected ($0.20)
Seat 3: hogatto3 (big blind) folded before Flop
Seat 4: timonphantom folded before Flop (didn't bet)
Seat 5: Perstenev folded before Flop (didn't bet)
Seat 6: Lime&Lemon1 folded before Flop (didn't bet)



PokerStars Zoom Hand #255162852915:  Hold'em No Limit ($0.05/$0.10) - 2025/03/06 12:41:47 CET [2025/03/06 6:41:47 ET]
Table 'Aludra' 6-max Seat #1 is the button
Seat 1: Lim 2589 ($10.35 in chips) 
Seat 2: BigfootWwa ($19.03 in chips) 
Seat 3: Calvis_lol ($10.70 in chips) 
Seat 4: kjaye8263 ($10.05 in chips) 
Seat 5: Mahu2021 ($2.23 in chips) 
Seat 6: mYSTISK88 ($12.49 in chips) 
BigfootWwa: posts small blind $0.05
Calvis_lol: posts big blind $0.10
*** HOLE CARDS ***
Dealt to Mahu2021 [9d 2c]
kjaye8263: folds 
Mahu2021: folds 
mYSTISK88: folds 
Lim 2589: folds 
BigfootWwa: folds 
Uncalled bet ($0.05) returned to Calvis_lol
Calvis_lol collected $0.10 from pot
Calvis_lol: doesn't show hand 
*** SUMMARY ***
Total pot $0.10 | Rake $0 
Seat 1: Lim 2589 (button) folded before Flop (didn't bet)
Seat 2: BigfootWwa (small blind) folded before Flop
Seat 3: Calvis_lol (big blind) collected ($0.10)
Seat 4: kjaye8263 folded before Flop (didn't bet)
Seat 5: Mahu2021 folded before Flop (didn't bet)
Seat 6: mYSTISK88 folded before Flop (didn't bet)



PokerStars Zoom Hand #255162852413:  Hold'em No Limit ($0.05/$0.10) - 2025/03/06 12:41:43 CET [2025/03/06 6:41:43 ET]
Table 'Aludra' 6-max Seat #1 is the button
Seat 1: Strelets.UA ($11.72 in chips) 
Seat 2: Calvis_lol ($10.75 in chips) 
Seat 3: vojtek1968 ($11.98 in chips) 
Seat 4: Clicker89 ($14.57 in chips) 
Seat 5: Teje42 ($10 in chips) 
Seat 6: Mahu2021 ($2.23 in chips) 
Calvis_lol: posts small blind $0.05
vojtek1968: posts big blind $0.10
*** HOLE CARDS ***
Dealt to Mahu2021 [7d Qd]
Clicker89: folds 
Teje42: folds 
Mahu2021: folds 
Strelets.UA: raises $0.12 to $0.22
Calvis_lol: folds 
vojtek1968: folds 
Uncalled bet ($0.12) returned to Strelets.UA
Strelets.UA collected $0.25 from pot
Strelets.UA: doesn't show hand 
*** SUMMARY ***
Total pot $0.25 | Rake $0 
Seat 1: Strelets.UA (button) collected ($0.25)
Seat 2: Calvis_lol (small blind) folded before Flop
Seat 3: vojtek1968 (big blind) folded before Flop
Seat 4: Clicker89 folded before Flop (didn't bet)
Seat 5: Teje42 folded before Flop (didn't bet)
Seat 6: Mahu2021 folded before Flop (didn't bet)



PokerStars Zoom Hand #255162853552:  Hold'em No Limit ($0.05/$0.10) - 2025/03/06 12:41:52 CET [2025/03/06 6:41:52 ET]
Table 'Aludra' 6-max Seat #1 is the button
Seat 1: iudicus ($13.69 in chips) 
Seat 2: ghanisha ($16.66 in chips) 
Seat 3: Mahu2021 ($2.23 in chips) 
Seat 4: kjaye8263 ($10.05 in chips) 
Seat 5: Shark5Omaha ($10 in chips) 
Seat 6: hogatto3 ($11.33 in chips) 
ghanisha: posts small blind $0.05
Mahu2021: posts big blind $0.10
*** HOLE CARDS ***
Dealt to Mahu2021 [8h Ac]
kjaye8263: folds 
Shark5Omaha: folds 
hogatto3: folds 
iudicus: raises $0.30 to $0.40
ghanisha: folds 
Mahu2021: folds 
Uncalled bet ($0.30) returned to iudicus
iudicus collected $0.25 from pot
iudicus: doesn't show hand 
*** SUMMARY ***
Total pot $0.25 | Rake $0 
Seat 1: iudicus (button) collected ($0.25)
Seat 2: ghanisha (small blind) folded before Flop
Seat 3: Mahu2021 (big blind) folded before Flop
Seat 4: kjaye8263 folded before Flop (didn't bet)
Seat 5: Shark5Omaha folded before Flop (didn't bet)
Seat 6: hogatto3 folded before Flop (didn't bet)



PokerStars Zoom Hand #255162836459:  Hold'em No Limit ($0.05/$0.10) - 2025/03/06 12:39:33 CET [2025/03/06 6:39:33 ET]
Table 'Aludra' 6-max Seat #1 is the button
Seat 1: HyperBete ($18.86 in chips) 
Seat 2: Stroem.jr ($14.37 in chips) 
Seat 3: Mahu2021 ($4.56 in chips) 
Seat 4: Legenbel ($9.92 in chips) 
Seat 5: vanelul ($21.15 in chips) 
Seat 6: kjaye8263 ($14.33 in chips) 
Stroem.jr: posts small blind $0.05
Mahu2021: posts big blind $0.10
*** HOLE CARDS ***
Dealt to Mahu2021 [8c 3s]
Legenbel: folds 
vanelul: folds 
kjaye8263: raises $0.13 to $0.23
HyperBete: raises $0.61 to $0.84
Stroem.jr: folds 
Mahu2021: folds 
kjaye8263: calls $0.61
*** FLOP *** [5h 6c Jc]
kjaye8263: checks 
HyperBete: bets $0.80
kjaye8263: calls $0.80
*** TURN *** [5h 6c Jc] [8s]
kjaye8263: checks 
HyperBete: bets $1.64
kjaye8263: raises $3.94 to $5.58
HyperBete: raises $11.64 to $17.22 and is all-in
kjaye8263 has timed out
kjaye8263: folds 
Uncalled bet ($11.64) returned to HyperBete
HyperBete collected $13.93 from pot
HyperBete: doesn't show hand 
*** SUMMARY ***
Total pot $14.59 | Rake $0.66 
Board [5h 6c Jc 8s]
Seat 1: HyperBete (button) collected ($13.93)
Seat 2: Stroem.jr (small blind) folded before Flop
Seat 3: Mahu2021 (big blind) folded before Flop
Seat 4: Legenbel folded before Flop (didn't bet)
Seat 5: vanelul folded before Flop (didn't bet)
Seat 6: kjaye8263 folded on the Turn



PokerStars Zoom Hand #255162855324:  Hold'em No Limit ($0.05/$0.10) - 2025/03/06 12:42:06 CET [2025/03/06 6:42:06 ET]
Table 'Aludra' 6-max Seat #1 is the button
Seat 1: Perstenev ($7.34 in chips) 
Seat 2: hogatto3 ($10.66 in chips) 
Seat 3: Georg006830 ($22.21 in chips) 
Seat 4: Mahu2021 ($2.13 in chips) 
Seat 5: IVERNMAN ($16.24 in chips) 
Seat 6: THE SHADOW78 ($10.25 in chips) 
hogatto3: posts small blind $0.05
Georg006830: posts big blind $0.10
*** HOLE CARDS ***
Dealt to Mahu2021 [5c Ts]
Mahu2021: folds 
IVERNMAN: folds 
THE SHADOW78: folds 
Perstenev: raises $0.15 to $0.25
hogatto3: folds 
Georg006830: folds 
Uncalled bet ($0.15) returned to Perstenev
Perstenev collected $0.25 from pot
Perstenev: doesn't show hand 
*** SUMMARY ***
Total pot $0.25 | Rake $0 
Seat 1: Perstenev (button) collected ($0.25)
Seat 2: hogatto3 (small blind) folded before Flop
Seat 3: Georg006830 (big blind) folded before Flop
Seat 4: Mahu2021 folded before Flop (didn't bet)
Seat 5: IVERNMAN folded before Flop (didn't bet)
Seat 6: THE SHADOW78 folded before Flop (didn't bet)



PokerStars Zoom Hand #255162855811:  Hold'em No Limit ($0.05/$0.10) - 2025/03/06 12:42:10 CET [2025/03/06 6:42:10 ET]
Table 'Aludra' 6-max Seat #1 is the button
Seat 1: kjaye8263 ($10.15 in chips) 
Seat 2: Mahu2021 ($2.13 in chips) 
Seat 3: gena60 ($16.06 in chips) 
Seat 4: Strelets.UA ($11.87 in chips) 
Seat 5: $ouza10 ($10.24 in chips) 
Seat 6: Perstenev ($5.62 in chips) 
Mahu2021: posts small blind $0.05
gena60: posts big blind $0.10
*** HOLE CARDS ***
Dealt to Mahu2021 [7c Kd]
Strelets.UA: folds 
$ouza10: folds 
Perstenev: folds 
kjaye8263: folds 
Mahu2021: folds 
Uncalled bet ($0.05) returned to gena60
gena60 collected $0.10 from pot
gena60: doesn't show hand 
*** SUMMARY ***
Total pot $0.10 | Rake $0 
Seat 1: kjaye8263 (button) folded before Flop (didn't bet)
Seat 2: Mahu2021 (small blind) folded before Flop
Seat 3: gena60 (big blind) collected ($0.10)
Seat 4: Strelets.UA folded before Flop (didn't bet)
Seat 5: $ouza10 folded before Flop (didn't bet)
Seat 6: Perstenev folded before Flop (didn't bet)



PokerStars Zoom Hand #255162856303:  Hold'em No Limit ($0.05/$0.10) - 2025/03/06 12:42:14 CET [2025/03/06 6:42:14 ET]
Table 'Aludra' 6-max Seat #1 is the button
Seat 1: Mahu2021 ($2.08 in chips) 
Seat 2: Cyborg_0113 ($10 in chips) 
Seat 3: royacht ($7.24 in chips) 
Seat 4: IVERNMAN ($10 in chips) 
Seat 5: THE SHADOW78 ($10.20 in chips) 
Seat 6: vicegoodman ($10.25 in chips) 
Cyborg_0113: posts small blind $0.05
royacht: posts big blind $0.10
*** HOLE CARDS ***
Dealt to Mahu2021 [5c 8c]
IVERNMAN: raises $0.10 to $0.20
THE SHADOW78: folds 
vicegoodman: folds 
Mahu2021: folds 
Cyborg_0113: folds 
royacht: folds 
Uncalled bet ($0.10) returned to IVERNMAN
IVERNMAN collected $0.25 from pot
IVERNMAN: doesn't show hand 
*** SUMMARY ***
Total pot $0.25 | Rake $0 
Seat 1: Mahu2021 (button) folded before Flop (didn't bet)
Seat 2: Cyborg_0113 (small blind) folded before Flop
Seat 3: royacht (big blind) folded before Flop
Seat 4: IVERNMAN collected ($0.25)
Seat 5: THE SHADOW78 folded before Flop (didn't bet)
Seat 6: vicegoodman folded before Flop (didn't bet)



PokerStars Zoom Hand #255162858070:  Hold'em No Limit ($0.05/$0.10) - 2025/03/06 12:42:28 CET [2025/03/06 6:42:28 ET]
Table 'Aludra' 6-max Seat #1 is the button
Seat 1: Devans18180 ($6.28 in chips) 
Seat 2: Lim 2589 ($10.23 in chips) 
Seat 3: Clicker89 ($10.33 in chips) 
Seat 4: BigfootWwa ($10 in chips) 
Seat 5: nicholas kenny ($31.50 in chips) 
Seat 6: Mahu2021 ($1.98 in chips) 
Lim 2589: posts small blind $0.05
Clicker89: posts big blind $0.10
*** HOLE CARDS ***
Dealt to Mahu2021 [Jc 7s]
BigfootWwa: raises $0.10 to $0.20
nicholas kenny: folds 
Mahu2021: folds 
Devans18180: folds 
Lim 2589: folds 
Clicker89: folds 
Uncalled bet ($0.10) returned to BigfootWwa
BigfootWwa collected $0.25 from pot
BigfootWwa: doesn't show hand 
*** SUMMARY ***
Total pot $0.25 | Rake $0 
Seat 1: Devans18180 (button) folded before Flop (didn't bet)
Seat 2: Lim 2589 (small blind) folded before Flop
Seat 3: Clicker89 (big blind) folded before Flop
Seat 4: BigfootWwa collected ($0.25)
Seat 5: nicholas kenny folded before Flop (didn't bet)
Seat 6: Mahu2021 folded before Flop (didn't bet)



PokerStars Zoom Hand #255162857583:  Hold'em No Limit ($0.05/$0.10) - 2025/03/06 12:42:24 CET [2025/03/06 6:42:24 ET]
Table 'Aludra' 6-max Seat #1 is the button
Seat 1: JICC632 ($12.88 in chips) 
Seat 2: Devans18180 ($6.33 in chips) 
Seat 3: Mahu2021 ($2.08 in chips) 
Seat 4: IVERNMAN ($11.83 in chips) 
Seat 5: Perstenev ($5.62 in chips) 
Seat 6: Antitodo ($11.86 in chips) 
Devans18180: posts small blind $0.05
Mahu2021: posts big blind $0.10
*** HOLE CARDS ***
Dealt to Mahu2021 [Qc 2s]
IVERNMAN: raises $0.10 to $0.20
Perstenev: calls $0.20
Antitodo: folds 
JICC632: folds 
Devans18180: folds 
Mahu2021: folds 
*** FLOP *** [Td 8s Jc]
IVERNMAN: checks 
Perstenev: checks 
*** TURN *** [Td 8s Jc] [Ks]
IVERNMAN: checks 
Perstenev: checks 
*** RIVER *** [Td 8s Jc Ks] [2d]
IVERNMAN: bets $0.27
Perstenev: folds 
Uncalled bet ($0.27) returned to IVERNMAN
IVERNMAN collected $0.53 from pot
IVERNMAN: doesn't show hand 
*** SUMMARY ***
Total pot $0.55 | Rake $0.02 
Board [Td 8s Jc Ks 2d]
Seat 1: JICC632 (button) folded before Flop (didn't bet)
Seat 2: Devans18180 (small blind) folded before Flop
Seat 3: Mahu2021 (big blind) folded before Flop
Seat 4: IVERNMAN collected ($0.53)
Seat 5: Perstenev folded on the River
Seat 6: Antitodo folded before Flop (didn't bet)



PokerStars Zoom Hand #255162858599:  Hold'em No Limit ($0.05/$0.10) - 2025/03/06 12:42:32 CET [2025/03/06 6:42:32 ET]
Table 'Aludra' 6-max Seat #1 is the button
Seat 1: Mahu2021 ($1.98 in chips) 
Seat 2: mYSTISK88 ($12.54 in chips) 
Seat 3: MarkDontTrust ($20.15 in chips) 
Seat 4: DouglasHomem12 ($10 in chips) 
Seat 5: hummbold ($10 in chips) 
Seat 6: BigfootWwa ($12.15 in chips) 
mYSTISK88: posts small blind $0.05
MarkDontTrust: posts big blind $0.10
*** HOLE CARDS ***
Dealt to Mahu2021 [Ks Jd]
DouglasHomem12: folds 
hummbold: folds 
BigfootWwa: folds 
Mahu2021: raises $0.20 to $0.30
mYSTISK88: calls $0.25
MarkDontTrust: folds 
*** FLOP *** [Jh 2d 4h]
mYSTISK88: checks 
Mahu2021: bets $0.30
mYSTISK88: calls $0.30
*** TURN *** [Jh 2d 4h] [Qh]
mYSTISK88: checks 
Mahu2021: bets $0.30
mYSTISK88: calls $0.30
*** RIVER *** [Jh 2d 4h Qh] [8h]
mYSTISK88: bets $11.64 and is all-in
Mahu2021: folds 
Uncalled bet ($11.64) returned to mYSTISK88
mYSTISK88 collected $1.81 from pot
mYSTISK88: doesn't show hand 
*** SUMMARY ***
Total pot $1.90 | Rake $0.09 
Board [Jh 2d 4h Qh 8h]
Seat 1: Mahu2021 (button) folded on the River
Seat 2: mYSTISK88 (small blind) collected ($1.81)
Seat 3: MarkDontTrust (big blind) folded before Flop
Seat 4: DouglasHomem12 folded before Flop (didn't bet)
Seat 5: hummbold folded before Flop (didn't bet)
Seat 6: BigfootWwa folded before Flop (didn't bet)



