PokerStars Hand #244030758021: Tournament #3598856380, $0.92+$0.08 USD Hold'em No Limit - Level I (10/20) - 2023/06/01 17:11:14 CET [2023/06/01 11:11:14 ET]
Table '3598856380 1' 3-max Seat #1 is the button
Seat 1: ORIGINAL1000 (500 in chips) 
Seat 2: timon4uk (500 in chips) 
Seat 3: Mahu2021 (500 in chips) 
timon4uk: posts small blind 10
Mahu2021: posts big blind 20
*** HOLE CARDS ***
Dealt to Mahu2021 [8c 3s]
ORIGINAL1000: calls 20
timon4uk: calls 10
Mahu2021: checks 
*** FLOP *** [6s 2s As]
timon4uk: checks 
Mahu2021: checks 
ORIGINAL1000: checks 
*** TURN *** [6s 2s As] [2d]
timon4uk: checks 
Mahu2021: checks 
ORIGINAL1000: checks 
*** RIVER *** [6s 2s As 2d] [6h]
timon4uk: bets 20
Mahu2021: folds 
ORIGINAL1000: folds 
Uncalled bet (20) returned to timon4uk
timon4uk collected 60 from pot
timon4uk: doesn't show hand 
*** SUMMARY ***
Total pot 60 | Rake 0 
Board [6s 2s As 2d 6h]
Seat 1: ORIGINAL1000 (button) folded on the River
Seat 2: timon4uk (small blind) collected (60)
Seat 3: Mahu2021 (big blind) folded on the River



PokerStars Hand #244030762836: Tournament #3598856380, $0.92+$0.08 USD Hold'em No Limit - Level I (10/20) - 2023/06/01 17:11:35 CET [2023/06/01 11:11:35 ET]
Table '3598856380 1' 3-max Seat #2 is the button
Seat 1: ORIGINAL1000 (480 in chips) 
Seat 2: timon4uk (540 in chips) 
Seat 3: Mahu2021 (480 in chips) 
Mahu2021: posts small blind 10
ORIGINAL1000: posts big blind 20
*** HOLE CARDS ***
Dealt to Mahu2021 [Kc 5s]
timon4uk: folds 
Mahu2021: calls 10
ORIGINAL1000: checks 
*** FLOP *** [9d Jh Jd]
Mahu2021: bets 20
ORIGINAL1000: folds 
Uncalled bet (20) returned to Mahu2021
Mahu2021 collected 40 from pot
Mahu2021: doesn't show hand 
*** SUMMARY ***
Total pot 40 | Rake 0 
Board [9d Jh Jd]
Seat 1: ORIGINAL1000 (big blind) folded on the Flop
Seat 2: timon4uk (button) folded before Flop (didn't bet)
Seat 3: Mahu2021 (small blind) collected (40)



PokerStars Hand #244030765299: Tournament #3598856380, $0.92+$0.08 USD Hold'em No Limit - Level I (10/20) - 2023/06/01 17:11:45 CET [2023/06/01 11:11:45 ET]
Table '3598856380 1' 3-max Seat #3 is the button
Seat 1: ORIGINAL1000 (460 in chips) 
Seat 2: timon4uk (540 in chips) 
Seat 3: Mahu2021 (500 in chips) 
ORIGINAL1000: posts small blind 10
timon4uk: posts big blind 20
*** HOLE CARDS ***
Dealt to Mahu2021 [7s 5c]
Mahu2021: folds 
ORIGINAL1000: raises 20 to 40
timon4uk: calls 20
*** FLOP *** [6c 6h 4d]
ORIGINAL1000: checks 
timon4uk: checks 
*** TURN *** [6c 6h 4d] [7h]
ORIGINAL1000: checks 
timon4uk: checks 
*** RIVER *** [6c 6h 4d 7h] [Qh]
ORIGINAL1000: bets 80
timon4uk: folds 
Uncalled bet (80) returned to ORIGINAL1000
ORIGINAL1000 collected 80 from pot
*** SUMMARY ***
Total pot 80 | Rake 0 
Board [6c 6h 4d 7h Qh]
Seat 1: ORIGINAL1000 (small blind) collected (80)
Seat 2: timon4uk (big blind) folded on the River
Seat 3: Mahu2021 (button) folded before Flop (didn't bet)



PokerStars Hand #244030770085: Tournament #3598856380, $0.92+$0.08 USD Hold'em No Limit - Level I (10/20) - 2023/06/01 17:12:05 CET [2023/06/01 11:12:05 ET]
Table '3598856380 1' 3-max Seat #1 is the button
Seat 1: ORIGINAL1000 (500 in chips) 
Seat 2: timon4uk (500 in chips) 
Seat 3: Mahu2021 (500 in chips) 
timon4uk: posts small blind 10
Mahu2021: posts big blind 20
*** HOLE CARDS ***
Dealt to Mahu2021 [Qc 2c]
ORIGINAL1000: calls 20
timon4uk: folds 
Mahu2021: checks 
*** FLOP *** [Js 2d Ks]
Mahu2021: checks 
ORIGINAL1000: checks 
*** TURN *** [Js 2d Ks] [8s]
Mahu2021: bets 20
ORIGINAL1000: calls 20
*** RIVER *** [Js 2d Ks 8s] [7s]
Mahu2021: checks 
ORIGINAL1000: bets 90
Mahu2021: folds 
Uncalled bet (90) returned to ORIGINAL1000
ORIGINAL1000 collected 90 from pot
*** SUMMARY ***
Total pot 90 | Rake 0 
Board [Js 2d Ks 8s 7s]
Seat 1: ORIGINAL1000 (button) collected (90)
Seat 2: timon4uk (small blind) folded before Flop
Seat 3: Mahu2021 (big blind) folded on the River



PokerStars Hand #244030774850: Tournament #3598856380, $0.92+$0.08 USD Hold'em No Limit - Level I (10/20) - 2023/06/01 17:12:25 CET [2023/06/01 11:12:25 ET]
Table '3598856380 1' 3-max Seat #2 is the button
Seat 1: ORIGINAL1000 (550 in chips) 
Seat 2: timon4uk (490 in chips) 
Seat 3: Mahu2021 (460 in chips) 
Mahu2021: posts small blind 10
ORIGINAL1000: posts big blind 20
*** HOLE CARDS ***
Dealt to Mahu2021 [4s 3c]
timon4uk: folds 
Mahu2021: calls 10
ORIGINAL1000: checks 
*** FLOP *** [9s 2s 9d]
Mahu2021: checks 
ORIGINAL1000: bets 20
Mahu2021: folds 
Uncalled bet (20) returned to ORIGINAL1000
ORIGINAL1000 collected 40 from pot
*** SUMMARY ***
Total pot 40 | Rake 0 
Board [9s 2s 9d]
Seat 1: ORIGINAL1000 (big blind) collected (40)
Seat 2: timon4uk (button) folded before Flop (didn't bet)
Seat 3: Mahu2021 (small blind) folded on the Flop



PokerStars Hand #244030777713: Tournament #3598856380, $0.92+$0.08 USD Hold'em No Limit - Level I (10/20) - 2023/06/01 17:12:37 CET [2023/06/01 11:12:37 ET]
Table '3598856380 1' 3-max Seat #3 is the button
Seat 1: ORIGINAL1000 (570 in chips) 
Seat 2: timon4uk (490 in chips) 
Seat 3: Mahu2021 (440 in chips) 
ORIGINAL1000: posts small blind 10
timon4uk: posts big blind 20
*** HOLE CARDS ***
Dealt to Mahu2021 [Ks As]
Mahu2021: raises 20 to 40
ORIGINAL1000: calls 30
timon4uk: calls 20
*** FLOP *** [3h 2s 8c]
ORIGINAL1000: checks 
timon4uk: checks 
Mahu2021: bets 120
ORIGINAL1000: folds 
timon4uk: folds 
Uncalled bet (120) returned to Mahu2021
Mahu2021 collected 120 from pot
Mahu2021: doesn't show hand 
*** SUMMARY ***
Total pot 120 | Rake 0 
Board [3h 2s 8c]
Seat 1: ORIGINAL1000 (small blind) folded on the Flop
Seat 2: timon4uk (big blind) folded on the Flop
Seat 3: Mahu2021 (button) collected (120)



PokerStars Hand #244030781553: Tournament #3598856380, $0.92+$0.08 USD Hold'em No Limit - Level I (10/20) - 2023/06/01 17:12:53 CET [2023/06/01 11:12:53 ET]
Table '3598856380 1' 3-max Seat #1 is the button
Seat 1: ORIGINAL1000 (530 in chips) 
Seat 2: timon4uk (450 in chips) 
Seat 3: Mahu2021 (520 in chips) 
timon4uk: posts small blind 10
Mahu2021: posts big blind 20
*** HOLE CARDS ***
Dealt to Mahu2021 [2d Kh]
ORIGINAL1000: raises 20 to 40
timon4uk: calls 30
Mahu2021: folds 
*** FLOP *** [7h Tc 8c]
timon4uk: checks 
ORIGINAL1000: checks 
*** TURN *** [7h Tc 8c] [7s]
timon4uk: checks 
ORIGINAL1000: checks 
*** RIVER *** [7h Tc 8c 7s] [5s]
timon4uk: checks 
ORIGINAL1000: checks 
*** SHOW DOWN ***
timon4uk: shows [Qc As] (a pair of Sevens)
ORIGINAL1000: mucks hand 
timon4uk collected 100 from pot
*** SUMMARY ***
Total pot 100 | Rake 0 
Board [7h Tc 8c 7s 5s]
Seat 1: ORIGINAL1000 (button) mucked [9s Ah]
Seat 2: timon4uk (small blind) showed [Qc As] and won (100) with a pair of Sevens
Seat 3: Mahu2021 (big blind) folded before Flop



PokerStars Hand #244030785095: Tournament #3598856380, $0.92+$0.08 USD Hold'em No Limit - Level I (10/20) - 2023/06/01 17:13:09 CET [2023/06/01 11:13:09 ET]
Table '3598856380 1' 3-max Seat #2 is the button
Seat 1: ORIGINAL1000 (490 in chips) 
Seat 2: timon4uk (510 in chips) 
Seat 3: Mahu2021 (500 in chips) 
Mahu2021: posts small blind 10
ORIGINAL1000: posts big blind 20
*** HOLE CARDS ***
Dealt to Mahu2021 [Qc 2h]
timon4uk: raises 100 to 120
Mahu2021: folds 
ORIGINAL1000: folds 
Uncalled bet (100) returned to timon4uk
timon4uk collected 50 from pot
timon4uk: doesn't show hand 
*** SUMMARY ***
Total pot 50 | Rake 0 
Seat 1: ORIGINAL1000 (big blind) folded before Flop
Seat 2: timon4uk (button) collected (50)
Seat 3: Mahu2021 (small blind) folded before Flop



PokerStars Hand #244030787485: Tournament #3598856380, $0.92+$0.08 USD Hold'em No Limit - Level II (15/30) - 2023/06/01 17:13:19 CET [2023/06/01 11:13:19 ET]
Table '3598856380 1' 3-max Seat #3 is the button
Seat 1: ORIGINAL1000 (470 in chips) 
Seat 2: timon4uk (540 in chips) 
Seat 3: Mahu2021 (490 in chips) 
ORIGINAL1000: posts small blind 15
timon4uk: posts big blind 30
*** HOLE CARDS ***
Dealt to Mahu2021 [Js 8d]
Mahu2021: folds 
ORIGINAL1000: raises 30 to 60
timon4uk: calls 30
*** FLOP *** [6c Ts 4s]
ORIGINAL1000: bets 60
timon4uk: calls 60
*** TURN *** [6c Ts 4s] [Ac]
ORIGINAL1000: bets 120
timon4uk: calls 120
*** RIVER *** [6c Ts 4s Ac] [Tc]
ORIGINAL1000: bets 230 and is all-in
timon4uk: folds 
Uncalled bet (230) returned to ORIGINAL1000
ORIGINAL1000 collected 480 from pot
*** SUMMARY ***
Total pot 480 | Rake 0 
Board [6c Ts 4s Ac Tc]
Seat 1: ORIGINAL1000 (small blind) collected (480)
Seat 2: timon4uk (big blind) folded on the River
Seat 3: Mahu2021 (button) folded before Flop (didn't bet)



PokerStars Hand #244030792254: Tournament #3598856380, $0.92+$0.08 USD Hold'em No Limit - Level II (15/30) - 2023/06/01 17:13:39 CET [2023/06/01 11:13:39 ET]
Table '3598856380 1' 3-max Seat #1 is the button
Seat 1: ORIGINAL1000 (710 in chips) 
Seat 2: timon4uk (300 in chips) 
Seat 3: Mahu2021 (490 in chips) 
timon4uk: posts small blind 15
Mahu2021: posts big blind 30
*** HOLE CARDS ***
Dealt to Mahu2021 [3s Qc]
ORIGINAL1000: calls 30
timon4uk: raises 270 to 300 and is all-in
Mahu2021: folds 
ORIGINAL1000: folds 
Uncalled bet (270) returned to timon4uk
timon4uk collected 90 from pot
timon4uk: doesn't show hand 
*** SUMMARY ***
Total pot 90 | Rake 0 
Seat 1: ORIGINAL1000 (button) folded before Flop
Seat 2: timon4uk (small blind) collected (90)
Seat 3: Mahu2021 (big blind) folded before Flop



PokerStars Hand #244030794208: Tournament #3598856380, $0.92+$0.08 USD Hold'em No Limit - Level II (15/30) - 2023/06/01 17:13:48 CET [2023/06/01 11:13:48 ET]
Table '3598856380 1' 3-max Seat #2 is the button
Seat 1: ORIGINAL1000 (680 in chips) 
Seat 2: timon4uk (360 in chips) 
Seat 3: Mahu2021 (460 in chips) 
Mahu2021: posts small blind 15
ORIGINAL1000: posts big blind 30
*** HOLE CARDS ***
Dealt to Mahu2021 [2c 6d]
timon4uk: calls 30
Mahu2021: folds 
ORIGINAL1000: checks 
*** FLOP *** [Qs 8h 7c]
ORIGINAL1000: checks 
timon4uk: bets 90
ORIGINAL1000: calls 90
*** TURN *** [Qs 8h 7c] [Qc]
ORIGINAL1000: checks 
timon4uk: bets 30
ORIGINAL1000: calls 30
*** RIVER *** [Qs 8h 7c Qc] [Ah]
ORIGINAL1000: checks 
timon4uk: checks 
*** SHOW DOWN ***
ORIGINAL1000: shows [2s Qd] (three of a kind, Queens)
timon4uk: mucks hand 
ORIGINAL1000 collected 315 from pot
*** SUMMARY ***
Total pot 315 | Rake 0 
Board [Qs 8h 7c Qc Ah]
Seat 1: ORIGINAL1000 (big blind) showed [2s Qd] and won (315) with three of a kind, Queens
Seat 2: timon4uk (button) mucked [Kh 2h]
Seat 3: Mahu2021 (small blind) folded before Flop



PokerStars Hand #244030799042: Tournament #3598856380, $0.92+$0.08 USD Hold'em No Limit - Level II (15/30) - 2023/06/01 17:14:08 CET [2023/06/01 11:14:08 ET]
Table '3598856380 1' 3-max Seat #3 is the button
Seat 1: ORIGINAL1000 (845 in chips) 
Seat 2: timon4uk (210 in chips) 
Seat 3: Mahu2021 (445 in chips) 
ORIGINAL1000: posts small blind 15
timon4uk: posts big blind 30
*** HOLE CARDS ***
Dealt to Mahu2021 [4h Ad]
Mahu2021: raises 30 to 60
ORIGINAL1000: folds 
timon4uk: calls 30
*** FLOP *** [2c Jc Kc]
timon4uk: checks 
Mahu2021: checks 
*** TURN *** [2c Jc Kc] [9c]
timon4uk: checks 
Mahu2021: checks 
*** RIVER *** [2c Jc Kc 9c] [Kh]
timon4uk: bets 60
Mahu2021: folds 
Uncalled bet (60) returned to timon4uk
timon4uk collected 135 from pot
timon4uk: doesn't show hand 
*** SUMMARY ***
Total pot 135 | Rake 0 
Board [2c Jc Kc 9c Kh]
Seat 1: ORIGINAL1000 (small blind) folded before Flop
Seat 2: timon4uk (big blind) collected (135)
Seat 3: Mahu2021 (button) folded on the River



PokerStars Hand #244030802715: Tournament #3598856380, $0.92+$0.08 USD Hold'em No Limit - Level II (15/30) - 2023/06/01 17:14:24 CET [2023/06/01 11:14:24 ET]
Table '3598856380 1' 3-max Seat #1 is the button
Seat 1: ORIGINAL1000 (830 in chips) 
Seat 2: timon4uk (285 in chips) 
Seat 3: Mahu2021 (385 in chips) 
timon4uk: posts small blind 15
Mahu2021: posts big blind 30
*** HOLE CARDS ***
Dealt to Mahu2021 [Qs 8s]
ORIGINAL1000: folds 
timon4uk: folds 
Uncalled bet (15) returned to Mahu2021
Mahu2021 collected 30 from pot
Mahu2021: doesn't show hand 
*** SUMMARY ***
Total pot 30 | Rake 0 
Seat 1: ORIGINAL1000 (button) folded before Flop (didn't bet)
Seat 2: timon4uk (small blind) folded before Flop
Seat 3: Mahu2021 (big blind) collected (30)



PokerStars Hand #244030804009: Tournament #3598856380, $0.92+$0.08 USD Hold'em No Limit - Level II (15/30) - 2023/06/01 17:14:30 CET [2023/06/01 11:14:30 ET]
Table '3598856380 1' 3-max Seat #2 is the button
Seat 1: ORIGINAL1000 (830 in chips) 
Seat 2: timon4uk (270 in chips) 
Seat 3: Mahu2021 (400 in chips) 
Mahu2021: posts small blind 15
ORIGINAL1000: posts big blind 30
*** HOLE CARDS ***
Dealt to Mahu2021 [2h 4h]
timon4uk: folds 
Mahu2021: calls 15
ORIGINAL1000: checks 
*** FLOP *** [Qs Kh Th]
Mahu2021: bets 30
ORIGINAL1000: calls 30
*** TURN *** [Qs Kh Th] [4d]
Mahu2021: bets 30
ORIGINAL1000: calls 30
*** RIVER *** [Qs Kh Th 4d] [4s]
Mahu2021: bets 180
ORIGINAL1000: folds 
Uncalled bet (180) returned to Mahu2021
Mahu2021 collected 180 from pot
Mahu2021: doesn't show hand 
*** SUMMARY ***
Total pot 180 | Rake 0 
Board [Qs Kh Th 4d 4s]
Seat 1: ORIGINAL1000 (big blind) folded on the River
Seat 2: timon4uk (button) folded before Flop (didn't bet)
Seat 3: Mahu2021 (small blind) collected (180)



PokerStars Hand #244030808421: Tournament #3598856380, $0.92+$0.08 USD Hold'em No Limit - Level II (15/30) - 2023/06/01 17:14:49 CET [2023/06/01 11:14:49 ET]
Table '3598856380 1' 3-max Seat #3 is the button
Seat 1: ORIGINAL1000 (740 in chips) 
Seat 2: timon4uk (270 in chips) 
Seat 3: Mahu2021 (490 in chips) 
ORIGINAL1000: posts small blind 15
timon4uk: posts big blind 30
*** HOLE CARDS ***
Dealt to Mahu2021 [8d Jh]
Mahu2021: folds 
ORIGINAL1000: raises 30 to 60
timon4uk: folds 
Uncalled bet (30) returned to ORIGINAL1000
ORIGINAL1000 collected 60 from pot
*** SUMMARY ***
Total pot 60 | Rake 0 
Seat 1: ORIGINAL1000 (small blind) collected (60)
Seat 2: timon4uk (big blind) folded before Flop
Seat 3: Mahu2021 (button) folded before Flop (didn't bet)



PokerStars Hand #244030810920: Tournament #3598856380, $0.92+$0.08 USD Hold'em No Limit - Level II (15/30) - 2023/06/01 17:14:59 CET [2023/06/01 11:14:59 ET]
Table '3598856380 1' 3-max Seat #1 is the button
Seat 1: ORIGINAL1000 (770 in chips) 
Seat 2: timon4uk (240 in chips) 
Seat 3: Mahu2021 (490 in chips) 
timon4uk: posts small blind 15
Mahu2021: posts big blind 30
*** HOLE CARDS ***
Dealt to Mahu2021 [As 9s]
ORIGINAL1000: folds 
timon4uk: calls 15
Mahu2021: raises 60 to 90
timon4uk: raises 60 to 150
Mahu2021: calls 60
*** FLOP *** [Ah 8c 7h]
timon4uk: bets 30
Mahu2021: raises 60 to 90
timon4uk: calls 60 and is all-in
*** TURN *** [Ah 8c 7h] [6h]
*** RIVER *** [Ah 8c 7h 6h] [3c]
*** SHOW DOWN ***
timon4uk: shows [Ks Kc] (a pair of Kings)
Mahu2021: shows [As 9s] (a pair of Aces)
Mahu2021 collected 480 from pot
timon4uk finished the tournament in 3rd place
*** SUMMARY ***
Total pot 480 | Rake 0 
Board [Ah 8c 7h 6h 3c]
Seat 1: ORIGINAL1000 (button) folded before Flop (didn't bet)
Seat 2: timon4uk (small blind) showed [Ks Kc] and lost with a pair of Kings
Seat 3: Mahu2021 (big blind) showed [As 9s] and won (480) with a pair of Aces



PokerStars Hand #244030816835: Tournament #3598856380, $0.92+$0.08 USD Hold'em No Limit - Level III (20/40) - 2023/06/01 17:15:25 CET [2023/06/01 11:15:25 ET]
Table '3598856380 1' 3-max Seat #3 is the button
Seat 1: ORIGINAL1000 (770 in chips) 
Seat 3: Mahu2021 (730 in chips) 
Mahu2021: posts small blind 20
ORIGINAL1000: posts big blind 40
*** HOLE CARDS ***
Dealt to Mahu2021 [6d 6s]
Mahu2021: raises 40 to 80
ORIGINAL1000: calls 40
*** FLOP *** [2c 6c 7h]
ORIGINAL1000: checks 
Mahu2021: checks 
*** TURN *** [2c 6c 7h] [Jh]
ORIGINAL1000: checks 
Mahu2021: checks 
*** RIVER *** [2c 6c 7h Jh] [Ah]
ORIGINAL1000: bets 160
Mahu2021: raises 490 to 650 and is all-in
ORIGINAL1000: calls 490
*** SHOW DOWN ***
Mahu2021: shows [6d 6s] (three of a kind, Sixes)
ORIGINAL1000: shows [8h 4h] (a flush, Ace high)
ORIGINAL1000 collected 1460 from pot
Mahu2021 finished the tournament in 2nd place
ORIGINAL1000 wins the tournament and receives $2.00 - congratulations!
*** SUMMARY ***
Total pot 1460 | Rake 0 
Board [2c 6c 7h Jh Ah]
Seat 1: ORIGINAL1000 (big blind) showed [8h 4h] and won (1460) with a flush, Ace high
Seat 3: Mahu2021 (button) (small blind) showed [6d 6s] and lost with three of a kind, Sixes



