PokerStars Hand #252935521073: Tournament #3812118418, $1.84+$0.16 USD Hold'em No Limit - Level I (10/20) - 2024/10/15 7:05:01 CET [2024/10/15 1:05:01 ET]
Table '3812118418 1' 3-max Seat #1 is the button
Seat 1: voskopoylos (500 in chips) 
Seat 2: Godzilla06 (500 in chips) 
Seat 3: Mahu2021 (500 in chips) 
Godzilla06: posts small blind 10
Mahu2021: posts big blind 20
*** HOLE CARDS ***
Dealt to Mahu2021 [7h 2d]
voskopoylos: raises 20 to 40
Godzilla06: raises 100 to 140
Mahu2021: folds 
voskopoylos: calls 100
*** FLOP *** [4d 6d Kh]
Godzilla06: bets 300
voskopoylos: folds 
Uncalled bet (300) returned to Godzilla06
Godzilla06 collected 300 from pot
Godzilla06: doesn't show hand 
*** SUMMARY ***
Total pot 300 | Rake 0 
Board [4d 6d Kh]
Seat 1: voskopoylos (button) folded on the Flop
Seat 2: Godzilla06 (small blind) collected (300)
Seat 3: Mahu2021 (big blind) folded before Flop



PokerStars Hand #252935522413: Tournament #3812118418, $1.84+$0.16 USD Hold'em No Limit - Level I (10/20) - 2024/10/15 7:05:19 CET [2024/10/15 1:05:19 ET]
Table '3812118418 1' 3-max Seat #2 is the button
Seat 1: voskopoylos (360 in chips) 
Seat 2: Godzilla06 (660 in chips) 
Seat 3: Mahu2021 (480 in chips) 
Mahu2021: posts small blind 10
voskopoylos: posts big blind 20
*** HOLE CARDS ***
Dealt to Mahu2021 [9d Qc]
Godzilla06: folds 
Mahu2021: raises 20 to 40
voskopoylos: folds 
Uncalled bet (20) returned to Mahu2021
Mahu2021 collected 40 from pot
Mahu2021: doesn't show hand 
*** SUMMARY ***
Total pot 40 | Rake 0 
Seat 1: voskopoylos (big blind) folded before Flop
Seat 2: Godzilla06 (button) folded before Flop (didn't bet)
Seat 3: Mahu2021 (small blind) collected (40)



PokerStars Hand #252935523026: Tournament #3812118418, $1.84+$0.16 USD Hold'em No Limit - Level I (10/20) - 2024/10/15 7:05:26 CET [2024/10/15 1:05:26 ET]
Table '3812118418 1' 3-max Seat #3 is the button
Seat 1: voskopoylos (340 in chips) 
Seat 2: Godzilla06 (660 in chips) 
Seat 3: Mahu2021 (500 in chips) 
voskopoylos: posts small blind 10
Godzilla06: posts big blind 20
*** HOLE CARDS ***
Dealt to Mahu2021 [Jh Tc]
Mahu2021: calls 20
voskopoylos: raises 320 to 340 and is all-in
Godzilla06: folds 
Mahu2021: folds 
Uncalled bet (320) returned to voskopoylos
voskopoylos collected 60 from pot
voskopoylos: doesn't show hand 
*** SUMMARY ***
Total pot 60 | Rake 0 
Seat 1: voskopoylos (small blind) collected (60)
Seat 2: Godzilla06 (big blind) folded before Flop
Seat 3: Mahu2021 (button) folded before Flop



PokerStars Hand #252935523810: Tournament #3812118418, $1.84+$0.16 USD Hold'em No Limit - Level I (10/20) - 2024/10/15 7:05:36 CET [2024/10/15 1:05:36 ET]
Table '3812118418 1' 3-max Seat #1 is the button
Seat 1: voskopoylos (380 in chips) 
Seat 2: Godzilla06 (640 in chips) 
Seat 3: Mahu2021 (480 in chips) 
Godzilla06: posts small blind 10
Mahu2021: posts big blind 20
*** HOLE CARDS ***
Dealt to Mahu2021 [Th Jh]
voskopoylos: folds 
Godzilla06: raises 40 to 60
Mahu2021: calls 40
*** FLOP *** [3h Js 7d]
Godzilla06: bets 120
Mahu2021: calls 120
*** TURN *** [3h Js 7d] [Qs]
Godzilla06: checks 
Mahu2021: bets 300 and is all-in
Godzilla06: folds 
Uncalled bet (300) returned to Mahu2021
Mahu2021 collected 360 from pot
Mahu2021: doesn't show hand 
*** SUMMARY ***
Total pot 360 | Rake 0 
Board [3h Js 7d Qs]
Seat 1: voskopoylos (button) folded before Flop (didn't bet)
Seat 2: Godzilla06 (small blind) folded on the Turn
Seat 3: Mahu2021 (big blind) collected (360)



PokerStars Hand #252935525238: Tournament #3812118418, $1.84+$0.16 USD Hold'em No Limit - Level I (10/20) - 2024/10/15 7:05:54 CET [2024/10/15 1:05:54 ET]
Table '3812118418 1' 3-max Seat #2 is the button
Seat 1: voskopoylos (380 in chips) 
Seat 2: Godzilla06 (460 in chips) 
Seat 3: Mahu2021 (660 in chips) 
Mahu2021: posts small blind 10
voskopoylos: posts big blind 20
*** HOLE CARDS ***
Dealt to Mahu2021 [Ad 6d]
Godzilla06: folds 
Mahu2021: raises 20 to 40
voskopoylos: calls 20
*** FLOP *** [4h Qd 9s]
Mahu2021: checks 
voskopoylos: checks 
*** TURN *** [4h Qd 9s] [8d]
Mahu2021: checks 
voskopoylos: checks 
*** RIVER *** [4h Qd 9s 8d] [8s]
Mahu2021: checks 
voskopoylos: bets 20
Mahu2021: calls 20
*** SHOW DOWN ***
voskopoylos: shows [As 5d] (a pair of Eights)
Mahu2021: shows [Ad 6d] (a pair of Eights)
Mahu2021 collected 60 from pot
voskopoylos collected 60 from pot
*** SUMMARY ***
Total pot 120 | Rake 0 
Board [4h Qd 9s 8d 8s]
Seat 1: voskopoylos (big blind) showed [As 5d] and won (60) with a pair of Eights
Seat 2: Godzilla06 (button) folded before Flop (didn't bet)
Seat 3: Mahu2021 (small blind) showed [Ad 6d] and won (60) with a pair of Eights



PokerStars Hand #252935526631: Tournament #3812118418, $1.84+$0.16 USD Hold'em No Limit - Level I (10/20) - 2024/10/15 7:06:12 CET [2024/10/15 1:06:12 ET]
Table '3812118418 1' 3-max Seat #3 is the button
Seat 1: voskopoylos (380 in chips) 
Seat 2: Godzilla06 (460 in chips) 
Seat 3: Mahu2021 (660 in chips) 
voskopoylos: posts small blind 10
Godzilla06: posts big blind 20
*** HOLE CARDS ***
Dealt to Mahu2021 [3s 4s]
Mahu2021: folds 
voskopoylos: calls 10
Godzilla06: checks 
*** FLOP *** [5s Jc Td]
voskopoylos: bets 20
Godzilla06: folds 
Uncalled bet (20) returned to voskopoylos
voskopoylos collected 40 from pot
voskopoylos: doesn't show hand 
*** SUMMARY ***
Total pot 40 | Rake 0 
Board [5s Jc Td]
Seat 1: voskopoylos (small blind) collected (40)
Seat 2: Godzilla06 (big blind) folded on the Flop
Seat 3: Mahu2021 (button) folded before Flop (didn't bet)



PokerStars Hand #252935527508: Tournament #3812118418, $1.84+$0.16 USD Hold'em No Limit - Level I (10/20) - 2024/10/15 7:06:22 CET [2024/10/15 1:06:22 ET]
Table '3812118418 1' 3-max Seat #1 is the button
Seat 1: voskopoylos (400 in chips) 
Seat 2: Godzilla06 (440 in chips) 
Seat 3: Mahu2021 (660 in chips) 
Godzilla06: posts small blind 10
Mahu2021: posts big blind 20
*** HOLE CARDS ***
Dealt to Mahu2021 [9h Kc]
voskopoylos: calls 20
Godzilla06: folds 
Mahu2021: checks 
*** FLOP *** [2h Jh 6c]
Mahu2021: checks 
voskopoylos: checks 
*** TURN *** [2h Jh 6c] [5c]
Mahu2021: checks 
voskopoylos: checks 
*** RIVER *** [2h Jh 6c 5c] [8c]
Mahu2021: checks 
voskopoylos: bets 20
Mahu2021: folds 
Uncalled bet (20) returned to voskopoylos
voskopoylos collected 50 from pot
voskopoylos: doesn't show hand 
*** SUMMARY ***
Total pot 50 | Rake 0 
Board [2h Jh 6c 5c 8c]
Seat 1: voskopoylos (button) collected (50)
Seat 2: Godzilla06 (small blind) folded before Flop
Seat 3: Mahu2021 (big blind) folded on the River



PokerStars Hand #252935528793: Tournament #3812118418, $1.84+$0.16 USD Hold'em No Limit - Level I (10/20) - 2024/10/15 7:06:38 CET [2024/10/15 1:06:38 ET]
Table '3812118418 1' 3-max Seat #2 is the button
Seat 1: voskopoylos (430 in chips) 
Seat 2: Godzilla06 (430 in chips) 
Seat 3: Mahu2021 (640 in chips) 
Mahu2021: posts small blind 10
voskopoylos: posts big blind 20
*** HOLE CARDS ***
Dealt to Mahu2021 [Qh 8s]
Godzilla06: folds 
Mahu2021: calls 10
voskopoylos: checks 
*** FLOP *** [2h 7c 5c]
Mahu2021: checks 
voskopoylos: checks 
*** TURN *** [2h 7c 5c] [3c]
Mahu2021: checks 
voskopoylos: bets 20
Mahu2021: folds 
Uncalled bet (20) returned to voskopoylos
voskopoylos collected 40 from pot
voskopoylos: doesn't show hand 
*** SUMMARY ***
Total pot 40 | Rake 0 
Board [2h 7c 5c 3c]
Seat 1: voskopoylos (big blind) collected (40)
Seat 2: Godzilla06 (button) folded before Flop (didn't bet)
Seat 3: Mahu2021 (small blind) folded on the Turn



PokerStars Hand #252935529926: Tournament #3812118418, $1.84+$0.16 USD Hold'em No Limit - Level I (10/20) - 2024/10/15 7:06:53 CET [2024/10/15 1:06:53 ET]
Table '3812118418 1' 3-max Seat #3 is the button
Seat 1: voskopoylos (450 in chips) 
Seat 2: Godzilla06 (430 in chips) 
Seat 3: Mahu2021 (620 in chips) 
voskopoylos: posts small blind 10
Godzilla06: posts big blind 20
*** HOLE CARDS ***
Dealt to Mahu2021 [9h 3s]
Mahu2021: folds 
voskopoylos: calls 10
Godzilla06: raises 40 to 60
voskopoylos: folds 
Uncalled bet (40) returned to Godzilla06
Godzilla06 collected 40 from pot
Godzilla06: doesn't show hand 
*** SUMMARY ***
Total pot 40 | Rake 0 
Seat 1: voskopoylos (small blind) folded before Flop
Seat 2: Godzilla06 (big blind) collected (40)
Seat 3: Mahu2021 (button) folded before Flop (didn't bet)



PokerStars Hand #252935530917: Tournament #3812118418, $1.84+$0.16 USD Hold'em No Limit - Level II (15/30) - 2024/10/15 7:07:05 CET [2024/10/15 1:07:05 ET]
Table '3812118418 1' 3-max Seat #1 is the button
Seat 1: voskopoylos (430 in chips) 
Seat 2: Godzilla06 (450 in chips) 
Seat 3: Mahu2021 (620 in chips) 
Godzilla06: posts small blind 15
Mahu2021: posts big blind 30
*** HOLE CARDS ***
Dealt to Mahu2021 [3d Kd]
voskopoylos: calls 30
Godzilla06: calls 15
Mahu2021: checks 
*** FLOP *** [Qh Jh 2s]
Godzilla06: checks 
Mahu2021: checks 
voskopoylos: bets 30
Godzilla06: folds 
Mahu2021: folds 
Uncalled bet (30) returned to voskopoylos
voskopoylos collected 90 from pot
voskopoylos: doesn't show hand 
*** SUMMARY ***
Total pot 90 | Rake 0 
Board [Qh Jh 2s]
Seat 1: voskopoylos (button) collected (90)
Seat 2: Godzilla06 (small blind) folded on the Flop
Seat 3: Mahu2021 (big blind) folded on the Flop



PokerStars Hand #252935532305: Tournament #3812118418, $1.84+$0.16 USD Hold'em No Limit - Level II (15/30) - 2024/10/15 7:07:22 CET [2024/10/15 1:07:22 ET]
Table '3812118418 1' 3-max Seat #2 is the button
Seat 1: voskopoylos (490 in chips) 
Seat 2: Godzilla06 (420 in chips) 
Seat 3: Mahu2021 (590 in chips) 
Mahu2021: posts small blind 15
voskopoylos: posts big blind 30
*** HOLE CARDS ***
Dealt to Mahu2021 [Qh 5d]
Godzilla06: folds 
Mahu2021: calls 15
voskopoylos: checks 
*** FLOP *** [3d 9c Qd]
Mahu2021: bets 60
voskopoylos: folds 
Uncalled bet (60) returned to Mahu2021
Mahu2021 collected 60 from pot
Mahu2021: doesn't show hand 
*** SUMMARY ***
Total pot 60 | Rake 0 
Board [3d 9c Qd]
Seat 1: voskopoylos (big blind) folded on the Flop
Seat 2: Godzilla06 (button) folded before Flop (didn't bet)
Seat 3: Mahu2021 (small blind) collected (60)



PokerStars Hand #252935533244: Tournament #3812118418, $1.84+$0.16 USD Hold'em No Limit - Level II (15/30) - 2024/10/15 7:07:34 CET [2024/10/15 1:07:34 ET]
Table '3812118418 1' 3-max Seat #3 is the button
Seat 1: voskopoylos (460 in chips) 
Seat 2: Godzilla06 (420 in chips) 
Seat 3: Mahu2021 (620 in chips) 
voskopoylos: posts small blind 15
Godzilla06: posts big blind 30
*** HOLE CARDS ***
Dealt to Mahu2021 [Qc 4h]
Mahu2021: folds 
voskopoylos: calls 15
Godzilla06: checks 
*** FLOP *** [Ks 9s 7d]
voskopoylos: checks 
Godzilla06: bets 30
voskopoylos: calls 30
*** TURN *** [Ks 9s 7d] [7s]
voskopoylos: checks 
Godzilla06: checks 
*** RIVER *** [Ks 9s 7d 7s] [8c]
voskopoylos: bets 30
Godzilla06: calls 30
*** SHOW DOWN ***
voskopoylos: shows [As 8d] (two pair, Eights and Sevens)
Godzilla06: mucks hand 
voskopoylos collected 180 from pot
*** SUMMARY ***
Total pot 180 | Rake 0 
Board [Ks 9s 7d 7s 8c]
Seat 1: voskopoylos (small blind) showed [As 8d] and won (180) with two pair, Eights and Sevens
Seat 2: Godzilla06 (big blind) mucked [2s 2d]
Seat 3: Mahu2021 (button) folded before Flop (didn't bet)



PokerStars Hand #252935535012: Tournament #3812118418, $1.84+$0.16 USD Hold'em No Limit - Level II (15/30) - 2024/10/15 7:07:55 CET [2024/10/15 1:07:55 ET]
Table '3812118418 1' 3-max Seat #1 is the button
Seat 1: voskopoylos (550 in chips) 
Seat 2: Godzilla06 (330 in chips) 
Seat 3: Mahu2021 (620 in chips) 
Godzilla06: posts small blind 15
Mahu2021: posts big blind 30
*** HOLE CARDS ***
Dealt to Mahu2021 [Td Ad]
voskopoylos: calls 30
Godzilla06: folds 
Mahu2021: raises 90 to 120
voskopoylos: folds 
Uncalled bet (90) returned to Mahu2021
Mahu2021 collected 75 from pot
Mahu2021: doesn't show hand 
*** SUMMARY ***
Total pot 75 | Rake 0 
Seat 1: voskopoylos (button) folded before Flop
Seat 2: Godzilla06 (small blind) folded before Flop
Seat 3: Mahu2021 (big blind) collected (75)



PokerStars Hand #252935535884: Tournament #3812118418, $1.84+$0.16 USD Hold'em No Limit - Level II (15/30) - 2024/10/15 7:08:07 CET [2024/10/15 1:08:07 ET]
Table '3812118418 1' 3-max Seat #2 is the button
Seat 1: voskopoylos (520 in chips) 
Seat 2: Godzilla06 (315 in chips) 
Seat 3: Mahu2021 (665 in chips) 
Mahu2021: posts small blind 15
voskopoylos: posts big blind 30
*** HOLE CARDS ***
Dealt to Mahu2021 [5h 6c]
Godzilla06: folds 
Mahu2021: folds 
Uncalled bet (15) returned to voskopoylos
voskopoylos collected 30 from pot
voskopoylos: doesn't show hand 
*** SUMMARY ***
Total pot 30 | Rake 0 
Seat 1: voskopoylos (big blind) collected (30)
Seat 2: Godzilla06 (button) folded before Flop (didn't bet)
Seat 3: Mahu2021 (small blind) folded before Flop



PokerStars Hand #252935536258: Tournament #3812118418, $1.84+$0.16 USD Hold'em No Limit - Level II (15/30) - 2024/10/15 7:08:11 CET [2024/10/15 1:08:11 ET]
Table '3812118418 1' 3-max Seat #3 is the button
Seat 1: voskopoylos (535 in chips) 
Seat 2: Godzilla06 (315 in chips) 
Seat 3: Mahu2021 (650 in chips) 
voskopoylos: posts small blind 15
Godzilla06: posts big blind 30
*** HOLE CARDS ***
Dealt to Mahu2021 [Qs Qc]
Mahu2021: raises 620 to 650 and is all-in
voskopoylos: folds 
Godzilla06: folds 
Uncalled bet (620) returned to Mahu2021
Mahu2021 collected 75 from pot
Mahu2021: doesn't show hand 
*** SUMMARY ***
Total pot 75 | Rake 0 
Seat 1: voskopoylos (small blind) folded before Flop
Seat 2: Godzilla06 (big blind) folded before Flop
Seat 3: Mahu2021 (button) collected (75)



PokerStars Hand #252935536844: Tournament #3812118418, $1.84+$0.16 USD Hold'em No Limit - Level II (15/30) - 2024/10/15 7:08:19 CET [2024/10/15 1:08:19 ET]
Table '3812118418 1' 3-max Seat #1 is the button
Seat 1: voskopoylos (520 in chips) 
Seat 2: Godzilla06 (285 in chips) 
Seat 3: Mahu2021 (695 in chips) 
Godzilla06: posts small blind 15
Mahu2021: posts big blind 30
*** HOLE CARDS ***
Dealt to Mahu2021 [3c Ks]
voskopoylos: calls 30
Godzilla06: calls 15
Mahu2021: checks 
*** FLOP *** [3d Jc 6c]
Godzilla06: checks 
Mahu2021: checks 
voskopoylos: checks 
*** TURN *** [3d Jc 6c] [4c]
Godzilla06: checks 
Mahu2021: checks 
voskopoylos: bets 30
Godzilla06: calls 30
Mahu2021: calls 30
*** RIVER *** [3d Jc 6c 4c] [4h]
Godzilla06: checks 
Mahu2021: checks 
voskopoylos: checks 
*** SHOW DOWN ***
Godzilla06: shows [7s Kc] (a pair of Fours)
Mahu2021: shows [3c Ks] (two pair, Fours and Threes)
voskopoylos: mucks hand 
Mahu2021 collected 180 from pot
*** SUMMARY ***
Total pot 180 | Rake 0 
Board [3d Jc 6c 4c 4h]
Seat 1: voskopoylos (button) mucked [5s Qc]
Seat 2: Godzilla06 (small blind) showed [7s Kc] and lost with a pair of Fours
Seat 3: Mahu2021 (big blind) showed [3c Ks] and won (180) with two pair, Fours and Threes



PokerStars Hand #252935538834: Tournament #3812118418, $1.84+$0.16 USD Hold'em No Limit - Level II (15/30) - 2024/10/15 7:08:43 CET [2024/10/15 1:08:43 ET]
Table '3812118418 1' 3-max Seat #2 is the button
Seat 1: voskopoylos (460 in chips) 
Seat 2: Godzilla06 (225 in chips) 
Seat 3: Mahu2021 (815 in chips) 
Mahu2021: posts small blind 15
voskopoylos: posts big blind 30
*** HOLE CARDS ***
Dealt to Mahu2021 [5c 4d]
Godzilla06: folds 
Mahu2021: folds 
Uncalled bet (15) returned to voskopoylos
voskopoylos collected 30 from pot
voskopoylos: doesn't show hand 
*** SUMMARY ***
Total pot 30 | Rake 0 
Seat 1: voskopoylos (big blind) collected (30)
Seat 2: Godzilla06 (button) folded before Flop (didn't bet)
Seat 3: Mahu2021 (small blind) folded before Flop



PokerStars Hand #252935539285: Tournament #3812118418, $1.84+$0.16 USD Hold'em No Limit - Level II (15/30) - 2024/10/15 7:08:49 CET [2024/10/15 1:08:49 ET]
Table '3812118418 1' 3-max Seat #3 is the button
Seat 1: voskopoylos (475 in chips) 
Seat 2: Godzilla06 (225 in chips) 
Seat 3: Mahu2021 (800 in chips) 
voskopoylos: posts small blind 15
Godzilla06: posts big blind 30
*** HOLE CARDS ***
Dealt to Mahu2021 [5c As]
Mahu2021: calls 30
voskopoylos: calls 15
Godzilla06: checks 
*** FLOP *** [5h 2c Ah]
voskopoylos: checks 
Godzilla06: checks 
Mahu2021: checks 
*** TURN *** [5h 2c Ah] [3d]
voskopoylos: checks 
Godzilla06: checks 
Mahu2021: checks 
*** RIVER *** [5h 2c Ah 3d] [6h]
voskopoylos: checks 
Godzilla06: checks 
Mahu2021: bets 90
voskopoylos: folds 
Godzilla06: folds 
Uncalled bet (90) returned to Mahu2021
Mahu2021 collected 90 from pot
Mahu2021: doesn't show hand 
*** SUMMARY ***
Total pot 90 | Rake 0 
Board [5h 2c Ah 3d 6h]
Seat 1: voskopoylos (small blind) folded on the River
Seat 2: Godzilla06 (big blind) folded on the River
Seat 3: Mahu2021 (button) collected (90)



PokerStars Hand #252935541801: Tournament #3812118418, $1.84+$0.16 USD Hold'em No Limit - Level III (20/40) - 2024/10/15 7:09:21 CET [2024/10/15 1:09:21 ET]
Table '3812118418 1' 3-max Seat #1 is the button
Seat 1: voskopoylos (445 in chips) 
Seat 2: Godzilla06 (195 in chips) 
Seat 3: Mahu2021 (860 in chips) 
Godzilla06: posts small blind 20
Mahu2021: posts big blind 40
*** HOLE CARDS ***
Dealt to Mahu2021 [3h 8h]
voskopoylos: folds 
Godzilla06: folds 
Uncalled bet (20) returned to Mahu2021
Mahu2021 collected 40 from pot
Mahu2021: doesn't show hand 
*** SUMMARY ***
Total pot 40 | Rake 0 
Seat 1: voskopoylos (button) folded before Flop (didn't bet)
Seat 2: Godzilla06 (small blind) folded before Flop
Seat 3: Mahu2021 (big blind) collected (40)



PokerStars Hand #252935542309: Tournament #3812118418, $1.84+$0.16 USD Hold'em No Limit - Level III (20/40) - 2024/10/15 7:09:28 CET [2024/10/15 1:09:28 ET]
Table '3812118418 1' 3-max Seat #2 is the button
Seat 1: voskopoylos (445 in chips) 
Seat 2: Godzilla06 (175 in chips) 
Seat 3: Mahu2021 (880 in chips) 
Mahu2021: posts small blind 20
voskopoylos: posts big blind 40
*** HOLE CARDS ***
Dealt to Mahu2021 [Ks As]
Godzilla06: folds 
Mahu2021: raises 80 to 120
voskopoylos: folds 
Uncalled bet (80) returned to Mahu2021
Mahu2021 collected 80 from pot
Mahu2021: doesn't show hand 
*** SUMMARY ***
Total pot 80 | Rake 0 
Seat 1: voskopoylos (big blind) folded before Flop
Seat 2: Godzilla06 (button) folded before Flop (didn't bet)
Seat 3: Mahu2021 (small blind) collected (80)



PokerStars Hand #252935542991: Tournament #3812118418, $1.84+$0.16 USD Hold'em No Limit - Level III (20/40) - 2024/10/15 7:09:36 CET [2024/10/15 1:09:36 ET]
Table '3812118418 1' 3-max Seat #3 is the button
Seat 1: voskopoylos (405 in chips) 
Seat 2: Godzilla06 (175 in chips) 
Seat 3: Mahu2021 (920 in chips) 
voskopoylos: posts small blind 20
Godzilla06: posts big blind 40
*** HOLE CARDS ***
Dealt to Mahu2021 [Ad 7h]
Mahu2021: calls 40
voskopoylos: calls 20
Godzilla06: checks 
*** FLOP *** [9s 2c Tc]
voskopoylos: checks 
Godzilla06: bets 135 and is all-in
Mahu2021: folds 
voskopoylos: folds 
Uncalled bet (135) returned to Godzilla06
Godzilla06 collected 120 from pot
Godzilla06: doesn't show hand 
*** SUMMARY ***
Total pot 120 | Rake 0 
Board [9s 2c Tc]
Seat 1: voskopoylos (small blind) folded on the Flop
Seat 2: Godzilla06 (big blind) collected (120)
Seat 3: Mahu2021 (button) folded on the Flop



PokerStars Hand #252935544148: Tournament #3812118418, $1.84+$0.16 USD Hold'em No Limit - Level III (20/40) - 2024/10/15 7:09:51 CET [2024/10/15 1:09:51 ET]
Table '3812118418 1' 3-max Seat #1 is the button
Seat 1: voskopoylos (365 in chips) 
Seat 2: Godzilla06 (255 in chips) 
Seat 3: Mahu2021 (880 in chips) 
Godzilla06: posts small blind 20
Mahu2021: posts big blind 40
*** HOLE CARDS ***
Dealt to Mahu2021 [Kd 7c]
voskopoylos: calls 40
Godzilla06: folds 
Mahu2021: checks 
*** FLOP *** [As 5c 6c]
Mahu2021: checks 
voskopoylos: bets 40
Mahu2021: folds 
Uncalled bet (40) returned to voskopoylos
voskopoylos collected 100 from pot
voskopoylos: doesn't show hand 
*** SUMMARY ***
Total pot 100 | Rake 0 
Board [As 5c 6c]
Seat 1: voskopoylos (button) collected (100)
Seat 2: Godzilla06 (small blind) folded before Flop
Seat 3: Mahu2021 (big blind) folded on the Flop



PokerStars Hand #252935545122: Tournament #3812118418, $1.84+$0.16 USD Hold'em No Limit - Level III (20/40) - 2024/10/15 7:10:04 CET [2024/10/15 1:10:04 ET]
Table '3812118418 1' 3-max Seat #2 is the button
Seat 1: voskopoylos (425 in chips) 
Seat 2: Godzilla06 (235 in chips) 
Seat 3: Mahu2021 (840 in chips) 
Mahu2021: posts small blind 20
voskopoylos: posts big blind 40
*** HOLE CARDS ***
Dealt to Mahu2021 [Js Ah]
Godzilla06: raises 195 to 235 and is all-in
Mahu2021: calls 215
voskopoylos: folds 
*** FLOP *** [7d Ks 4h]
*** TURN *** [7d Ks 4h] [9c]
*** RIVER *** [7d Ks 4h 9c] [6d]
*** SHOW DOWN ***
Mahu2021: shows [Js Ah] (high card Ace)
Godzilla06: shows [Kc 9h] (two pair, Kings and Nines)
Godzilla06 collected 510 from pot
*** SUMMARY ***
Total pot 510 | Rake 0 
Board [7d Ks 4h 9c 6d]
Seat 1: voskopoylos (big blind) folded before Flop
Seat 2: Godzilla06 (button) showed [Kc 9h] and won (510) with two pair, Kings and Nines
Seat 3: Mahu2021 (small blind) showed [Js Ah] and lost with high card Ace



PokerStars Hand #252935546312: Tournament #3812118418, $1.84+$0.16 USD Hold'em No Limit - Level III (20/40) - 2024/10/15 7:10:19 CET [2024/10/15 1:10:19 ET]
Table '3812118418 1' 3-max Seat #3 is the button
Seat 1: voskopoylos (385 in chips) 
Seat 2: Godzilla06 (510 in chips) 
Seat 3: Mahu2021 (605 in chips) 
voskopoylos: posts small blind 20
Godzilla06: posts big blind 40
*** HOLE CARDS ***
Dealt to Mahu2021 [6s 3s]
Mahu2021: folds 
voskopoylos: calls 20
Godzilla06: checks 
*** FLOP *** [Kd Ac 5s]
voskopoylos: checks 
Godzilla06: bets 40
voskopoylos: folds 
Uncalled bet (40) returned to Godzilla06
Godzilla06 collected 80 from pot
Godzilla06: doesn't show hand 
*** SUMMARY ***
Total pot 80 | Rake 0 
Board [Kd Ac 5s]
Seat 1: voskopoylos (small blind) folded on the Flop
Seat 2: Godzilla06 (big blind) collected (80)
Seat 3: Mahu2021 (button) folded before Flop (didn't bet)



PokerStars Hand #252935547634: Tournament #3812118418, $1.84+$0.16 USD Hold'em No Limit - Level III (20/40) - 2024/10/15 7:10:36 CET [2024/10/15 1:10:36 ET]
Table '3812118418 1' 3-max Seat #1 is the button
Seat 1: voskopoylos (345 in chips) 
Seat 2: Godzilla06 (550 in chips) 
Seat 3: Mahu2021 (605 in chips) 
Godzilla06: posts small blind 20
Mahu2021: posts big blind 40
*** HOLE CARDS ***
Dealt to Mahu2021 [8s 9s]
voskopoylos: calls 40
Godzilla06: folds 
Mahu2021: checks 
*** FLOP *** [5h 2d 9h]
Mahu2021: bets 40
voskopoylos: calls 40
*** TURN *** [5h 2d 9h] [Jc]
Mahu2021: bets 40
voskopoylos: raises 225 to 265 and is all-in
Mahu2021: folds 
Uncalled bet (225) returned to voskopoylos
voskopoylos collected 260 from pot
voskopoylos: doesn't show hand 
*** SUMMARY ***
Total pot 260 | Rake 0 
Board [5h 2d 9h Jc]
Seat 1: voskopoylos (button) collected (260)
Seat 2: Godzilla06 (small blind) folded before Flop
Seat 3: Mahu2021 (big blind) folded on the Turn



PokerStars Hand #252935549406: Tournament #3812118418, $1.84+$0.16 USD Hold'em No Limit - Level III (20/40) - 2024/10/15 7:10:58 CET [2024/10/15 1:10:58 ET]
Table '3812118418 1' 3-max Seat #2 is the button
Seat 1: voskopoylos (485 in chips) 
Seat 2: Godzilla06 (530 in chips) 
Seat 3: Mahu2021 (485 in chips) 
Mahu2021: posts small blind 20
voskopoylos: posts big blind 40
*** HOLE CARDS ***
Dealt to Mahu2021 [4s 9h]
Godzilla06: folds 
Mahu2021: folds 
Uncalled bet (20) returned to voskopoylos
voskopoylos collected 40 from pot
voskopoylos: doesn't show hand 
*** SUMMARY ***
Total pot 40 | Rake 0 
Seat 1: voskopoylos (big blind) collected (40)
Seat 2: Godzilla06 (button) folded before Flop (didn't bet)
Seat 3: Mahu2021 (small blind) folded before Flop



PokerStars Hand #252935550008: Tournament #3812118418, $1.84+$0.16 USD Hold'em No Limit - Level IV (30/60) - 2024/10/15 7:11:06 CET [2024/10/15 1:11:06 ET]
Table '3812118418 1' 3-max Seat #3 is the button
Seat 1: voskopoylos (505 in chips) 
Seat 2: Godzilla06 (530 in chips) 
Seat 3: Mahu2021 (465 in chips) 
voskopoylos: posts small blind 30
Godzilla06: posts big blind 60
*** HOLE CARDS ***
Dealt to Mahu2021 [9d 9c]
Mahu2021: raises 405 to 465 and is all-in
voskopoylos: folds 
Godzilla06: folds 
Uncalled bet (405) returned to Mahu2021
Mahu2021 collected 150 from pot
Mahu2021: doesn't show hand 
*** SUMMARY ***
Total pot 150 | Rake 0 
Seat 1: voskopoylos (small blind) folded before Flop
Seat 2: Godzilla06 (big blind) folded before Flop
Seat 3: Mahu2021 (button) collected (150)



PokerStars Hand #252935550765: Tournament #3812118418, $1.84+$0.16 USD Hold'em No Limit - Level IV (30/60) - 2024/10/15 7:11:16 CET [2024/10/15 1:11:16 ET]
Table '3812118418 1' 3-max Seat #1 is the button
Seat 1: voskopoylos (475 in chips) 
Seat 2: Godzilla06 (470 in chips) 
Seat 3: Mahu2021 (555 in chips) 
Godzilla06: posts small blind 30
Mahu2021: posts big blind 60
*** HOLE CARDS ***
Dealt to Mahu2021 [4h Qh]
voskopoylos: folds 
Godzilla06: folds 
Uncalled bet (30) returned to Mahu2021
Mahu2021 collected 60 from pot
Mahu2021: doesn't show hand 
*** SUMMARY ***
Total pot 60 | Rake 0 
Seat 1: voskopoylos (button) folded before Flop (didn't bet)
Seat 2: Godzilla06 (small blind) folded before Flop
Seat 3: Mahu2021 (big blind) collected (60)



PokerStars Hand #252935551323: Tournament #3812118418, $1.84+$0.16 USD Hold'em No Limit - Level IV (30/60) - 2024/10/15 7:11:23 CET [2024/10/15 1:11:23 ET]
Table '3812118418 1' 3-max Seat #2 is the button
Seat 1: voskopoylos (475 in chips) 
Seat 2: Godzilla06 (440 in chips) 
Seat 3: Mahu2021 (585 in chips) 
Mahu2021: posts small blind 30
voskopoylos: posts big blind 60
*** HOLE CARDS ***
Dealt to Mahu2021 [5s Kd]
Godzilla06: folds 
Mahu2021: calls 30
voskopoylos: checks 
*** FLOP *** [9c 2c 8h]
Mahu2021: checks 
voskopoylos: bets 60
Mahu2021: folds 
Uncalled bet (60) returned to voskopoylos
voskopoylos collected 120 from pot
voskopoylos: doesn't show hand 
*** SUMMARY ***
Total pot 120 | Rake 0 
Board [9c 2c 8h]
Seat 1: voskopoylos (big blind) collected (120)
Seat 2: Godzilla06 (button) folded before Flop (didn't bet)
Seat 3: Mahu2021 (small blind) folded on the Flop



PokerStars Hand #252935552137: Tournament #3812118418, $1.84+$0.16 USD Hold'em No Limit - Level IV (30/60) - 2024/10/15 7:11:33 CET [2024/10/15 1:11:33 ET]
Table '3812118418 1' 3-max Seat #3 is the button
Seat 1: voskopoylos (535 in chips) 
Seat 2: Godzilla06 (440 in chips) 
Seat 3: Mahu2021 (525 in chips) 
voskopoylos: posts small blind 30
Godzilla06: posts big blind 60
*** HOLE CARDS ***
Dealt to Mahu2021 [Kh Js]
Mahu2021: raises 60 to 120
voskopoylos: calls 90
Godzilla06: calls 60
*** FLOP *** [7s 9c 2h]
voskopoylos: bets 60
Godzilla06: folds 
Mahu2021: folds 
Uncalled bet (60) returned to voskopoylos
voskopoylos collected 360 from pot
voskopoylos: doesn't show hand 
*** SUMMARY ***
Total pot 360 | Rake 0 
Board [7s 9c 2h]
Seat 1: voskopoylos (small blind) collected (360)
Seat 2: Godzilla06 (big blind) folded on the Flop
Seat 3: Mahu2021 (button) folded on the Flop



PokerStars Hand #252935553503: Tournament #3812118418, $1.84+$0.16 USD Hold'em No Limit - Level IV (30/60) - 2024/10/15 7:11:51 CET [2024/10/15 1:11:51 ET]
Table '3812118418 1' 3-max Seat #1 is the button
Seat 1: voskopoylos (775 in chips) 
Seat 2: Godzilla06 (320 in chips) 
Seat 3: Mahu2021 (405 in chips) 
Godzilla06: posts small blind 30
Mahu2021: posts big blind 60
*** HOLE CARDS ***
Dealt to Mahu2021 [As 3d]
voskopoylos: calls 60
Godzilla06: folds 
Mahu2021: raises 345 to 405 and is all-in
voskopoylos: calls 345
*** FLOP *** [7c 6h 4d]
*** TURN *** [7c 6h 4d] [Kh]
*** RIVER *** [7c 6h 4d Kh] [7s]
*** SHOW DOWN ***
Mahu2021: shows [As 3d] (a pair of Sevens)
voskopoylos: shows [2d Ad] (a pair of Sevens)
Mahu2021 collected 420 from pot
voskopoylos collected 420 from pot
*** SUMMARY ***
Total pot 840 | Rake 0 
Board [7c 6h 4d Kh 7s]
Seat 1: voskopoylos (button) showed [2d Ad] and won (420) with a pair of Sevens
Seat 2: Godzilla06 (small blind) folded before Flop
Seat 3: Mahu2021 (big blind) showed [As 3d] and won (420) with a pair of Sevens



PokerStars Hand #252935554998: Tournament #3812118418, $1.84+$0.16 USD Hold'em No Limit - Level IV (30/60) - 2024/10/15 7:12:10 CET [2024/10/15 1:12:10 ET]
Table '3812118418 1' 3-max Seat #2 is the button
Seat 1: voskopoylos (790 in chips) 
Seat 2: Godzilla06 (290 in chips) 
Seat 3: Mahu2021 (420 in chips) 
Mahu2021: posts small blind 30
voskopoylos: posts big blind 60
*** HOLE CARDS ***
Dealt to Mahu2021 [5d Qh]
Godzilla06: raises 230 to 290 and is all-in
Mahu2021: folds 
voskopoylos: calls 230
*** FLOP *** [7h 2s Th]
*** TURN *** [7h 2s Th] [Ts]
*** RIVER *** [7h 2s Th Ts] [Td]
*** SHOW DOWN ***
voskopoylos: shows [9c 7c] (a full house, Tens full of Sevens)
Godzilla06: shows [4d 4c] (a full house, Tens full of Fours)
voskopoylos collected 610 from pot
Godzilla06 finished the tournament in 3rd place
*** SUMMARY ***
Total pot 610 | Rake 0 
Board [7h 2s Th Ts Td]
Seat 1: voskopoylos (big blind) showed [9c 7c] and won (610) with a full house, Tens full of Sevens
Seat 2: Godzilla06 (button) showed [4d 4c] and lost with a full house, Tens full of Fours
Seat 3: Mahu2021 (small blind) folded before Flop



PokerStars Hand #252935556661: Tournament #3812118418, $1.84+$0.16 USD Hold'em No Limit - Level IV (30/60) - 2024/10/15 7:12:30 CET [2024/10/15 1:12:30 ET]
Table '3812118418 1' 3-max Seat #1 is the button
Seat 1: voskopoylos (1110 in chips) 
Seat 3: Mahu2021 (390 in chips) 
voskopoylos: posts small blind 30
Mahu2021: posts big blind 60
*** HOLE CARDS ***
Dealt to Mahu2021 [3s 6h]
voskopoylos: raises 60 to 120
Mahu2021: folds 
Uncalled bet (60) returned to voskopoylos
voskopoylos collected 120 from pot
voskopoylos: doesn't show hand 
*** SUMMARY ***
Total pot 120 | Rake 0 
Seat 1: voskopoylos (button) (small blind) collected (120)
Seat 3: Mahu2021 (big blind) folded before Flop



PokerStars Hand #252935557279: Tournament #3812118418, $1.84+$0.16 USD Hold'em No Limit - Level IV (30/60) - 2024/10/15 7:12:37 CET [2024/10/15 1:12:37 ET]
Table '3812118418 1' 3-max Seat #3 is the button
Seat 1: voskopoylos (1170 in chips) 
Seat 3: Mahu2021 (330 in chips) 
Mahu2021: posts small blind 30
voskopoylos: posts big blind 60
*** HOLE CARDS ***
Dealt to Mahu2021 [4s 5c]
Mahu2021: folds 
Uncalled bet (30) returned to voskopoylos
voskopoylos collected 60 from pot
voskopoylos: doesn't show hand 
*** SUMMARY ***
Total pot 60 | Rake 0 
Seat 1: voskopoylos (big blind) collected (60)
Seat 3: Mahu2021 (button) (small blind) folded before Flop



PokerStars Hand #252935557622: Tournament #3812118418, $1.84+$0.16 USD Hold'em No Limit - Level IV (30/60) - 2024/10/15 7:12:42 CET [2024/10/15 1:12:42 ET]
Table '3812118418 1' 3-max Seat #1 is the button
Seat 1: voskopoylos (1200 in chips) 
Seat 3: Mahu2021 (300 in chips) 
voskopoylos: posts small blind 30
Mahu2021: posts big blind 60
*** HOLE CARDS ***
Dealt to Mahu2021 [Td 7c]
voskopoylos: calls 30
Mahu2021: checks 
*** FLOP *** [Ah Qh 6c]
Mahu2021: checks 
voskopoylos: bets 60
Mahu2021: folds 
Uncalled bet (60) returned to voskopoylos
voskopoylos collected 120 from pot
voskopoylos: doesn't show hand 
*** SUMMARY ***
Total pot 120 | Rake 0 
Board [Ah Qh 6c]
Seat 1: voskopoylos (button) (small blind) collected (120)
Seat 3: Mahu2021 (big blind) folded on the Flop



PokerStars Hand #252935558369: Tournament #3812118418, $1.84+$0.16 USD Hold'em No Limit - Level IV (30/60) - 2024/10/15 7:12:51 CET [2024/10/15 1:12:51 ET]
Table '3812118418 1' 3-max Seat #3 is the button
Seat 1: voskopoylos (1260 in chips) 
Seat 3: Mahu2021 (240 in chips) 
Mahu2021: posts small blind 30
voskopoylos: posts big blind 60
*** HOLE CARDS ***
Dealt to Mahu2021 [Qs 2h]
Mahu2021: raises 180 to 240 and is all-in
voskopoylos: folds 
Uncalled bet (180) returned to Mahu2021
Mahu2021 collected 120 from pot
Mahu2021: doesn't show hand 
*** SUMMARY ***
Total pot 120 | Rake 0 
Seat 1: voskopoylos (big blind) folded before Flop
Seat 3: Mahu2021 (button) (small blind) collected (120)



PokerStars Hand #252935558901: Tournament #3812118418, $1.84+$0.16 USD Hold'em No Limit - Level IV (30/60) - 2024/10/15 7:12:58 CET [2024/10/15 1:12:58 ET]
Table '3812118418 1' 3-max Seat #1 is the button
Seat 1: voskopoylos (1200 in chips) 
Seat 3: Mahu2021 (300 in chips) 
voskopoylos: posts small blind 30
Mahu2021: posts big blind 60
*** HOLE CARDS ***
Dealt to Mahu2021 [Jc Kc]
voskopoylos: calls 30
Mahu2021: raises 240 to 300 and is all-in
voskopoylos: calls 240
*** FLOP *** [2h 8h 5h]
*** TURN *** [2h 8h 5h] [Th]
*** RIVER *** [2h 8h 5h Th] [Jd]
*** SHOW DOWN ***
Mahu2021: shows [Jc Kc] (a pair of Jacks)
voskopoylos: shows [9h Jh] (a flush, Jack high)
voskopoylos collected 600 from pot
Mahu2021 finished the tournament in 2nd place
voskopoylos wins the tournament and receives $4.00 - congratulations!
*** SUMMARY ***
Total pot 600 | Rake 0 
Board [2h 8h 5h Th Jd]
Seat 1: voskopoylos (button) (small blind) showed [9h Jh] and won (600) with a flush, Jack high
Seat 3: Mahu2021 (big blind) showed [Jc Kc] and lost with a pair of Jacks



