PokerStars Hand #247736245465: Tournament #3688258853, $1.84+$0.16 USD Hold'em No Limit - Level I (10/20) - 2023/12/18 21:49:28 CET [2023/12/18 15:49:28 ET]
Table '3688258853 1' 3-max Seat #1 is the button
Seat 1: Mahu2021 (500 in chips) 
Seat 2: florin7150 (500 in chips) 
Seat 3: limaa15 (500 in chips) 
florin7150: posts small blind 10
limaa15: posts big blind 20
*** HOLE CARDS ***
Dealt to Mahu2021 [Ah Js]
Mahu2021: calls 20
florin7150: raises 80 to 100
limaa15: folds 
Mahu2021: folds 
Uncalled bet (80) returned to florin7150
florin7150 collected 60 from pot
*** SUMMARY ***
Total pot 60 | Rake 0 
Seat 1: Mahu2021 (button) folded before Flop
Seat 2: florin7150 (small blind) collected (60)
Seat 3: limaa15 (big blind) folded before Flop



PokerStars Hand #247736251334: Tournament #3688258853, $1.84+$0.16 USD Hold'em No Limit - Level I (10/20) - 2023/12/18 21:49:44 CET [2023/12/18 15:49:44 ET]
Table '3688258853 1' 3-max Seat #2 is the button
Seat 1: Mahu2021 (480 in chips) 
Seat 2: florin7150 (540 in chips) 
Seat 3: limaa15 (480 in chips) 
limaa15: posts small blind 10
Mahu2021: posts big blind 20
*** HOLE CARDS ***
Dealt to Mahu2021 [6h 9s]
florin7150: folds 
limaa15: raises 40 to 60
Mahu2021: folds 
Uncalled bet (40) returned to limaa15
limaa15 collected 40 from pot
*** SUMMARY ***
Total pot 40 | Rake 0 
Seat 1: Mahu2021 (big blind) folded before Flop
Seat 2: florin7150 (button) folded before Flop (didn't bet)
Seat 3: limaa15 (small blind) collected (40)



PokerStars Hand #247736253853: Tournament #3688258853, $1.84+$0.16 USD Hold'em No Limit - Level I (10/20) - 2023/12/18 21:49:51 CET [2023/12/18 15:49:51 ET]
Table '3688258853 1' 3-max Seat #3 is the button
Seat 1: Mahu2021 (460 in chips) 
Seat 2: florin7150 (540 in chips) 
Seat 3: limaa15 (500 in chips) 
Mahu2021: posts small blind 10
florin7150: posts big blind 20
*** HOLE CARDS ***
Dealt to Mahu2021 [Ad 3d]
limaa15: folds 
Mahu2021: calls 10
florin7150: raises 100 to 120
Mahu2021: folds 
Uncalled bet (100) returned to florin7150
florin7150 collected 40 from pot
*** SUMMARY ***
Total pot 40 | Rake 0 
Seat 1: Mahu2021 (small blind) folded before Flop
Seat 2: florin7150 (big blind) collected (40)
Seat 3: limaa15 (button) folded before Flop (didn't bet)



PokerStars Hand #247736257458: Tournament #3688258853, $1.84+$0.16 USD Hold'em No Limit - Level I (10/20) - 2023/12/18 21:50:01 CET [2023/12/18 15:50:01 ET]
Table '3688258853 1' 3-max Seat #1 is the button
Seat 1: Mahu2021 (440 in chips) 
Seat 2: florin7150 (560 in chips) 
Seat 3: limaa15 (500 in chips) 
florin7150: posts small blind 10
limaa15: posts big blind 20
*** HOLE CARDS ***
Dealt to Mahu2021 [3h 7c]
Mahu2021: folds 
florin7150: calls 10
limaa15: checks 
*** FLOP *** [5c 8s Js]
florin7150: checks 
limaa15: bets 40
florin7150: folds 
Uncalled bet (40) returned to limaa15
limaa15 collected 40 from pot
*** SUMMARY ***
Total pot 40 | Rake 0 
Board [5c 8s Js]
Seat 1: Mahu2021 (button) folded before Flop (didn't bet)
Seat 2: florin7150 (small blind) folded on the Flop
Seat 3: limaa15 (big blind) collected (40)



PokerStars Hand #247736264607: Tournament #3688258853, $1.84+$0.16 USD Hold'em No Limit - Level I (10/20) - 2023/12/18 21:50:20 CET [2023/12/18 15:50:20 ET]
Table '3688258853 1' 3-max Seat #2 is the button
Seat 1: Mahu2021 (440 in chips) 
Seat 2: florin7150 (540 in chips) 
Seat 3: limaa15 (520 in chips) 
limaa15: posts small blind 10
Mahu2021: posts big blind 20
*** HOLE CARDS ***
Dealt to Mahu2021 [Jc 7s]
florin7150: calls 20
limaa15: calls 10
Mahu2021: checks 
*** FLOP *** [2s 8h Ad]
limaa15: checks 
Mahu2021: checks 
florin7150: checks 
*** TURN *** [2s 8h Ad] [4d]
limaa15: checks 
Mahu2021: checks 
florin7150: bets 120
limaa15: calls 120
Mahu2021: folds 
*** RIVER *** [2s 8h Ad 4d] [6s]
limaa15: checks 
florin7150: checks 
*** SHOW DOWN ***
limaa15: shows [5h 3d] (a straight, Deuce to Six)
florin7150: mucks hand 
limaa15 collected 300 from pot
*** SUMMARY ***
Total pot 300 | Rake 0 
Board [2s 8h Ad 4d 6s]
Seat 1: Mahu2021 (big blind) folded on the Turn
Seat 2: florin7150 (button) mucked [4s 5d]
Seat 3: limaa15 (small blind) showed [5h 3d] and won (300) with a straight, Deuce to Six



PokerStars Hand #247736274488: Tournament #3688258853, $1.84+$0.16 USD Hold'em No Limit - Level I (10/20) - 2023/12/18 21:50:48 CET [2023/12/18 15:50:48 ET]
Table '3688258853 1' 3-max Seat #3 is the button
Seat 1: Mahu2021 (420 in chips) 
Seat 2: florin7150 (400 in chips) 
Seat 3: limaa15 (680 in chips) 
Mahu2021: posts small blind 10
florin7150: posts big blind 20
*** HOLE CARDS ***
Dealt to Mahu2021 [As Qd]
limaa15: raises 40 to 60
Mahu2021: calls 50
florin7150: folds 
*** FLOP *** [Qs 5d 2h]
Mahu2021: bets 140
limaa15: calls 140
*** TURN *** [Qs 5d 2h] [2s]
Mahu2021: bets 220 and is all-in
limaa15: calls 220
*** RIVER *** [Qs 5d 2h 2s] [4c]
*** SHOW DOWN ***
Mahu2021: shows [As Qd] (two pair, Queens and Deuces)
limaa15: shows [Ah Ac] (two pair, Aces and Deuces)
limaa15 collected 860 from pot
Mahu2021 finished the tournament in 3rd place
*** SUMMARY ***
Total pot 860 | Rake 0 
Board [Qs 5d 2h 2s 4c]
Seat 1: Mahu2021 (small blind) showed [As Qd] and lost with two pair, Queens and Deuces
Seat 2: florin7150 (big blind) folded before Flop
Seat 3: limaa15 (button) showed [Ah Ac] and won (860) with two pair, Aces and Deuces



