PokerStars Hand #249824824430: Tournament #3738370712, $1.84+$0.16 USD Hold'em No Limit - Level I (10/20) - 2024/04/06 14:44:57 CET [2024/04/06 8:44:57 ET]
Table '3738370712 1' 3-max Seat #1 is the button
Seat 1: redmud (500 in chips) 
Seat 2: Mahu2021 (500 in chips) 
Seat 3: BogdanMagadan (500 in chips) 
Mahu2021: posts small blind 10
BogdanMagadan: posts big blind 20
*** HOLE CARDS ***
Dealt to Mahu2021 [7c 4d]
redmud: calls 20
Mahu2021: folds 
BogdanMagadan: raises 480 to 500 and is all-in
redmud: calls 480 and is all-in
*** FLOP *** [3s 5s 9c]
*** TURN *** [3s 5s 9c] [Th]
*** RIVER *** [3s 5s 9c Th] [8d]
*** SHOW DOWN ***
BogdanMagadan: shows [Qc Ac] (high card Ace)
redmud: shows [7h 8h] (a pair of Eights)
redmud collected 1010 from pot
BogdanMagadan finished the tournament in 3rd place
*** SUMMARY ***
Total pot 1010 | Rake 0 
Board [3s 5s 9c Th 8d]
Seat 1: redmud (button) showed [7h 8h] and won (1010) with a pair of Eights
Seat 2: Mahu2021 (small blind) folded before Flop
Seat 3: BogdanMagadan (big blind) showed [Qc Ac] and lost with high card Ace



PokerStars Hand #249824828650: Tournament #3738370712, $1.84+$0.16 USD Hold'em No Limit - Level I (10/20) - 2024/04/06 14:45:18 CET [2024/04/06 8:45:18 ET]
Table '3738370712 1' 3-max Seat #2 is the button
Seat 1: redmud (1010 in chips) 
Seat 2: Mahu2021 (490 in chips) 
Mahu2021: posts small blind 10
redmud: posts big blind 20
*** HOLE CARDS ***
Dealt to Mahu2021 [Ac Ts]
Mahu2021: raises 20 to 40
redmud: calls 20
*** FLOP *** [8h 5d Jd]
redmud: bets 80
Mahu2021: folds 
Uncalled bet (80) returned to redmud
redmud collected 80 from pot
*** SUMMARY ***
Total pot 80 | Rake 0 
Board [8h 5d Jd]
Seat 1: redmud (big blind) collected (80)
Seat 2: Mahu2021 (button) (small blind) folded on the Flop



PokerStars Hand #249824831061: Tournament #3738370712, $1.84+$0.16 USD Hold'em No Limit - Level I (10/20) - 2024/04/06 14:45:30 CET [2024/04/06 8:45:30 ET]
Table '3738370712 1' 3-max Seat #1 is the button
Seat 1: redmud (1050 in chips) 
Seat 2: Mahu2021 (450 in chips) 
redmud: posts small blind 10
Mahu2021: posts big blind 20
*** HOLE CARDS ***
Dealt to Mahu2021 [7h As]
redmud: raises 40 to 60
Mahu2021: raises 390 to 450 and is all-in
redmud: calls 390
*** FLOP *** [8s 4h Th]
*** TURN *** [8s 4h Th] [3c]
*** RIVER *** [8s 4h Th 3c] [Ks]
*** SHOW DOWN ***
Mahu2021: shows [7h As] (high card Ace)
redmud: shows [8d 9d] (a pair of Eights)
redmud collected 900 from pot
Mahu2021 finished the tournament in 2nd place
redmud wins the tournament and receives $4.00 - congratulations!
*** SUMMARY ***
Total pot 900 | Rake 0 
Board [8s 4h Th 3c Ks]
Seat 1: redmud (button) (small blind) showed [8d 9d] and won (900) with a pair of Eights
Seat 2: Mahu2021 (big blind) showed [7h As] and lost with high card Ace



