PokerStars Hand #252759500523: Tournament #3808008894, $1.84+$0.16 USD Hold'em No Limit - Level I (10/20) - 2024/10/04 13:02:30 CET [2024/10/04 7:02:30 ET]
Table '3808008894 1' 3-max Seat #1 is the button
Seat 1: Mahu2021 (500 in chips) 
Seat 2: DJDebbie (500 in chips) 
Seat 3: zinatajs (500 in chips) 
DJDebbie: posts small blind 10
zinatajs: posts big blind 20
*** HOLE CARDS ***
Dealt to Mahu2021 [9d Ad]
Mahu2021: raises 20 to 40
DJDebbie: folds 
zinatajs: calls 20
*** FLOP *** [2d 6s Ks]
zinatajs: checks 
Mahu2021: checks 
*** TURN *** [2d 6s Ks] [4s]
zinatajs: bets 40
Mahu2021: folds 
Uncalled bet (40) returned to zinatajs
zinatajs collected 90 from pot
zinatajs: doesn't show hand 
*** SUMMARY ***
Total pot 90 | Rake 0 
Board [2d 6s Ks 4s]
Seat 1: Mahu2021 (button) folded on the Turn
Seat 2: DJDebbie (small blind) folded before Flop
Seat 3: zinatajs (big blind) collected (90)



PokerStars Hand #252759503202: Tournament #3808008894, $1.84+$0.16 USD Hold'em No Limit - Level I (10/20) - 2024/10/04 13:02:48 CET [2024/10/04 7:02:48 ET]
Table '3808008894 1' 3-max Seat #2 is the button
Seat 1: Mahu2021 (460 in chips) 
Seat 2: DJDebbie (490 in chips) 
Seat 3: zinatajs (550 in chips) 
zinatajs: posts small blind 10
Mahu2021: posts big blind 20
*** HOLE CARDS ***
Dealt to Mahu2021 [Qh Qd]
DJDebbie: raises 20 to 40
zinatajs: calls 30
Mahu2021: raises 420 to 460 and is all-in
DJDebbie: folds 
zinatajs: folds 
Uncalled bet (420) returned to Mahu2021
Mahu2021 collected 120 from pot
Mahu2021: doesn't show hand 
*** SUMMARY ***
Total pot 120 | Rake 0 
Seat 1: Mahu2021 (big blind) collected (120)
Seat 2: DJDebbie (button) folded before Flop
Seat 3: zinatajs (small blind) folded before Flop



PokerStars Hand #252759505781: Tournament #3808008894, $1.84+$0.16 USD Hold'em No Limit - Level I (10/20) - 2024/10/04 13:03:06 CET [2024/10/04 7:03:06 ET]
Table '3808008894 1' 3-max Seat #3 is the button
Seat 1: Mahu2021 (540 in chips) 
Seat 2: DJDebbie (450 in chips) 
Seat 3: zinatajs (510 in chips) 
Mahu2021: posts small blind 10
DJDebbie: posts big blind 20
*** HOLE CARDS ***
Dealt to Mahu2021 [Kc As]
zinatajs: raises 20 to 40
Mahu2021: calls 30
DJDebbie: folds 
*** FLOP *** [8d Qh 3d]
Mahu2021: checks 
zinatajs: bets 40
Mahu2021: calls 40
*** TURN *** [8d Qh 3d] [Qc]
Mahu2021: checks 
zinatajs: bets 80
Mahu2021: folds 
Uncalled bet (80) returned to zinatajs
zinatajs collected 180 from pot
zinatajs: doesn't show hand 
*** SUMMARY ***
Total pot 180 | Rake 0 
Board [8d Qh 3d Qc]
Seat 1: Mahu2021 (small blind) folded on the Turn
Seat 2: DJDebbie (big blind) folded before Flop
Seat 3: zinatajs (button) collected (180)



PokerStars Hand #252759508163: Tournament #3808008894, $1.84+$0.16 USD Hold'em No Limit - Level I (10/20) - 2024/10/04 13:03:23 CET [2024/10/04 7:03:23 ET]
Table '3808008894 1' 3-max Seat #1 is the button
Seat 1: Mahu2021 (460 in chips) 
Seat 2: DJDebbie (430 in chips) 
Seat 3: zinatajs (610 in chips) 
DJDebbie: posts small blind 10
zinatajs: posts big blind 20
*** HOLE CARDS ***
Dealt to Mahu2021 [Kc Qs]
Mahu2021: raises 20 to 40
DJDebbie: folds 
zinatajs: calls 20
*** FLOP *** [Jd 3d 3c]
zinatajs: checks 
Mahu2021: checks 
*** TURN *** [Jd 3d 3c] [6s]
zinatajs: checks 
Mahu2021: checks 
*** RIVER *** [Jd 3d 3c 6s] [5h]
zinatajs: checks 
Mahu2021: checks 
*** SHOW DOWN ***
zinatajs: shows [4s 8d] (a pair of Threes)
Mahu2021: shows [Kc Qs] (a pair of Threes - King kicker)
Mahu2021 collected 90 from pot
*** SUMMARY ***
Total pot 90 | Rake 0 
Board [Jd 3d 3c 6s 5h]
Seat 1: Mahu2021 (button) showed [Kc Qs] and won (90) with a pair of Threes
Seat 2: DJDebbie (small blind) folded before Flop
Seat 3: zinatajs (big blind) showed [4s 8d] and lost with a pair of Threes



PokerStars Hand #252759512414: Tournament #3808008894, $1.84+$0.16 USD Hold'em No Limit - Level I (10/20) - 2024/10/04 13:03:52 CET [2024/10/04 7:03:52 ET]
Table '3808008894 1' 3-max Seat #2 is the button
Seat 1: Mahu2021 (510 in chips) 
Seat 2: DJDebbie (420 in chips) 
Seat 3: zinatajs (570 in chips) 
zinatajs: posts small blind 10
Mahu2021: posts big blind 20
*** HOLE CARDS ***
Dealt to Mahu2021 [6h Ts]
DJDebbie: calls 20
zinatajs: calls 10
Mahu2021: checks 
*** FLOP *** [9d 7d 2s]
zinatajs: checks 
Mahu2021: checks 
DJDebbie: checks 
*** TURN *** [9d 7d 2s] [3c]
zinatajs: checks 
Mahu2021: checks 
DJDebbie: bets 80
zinatajs: folds 
Mahu2021: folds 
Uncalled bet (80) returned to DJDebbie
DJDebbie collected 60 from pot
*** SUMMARY ***
Total pot 60 | Rake 0 
Board [9d 7d 2s 3c]
Seat 1: Mahu2021 (big blind) folded on the Turn
Seat 2: DJDebbie (button) collected (60)
Seat 3: zinatajs (small blind) folded on the Turn



PokerStars Hand #252759517377: Tournament #3808008894, $1.84+$0.16 USD Hold'em No Limit - Level I (10/20) - 2024/10/04 13:04:27 CET [2024/10/04 7:04:27 ET]
Table '3808008894 1' 3-max Seat #3 is the button
Seat 1: Mahu2021 (490 in chips) 
Seat 2: DJDebbie (460 in chips) 
Seat 3: zinatajs (550 in chips) 
Mahu2021: posts small blind 10
DJDebbie: posts big blind 20
*** HOLE CARDS ***
Dealt to Mahu2021 [9d Ts]
zinatajs: calls 20
Mahu2021: calls 10
DJDebbie: checks 
*** FLOP *** [5s Qs Kh]
Mahu2021: checks 
DJDebbie: checks 
zinatajs: checks 
*** TURN *** [5s Qs Kh] [8c]
Mahu2021: checks 
DJDebbie: bets 20
zinatajs: folds 
Mahu2021: calls 20
*** RIVER *** [5s Qs Kh 8c] [7h]
Mahu2021: checks 
DJDebbie: checks 
*** SHOW DOWN ***
Mahu2021: shows [9d Ts] (high card King)
DJDebbie: shows [5d 6h] (a pair of Fives)
DJDebbie collected 100 from pot
*** SUMMARY ***
Total pot 100 | Rake 0 
Board [5s Qs Kh 8c 7h]
Seat 1: Mahu2021 (small blind) showed [9d Ts] and lost with high card King
Seat 2: DJDebbie (big blind) showed [5d 6h] and won (100) with a pair of Fives
Seat 3: zinatajs (button) folded on the Turn



PokerStars Hand #252759525908: Tournament #3808008894, $1.84+$0.16 USD Hold'em No Limit - Level II (15/30) - 2024/10/04 13:05:26 CET [2024/10/04 7:05:26 ET]
Table '3808008894 1' 3-max Seat #1 is the button
Seat 1: Mahu2021 (450 in chips) 
Seat 2: DJDebbie (520 in chips) 
Seat 3: zinatajs (530 in chips) 
DJDebbie: posts small blind 15
zinatajs: posts big blind 30
*** HOLE CARDS ***
Dealt to Mahu2021 [8c 6c]
Mahu2021: calls 30
DJDebbie: calls 15
zinatajs: checks 
*** FLOP *** [3c 4h 9s]
DJDebbie: checks 
zinatajs: bets 30
Mahu2021: folds 
DJDebbie: calls 30
*** TURN *** [3c 4h 9s] [7c]
DJDebbie: checks 
zinatajs: checks 
*** RIVER *** [3c 4h 9s 7c] [Qc]
DJDebbie: bets 30
zinatajs: calls 30
*** SHOW DOWN ***
DJDebbie: shows [3h Kd] (a pair of Threes)
zinatajs: mucks hand 
DJDebbie collected 210 from pot
*** SUMMARY ***
Total pot 210 | Rake 0 
Board [3c 4h 9s 7c Qc]
Seat 1: Mahu2021 (button) folded on the Flop
Seat 2: DJDebbie (small blind) showed [3h Kd] and won (210) with a pair of Threes
Seat 3: zinatajs (big blind) mucked [6s 3d]



PokerStars Hand #252759529121: Tournament #3808008894, $1.84+$0.16 USD Hold'em No Limit - Level II (15/30) - 2024/10/04 13:05:49 CET [2024/10/04 7:05:49 ET]
Table '3808008894 1' 3-max Seat #2 is the button
Seat 1: Mahu2021 (420 in chips) 
Seat 2: DJDebbie (640 in chips) 
Seat 3: zinatajs (440 in chips) 
zinatajs: posts small blind 15
Mahu2021: posts big blind 30
*** HOLE CARDS ***
Dealt to Mahu2021 [5h 4c]
DJDebbie: folds 
zinatajs: folds 
Uncalled bet (15) returned to Mahu2021
Mahu2021 collected 30 from pot
Mahu2021: doesn't show hand 
*** SUMMARY ***
Total pot 30 | Rake 0 
Seat 1: Mahu2021 (big blind) collected (30)
Seat 2: DJDebbie (button) folded before Flop (didn't bet)
Seat 3: zinatajs (small blind) folded before Flop



PokerStars Hand #252759530284: Tournament #3808008894, $1.84+$0.16 USD Hold'em No Limit - Level II (15/30) - 2024/10/04 13:05:57 CET [2024/10/04 7:05:57 ET]
Table '3808008894 1' 3-max Seat #3 is the button
Seat 1: Mahu2021 (435 in chips) 
Seat 2: DJDebbie (640 in chips) 
Seat 3: zinatajs (425 in chips) 
Mahu2021: posts small blind 15
DJDebbie: posts big blind 30
*** HOLE CARDS ***
Dealt to Mahu2021 [8d Jc]
zinatajs: raises 395 to 425 and is all-in
Mahu2021: folds 
DJDebbie: folds 
Uncalled bet (395) returned to zinatajs
zinatajs collected 75 from pot
zinatajs: doesn't show hand 
*** SUMMARY ***
Total pot 75 | Rake 0 
Seat 1: Mahu2021 (small blind) folded before Flop
Seat 2: DJDebbie (big blind) folded before Flop
Seat 3: zinatajs (button) collected (75)



PokerStars Hand #252759531141: Tournament #3808008894, $1.84+$0.16 USD Hold'em No Limit - Level II (15/30) - 2024/10/04 13:06:03 CET [2024/10/04 7:06:03 ET]
Table '3808008894 1' 3-max Seat #1 is the button
Seat 1: Mahu2021 (420 in chips) 
Seat 2: DJDebbie (610 in chips) 
Seat 3: zinatajs (470 in chips) 
DJDebbie: posts small blind 15
zinatajs: posts big blind 30
*** HOLE CARDS ***
Dealt to Mahu2021 [2h Qd]
Mahu2021: folds 
DJDebbie: folds 
Uncalled bet (15) returned to zinatajs
zinatajs collected 30 from pot
zinatajs: doesn't show hand 
*** SUMMARY ***
Total pot 30 | Rake 0 
Seat 1: Mahu2021 (button) folded before Flop (didn't bet)
Seat 2: DJDebbie (small blind) folded before Flop
Seat 3: zinatajs (big blind) collected (30)



PokerStars Hand #252759531767: Tournament #3808008894, $1.84+$0.16 USD Hold'em No Limit - Level II (15/30) - 2024/10/04 13:06:07 CET [2024/10/04 7:06:07 ET]
Table '3808008894 1' 3-max Seat #2 is the button
Seat 1: Mahu2021 (420 in chips) 
Seat 2: DJDebbie (595 in chips) 
Seat 3: zinatajs (485 in chips) 
zinatajs: posts small blind 15
Mahu2021: posts big blind 30
*** HOLE CARDS ***
Dealt to Mahu2021 [Qd 8s]
DJDebbie: folds 
zinatajs: calls 15
Mahu2021: checks 
*** FLOP *** [7h 4d Ad]
zinatajs: checks 
Mahu2021: checks 
*** TURN *** [7h 4d Ad] [8d]
zinatajs: checks 
Mahu2021: bets 60
zinatajs: calls 60
*** RIVER *** [7h 4d Ad 8d] [5d]
zinatajs: checks 
Mahu2021: bets 330 and is all-in
zinatajs: folds 
Uncalled bet (330) returned to Mahu2021
Mahu2021 collected 180 from pot
Mahu2021: doesn't show hand 
*** SUMMARY ***
Total pot 180 | Rake 0 
Board [7h 4d Ad 8d 5d]
Seat 1: Mahu2021 (big blind) collected (180)
Seat 2: DJDebbie (button) folded before Flop (didn't bet)
Seat 3: zinatajs (small blind) folded on the River



PokerStars Hand #252759536133: Tournament #3808008894, $1.84+$0.16 USD Hold'em No Limit - Level III (20/40) - 2024/10/04 13:06:38 CET [2024/10/04 7:06:38 ET]
Table '3808008894 1' 3-max Seat #3 is the button
Seat 1: Mahu2021 (510 in chips) 
Seat 2: DJDebbie (595 in chips) 
Seat 3: zinatajs (395 in chips) 
Mahu2021: posts small blind 20
DJDebbie: posts big blind 40
*** HOLE CARDS ***
Dealt to Mahu2021 [4d 3c]
zinatajs: folds 
Mahu2021: calls 20
DJDebbie: checks 
*** FLOP *** [Td 2s 7s]
Mahu2021: checks 
DJDebbie: checks 
*** TURN *** [Td 2s 7s] [9d]
Mahu2021: bets 40
DJDebbie: folds 
Uncalled bet (40) returned to Mahu2021
Mahu2021 collected 80 from pot
Mahu2021: doesn't show hand 
*** SUMMARY ***
Total pot 80 | Rake 0 
Board [Td 2s 7s 9d]
Seat 1: Mahu2021 (small blind) collected (80)
Seat 2: DJDebbie (big blind) folded on the Turn
Seat 3: zinatajs (button) folded before Flop (didn't bet)



PokerStars Hand #252759541674: Tournament #3808008894, $1.84+$0.16 USD Hold'em No Limit - Level III (20/40) - 2024/10/04 13:07:17 CET [2024/10/04 7:07:17 ET]
Table '3808008894 1' 3-max Seat #1 is the button
Seat 1: Mahu2021 (550 in chips) 
Seat 2: DJDebbie (555 in chips) 
Seat 3: zinatajs (395 in chips) 
DJDebbie: posts small blind 20
zinatajs: posts big blind 40
*** HOLE CARDS ***
Dealt to Mahu2021 [6d 7h]
Mahu2021: folds 
DJDebbie has timed out
DJDebbie: folds 
DJDebbie is sitting out
Uncalled bet (20) returned to zinatajs
zinatajs collected 40 from pot
zinatajs: doesn't show hand 
*** SUMMARY ***
Total pot 40 | Rake 0 
Seat 1: Mahu2021 (button) folded before Flop (didn't bet)
Seat 2: DJDebbie (small blind) folded before Flop
Seat 3: zinatajs (big blind) collected (40)



PokerStars Hand #252759544197: Tournament #3808008894, $1.84+$0.16 USD Hold'em No Limit - Level III (20/40) - 2024/10/04 13:07:34 CET [2024/10/04 7:07:34 ET]
Table '3808008894 1' 3-max Seat #2 is the button
Seat 1: Mahu2021 (550 in chips) 
Seat 2: DJDebbie (535 in chips) is sitting out
Seat 3: zinatajs (415 in chips) 
zinatajs: posts small blind 20
Mahu2021: posts big blind 40
*** HOLE CARDS ***
Dealt to Mahu2021 [Ad 4s]
DJDebbie: folds 
DJDebbie has returned
zinatajs: folds 
Uncalled bet (20) returned to Mahu2021
Mahu2021 collected 40 from pot
Mahu2021: doesn't show hand 
*** SUMMARY ***
Total pot 40 | Rake 0 
Seat 1: Mahu2021 (big blind) collected (40)
Seat 2: DJDebbie (button) folded before Flop (didn't bet)
Seat 3: zinatajs (small blind) folded before Flop



PokerStars Hand #252759545067: Tournament #3808008894, $1.84+$0.16 USD Hold'em No Limit - Level III (20/40) - 2024/10/04 13:07:41 CET [2024/10/04 7:07:41 ET]
Table '3808008894 1' 3-max Seat #3 is the button
Seat 1: Mahu2021 (570 in chips) 
Seat 2: DJDebbie (535 in chips) 
Seat 3: zinatajs (395 in chips) 
Mahu2021: posts small blind 20
DJDebbie: posts big blind 40
*** HOLE CARDS ***
Dealt to Mahu2021 [9c 2s]
zinatajs: raises 355 to 395 and is all-in
Mahu2021: folds 
DJDebbie: folds 
Uncalled bet (355) returned to zinatajs
zinatajs collected 100 from pot
zinatajs: doesn't show hand 
*** SUMMARY ***
Total pot 100 | Rake 0 
Seat 1: Mahu2021 (small blind) folded before Flop
Seat 2: DJDebbie (big blind) folded before Flop
Seat 3: zinatajs (button) collected (100)



PokerStars Hand #252759545890: Tournament #3808008894, $1.84+$0.16 USD Hold'em No Limit - Level III (20/40) - 2024/10/04 13:07:46 CET [2024/10/04 7:07:46 ET]
Table '3808008894 1' 3-max Seat #1 is the button
Seat 1: Mahu2021 (550 in chips) 
Seat 2: DJDebbie (495 in chips) 
Seat 3: zinatajs (455 in chips) 
DJDebbie: posts small blind 20
zinatajs: posts big blind 40
*** HOLE CARDS ***
Dealt to Mahu2021 [Qh Td]
Mahu2021: raises 40 to 80
DJDebbie: raises 415 to 495 and is all-in
zinatajs: folds 
Mahu2021: folds 
Uncalled bet (415) returned to DJDebbie
DJDebbie collected 200 from pot
*** SUMMARY ***
Total pot 200 | Rake 0 
Seat 1: Mahu2021 (button) folded before Flop
Seat 2: DJDebbie (small blind) collected (200)
Seat 3: zinatajs (big blind) folded before Flop



PokerStars Hand #252759546899: Tournament #3808008894, $1.84+$0.16 USD Hold'em No Limit - Level III (20/40) - 2024/10/04 13:07:53 CET [2024/10/04 7:07:53 ET]
Table '3808008894 1' 3-max Seat #2 is the button
Seat 1: Mahu2021 (470 in chips) 
Seat 2: DJDebbie (615 in chips) 
Seat 3: zinatajs (415 in chips) 
zinatajs: posts small blind 20
Mahu2021: posts big blind 40
*** HOLE CARDS ***
Dealt to Mahu2021 [2h Ad]
DJDebbie: folds 
zinatajs: folds 
Uncalled bet (20) returned to Mahu2021
Mahu2021 collected 40 from pot
Mahu2021: doesn't show hand 
*** SUMMARY ***
Total pot 40 | Rake 0 
Seat 1: Mahu2021 (big blind) collected (40)
Seat 2: DJDebbie (button) folded before Flop (didn't bet)
Seat 3: zinatajs (small blind) folded before Flop



PokerStars Hand #252759547591: Tournament #3808008894, $1.84+$0.16 USD Hold'em No Limit - Level III (20/40) - 2024/10/04 13:07:58 CET [2024/10/04 7:07:58 ET]
Table '3808008894 1' 3-max Seat #3 is the button
Seat 1: Mahu2021 (490 in chips) 
Seat 2: DJDebbie (615 in chips) 
Seat 3: zinatajs (395 in chips) 
Mahu2021: posts small blind 20
DJDebbie: posts big blind 40
*** HOLE CARDS ***
Dealt to Mahu2021 [3d 7d]
zinatajs: folds 
Mahu2021: folds 
Uncalled bet (20) returned to DJDebbie
DJDebbie collected 40 from pot
*** SUMMARY ***
Total pot 40 | Rake 0 
Seat 1: Mahu2021 (small blind) folded before Flop
Seat 2: DJDebbie (big blind) collected (40)
Seat 3: zinatajs (button) folded before Flop (didn't bet)



PokerStars Hand #252759548512: Tournament #3808008894, $1.84+$0.16 USD Hold'em No Limit - Level III (20/40) - 2024/10/04 13:08:04 CET [2024/10/04 7:08:04 ET]
Table '3808008894 1' 3-max Seat #1 is the button
Seat 1: Mahu2021 (470 in chips) 
Seat 2: DJDebbie (635 in chips) 
Seat 3: zinatajs (395 in chips) 
DJDebbie: posts small blind 20
zinatajs: posts big blind 40
*** HOLE CARDS ***
Dealt to Mahu2021 [5d Jd]
Mahu2021: calls 40
DJDebbie: folds 
zinatajs: checks 
*** FLOP *** [Kd 7h 9c]
zinatajs: checks 
Mahu2021: checks 
*** TURN *** [Kd 7h 9c] [Ah]
zinatajs: checks 
Mahu2021: bets 40
zinatajs: folds 
Uncalled bet (40) returned to Mahu2021
Mahu2021 collected 100 from pot
Mahu2021: doesn't show hand 
*** SUMMARY ***
Total pot 100 | Rake 0 
Board [Kd 7h 9c Ah]
Seat 1: Mahu2021 (button) collected (100)
Seat 2: DJDebbie (small blind) folded before Flop
Seat 3: zinatajs (big blind) folded on the Turn



PokerStars Hand #252759551123: Tournament #3808008894, $1.84+$0.16 USD Hold'em No Limit - Level III (20/40) - 2024/10/04 13:08:22 CET [2024/10/04 7:08:22 ET]
Table '3808008894 1' 3-max Seat #2 is the button
Seat 1: Mahu2021 (530 in chips) 
Seat 2: DJDebbie (615 in chips) 
Seat 3: zinatajs (355 in chips) 
zinatajs: posts small blind 20
Mahu2021: posts big blind 40
*** HOLE CARDS ***
Dealt to Mahu2021 [3h Qh]
DJDebbie: folds 
zinatajs: folds 
Uncalled bet (20) returned to Mahu2021
Mahu2021 collected 40 from pot
Mahu2021: doesn't show hand 
*** SUMMARY ***
Total pot 40 | Rake 0 
Seat 1: Mahu2021 (big blind) collected (40)
Seat 2: DJDebbie (button) folded before Flop (didn't bet)
Seat 3: zinatajs (small blind) folded before Flop



PokerStars Hand #252759552120: Tournament #3808008894, $1.84+$0.16 USD Hold'em No Limit - Level III (20/40) - 2024/10/04 13:08:29 CET [2024/10/04 7:08:29 ET]
Table '3808008894 1' 3-max Seat #3 is the button
Seat 1: Mahu2021 (550 in chips) 
Seat 2: DJDebbie (615 in chips) 
Seat 3: zinatajs (335 in chips) 
Mahu2021: posts small blind 20
DJDebbie: posts big blind 40
*** HOLE CARDS ***
Dealt to Mahu2021 [4s Ah]
zinatajs: raises 40 to 80
Mahu2021: folds 
DJDebbie: calls 40
*** FLOP *** [4d Th 7s]
DJDebbie: bets 40
zinatajs: calls 40
*** TURN *** [4d Th 7s] [6c]
DJDebbie: checks 
zinatajs: checks 
*** RIVER *** [4d Th 7s 6c] [5c]
DJDebbie: checks 
zinatajs: checks 
*** SHOW DOWN ***
DJDebbie: shows [2d Ad] (high card Ace)
zinatajs: mucks hand 
DJDebbie collected 260 from pot
*** SUMMARY ***
Total pot 260 | Rake 0 
Board [4d Th 7s 6c 5c]
Seat 1: Mahu2021 (small blind) folded before Flop
Seat 2: DJDebbie (big blind) showed [2d Ad] and won (260) with high card Ace
Seat 3: zinatajs (button) mucked [9h Ks]



PokerStars Hand #252759557333: Tournament #3808008894, $1.84+$0.16 USD Hold'em No Limit - Level IV (30/60) - 2024/10/04 13:09:06 CET [2024/10/04 7:09:06 ET]
Table '3808008894 1' 3-max Seat #1 is the button
Seat 1: Mahu2021 (530 in chips) 
Seat 2: DJDebbie (755 in chips) 
Seat 3: zinatajs (215 in chips) 
DJDebbie: posts small blind 30
zinatajs: posts big blind 60
*** HOLE CARDS ***
Dealt to Mahu2021 [2d 8s]
Mahu2021: folds 
DJDebbie: folds 
Uncalled bet (30) returned to zinatajs
zinatajs collected 60 from pot
zinatajs: doesn't show hand 
*** SUMMARY ***
Total pot 60 | Rake 0 
Seat 1: Mahu2021 (button) folded before Flop (didn't bet)
Seat 2: DJDebbie (small blind) folded before Flop
Seat 3: zinatajs (big blind) collected (60)



PokerStars Hand #252759558134: Tournament #3808008894, $1.84+$0.16 USD Hold'em No Limit - Level IV (30/60) - 2024/10/04 13:09:12 CET [2024/10/04 7:09:12 ET]
Table '3808008894 1' 3-max Seat #2 is the button
Seat 1: Mahu2021 (530 in chips) 
Seat 2: DJDebbie (725 in chips) 
Seat 3: zinatajs (245 in chips) 
zinatajs: posts small blind 30
Mahu2021: posts big blind 60
*** HOLE CARDS ***
Dealt to Mahu2021 [4c 9d]
DJDebbie: folds 
zinatajs: raises 185 to 245 and is all-in
Mahu2021: folds 
Uncalled bet (185) returned to zinatajs
zinatajs collected 120 from pot
zinatajs: doesn't show hand 
*** SUMMARY ***
Total pot 120 | Rake 0 
Seat 1: Mahu2021 (big blind) folded before Flop
Seat 2: DJDebbie (button) folded before Flop (didn't bet)
Seat 3: zinatajs (small blind) collected (120)



PokerStars Hand #252759558977: Tournament #3808008894, $1.84+$0.16 USD Hold'em No Limit - Level IV (30/60) - 2024/10/04 13:09:18 CET [2024/10/04 7:09:18 ET]
Table '3808008894 1' 3-max Seat #3 is the button
Seat 1: Mahu2021 (470 in chips) 
Seat 2: DJDebbie (725 in chips) 
Seat 3: zinatajs (305 in chips) 
Mahu2021: posts small blind 30
DJDebbie: posts big blind 60
*** HOLE CARDS ***
Dealt to Mahu2021 [5c Kc]
zinatajs: folds 
Mahu2021: raises 60 to 120
DJDebbie: raises 605 to 725 and is all-in
Mahu2021: folds 
Uncalled bet (605) returned to DJDebbie
DJDebbie collected 240 from pot
DJDebbie: shows [Jd Ah] (high card Ace)
*** SUMMARY ***
Total pot 240 | Rake 0 
Seat 1: Mahu2021 (small blind) folded before Flop
Seat 2: DJDebbie (big blind) collected (240)
Seat 3: zinatajs (button) folded before Flop (didn't bet)



PokerStars Hand #252759560170: Tournament #3808008894, $1.84+$0.16 USD Hold'em No Limit - Level IV (30/60) - 2024/10/04 13:09:26 CET [2024/10/04 7:09:26 ET]
Table '3808008894 1' 3-max Seat #1 is the button
Seat 1: Mahu2021 (350 in chips) 
Seat 2: DJDebbie (845 in chips) 
Seat 3: zinatajs (305 in chips) 
DJDebbie: posts small blind 30
zinatajs: posts big blind 60
*** HOLE CARDS ***
Dealt to Mahu2021 [Qd Kc]
Mahu2021: raises 290 to 350 and is all-in
DJDebbie: folds 
zinatajs: folds 
Uncalled bet (290) returned to Mahu2021
Mahu2021 collected 150 from pot
Mahu2021: doesn't show hand 
*** SUMMARY ***
Total pot 150 | Rake 0 
Seat 1: Mahu2021 (button) collected (150)
Seat 2: DJDebbie (small blind) folded before Flop
Seat 3: zinatajs (big blind) folded before Flop



PokerStars Hand #252759561438: Tournament #3808008894, $1.84+$0.16 USD Hold'em No Limit - Level IV (30/60) - 2024/10/04 13:09:35 CET [2024/10/04 7:09:35 ET]
Table '3808008894 1' 3-max Seat #2 is the button
Seat 1: Mahu2021 (440 in chips) 
Seat 2: DJDebbie (815 in chips) 
Seat 3: zinatajs (245 in chips) 
zinatajs: posts small blind 30
Mahu2021: posts big blind 60
*** HOLE CARDS ***
Dealt to Mahu2021 [6d 4c]
DJDebbie: folds 
zinatajs: raises 185 to 245 and is all-in
Mahu2021: folds 
Uncalled bet (185) returned to zinatajs
zinatajs collected 120 from pot
zinatajs: doesn't show hand 
*** SUMMARY ***
Total pot 120 | Rake 0 
Seat 1: Mahu2021 (big blind) folded before Flop
Seat 2: DJDebbie (button) folded before Flop (didn't bet)
Seat 3: zinatajs (small blind) collected (120)



PokerStars Hand #252759562187: Tournament #3808008894, $1.84+$0.16 USD Hold'em No Limit - Level IV (30/60) - 2024/10/04 13:09:41 CET [2024/10/04 7:09:41 ET]
Table '3808008894 1' 3-max Seat #3 is the button
Seat 1: Mahu2021 (380 in chips) 
Seat 2: DJDebbie (815 in chips) 
Seat 3: zinatajs (305 in chips) 
Mahu2021: posts small blind 30
DJDebbie: posts big blind 60
*** HOLE CARDS ***
Dealt to Mahu2021 [Jc 3d]
zinatajs: raises 245 to 305 and is all-in
Mahu2021: folds 
DJDebbie: folds 
Uncalled bet (245) returned to zinatajs
zinatajs collected 150 from pot
zinatajs: doesn't show hand 
*** SUMMARY ***
Total pot 150 | Rake 0 
Seat 1: Mahu2021 (small blind) folded before Flop
Seat 2: DJDebbie (big blind) folded before Flop
Seat 3: zinatajs (button) collected (150)



PokerStars Hand #252759562937: Tournament #3808008894, $1.84+$0.16 USD Hold'em No Limit - Level IV (30/60) - 2024/10/04 13:09:46 CET [2024/10/04 7:09:46 ET]
Table '3808008894 1' 3-max Seat #1 is the button
Seat 1: Mahu2021 (350 in chips) 
Seat 2: DJDebbie (755 in chips) 
Seat 3: zinatajs (395 in chips) 
DJDebbie: posts small blind 30
zinatajs: posts big blind 60
*** HOLE CARDS ***
Dealt to Mahu2021 [7h Ts]
Mahu2021: folds 
DJDebbie: raises 695 to 755 and is all-in
zinatajs: folds 
Uncalled bet (695) returned to DJDebbie
DJDebbie collected 120 from pot
*** SUMMARY ***
Total pot 120 | Rake 0 
Seat 1: Mahu2021 (button) folded before Flop (didn't bet)
Seat 2: DJDebbie (small blind) collected (120)
Seat 3: zinatajs (big blind) folded before Flop



PokerStars Hand #252759564071: Tournament #3808008894, $1.84+$0.16 USD Hold'em No Limit - Level IV (30/60) - 2024/10/04 13:09:54 CET [2024/10/04 7:09:54 ET]
Table '3808008894 1' 3-max Seat #2 is the button
Seat 1: Mahu2021 (350 in chips) 
Seat 2: DJDebbie (815 in chips) 
Seat 3: zinatajs (335 in chips) 
zinatajs: posts small blind 30
Mahu2021: posts big blind 60
*** HOLE CARDS ***
Dealt to Mahu2021 [2h 4d]
DJDebbie: folds 
zinatajs: raises 275 to 335 and is all-in
Mahu2021: folds 
Uncalled bet (275) returned to zinatajs
zinatajs collected 120 from pot
zinatajs: doesn't show hand 
*** SUMMARY ***
Total pot 120 | Rake 0 
Seat 1: Mahu2021 (big blind) folded before Flop
Seat 2: DJDebbie (button) folded before Flop (didn't bet)
Seat 3: zinatajs (small blind) collected (120)



PokerStars Hand #252759564955: Tournament #3808008894, $1.84+$0.16 USD Hold'em No Limit - Level IV (30/60) - 2024/10/04 13:10:00 CET [2024/10/04 7:10:00 ET]
Table '3808008894 1' 3-max Seat #3 is the button
Seat 1: Mahu2021 (290 in chips) 
Seat 2: DJDebbie (815 in chips) 
Seat 3: zinatajs (395 in chips) 
Mahu2021: posts small blind 30
DJDebbie: posts big blind 60
*** HOLE CARDS ***
Dealt to Mahu2021 [8d 7d]
zinatajs: folds 
Mahu2021: calls 30
DJDebbie: checks 
*** FLOP *** [Ac 6c Ah]
Mahu2021: checks 
DJDebbie: bets 755 and is all-in
Mahu2021: folds 
Uncalled bet (755) returned to DJDebbie
DJDebbie collected 120 from pot
*** SUMMARY ***
Total pot 120 | Rake 0 
Board [Ac 6c Ah]
Seat 1: Mahu2021 (small blind) folded on the Flop
Seat 2: DJDebbie (big blind) collected (120)
Seat 3: zinatajs (button) folded before Flop (didn't bet)



PokerStars Hand #252759566512: Tournament #3808008894, $1.84+$0.16 USD Hold'em No Limit - Level IV (30/60) - 2024/10/04 13:10:11 CET [2024/10/04 7:10:11 ET]
Table '3808008894 1' 3-max Seat #1 is the button
Seat 1: Mahu2021 (230 in chips) 
Seat 2: DJDebbie (875 in chips) 
Seat 3: zinatajs (395 in chips) 
DJDebbie: posts small blind 30
zinatajs: posts big blind 60
*** HOLE CARDS ***
Dealt to Mahu2021 [Js 7c]
Mahu2021: folds 
DJDebbie: calls 30
zinatajs: checks 
*** FLOP *** [3d 8c 7s]
DJDebbie: checks 
zinatajs: checks 
*** TURN *** [3d 8c 7s] [7h]
DJDebbie: checks 
zinatajs: checks 
*** RIVER *** [3d 8c 7s 7h] [Kh]
DJDebbie: checks 
zinatajs: checks 
*** SHOW DOWN ***
DJDebbie: shows [Qh 2h] (a pair of Sevens)
zinatajs: mucks hand 
DJDebbie collected 120 from pot
*** SUMMARY ***
Total pot 120 | Rake 0 
Board [3d 8c 7s 7h Kh]
Seat 1: Mahu2021 (button) folded before Flop (didn't bet)
Seat 2: DJDebbie (small blind) showed [Qh 2h] and won (120) with a pair of Sevens
Seat 3: zinatajs (big blind) mucked [6h Jc]



PokerStars Hand #252759569125: Tournament #3808008894, $1.84+$0.16 USD Hold'em No Limit - Level IV (30/60) - 2024/10/04 13:10:29 CET [2024/10/04 7:10:29 ET]
Table '3808008894 1' 3-max Seat #2 is the button
Seat 1: Mahu2021 (230 in chips) 
Seat 2: DJDebbie (935 in chips) 
Seat 3: zinatajs (335 in chips) 
zinatajs: posts small blind 30
Mahu2021: posts big blind 60
*** HOLE CARDS ***
Dealt to Mahu2021 [4h Ac]
DJDebbie: folds 
zinatajs: raises 275 to 335 and is all-in
Mahu2021: calls 170 and is all-in
Uncalled bet (105) returned to zinatajs
*** FLOP *** [5d Jc Th]
*** TURN *** [5d Jc Th] [2c]
*** RIVER *** [5d Jc Th 2c] [7s]
*** SHOW DOWN ***
zinatajs: shows [3h 3d] (a pair of Threes)
Mahu2021: shows [4h Ac] (high card Ace)
zinatajs collected 460 from pot
Mahu2021 finished the tournament in 3rd place
*** SUMMARY ***
Total pot 460 | Rake 0 
Board [5d Jc Th 2c 7s]
Seat 1: Mahu2021 (big blind) showed [4h Ac] and lost with high card Ace
Seat 2: DJDebbie (button) folded before Flop (didn't bet)
Seat 3: zinatajs (small blind) showed [3h 3d] and won (460) with a pair of Threes



