PokerStars Zoom Hand #254445400957:  Hold'em No Limit ($0.05/$0.10) - 2025/01/19 12:14:58 CET [2025/01/19 6:14:58 ET]
Table 'Aludra' 6-max Seat #1 is the button
Seat 1: steveisaak ($10 in chips) 
Seat 2: pisti76 ($13.55 in chips) 
Seat 3: Mahu2021 ($10 in chips) 
Seat 4: HaRdd___TRy ($9.33 in chips) 
Seat 5: D.shadoww ($11.84 in chips) 
Seat 6: PiNe4ppLe ($19.64 in chips) 
pisti76: posts small blind $0.05
Mahu2021: posts big blind $0.10
*** HOLE CARDS ***
Dealt to Mahu2021 [4s 9h]
HaRdd___TRy: folds 
D.shadoww: folds 
PiNe4ppLe: folds 
steveisaak: folds 
pisti76: folds 
Uncalled bet ($0.05) returned to Mahu2021
Mahu2021 collected $0.10 from pot
Mahu2021: doesn't show hand 
*** SUMMARY ***
Total pot $0.10 | Rake $0 
Seat 1: steveisaak (button) folded before Flop (didn't bet)
Seat 2: pisti76 (small blind) folded before Flop
Seat 3: Mahu2021 (big blind) collected ($0.10)
Seat 4: HaRdd___TRy folded before Flop (didn't bet)
Seat 5: D.shadoww folded before Flop (didn't bet)
Seat 6: PiNe4ppLe folded before Flop (didn't bet)



PokerStars Zoom Hand #254445403420:  Hold'em No Limit ($0.05/$0.10) - 2025/01/19 12:15:16 CET [2025/01/19 6:15:16 ET]
Table 'Aludra' 6-max Seat #1 is the button
Seat 1: Jajje7 ($16.94 in chips) 
Seat 2: Ironhelt ($12.29 in chips) 
Seat 3: allrauneR ($3.95 in chips) 
Seat 4: kiks220272 ($10 in chips) 
Seat 5: Mahu2021 ($10.05 in chips) 
Seat 6: BReDnaya89 ($15.60 in chips) 
Ironhelt: posts small blind $0.05
allrauneR: posts big blind $0.10
*** HOLE CARDS ***
Dealt to Mahu2021 [Ac 9c]
kiks220272: folds 
Mahu2021: raises $0.20 to $0.30
BReDnaya89: folds 
Jajje7: folds 
Ironhelt: folds 
allrauneR: folds 
Uncalled bet ($0.20) returned to Mahu2021
Mahu2021 collected $0.25 from pot
Mahu2021: doesn't show hand 
*** SUMMARY ***
Total pot $0.25 | Rake $0 
Seat 1: Jajje7 (button) folded before Flop (didn't bet)
Seat 2: Ironhelt (small blind) folded before Flop
Seat 3: allrauneR (big blind) folded before Flop
Seat 4: kiks220272 folded before Flop (didn't bet)
Seat 5: Mahu2021 collected ($0.25)
Seat 6: BReDnaya89 folded before Flop (didn't bet)



PokerStars Zoom Hand #254445405914:  Hold'em No Limit ($0.05/$0.10) - 2025/01/19 12:15:34 CET [2025/01/19 6:15:34 ET]
Table 'Aludra' 6-max Seat #1 is the button
Seat 1: potusthedog ($10.30 in chips) 
Seat 2: Mahu2021 ($10.20 in chips) 
Seat 3: totway ($23.31 in chips) 
Seat 4: MarkRegen ($4.99 in chips) 
Seat 5: looser00091 ($14.85 in chips) 
Seat 6: ChoboPower ($24.51 in chips) 
Mahu2021: posts small blind $0.05
totway: posts big blind $0.10
*** HOLE CARDS ***
Dealt to Mahu2021 [Ac Jc]
MarkRegen: folds 
looser00091: folds 
ChoboPower: raises $0.15 to $0.25
potusthedog: raises $0.55 to $0.80
Mahu2021: calls $0.75
totway: folds 
ChoboPower: folds 
*** FLOP *** [3d Td 6h]
Mahu2021: checks 
potusthedog: bets $1.02
Mahu2021: folds 
Uncalled bet ($1.02) returned to potusthedog
potusthedog collected $1.86 from pot
potusthedog: doesn't show hand 
*** SUMMARY ***
Total pot $1.95 | Rake $0.09 
Board [3d Td 6h]
Seat 1: potusthedog (button) collected ($1.86)
Seat 2: Mahu2021 (small blind) folded on the Flop
Seat 3: totway (big blind) folded before Flop
Seat 4: MarkRegen folded before Flop (didn't bet)
Seat 5: looser00091 folded before Flop (didn't bet)
Seat 6: ChoboPower folded before Flop



PokerStars Zoom Hand #254445409446:  Hold'em No Limit ($0.05/$0.10) - 2025/01/19 12:16:00 CET [2025/01/19 6:16:00 ET]
Table 'Aludra' 6-max Seat #1 is the button
Seat 1: Mahu2021 ($9.40 in chips) 
Seat 2: potusthedog ($11.36 in chips) 
Seat 3: totway ($10.10 in chips) 
Seat 4: Jajje7 ($14.06 in chips) 
Seat 5: HaRdd___TRy ($11.91 in chips) 
Seat 6: BReDnaya89 ($15.65 in chips) 
potusthedog: posts small blind $0.05
totway: posts big blind $0.10
*** HOLE CARDS ***
Dealt to Mahu2021 [3d Ad]
Jajje7: folds 
HaRdd___TRy: folds 
BReDnaya89: folds 
Mahu2021: raises $0.20 to $0.30
potusthedog: folds 
totway: folds 
Uncalled bet ($0.20) returned to Mahu2021
Mahu2021 collected $0.25 from pot
Mahu2021: doesn't show hand 
*** SUMMARY ***
Total pot $0.25 | Rake $0 
Seat 1: Mahu2021 (button) collected ($0.25)
Seat 2: potusthedog (small blind) folded before Flop
Seat 3: totway (big blind) folded before Flop
Seat 4: Jajje7 folded before Flop (didn't bet)
Seat 5: HaRdd___TRy folded before Flop (didn't bet)
Seat 6: BReDnaya89 folded before Flop (didn't bet)



PokerStars Zoom Hand #254445411578:  Hold'em No Limit ($0.05/$0.10) - 2025/01/19 12:16:16 CET [2025/01/19 6:16:16 ET]
Table 'Aludra' 6-max Seat #1 is the button
Seat 1: gogogo711 ($41 in chips) 
Seat 2: DirtyShot ($3.38 in chips) 
Seat 3: HaRdd___TRy ($10.04 in chips) 
Seat 4: JoshMvpor ($7.10 in chips) 
Seat 5: JordiVieira ($14.79 in chips) 
Seat 6: Mahu2021 ($9.55 in chips) 
DirtyShot: posts small blind $0.05
HaRdd___TRy: posts big blind $0.10
*** HOLE CARDS ***
Dealt to Mahu2021 [7s 4s]
JoshMvpor: folds 
JordiVieira: folds 
Mahu2021: folds 
gogogo711: raises $0.15 to $0.25
DirtyShot: folds 
HaRdd___TRy: calls $0.15
*** FLOP *** [Jh 7h Kc]
HaRdd___TRy: checks 
gogogo711: bets $0.17
HaRdd___TRy: folds 
Uncalled bet ($0.17) returned to gogogo711
gogogo711 collected $0.53 from pot
gogogo711: doesn't show hand 
*** SUMMARY ***
Total pot $0.55 | Rake $0.02 
Board [Jh 7h Kc]
Seat 1: gogogo711 (button) collected ($0.53)
Seat 2: DirtyShot (small blind) folded before Flop
Seat 3: HaRdd___TRy (big blind) folded on the Flop
Seat 4: JoshMvpor folded before Flop (didn't bet)
Seat 5: JordiVieira folded before Flop (didn't bet)
Seat 6: Mahu2021 folded before Flop (didn't bet)



PokerStars Zoom Hand #254445412137:  Hold'em No Limit ($0.05/$0.10) - 2025/01/19 12:16:20 CET [2025/01/19 6:16:20 ET]
Table 'Aludra' 6-max Seat #1 is the button
Seat 1: Mahu2021 ($9.55 in chips) 
Seat 2: pisti76 ($13.25 in chips) 
Seat 3: Niku644 ($5.30 in chips) 
Seat 4: totway ($22.91 in chips) 
Seat 5: sakaryo2140 ($22.87 in chips) 
Seat 6: JoshMvpor ($7.10 in chips) 
pisti76: posts small blind $0.05
Niku644: posts big blind $0.10
*** HOLE CARDS ***
Dealt to Mahu2021 [Jh 6h]
totway: folds 
sakaryo2140: folds 
JoshMvpor: calls $0.10
Mahu2021: calls $0.10
pisti76: calls $0.05
Niku644: checks 
*** FLOP *** [9s Td 2h]
pisti76: checks 
Niku644: checks 
JoshMvpor: checks 
Mahu2021: checks 
*** TURN *** [9s Td 2h] [4s]
pisti76: bets $0.10
Niku644: folds 
JoshMvpor: calls $0.10
Mahu2021: folds 
*** RIVER *** [9s Td 2h 4s] [Ah]
pisti76: checks 
JoshMvpor: bets $0.29
pisti76: calls $0.29
*** SHOW DOWN ***
JoshMvpor: shows [3d 4d] (a pair of Fours)
pisti76: shows [Ad 9h] (two pair, Aces and Nines)
pisti76 collected $1.13 from pot
*** SUMMARY ***
Total pot $1.18 | Rake $0.05 
Board [9s Td 2h 4s Ah]
Seat 1: Mahu2021 (button) folded on the Turn
Seat 2: pisti76 (small blind) showed [Ad 9h] and won ($1.13) with two pair, Aces and Nines
Seat 3: Niku644 (big blind) folded on the Turn
Seat 4: totway folded before Flop (didn't bet)
Seat 5: sakaryo2140 folded before Flop (didn't bet)
Seat 6: JoshMvpor showed [3d 4d] and lost with a pair of Fours



PokerStars Zoom Hand #254445415066:  Hold'em No Limit ($0.05/$0.10) - 2025/01/19 12:16:42 CET [2025/01/19 6:16:42 ET]
Table 'Aludra' 6-max Seat #1 is the button
Seat 1: vitalis2828 ($10 in chips) 
Seat 2: botan3328 ($10.28 in chips) 
Seat 3: Jajje7 ($16.89 in chips) 
Seat 4: kiks220272 ($15.23 in chips) 
Seat 5: DirtyShot ($3.23 in chips) 
Seat 6: Mahu2021 ($9.45 in chips) 
botan3328: posts small blind $0.05
Jajje7: posts big blind $0.10
*** HOLE CARDS ***
Dealt to Mahu2021 [4h 2h]
kiks220272: folds 
DirtyShot: folds 
Mahu2021: folds 
vitalis2828: folds 
botan3328: raises $0.20 to $0.30
Jajje7: folds 
Uncalled bet ($0.20) returned to botan3328
botan3328 collected $0.20 from pot
botan3328: doesn't show hand 
*** SUMMARY ***
Total pot $0.20 | Rake $0 
Seat 1: vitalis2828 (button) folded before Flop (didn't bet)
Seat 2: botan3328 (small blind) collected ($0.20)
Seat 3: Jajje7 (big blind) folded before Flop
Seat 4: kiks220272 folded before Flop (didn't bet)
Seat 5: DirtyShot folded before Flop (didn't bet)
Seat 6: Mahu2021 folded before Flop (didn't bet)



PokerStars Zoom Hand #254445415541:  Hold'em No Limit ($0.05/$0.10) - 2025/01/19 12:16:46 CET [2025/01/19 6:16:46 ET]
Table 'Aludra' 6-max Seat #1 is the button
Seat 1: Jajje7 ($10 in chips) 
Seat 2: kiks220272 ($15.23 in chips) 
Seat 3: Mahu2021 ($9.45 in chips) 
Seat 4: volkman10 ($8.20 in chips) 
Seat 5: vitalis2828 ($10 in chips) 
Seat 6: thedude1320 ($12.76 in chips) 
kiks220272: posts small blind $0.05
Mahu2021: posts big blind $0.10
*** HOLE CARDS ***
Dealt to Mahu2021 [8h 9s]
volkman10: folds 
vitalis2828: raises $0.15 to $0.25
thedude1320: folds 
Jajje7: folds 
kiks220272: folds 
Mahu2021: calls $0.15
*** FLOP *** [Ah 6h As]
Mahu2021: checks 
vitalis2828: bets $0.16
Mahu2021: folds 
Uncalled bet ($0.16) returned to vitalis2828
vitalis2828 collected $0.53 from pot
vitalis2828: doesn't show hand 
*** SUMMARY ***
Total pot $0.55 | Rake $0.02 
Board [Ah 6h As]
Seat 1: Jajje7 (button) folded before Flop (didn't bet)
Seat 2: kiks220272 (small blind) folded before Flop
Seat 3: Mahu2021 (big blind) folded on the Flop
Seat 4: volkman10 folded before Flop (didn't bet)
Seat 5: vitalis2828 collected ($0.53)
Seat 6: thedude1320 folded before Flop (didn't bet)



PokerStars Zoom Hand #254445417728:  Hold'em No Limit ($0.05/$0.10) - 2025/01/19 12:17:02 CET [2025/01/19 6:17:02 ET]
Table 'Aludra' 6-max Seat #1 is the button
Seat 1: MarkRegen ($4.33 in chips) 
Seat 2: Mahu2021 ($9.20 in chips) 
Seat 3: shin_0831 ($10.35 in chips) 
Seat 4: Jajje7 ($10 in chips) 
Seat 5: gogogo711 ($14.40 in chips) 
Seat 6: HaRdd___TRy ($11.91 in chips) 
Mahu2021: posts small blind $0.05
shin_0831: posts big blind $0.10
*** HOLE CARDS ***
Dealt to Mahu2021 [5d 2h]
Jajje7: raises $0.15 to $0.25
gogogo711: folds 
HaRdd___TRy: folds 
MarkRegen: folds 
Mahu2021: folds 
shin_0831: folds 
Uncalled bet ($0.15) returned to Jajje7
Jajje7 collected $0.25 from pot
Jajje7: doesn't show hand 
*** SUMMARY ***
Total pot $0.25 | Rake $0 
Seat 1: MarkRegen (button) folded before Flop (didn't bet)
Seat 2: Mahu2021 (small blind) folded before Flop
Seat 3: shin_0831 (big blind) folded before Flop
Seat 4: Jajje7 collected ($0.25)
Seat 5: gogogo711 folded before Flop (didn't bet)
Seat 6: HaRdd___TRy folded before Flop (didn't bet)



PokerStars Zoom Hand #254445419261:  Hold'em No Limit ($0.05/$0.10) - 2025/01/19 12:17:13 CET [2025/01/19 6:17:13 ET]
Table 'Aludra' 6-max Seat #1 is the button
Seat 1: taninof ($7.48 in chips) 
Seat 2: Jajje7 ($10.15 in chips) 
Seat 3: steveisaak ($15.65 in chips) 
Seat 4: Mahu2021 ($9.15 in chips) 
Seat 5: pisti76 ($13.79 in chips) 
Seat 6: flyzoim ($7.81 in chips) 
Jajje7: posts small blind $0.05
steveisaak: posts big blind $0.10
*** HOLE CARDS ***
Dealt to Mahu2021 [9c Qh]
Mahu2021: folds 
pisti76: folds 
flyzoim: folds 
taninof: raises $0.25 to $0.35
Jajje7: raises $0.95 to $1.30
steveisaak: folds 
taninof: folds 
Uncalled bet ($0.95) returned to Jajje7
Jajje7 collected $0.80 from pot
Jajje7: doesn't show hand 
*** SUMMARY ***
Total pot $0.80 | Rake $0 
Seat 1: taninof (button) folded before Flop
Seat 2: Jajje7 (small blind) collected ($0.80)
Seat 3: steveisaak (big blind) folded before Flop
Seat 4: Mahu2021 folded before Flop (didn't bet)
Seat 5: pisti76 folded before Flop (didn't bet)
Seat 6: flyzoim folded before Flop (didn't bet)



PokerStars Zoom Hand #254445418258:  Hold'em No Limit ($0.05/$0.10) - 2025/01/19 12:17:06 CET [2025/01/19 6:17:06 ET]
Table 'Aludra' 6-max Seat #1 is the button
Seat 1: SoGoGi ($12.06 in chips) 
Seat 2: Ironhelt ($14.25 in chips) 
Seat 3: Pastor28 ($10 in chips) 
Seat 4: JordiVieira ($14.79 in chips) 
Seat 5: Mahu2021 ($9.15 in chips) 
Seat 6: seonghwee ($31.44 in chips) 
Ironhelt: posts small blind $0.05
Pastor28: posts big blind $0.10
*** HOLE CARDS ***
Dealt to Mahu2021 [9d 5d]
JordiVieira: folds 
Mahu2021: folds 
seonghwee: raises $0.15 to $0.25
SoGoGi: folds 
Ironhelt: folds 
Pastor28: calls $0.15
*** FLOP *** [Ac 2h Js]
Pastor28: checks 
seonghwee: checks 
*** TURN *** [Ac 2h Js] [Ad]
Pastor28: checks 
seonghwee: checks 
*** RIVER *** [Ac 2h Js Ad] [2s]
Pastor28: checks 
seonghwee: checks 
*** SHOW DOWN ***
Pastor28: shows [7d 6s] (two pair, Aces and Deuces)
seonghwee: shows [Ks Qs] (two pair, Aces and Deuces - King kicker)
seonghwee collected $0.53 from pot
*** SUMMARY ***
Total pot $0.55 | Rake $0.02 
Board [Ac 2h Js Ad 2s]
Seat 1: SoGoGi (button) folded before Flop (didn't bet)
Seat 2: Ironhelt (small blind) folded before Flop
Seat 3: Pastor28 (big blind) showed [7d 6s] and lost with two pair, Aces and Deuces
Seat 4: JordiVieira folded before Flop (didn't bet)
Seat 5: Mahu2021 folded before Flop (didn't bet)
Seat 6: seonghwee showed [Ks Qs] and won ($0.53) with two pair, Aces and Deuces



PokerStars Zoom Hand #254445419653:  Hold'em No Limit ($0.05/$0.10) - 2025/01/19 12:17:16 CET [2025/01/19 6:17:16 ET]
Table 'Aludra' 6-max Seat #1 is the button
Seat 1: D.shadoww ($36.49 in chips) 
Seat 2: pisti76 ($13.79 in chips) 
Seat 3: Mahu2021 ($9.15 in chips) 
Seat 4: andrew.startup4 ($12.72 in chips) 
Seat 5: MarkRegen ($4.28 in chips) 
Seat 6: totway ($10 in chips) 
pisti76: posts small blind $0.05
Mahu2021: posts big blind $0.10
*** HOLE CARDS ***
Dealt to Mahu2021 [Qh 7h]
andrew.startup4: folds 
MarkRegen: folds 
totway: raises $0.12 to $0.22
D.shadoww: folds 
pisti76: folds 
Mahu2021: calls $0.12
*** FLOP *** [7s 2d 5h]
Mahu2021: bets $0.47
totway: folds 
Uncalled bet ($0.47) returned to Mahu2021
Mahu2021 collected $0.47 from pot
Mahu2021: doesn't show hand 
*** SUMMARY ***
Total pot $0.49 | Rake $0.02 
Board [7s 2d 5h]
Seat 1: D.shadoww (button) folded before Flop (didn't bet)
Seat 2: pisti76 (small blind) folded before Flop
Seat 3: Mahu2021 (big blind) collected ($0.47)
Seat 4: andrew.startup4 folded before Flop (didn't bet)
Seat 5: MarkRegen folded before Flop (didn't bet)
Seat 6: totway folded on the Flop



PokerStars Zoom Hand #254445418757:  Hold'em No Limit ($0.05/$0.10) - 2025/01/19 12:17:10 CET [2025/01/19 6:17:10 ET]
Table 'Aludra' 6-max Seat #1 is the button
Seat 1: steveisaak ($10.96 in chips) 
Seat 2: D.shadoww ($14.54 in chips) 
Seat 3: SolitaryDan ($18.77 in chips) 
Seat 4: Mahu2021 ($9.15 in chips) 
Seat 5: shin_0831 ($10.25 in chips) 
Seat 6: BReDnaya89 ($16.18 in chips) 
D.shadoww: posts small blind $0.05
SolitaryDan: posts big blind $0.10
*** HOLE CARDS ***
Dealt to Mahu2021 [Kh 7s]
Mahu2021: folds 
shin_0831: folds 
BReDnaya89: folds 
steveisaak: folds 
D.shadoww: calls $0.05
SolitaryDan: checks 
*** FLOP *** [6s 8c Kc]
D.shadoww: bets $0.10
SolitaryDan: calls $0.10
*** TURN *** [6s 8c Kc] [7d]
D.shadoww: bets $0.40
SolitaryDan: folds 
Uncalled bet ($0.40) returned to D.shadoww
D.shadoww collected $0.38 from pot
D.shadoww: doesn't show hand 
*** SUMMARY ***
Total pot $0.40 | Rake $0.02 
Board [6s 8c Kc 7d]
Seat 1: steveisaak (button) folded before Flop (didn't bet)
Seat 2: D.shadoww (small blind) collected ($0.38)
Seat 3: SolitaryDan (big blind) folded on the Turn
Seat 4: Mahu2021 folded before Flop (didn't bet)
Seat 5: shin_0831 folded before Flop (didn't bet)
Seat 6: BReDnaya89 folded before Flop (didn't bet)



PokerStars Zoom Hand #254445423505:  Hold'em No Limit ($0.05/$0.10) - 2025/01/19 12:17:45 CET [2025/01/19 6:17:45 ET]
Table 'Aludra' 6-max Seat #1 is the button
Seat 1: totway ($14.08 in chips) 
Seat 2: SolitaryDan ($18.57 in chips) 
Seat 3: Mahu2021 ($9.35 in chips) 
Seat 4: BDP(s)1994 ($11.59 in chips) 
Seat 5: Niku644 ($4.74 in chips) 
Seat 6: gogogo711 ($40.33 in chips) 
SolitaryDan: posts small blind $0.05
Mahu2021: posts big blind $0.10
*** HOLE CARDS ***
Dealt to Mahu2021 [3d Kc]
BDP(s)1994: folds 
Niku644: folds 
gogogo711: folds 
totway: raises $0.12 to $0.22
SolitaryDan: folds 
Mahu2021: folds 
Uncalled bet ($0.12) returned to totway
totway collected $0.25 from pot
totway: doesn't show hand 
*** SUMMARY ***
Total pot $0.25 | Rake $0 
Seat 1: totway (button) collected ($0.25)
Seat 2: SolitaryDan (small blind) folded before Flop
Seat 3: Mahu2021 (big blind) folded before Flop
Seat 4: BDP(s)1994 folded before Flop (didn't bet)
Seat 5: Niku644 folded before Flop (didn't bet)
Seat 6: gogogo711 folded before Flop (didn't bet)



PokerStars Zoom Hand #254445422557:  Hold'em No Limit ($0.05/$0.10) - 2025/01/19 12:17:38 CET [2025/01/19 6:17:38 ET]
Table 'Aludra' 6-max Seat #1 is the button
Seat 1: Mahu2021 ($9.40 in chips) 
Seat 2: PiNe4ppLe ($19.34 in chips) 
Seat 3: Jajje7 ($17.04 in chips) 
Seat 4: SolitaryDan ($18.57 in chips) 
Seat 5: Pastor28 ($10.02 in chips) 
Seat 6: thedude1320 ($12.47 in chips) 
PiNe4ppLe: posts small blind $0.05
Jajje7: posts big blind $0.10
*** HOLE CARDS ***
Dealt to Mahu2021 [3h 6h]
SolitaryDan: folds 
Pastor28: folds 
thedude1320: folds 
Mahu2021: folds 
PiNe4ppLe: raises $0.20 to $0.30
Jajje7: raises $1 to $1.30
PiNe4ppLe: folds 
Uncalled bet ($1) returned to Jajje7
Jajje7 collected $0.60 from pot
Jajje7: doesn't show hand 
*** SUMMARY ***
Total pot $0.60 | Rake $0 
Seat 1: Mahu2021 (button) folded before Flop (didn't bet)
Seat 2: PiNe4ppLe (small blind) folded before Flop
Seat 3: Jajje7 (big blind) collected ($0.60)
Seat 4: SolitaryDan folded before Flop (didn't bet)
Seat 5: Pastor28 folded before Flop (didn't bet)
Seat 6: thedude1320 folded before Flop (didn't bet)



PokerStars Zoom Hand #254445422975:  Hold'em No Limit ($0.05/$0.10) - 2025/01/19 12:17:41 CET [2025/01/19 6:17:41 ET]
Table 'Aludra' 6-max Seat #1 is the button
Seat 1: ChoboPower ($38.30 in chips) 
Seat 2: Mahu2021 ($9.40 in chips) 
Seat 3: schmitinho ($15.13 in chips) 
Seat 4: kiks220272 ($14.98 in chips) 
Seat 5: BDP(s)1994 ($11.59 in chips) 
Seat 6: botan3328 ($10.44 in chips) 
Mahu2021: posts small blind $0.05
schmitinho: posts big blind $0.10
*** HOLE CARDS ***
Dealt to Mahu2021 [4c 9s]
kiks220272: folds 
BDP(s)1994: folds 
botan3328: raises $0.15 to $0.25
ChoboPower: folds 
Mahu2021: folds 
schmitinho: calls $0.15
*** FLOP *** [3s 5h Ac]
schmitinho: checks 
botan3328: bets $0.17
schmitinho: raises $0.17 to $0.34
botan3328: folds 
Uncalled bet ($0.17) returned to schmitinho
schmitinho collected $0.84 from pot
schmitinho: doesn't show hand 
*** SUMMARY ***
Total pot $0.89 | Rake $0.05 
Board [3s 5h Ac]
Seat 1: ChoboPower (button) folded before Flop (didn't bet)
Seat 2: Mahu2021 (small blind) folded before Flop
Seat 3: schmitinho (big blind) collected ($0.84)
Seat 4: kiks220272 folded before Flop (didn't bet)
Seat 5: BDP(s)1994 folded before Flop (didn't bet)
Seat 6: botan3328 folded on the Flop



PokerStars Zoom Hand #254445426851:  Hold'em No Limit ($0.05/$0.10) - 2025/01/19 12:18:11 CET [2025/01/19 6:18:11 ET]
Table 'Aludra' 6-max Seat #1 is the button
Seat 1: Mahu2021 ($9.25 in chips) 
Seat 2: Jajje7 ($17.34 in chips) 
Seat 3: flyzoim ($9.62 in chips) 
Seat 4: taninof ($6.63 in chips) 
Seat 5: Panda_Pooh_od ($11.67 in chips) 
Seat 6: allrauneR ($3.97 in chips) 
Jajje7: posts small blind $0.05
flyzoim: posts big blind $0.10
*** HOLE CARDS ***
Dealt to Mahu2021 [Td 2s]
taninof: folds 
Panda_Pooh_od: folds 
allrauneR: calls $0.10
Mahu2021: folds 
Jajje7: folds 
flyzoim: raises $0.10 to $0.20
allrauneR: calls $0.10
*** FLOP *** [3c Jc 2h]
flyzoim: checks 
allrauneR: bets $0.70
flyzoim: folds 
Uncalled bet ($0.70) returned to allrauneR
allrauneR collected $0.43 from pot
allrauneR: doesn't show hand 
*** SUMMARY ***
Total pot $0.45 | Rake $0.02 
Board [3c Jc 2h]
Seat 1: Mahu2021 (button) folded before Flop (didn't bet)
Seat 2: Jajje7 (small blind) folded before Flop
Seat 3: flyzoim (big blind) folded on the Flop
Seat 4: taninof folded before Flop (didn't bet)
Seat 5: Panda_Pooh_od folded before Flop (didn't bet)
Seat 6: allrauneR collected ($0.43)



PokerStars Zoom Hand #254445425795:  Hold'em No Limit ($0.05/$0.10) - 2025/01/19 12:18:02 CET [2025/01/19 6:18:02 ET]
Table 'Aludra' 6-max Seat #1 is the button
Seat 1: steveisaak ($10 in chips) 
Seat 2: palpatine001 ($15.11 in chips) 
Seat 3: moriyan24 ($10 in chips) 
Seat 4: botan3328 ($10.56 in chips) 
Seat 5: vitalis2828 ($10 in chips) 
Seat 6: Mahu2021 ($9.25 in chips) 
palpatine001: posts small blind $0.05
moriyan24: posts big blind $0.10
*** HOLE CARDS ***
Dealt to Mahu2021 [8d Th]
botan3328: folds 
vitalis2828: folds 
Mahu2021: folds 
steveisaak: folds 
palpatine001: raises $0.20 to $0.30
moriyan24: raises $0.80 to $1.10
palpatine001: calls $0.80
*** FLOP *** [2h Kc Ks]
palpatine001: checks 
moriyan24: bets $0.55
palpatine001: calls $0.55
*** TURN *** [2h Kc Ks] [9d]
palpatine001: checks 
moriyan24: bets $2
palpatine001: folds 
Uncalled bet ($2) returned to moriyan24
moriyan24 collected $3.15 from pot
moriyan24: doesn't show hand 
*** SUMMARY ***
Total pot $3.30 | Rake $0.15 
Board [2h Kc Ks 9d]
Seat 1: steveisaak (button) folded before Flop (didn't bet)
Seat 2: palpatine001 (small blind) folded on the Turn
Seat 3: moriyan24 (big blind) collected ($3.15)
Seat 4: botan3328 folded before Flop (didn't bet)
Seat 5: vitalis2828 folded before Flop (didn't bet)
Seat 6: Mahu2021 folded before Flop (didn't bet)



PokerStars Zoom Hand #254445429514:  Hold'em No Limit ($0.05/$0.10) - 2025/01/19 12:18:30 CET [2025/01/19 6:18:30 ET]
Table 'Aludra' 6-max Seat #1 is the button
Seat 1: karabatak61 ($3.50 in chips) 
Seat 2: ChoboPower ($38.35 in chips) 
Seat 3: vitalis2828 ($10.44 in chips) 
Seat 4: botan3328 ($11.71 in chips) 
Seat 5: Mahu2021 ($9.25 in chips) 
Seat 6: kyus83 ($10.45 in chips) 
ChoboPower: posts small blind $0.05
vitalis2828: posts big blind $0.10
*** HOLE CARDS ***
Dealt to Mahu2021 [9d 5s]
botan3328: raises $0.10 to $0.20
Mahu2021: folds 
kyus83: folds 
karabatak61: folds 
ChoboPower: folds 
vitalis2828: folds 
Uncalled bet ($0.10) returned to botan3328
botan3328 collected $0.25 from pot
botan3328: doesn't show hand 
*** SUMMARY ***
Total pot $0.25 | Rake $0 
Seat 1: karabatak61 (button) folded before Flop (didn't bet)
Seat 2: ChoboPower (small blind) folded before Flop
Seat 3: vitalis2828 (big blind) folded before Flop
Seat 4: botan3328 collected ($0.25)
Seat 5: Mahu2021 folded before Flop (didn't bet)
Seat 6: kyus83 folded before Flop (didn't bet)



PokerStars Zoom Hand #254445430191:  Hold'em No Limit ($0.05/$0.10) - 2025/01/19 12:18:36 CET [2025/01/19 6:18:36 ET]
Table 'Aludra' 6-max Seat #1 is the button
Seat 1: Jajje7 ($10 in chips) 
Seat 2: Mahu2021 ($9.25 in chips) 
Seat 3: takusun ($10.15 in chips) 
Seat 4: totway ($10 in chips) 
Seat 5: botan3328 ($11.01 in chips) 
Seat 6: JordiVieira ($14.79 in chips) 
Mahu2021: posts small blind $0.05
takusun: posts big blind $0.10
*** HOLE CARDS ***
Dealt to Mahu2021 [7d 6c]
totway: folds 
botan3328: folds 
JordiVieira: folds 
Jajje7: folds 
Mahu2021: folds 
Uncalled bet ($0.05) returned to takusun
takusun collected $0.10 from pot
takusun: doesn't show hand 
*** SUMMARY ***
Total pot $0.10 | Rake $0 
Seat 1: Jajje7 (button) folded before Flop (didn't bet)
Seat 2: Mahu2021 (small blind) folded before Flop
Seat 3: takusun (big blind) collected ($0.10)
Seat 4: totway folded before Flop (didn't bet)
Seat 5: botan3328 folded before Flop (didn't bet)
Seat 6: JordiVieira folded before Flop (didn't bet)



PokerStars Zoom Hand #254445428738:  Hold'em No Limit ($0.05/$0.10) - 2025/01/19 12:18:25 CET [2025/01/19 6:18:25 ET]
Table 'Aludra' 6-max Seat #1 is the button
Seat 1: looser00091 ($14.97 in chips) 
Seat 2: steveisaak ($10 in chips) 
Seat 3: PiNe4ppLe ($14.35 in chips) 
Seat 4: Jajje7 ($15.91 in chips) 
Seat 5: BDP(s)1994 ($16.88 in chips) 
Seat 6: Mahu2021 ($9.25 in chips) 
steveisaak: posts small blind $0.05
PiNe4ppLe: posts big blind $0.10
*** HOLE CARDS ***
Dealt to Mahu2021 [4d 7h]
Jajje7: folds 
BDP(s)1994: folds 
Mahu2021: folds 
looser00091: folds 
steveisaak: raises $0.20 to $0.30
PiNe4ppLe: calls $0.20
*** FLOP *** [Td Qd 5s]
steveisaak: bets $0.19
PiNe4ppLe: folds 
Uncalled bet ($0.19) returned to steveisaak
steveisaak collected $0.57 from pot
steveisaak: doesn't show hand 
*** SUMMARY ***
Total pot $0.60 | Rake $0.03 
Board [Td Qd 5s]
Seat 1: looser00091 (button) folded before Flop (didn't bet)
Seat 2: steveisaak (small blind) collected ($0.57)
Seat 3: PiNe4ppLe (big blind) folded on the Flop
Seat 4: Jajje7 folded before Flop (didn't bet)
Seat 5: BDP(s)1994 folded before Flop (didn't bet)
Seat 6: Mahu2021 folded before Flop (didn't bet)



PokerStars Zoom Hand #254445427610:  Hold'em No Limit ($0.05/$0.10) - 2025/01/19 12:18:16 CET [2025/01/19 6:18:16 ET]
Table 'Aludra' 6-max Seat #1 is the button
Seat 1: PiNe4ppLe ($14.35 in chips) 
Seat 2: DirtyShot ($3.47 in chips) 
Seat 3: kyus83 ($10.55 in chips) 
Seat 4: totway ($22.66 in chips) 
Seat 5: Mahu2021 ($9.25 in chips) 
Seat 6: D.shadoww ($11.35 in chips) 
DirtyShot: posts small blind $0.05
kyus83: posts big blind $0.10
*** HOLE CARDS ***
Dealt to Mahu2021 [8h 9s]
totway: folds 
Mahu2021: folds 
D.shadoww: raises $0.10 to $0.20
PiNe4ppLe: folds 
DirtyShot: raises $0.20 to $0.40
kyus83: folds 
D.shadoww: calls $0.20
*** FLOP *** [7h 6s Jd]
DirtyShot: bets $0.50
D.shadoww: calls $0.50
*** TURN *** [7h 6s Jd] [7s]
DirtyShot: bets $2.57 and is all-in
D.shadoww: folds 
Uncalled bet ($2.57) returned to DirtyShot
DirtyShot collected $1.81 from pot
DirtyShot: doesn't show hand 
*** SUMMARY ***
Total pot $1.90 | Rake $0.09 
Board [7h 6s Jd 7s]
Seat 1: PiNe4ppLe (button) folded before Flop (didn't bet)
Seat 2: DirtyShot (small blind) collected ($1.81)
Seat 3: kyus83 (big blind) folded before Flop
Seat 4: totway folded before Flop (didn't bet)
Seat 5: Mahu2021 folded before Flop (didn't bet)
Seat 6: D.shadoww folded on the Turn



PokerStars Zoom Hand #254445431660:  Hold'em No Limit ($0.05/$0.10) - 2025/01/19 12:18:46 CET [2025/01/19 6:18:46 ET]
Table 'Aludra' 6-max Seat #1 is the button
Seat 1: andrew.startup4 ($12.09 in chips) 
Seat 2: moriyan24 ($10 in chips) 
Seat 3: Pastor28 ($10.10 in chips) 
Seat 4: Mahu2021 ($9.20 in chips) 
Seat 5: DJ JORDAN G. ($9.18 in chips) 
Seat 6: JordiVieira ($11.97 in chips) 
moriyan24: posts small blind $0.05
Pastor28: posts big blind $0.10
*** HOLE CARDS ***
Dealt to Mahu2021 [2h Jh]
Mahu2021: folds 
DJ JORDAN G.: folds 
JordiVieira: folds 
andrew.startup4: folds 
moriyan24: folds 
Uncalled bet ($0.05) returned to Pastor28
Pastor28 collected $0.10 from pot
Pastor28: doesn't show hand 
*** SUMMARY ***
Total pot $0.10 | Rake $0 
Seat 1: andrew.startup4 (button) folded before Flop (didn't bet)
Seat 2: moriyan24 (small blind) folded before Flop
Seat 3: Pastor28 (big blind) collected ($0.10)
Seat 4: Mahu2021 folded before Flop (didn't bet)
Seat 5: DJ JORDAN G. folded before Flop (didn't bet)
Seat 6: JordiVieira folded before Flop (didn't bet)



PokerStars Zoom Hand #254445432226:  Hold'em No Limit ($0.05/$0.10) - 2025/01/19 12:18:50 CET [2025/01/19 6:18:50 ET]
Table 'Aludra' 6-max Seat #1 is the button
Seat 1: DJ JORDAN G. ($9.18 in chips) 
Seat 2: volkman10 ($8.20 in chips) 
Seat 3: Mahu2021 ($9.20 in chips) 
Seat 4: taninof ($6.88 in chips) 
Seat 5: steveisaak ($10.27 in chips) 
Seat 6: botan3328 ($10.23 in chips) 
volkman10: posts small blind $0.05
Mahu2021: posts big blind $0.10
*** HOLE CARDS ***
Dealt to Mahu2021 [2s 4d]
taninof: raises $0.25 to $0.35
steveisaak: folds 
botan3328: folds 
DJ JORDAN G.: folds 
volkman10: folds 
Mahu2021: folds 
Uncalled bet ($0.25) returned to taninof
taninof collected $0.25 from pot
taninof: doesn't show hand 
*** SUMMARY ***
Total pot $0.25 | Rake $0 
Seat 1: DJ JORDAN G. (button) folded before Flop (didn't bet)
Seat 2: volkman10 (small blind) folded before Flop
Seat 3: Mahu2021 (big blind) folded before Flop
Seat 4: taninof collected ($0.25)
Seat 5: steveisaak folded before Flop (didn't bet)
Seat 6: botan3328 folded before Flop (didn't bet)



PokerStars Zoom Hand #254445433375:  Hold'em No Limit ($0.05/$0.10) - 2025/01/19 12:18:59 CET [2025/01/19 6:18:59 ET]
Table 'Aludra' 6-max Seat #1 is the button
Seat 1: taninof ($7.03 in chips) 
Seat 2: thedude1320 ($10 in chips) 
Seat 3: D.shadoww ($10.45 in chips) 
Seat 4: allrauneR ($4.10 in chips) 
Seat 5: JordiVieira ($11.92 in chips) 
Seat 6: Mahu2021 ($9.10 in chips) 
thedude1320: posts small blind $0.05
D.shadoww: posts big blind $0.10
*** HOLE CARDS ***
Dealt to Mahu2021 [Td 9c]
allrauneR: folds 
JordiVieira: folds 
Mahu2021: folds 
taninof: raises $6.93 to $7.03 and is all-in
thedude1320: folds 
D.shadoww: folds 
Uncalled bet ($6.93) returned to taninof
taninof collected $0.25 from pot
taninof: doesn't show hand 
*** SUMMARY ***
Total pot $0.25 | Rake $0 
Seat 1: taninof (button) collected ($0.25)
Seat 2: thedude1320 (small blind) folded before Flop
Seat 3: D.shadoww (big blind) folded before Flop
Seat 4: allrauneR folded before Flop (didn't bet)
Seat 5: JordiVieira folded before Flop (didn't bet)
Seat 6: Mahu2021 folded before Flop (didn't bet)



PokerStars Zoom Hand #254445432875:  Hold'em No Limit ($0.05/$0.10) - 2025/01/19 12:18:55 CET [2025/01/19 6:18:55 ET]
Table 'Aludra' 6-max Seat #1 is the button
Seat 1: Mahu2021 ($9.10 in chips) 
Seat 2: steveisaak ($11.57 in chips) 
Seat 3: ValenFer777 ($13.96 in chips) 
Seat 4: looser00091 ($15.37 in chips) 
Seat 5: Jajje7 ($16.06 in chips) 
Seat 6: allrauneR ($4.10 in chips) 
steveisaak: posts small blind $0.05
ValenFer777: posts big blind $0.10
*** HOLE CARDS ***
Dealt to Mahu2021 [9c 7d]
looser00091: folds 
Jajje7: raises $0.15 to $0.25
allrauneR: folds 
Mahu2021: folds 
steveisaak: calls $0.20
ValenFer777: calls $0.15
*** FLOP *** [8h 5d 3c]
steveisaak: checks 
ValenFer777: checks 
Jajje7: bets $0.30
steveisaak: calls $0.30
ValenFer777: folds 
*** TURN *** [8h 5d 3c] [Ah]
steveisaak: checks 
Jajje7: checks 
*** RIVER *** [8h 5d 3c Ah] [8s]
steveisaak: bets $0.32
Jajje7: calls $0.32
*** SHOW DOWN ***
steveisaak: shows [Ks Qd] (a pair of Eights)
Jajje7: shows [Kd Kc] (two pair, Kings and Eights)
Jajje7 collected $1.90 from pot
*** SUMMARY ***
Total pot $1.99 | Rake $0.09 
Board [8h 5d 3c Ah 8s]
Seat 1: Mahu2021 (button) folded before Flop (didn't bet)
Seat 2: steveisaak (small blind) showed [Ks Qd] and lost with a pair of Eights
Seat 3: ValenFer777 (big blind) folded on the Flop
Seat 4: looser00091 folded before Flop (didn't bet)
Seat 5: Jajje7 showed [Kd Kc] and won ($1.90) with two pair, Kings and Eights
Seat 6: allrauneR folded before Flop (didn't bet)



PokerStars Zoom Hand #254445439929:  Hold'em No Limit ($0.05/$0.10) - 2025/01/19 12:19:47 CET [2025/01/19 6:19:47 ET]
Table 'Aludra' 6-max Seat #1 is the button
Seat 1: thedude1320 ($10 in chips) 
Seat 2: georgerzs13 ($12.50 in chips) 
Seat 3: Mahu2021 ($8.85 in chips) 
Seat 4: DirtyShot ($4.03 in chips) 
Seat 5: Ironhelt ($10.80 in chips) 
Seat 6: looser00091 ($10.41 in chips) 
georgerzs13: posts small blind $0.05
Mahu2021: posts big blind $0.10
*** HOLE CARDS ***
Dealt to Mahu2021 [4h 2h]
DirtyShot: raises $0.30 to $0.40
Ironhelt: folds 
looser00091: folds 
thedude1320: folds 
georgerzs13: folds 
Mahu2021: folds 
Uncalled bet ($0.30) returned to DirtyShot
DirtyShot collected $0.25 from pot
DirtyShot: doesn't show hand 
*** SUMMARY ***
Total pot $0.25 | Rake $0 
Seat 1: thedude1320 (button) folded before Flop (didn't bet)
Seat 2: georgerzs13 (small blind) folded before Flop
Seat 3: Mahu2021 (big blind) folded before Flop
Seat 4: DirtyShot collected ($0.25)
Seat 5: Ironhelt folded before Flop (didn't bet)
Seat 6: looser00091 folded before Flop (didn't bet)



PokerStars Zoom Hand #254445434592:  Hold'em No Limit ($0.05/$0.10) - 2025/01/19 12:19:09 CET [2025/01/19 6:19:09 ET]
Table 'Aludra' 6-max Seat #1 is the button
Seat 1: Panda_Pooh_od ($10.40 in chips) 
Seat 2: Mahu2021 ($9.10 in chips) 
Seat 3: allrauneR ($4.10 in chips) 
Seat 4: Pastor28 ($10 in chips) 
Seat 5: botan3328 ($11.61 in chips) 
Seat 6: totway ($15.18 in chips) 
Mahu2021: posts small blind $0.05
allrauneR: posts big blind $0.10
*** HOLE CARDS ***
Dealt to Mahu2021 [Jd 8d]
Pastor28: folds 
botan3328: folds 
totway: folds 
Panda_Pooh_od: raises $0.15 to $0.25
Mahu2021: calls $0.20
allrauneR: calls $0.15
*** FLOP *** [As Kc 3h]
Mahu2021: checks 
allrauneR: checks 
Panda_Pooh_od: checks 
*** TURN *** [As Kc 3h] [4s]
Mahu2021: checks 
allrauneR: checks 
Panda_Pooh_od: checks 
*** RIVER *** [As Kc 3h 4s] [Tc]
Mahu2021: checks 
allrauneR: bets $0.72
Panda_Pooh_od: folds 
Mahu2021: folds 
Uncalled bet ($0.72) returned to allrauneR
allrauneR collected $0.71 from pot
allrauneR: doesn't show hand 
*** SUMMARY ***
Total pot $0.75 | Rake $0.04 
Board [As Kc 3h 4s Tc]
Seat 1: Panda_Pooh_od (button) folded on the River
Seat 2: Mahu2021 (small blind) folded on the River
Seat 3: allrauneR (big blind) collected ($0.71)
Seat 4: Pastor28 folded before Flop (didn't bet)
Seat 5: botan3328 folded before Flop (didn't bet)
Seat 6: totway folded before Flop (didn't bet)



PokerStars Zoom Hand #254445434045:  Hold'em No Limit ($0.05/$0.10) - 2025/01/19 12:19:04 CET [2025/01/19 6:19:04 ET]
Table 'Aludra' 6-max Seat #1 is the button
Seat 1: totway ($22.86 in chips) 
Seat 2: Pastor28 ($10.98 in chips) 
Seat 3: gjosi ($5.99 in chips) 
Seat 4: Mahu2021 ($9.10 in chips) 
Seat 5: moriyan24 ($10 in chips) 
Seat 6: JordiVieira ($11.92 in chips) 
Pastor28: posts small blind $0.05
gjosi: posts big blind $0.10
*** HOLE CARDS ***
Dealt to Mahu2021 [5c 5h]
Mahu2021: folds 
moriyan24: folds 
JordiVieira: raises $0.13 to $0.23
totway: raises $0.57 to $0.80
Pastor28: folds 
gjosi: folds 
JordiVieira: calls $0.57
*** FLOP *** [Ac 2d Qc]
JordiVieira: checks 
totway: checks 
*** TURN *** [Ac 2d Qc] [6s]
JordiVieira: checks 
totway: bets $0.55
JordiVieira: calls $0.55
*** RIVER *** [Ac 2d Qc 6s] [Tc]
JordiVieira: checks 
totway: bets $1.80
JordiVieira: raises $8.77 to $10.57 and is all-in
totway: folds 
Uncalled bet ($8.77) returned to JordiVieira
JordiVieira collected $6.16 from pot
JordiVieira: doesn't show hand 
*** SUMMARY ***
Total pot $6.45 | Rake $0.29 
Board [Ac 2d Qc 6s Tc]
Seat 1: totway (button) folded on the River
Seat 2: Pastor28 (small blind) folded before Flop
Seat 3: gjosi (big blind) folded before Flop
Seat 4: Mahu2021 folded before Flop (didn't bet)
Seat 5: moriyan24 folded before Flop (didn't bet)
Seat 6: JordiVieira collected ($6.16)



PokerStars Zoom Hand #254445442080:  Hold'em No Limit ($0.05/$0.10) - 2025/01/19 12:20:03 CET [2025/01/19 6:20:03 ET]
Table 'Aludra' 6-max Seat #1 is the button
Seat 1: Mahu2021 ($8.75 in chips) 
Seat 2: allrauneR ($4.56 in chips) 
Seat 3: ChemBurt ($16.07 in chips) 
Seat 4: karabatak61 ($2.63 in chips) 
Seat 5: kiks220272 ($11.49 in chips) 
Seat 6: D.shadoww ($10.30 in chips) 
allrauneR: posts small blind $0.05
ChemBurt: posts big blind $0.10
*** HOLE CARDS ***
Dealt to Mahu2021 [Th Ks]
karabatak61: raises $0.20 to $0.30
kiks220272: folds 
D.shadoww: folds 
Mahu2021: calls $0.30
allrauneR: folds 
ChemBurt: folds 
*** FLOP *** [Ah 5d 3s]
karabatak61: checks 
Mahu2021: checks 
*** TURN *** [Ah 5d 3s] [Ad]
karabatak61: bets $0.30
Mahu2021: calls $0.30
*** RIVER *** [Ah 5d 3s Ad] [Kd]
karabatak61: checks 
Mahu2021: bets $1.29
karabatak61: raises $0.74 to $2.03 and is all-in
Mahu2021: calls $0.74
*** SHOW DOWN ***
karabatak61: shows [9d Qd] (a flush, Ace high)
Mahu2021: shows [Th Ks] (two pair, Aces and Kings)
karabatak61 collected $5.17 from pot
*** SUMMARY ***
Total pot $5.41 | Rake $0.24 
Board [Ah 5d 3s Ad Kd]
Seat 1: Mahu2021 (button) showed [Th Ks] and lost with two pair, Aces and Kings
Seat 2: allrauneR (small blind) folded before Flop
Seat 3: ChemBurt (big blind) folded before Flop
Seat 4: karabatak61 showed [9d Qd] and won ($5.17) with a flush, Ace high
Seat 5: kiks220272 folded before Flop (didn't bet)
Seat 6: D.shadoww folded before Flop (didn't bet)



PokerStars Zoom Hand #254445441365:  Hold'em No Limit ($0.05/$0.10) - 2025/01/19 12:19:58 CET [2025/01/19 6:19:58 ET]
Table 'Aludra' 6-max Seat #1 is the button
Seat 1: Pastor28 ($10 in chips) 
Seat 2: Jajje7 ($16.99 in chips) 
Seat 3: thedude1320 ($10 in chips) 
Seat 4: kyus83 ($10.57 in chips) 
Seat 5: Mahu2021 ($8.75 in chips) 
Seat 6: royacht ($6.72 in chips) 
Jajje7: posts small blind $0.05
thedude1320: posts big blind $0.10
*** HOLE CARDS ***
Dealt to Mahu2021 [Kd 6d]
kyus83: folds 
Mahu2021: folds 
royacht: folds 
Pastor28: folds 
Jajje7: raises $0.20 to $0.30
thedude1320: calls $0.20
*** FLOP *** [Kh Qh Jh]
Jajje7: checks 
thedude1320: bets $0.19
Jajje7: calls $0.19
*** TURN *** [Kh Qh Jh] [7s]
Jajje7: checks 
thedude1320: bets $0.71
Jajje7: calls $0.71
*** RIVER *** [Kh Qh Jh 7s] [9c]
Jajje7: checks 
thedude1320: checks 
*** SHOW DOWN ***
Jajje7: shows [Ac Ts] (a straight, Ten to Ace)
thedude1320: mucks hand 
Jajje7 collected $2.29 from pot
*** SUMMARY ***
Total pot $2.40 | Rake $0.11 
Board [Kh Qh Jh 7s 9c]
Seat 1: Pastor28 (button) folded before Flop (didn't bet)
Seat 2: Jajje7 (small blind) showed [Ac Ts] and won ($2.29) with a straight, Ten to Ace
Seat 3: thedude1320 (big blind) mucked [3s 3d]
Seat 4: kyus83 folded before Flop (didn't bet)
Seat 5: Mahu2021 folded before Flop (didn't bet)
Seat 6: royacht folded before Flop (didn't bet)



PokerStars Zoom Hand #254445447058:  Hold'em No Limit ($0.05/$0.10) - 2025/01/19 12:20:39 CET [2025/01/19 6:20:39 ET]
Table 'Aludra' 6-max Seat #1 is the button
Seat 1: JordiVieira ($14.93 in chips) 
Seat 2: karabatak61 ($5.17 in chips) 
Seat 3: andrew.startup4 ($11.79 in chips) 
Seat 4: steveisaak ($15.71 in chips) 
Seat 5: Mahu2021 ($6.12 in chips) 
Seat 6: Pastor28 ($10.32 in chips) 
karabatak61: posts small blind $0.05
andrew.startup4: posts big blind $0.10
*** HOLE CARDS ***
Dealt to Mahu2021 [7s 5h]
steveisaak: raises $0.10 to $0.20
Mahu2021: folds 
Pastor28: folds 
JordiVieira: folds 
karabatak61: folds 
andrew.startup4: folds 
Uncalled bet ($0.10) returned to steveisaak
steveisaak collected $0.25 from pot
steveisaak: doesn't show hand 
*** SUMMARY ***
Total pot $0.25 | Rake $0 
Seat 1: JordiVieira (button) folded before Flop (didn't bet)
Seat 2: karabatak61 (small blind) folded before Flop
Seat 3: andrew.startup4 (big blind) folded before Flop
Seat 4: steveisaak collected ($0.25)
Seat 5: Mahu2021 folded before Flop (didn't bet)
Seat 6: Pastor28 folded before Flop (didn't bet)



PokerStars Zoom Hand #254445447494:  Hold'em No Limit ($0.05/$0.10) - 2025/01/19 12:20:43 CET [2025/01/19 6:20:43 ET]
Table 'Aludra' 6-max Seat #1 is the button
Seat 1: moriyan24 ($11.43 in chips) 
Seat 2: Mahu2021 ($6.12 in chips) 
Seat 3: ChemBurt ($15.92 in chips) 
Seat 4: Jajje7 ($11.92 in chips) 
Seat 5: PiNe4ppLe ($17.23 in chips) 
Seat 6: kiks220272 ($11.67 in chips) 
Mahu2021: posts small blind $0.05
ChemBurt: posts big blind $0.10
*** HOLE CARDS ***
Dealt to Mahu2021 [3h 6c]
Jajje7: folds 
PiNe4ppLe: folds 
kiks220272: folds 
moriyan24: folds 
Mahu2021: folds 
Uncalled bet ($0.05) returned to ChemBurt
ChemBurt collected $0.10 from pot
ChemBurt: doesn't show hand 
*** SUMMARY ***
Total pot $0.10 | Rake $0 
Seat 1: moriyan24 (button) folded before Flop (didn't bet)
Seat 2: Mahu2021 (small blind) folded before Flop
Seat 3: ChemBurt (big blind) collected ($0.10)
Seat 4: Jajje7 folded before Flop (didn't bet)
Seat 5: PiNe4ppLe folded before Flop (didn't bet)
Seat 6: kiks220272 folded before Flop (didn't bet)



PokerStars Zoom Hand #254445450107:  Hold'em No Limit ($0.05/$0.10) - 2025/01/19 12:21:02 CET [2025/01/19 6:21:02 ET]
Table 'Aludra' 6-max Seat #1 is the button
Seat 1: Mahu2021 ($5.97 in chips) 
Seat 2: BReDnaya89 ($17.57 in chips) 
Seat 3: flyzoim ($17.29 in chips) 
Seat 4: DirtyShot ($4.76 in chips) 
Seat 5: iza_doria ($6.05 in chips) 
Seat 6: ChoboPower ($40.16 in chips) 
BReDnaya89: posts small blind $0.05
flyzoim: posts big blind $0.10
*** HOLE CARDS ***
Dealt to Mahu2021 [Kh 5h]
DirtyShot: raises $0.30 to $0.40
iza_doria: folds 
ChoboPower: folds 
Mahu2021: folds 
BReDnaya89: folds 
flyzoim: folds 
Uncalled bet ($0.30) returned to DirtyShot
DirtyShot collected $0.25 from pot
DirtyShot: doesn't show hand 
*** SUMMARY ***
Total pot $0.25 | Rake $0 
Seat 1: Mahu2021 (button) folded before Flop (didn't bet)
Seat 2: BReDnaya89 (small blind) folded before Flop
Seat 3: flyzoim (big blind) folded before Flop
Seat 4: DirtyShot collected ($0.25)
Seat 5: iza_doria folded before Flop (didn't bet)
Seat 6: ChoboPower folded before Flop (didn't bet)



PokerStars Zoom Hand #254445447894:  Hold'em No Limit ($0.05/$0.10) - 2025/01/19 12:20:46 CET [2025/01/19 6:20:46 ET]
Table 'Aludra' 6-max Seat #1 is the button
Seat 1: thedude1320 ($11.76 in chips) 
Seat 2: godgift1980 ($33.86 in chips) 
Seat 3: iza_doria ($4.87 in chips) 
Seat 4: Pastor28 ($10.32 in chips) 
Seat 5: shin_0831 ($9.27 in chips) 
Seat 6: Mahu2021 ($6.07 in chips) 
godgift1980: posts small blind $0.05
iza_doria: posts big blind $0.10
*** HOLE CARDS ***
Dealt to Mahu2021 [9s 5s]
Pastor28: folds 
shin_0831: raises $0.10 to $0.20
Mahu2021: folds 
thedude1320: calls $0.20
godgift1980: folds 
iza_doria: folds 
*** FLOP *** [Ac Ks Ts]
shin_0831: bets $0.40
thedude1320: calls $0.40
*** TURN *** [Ac Ks Ts] [Jc]
shin_0831: bets $0.97
thedude1320: folds 
Uncalled bet ($0.97) returned to shin_0831
shin_0831 collected $1.29 from pot
shin_0831: doesn't show hand 
*** SUMMARY ***
Total pot $1.35 | Rake $0.06 
Board [Ac Ks Ts Jc]
Seat 1: thedude1320 (button) folded on the Turn
Seat 2: godgift1980 (small blind) folded before Flop
Seat 3: iza_doria (big blind) folded before Flop
Seat 4: Pastor28 folded before Flop (didn't bet)
Seat 5: shin_0831 collected ($1.29)
Seat 6: Mahu2021 folded before Flop (didn't bet)



PokerStars Zoom Hand #254445451024:  Hold'em No Limit ($0.05/$0.10) - 2025/01/19 12:21:09 CET [2025/01/19 6:21:09 ET]
Table 'Aludra' 6-max Seat #1 is the button
Seat 1: 00O-2Z ($10 in chips) 
Seat 2: Mahu2021 ($5.97 in chips) 
Seat 3: royacht ($6.66 in chips) 
Seat 4: allrauneR ($4.59 in chips) 
Seat 5: potusthedog ($10.20 in chips) 
Seat 6: iza_doria ($4.77 in chips) 
Mahu2021: posts small blind $0.05
royacht: posts big blind $0.10
*** HOLE CARDS ***
Dealt to Mahu2021 [Jd Jh]
allrauneR: folds 
potusthedog: folds 
iza_doria: folds 
00O-2Z: folds 
Mahu2021: raises $0.20 to $0.30
royacht: folds 
Uncalled bet ($0.20) returned to Mahu2021
Mahu2021 collected $0.20 from pot
Mahu2021: doesn't show hand 
*** SUMMARY ***
Total pot $0.20 | Rake $0 
Seat 1: 00O-2Z (button) folded before Flop (didn't bet)
Seat 2: Mahu2021 (small blind) collected ($0.20)
Seat 3: royacht (big blind) folded before Flop
Seat 4: allrauneR folded before Flop (didn't bet)
Seat 5: potusthedog folded before Flop (didn't bet)
Seat 6: iza_doria folded before Flop (didn't bet)



PokerStars Zoom Hand #254445448837:  Hold'em No Limit ($0.05/$0.10) - 2025/01/19 12:20:52 CET [2025/01/19 6:20:52 ET]
Table 'Aludra' 6-max Seat #1 is the button
Seat 1: thedude1320 ($10 in chips) 
Seat 2: volkman10 ($9.67 in chips) 
Seat 3: Mahu2021 ($6.07 in chips) 
Seat 4: pisti76 ($12.18 in chips) 
Seat 5: taninof ($6.76 in chips) 
Seat 6: gogogo711 ($12.83 in chips) 
volkman10: posts small blind $0.05
Mahu2021: posts big blind $0.10
*** HOLE CARDS ***
Dealt to Mahu2021 [Jd 8s]
pisti76: folds 
taninof: calls $0.10
gogogo711: raises $0.30 to $0.40
thedude1320: folds 
volkman10: folds 
Mahu2021: folds 
taninof: calls $0.30
*** FLOP *** [2h Kh Qd]
taninof: checks 
gogogo711: bets $0.30
taninof: folds 
Uncalled bet ($0.30) returned to gogogo711
gogogo711 collected $0.91 from pot
gogogo711: doesn't show hand 
*** SUMMARY ***
Total pot $0.95 | Rake $0.04 
Board [2h Kh Qd]
Seat 1: thedude1320 (button) folded before Flop (didn't bet)
Seat 2: volkman10 (small blind) folded before Flop
Seat 3: Mahu2021 (big blind) folded before Flop
Seat 4: pisti76 folded before Flop (didn't bet)
Seat 5: taninof folded on the Flop
Seat 6: gogogo711 collected ($0.91)



PokerStars Zoom Hand #254445452189:  Hold'em No Limit ($0.05/$0.10) - 2025/01/19 12:21:18 CET [2025/01/19 6:21:18 ET]
Table 'Aludra' 6-max Seat #1 is the button
Seat 1: ChemBurt ($15.92 in chips) 
Seat 2: moriyan24 ($11.33 in chips) 
Seat 3: PiNe4ppLe ($18.82 in chips) 
Seat 4: Mahu2021 ($6.07 in chips) 
Seat 5: steveisaak ($10.05 in chips) 
Seat 6: gogogo711 ($31.64 in chips) 
moriyan24: posts small blind $0.05
PiNe4ppLe: posts big blind $0.10
*** HOLE CARDS ***
Dealt to Mahu2021 [2s 9d]
Mahu2021: folds 
steveisaak: folds 
gogogo711: raises $0.15 to $0.25
ChemBurt: folds 
moriyan24: folds 
PiNe4ppLe: folds 
Uncalled bet ($0.15) returned to gogogo711
gogogo711 collected $0.25 from pot
gogogo711: doesn't show hand 
*** SUMMARY ***
Total pot $0.25 | Rake $0 
Seat 1: ChemBurt (button) folded before Flop (didn't bet)
Seat 2: moriyan24 (small blind) folded before Flop
Seat 3: PiNe4ppLe (big blind) folded before Flop
Seat 4: Mahu2021 folded before Flop (didn't bet)
Seat 5: steveisaak folded before Flop (didn't bet)
Seat 6: gogogo711 collected ($0.25)



PokerStars Zoom Hand #254445448323:  Hold'em No Limit ($0.05/$0.10) - 2025/01/19 12:20:49 CET [2025/01/19 6:20:49 ET]
Table 'Aludra' 6-max Seat #1 is the button
Seat 1: totway ($19.96 in chips) 
Seat 2: looser00091 ($10.26 in chips) 
Seat 3: godgift1980 ($33.81 in chips) 
Seat 4: Mahu2021 ($6.07 in chips) 
Seat 5: palpatine001 ($15 in chips) 
Seat 6: Pastor28 ($10.32 in chips) 
looser00091: posts small blind $0.05
godgift1980: posts big blind $0.10
*** HOLE CARDS ***
Dealt to Mahu2021 [6d Qd]
Mahu2021: folds 
palpatine001: folds 
Pastor28: folds 
totway: raises $0.12 to $0.22
looser00091: folds 
godgift1980: calls $0.12
*** FLOP *** [Jc 6c 5d]
godgift1980: checks 
totway: bets $0.31
godgift1980: calls $0.31
*** TURN *** [Jc 6c 5d] [8c]
godgift1980: bets $0.53
totway: folds 
Uncalled bet ($0.53) returned to godgift1980
godgift1980 collected $1.06 from pot
godgift1980: doesn't show hand 
*** SUMMARY ***
Total pot $1.11 | Rake $0.05 
Board [Jc 6c 5d 8c]
Seat 1: totway (button) folded on the Turn
Seat 2: looser00091 (small blind) folded before Flop
Seat 3: godgift1980 (big blind) collected ($1.06)
Seat 4: Mahu2021 folded before Flop (didn't bet)
Seat 5: palpatine001 folded before Flop (didn't bet)
Seat 6: Pastor28 folded before Flop (didn't bet)



PokerStars Zoom Hand #254445452734:  Hold'em No Limit ($0.05/$0.10) - 2025/01/19 12:21:22 CET [2025/01/19 6:21:22 ET]
Table 'Aludra' 6-max Seat #1 is the button
Seat 1: BReDnaya89 ($17.52 in chips) 
Seat 2: schmitinho ($16.23 in chips) 
Seat 3: starrld219 ($6.07 in chips) 
Seat 4: moriyan24 ($10.15 in chips) 
Seat 5: Mahu2021 ($6.07 in chips) 
Seat 6: ValenFer777 ($10.22 in chips) 
schmitinho: posts small blind $0.05
starrld219: posts big blind $0.10
*** HOLE CARDS ***
Dealt to Mahu2021 [3s Td]
moriyan24: raises $0.20 to $0.30
Mahu2021: folds 
ValenFer777: folds 
BReDnaya89: folds 
schmitinho: folds 
starrld219: folds 
Uncalled bet ($0.20) returned to moriyan24
moriyan24 collected $0.25 from pot
moriyan24: doesn't show hand 
*** SUMMARY ***
Total pot $0.25 | Rake $0 
Seat 1: BReDnaya89 (button) folded before Flop (didn't bet)
Seat 2: schmitinho (small blind) folded before Flop
Seat 3: starrld219 (big blind) folded before Flop
Seat 4: moriyan24 collected ($0.25)
Seat 5: Mahu2021 folded before Flop (didn't bet)
Seat 6: ValenFer777 folded before Flop (didn't bet)



PokerStars Zoom Hand #254445453976:  Hold'em No Limit ($0.05/$0.10) - 2025/01/19 12:21:31 CET [2025/01/19 6:21:31 ET]
Table 'Aludra' 6-max Seat #1 is the button
Seat 1: isieisli ($35.19 in chips) 
Seat 2: iza_doria ($5.19 in chips) 
Seat 3: DirtyShot ($5.01 in chips) 
Seat 4: Ironhelt ($13.98 in chips) 
Seat 5: Mahu2021 ($6.07 in chips) 
Seat 6: Panda_Pooh_od ($10 in chips) 
iza_doria: posts small blind $0.05
DirtyShot: posts big blind $0.10
*** HOLE CARDS ***
Dealt to Mahu2021 [Qd Ad]
Ironhelt: folds 
Mahu2021: raises $0.20 to $0.30
Panda_Pooh_od: folds 
isieisli: folds 
iza_doria: folds 
DirtyShot: calls $0.20
*** FLOP *** [Jc Kc Kh]
DirtyShot: checks 
Mahu2021: bets $0.30
DirtyShot: folds 
Uncalled bet ($0.30) returned to Mahu2021
Mahu2021 collected $0.62 from pot
Mahu2021: doesn't show hand 
*** SUMMARY ***
Total pot $0.65 | Rake $0.03 
Board [Jc Kc Kh]
Seat 1: isieisli (button) folded before Flop (didn't bet)
Seat 2: iza_doria (small blind) folded before Flop
Seat 3: DirtyShot (big blind) folded on the Flop
Seat 4: Ironhelt folded before Flop (didn't bet)
Seat 5: Mahu2021 collected ($0.62)
Seat 6: Panda_Pooh_od folded before Flop (didn't bet)



PokerStars Zoom Hand #254445453158:  Hold'em No Limit ($0.05/$0.10) - 2025/01/19 12:21:25 CET [2025/01/19 6:21:25 ET]
Table 'Aludra' 6-max Seat #1 is the button
Seat 1: DirtyShot ($5.01 in chips) 
Seat 2: botan3328 ($11.06 in chips) 
Seat 3: PiNe4ppLe ($17.33 in chips) 
Seat 4: BDP(s)1994 ($19.65 in chips) 
Seat 5: Panda_Pooh_od ($10 in chips) 
Seat 6: Mahu2021 ($6.07 in chips) 
botan3328: posts small blind $0.05
PiNe4ppLe: posts big blind $0.10
*** HOLE CARDS ***
Dealt to Mahu2021 [7c Jh]
BDP(s)1994: folds 
Panda_Pooh_od: folds 
Mahu2021: folds 
DirtyShot: folds 
botan3328: raises $0.20 to $0.30
PiNe4ppLe: calls $0.20
*** FLOP *** [2c Kh 8c]
botan3328: bets $0.19
PiNe4ppLe: calls $0.19
*** TURN *** [2c Kh 8c] [2s]
botan3328: bets $0.71
PiNe4ppLe: folds 
Uncalled bet ($0.71) returned to botan3328
botan3328 collected $0.94 from pot
botan3328: doesn't show hand 
*** SUMMARY ***
Total pot $0.98 | Rake $0.04 
Board [2c Kh 8c 2s]
Seat 1: DirtyShot (button) folded before Flop (didn't bet)
Seat 2: botan3328 (small blind) collected ($0.94)
Seat 3: PiNe4ppLe (big blind) folded on the Turn
Seat 4: BDP(s)1994 folded before Flop (didn't bet)
Seat 5: Panda_Pooh_od folded before Flop (didn't bet)
Seat 6: Mahu2021 folded before Flop (didn't bet)



PokerStars Zoom Hand #254445458635:  Hold'em No Limit ($0.05/$0.10) - 2025/01/19 12:22:06 CET [2025/01/19 6:22:06 ET]
Table 'Aludra' 6-max Seat #1 is the button
Seat 1: steveisaak ($17.56 in chips) 
Seat 2: Mahu2021 ($6.29 in chips) 
Seat 3: moriyan24 ($10.45 in chips) 
Seat 4: andrew.startup4 ($11.79 in chips) 
Seat 5: godgift1980 ($34.62 in chips) 
Seat 6: totway ($10 in chips) 
Mahu2021: posts small blind $0.05
moriyan24: posts big blind $0.10
*** HOLE CARDS ***
Dealt to Mahu2021 [Qs 4d]
andrew.startup4: folds 
godgift1980: folds 
totway: folds 
steveisaak: folds 
Mahu2021: folds 
Uncalled bet ($0.05) returned to moriyan24
moriyan24 collected $0.10 from pot
moriyan24: doesn't show hand 
*** SUMMARY ***
Total pot $0.10 | Rake $0 
Seat 1: steveisaak (button) folded before Flop (didn't bet)
Seat 2: Mahu2021 (small blind) folded before Flop
Seat 3: moriyan24 (big blind) collected ($0.10)
Seat 4: andrew.startup4 folded before Flop (didn't bet)
Seat 5: godgift1980 folded before Flop (didn't bet)
Seat 6: totway folded before Flop (didn't bet)



PokerStars Zoom Hand #254445459223:  Hold'em No Limit ($0.05/$0.10) - 2025/01/19 12:22:10 CET [2025/01/19 6:22:10 ET]
Table 'Aludra' 6-max Seat #1 is the button
Seat 1: Mahu2021 ($6.24 in chips) 
Seat 2: Panda_Pooh_od ($10.32 in chips) 
Seat 3: isieisli ($35.19 in chips) 
Seat 4: allrauneR ($4.19 in chips) 
Seat 5: PiNe4ppLe ($16.84 in chips) 
Seat 6: Pastor28 ($11.85 in chips) 
Panda_Pooh_od: posts small blind $0.05
isieisli: posts big blind $0.10
*** HOLE CARDS ***
Dealt to Mahu2021 [Qd 7c]
allrauneR: folds 
PiNe4ppLe: raises $0.12 to $0.22
Pastor28: folds 
Mahu2021: folds 
Panda_Pooh_od: folds 
isieisli: folds 
Uncalled bet ($0.12) returned to PiNe4ppLe
PiNe4ppLe collected $0.25 from pot
PiNe4ppLe: doesn't show hand 
*** SUMMARY ***
Total pot $0.25 | Rake $0 
Seat 1: Mahu2021 (button) folded before Flop (didn't bet)
Seat 2: Panda_Pooh_od (small blind) folded before Flop
Seat 3: isieisli (big blind) folded before Flop
Seat 4: allrauneR folded before Flop (didn't bet)
Seat 5: PiNe4ppLe collected ($0.25)
Seat 6: Pastor28 folded before Flop (didn't bet)



PokerStars Zoom Hand #254445459636:  Hold'em No Limit ($0.05/$0.10) - 2025/01/19 12:22:13 CET [2025/01/19 6:22:13 ET]
Table 'Aludra' 6-max Seat #1 is the button
Seat 1: Ironhelt ($13.83 in chips) 
Seat 2: allrauneR ($4.19 in chips) 
Seat 3: potusthedog ($11.06 in chips) 
Seat 4: kiks220272 ($10.57 in chips) 
Seat 5: vitalis2828 ($10 in chips) 
Seat 6: Mahu2021 ($6.24 in chips) 
allrauneR: posts small blind $0.05
potusthedog: posts big blind $0.10
*** HOLE CARDS ***
Dealt to Mahu2021 [7d 2c]
kiks220272: folds 
vitalis2828: folds 
Mahu2021: folds 
Ironhelt: folds 
allrauneR: folds 
Uncalled bet ($0.05) returned to potusthedog
potusthedog collected $0.10 from pot
potusthedog: doesn't show hand 
*** SUMMARY ***
Total pot $0.10 | Rake $0 
Seat 1: Ironhelt (button) folded before Flop (didn't bet)
Seat 2: allrauneR (small blind) folded before Flop
Seat 3: potusthedog (big blind) collected ($0.10)
Seat 4: kiks220272 folded before Flop (didn't bet)
Seat 5: vitalis2828 folded before Flop (didn't bet)
Seat 6: Mahu2021 folded before Flop (didn't bet)



PokerStars Zoom Hand #254445460755:  Hold'em No Limit ($0.05/$0.10) - 2025/01/19 12:22:21 CET [2025/01/19 6:22:21 ET]
Table 'Aludra' 6-max Seat #1 is the button
Seat 1: Panda_Pooh_od ($10.27 in chips) 
Seat 2: moriyan24 ($10.50 in chips) 
Seat 3: Mahu2021 ($6.24 in chips) 
Seat 4: kiks220272 ($12.14 in chips) 
Seat 5: gogogo711 ($31.79 in chips) 
Seat 6: iza_doria ($5.04 in chips) 
moriyan24: posts small blind $0.05
Mahu2021: posts big blind $0.10
*** HOLE CARDS ***
Dealt to Mahu2021 [6s Tc]
kiks220272: folds 
gogogo711: folds 
iza_doria: folds 
Panda_Pooh_od: raises $0.15 to $0.25
moriyan24: folds 
Mahu2021: folds 
Uncalled bet ($0.15) returned to Panda_Pooh_od
Panda_Pooh_od collected $0.25 from pot
Panda_Pooh_od: doesn't show hand 
*** SUMMARY ***
Total pot $0.25 | Rake $0 
Seat 1: Panda_Pooh_od (button) collected ($0.25)
Seat 2: moriyan24 (small blind) folded before Flop
Seat 3: Mahu2021 (big blind) folded before Flop
Seat 4: kiks220272 folded before Flop (didn't bet)
Seat 5: gogogo711 folded before Flop (didn't bet)
Seat 6: iza_doria folded before Flop (didn't bet)



PokerStars Zoom Hand #254445462832:  Hold'em No Limit ($0.05/$0.10) - 2025/01/19 12:22:36 CET [2025/01/19 6:22:36 ET]
Table 'Aludra' 6-max Seat #1 is the button
Seat 1: Ironhelt ($10.40 in chips) 
Seat 2: moriyan24 ($15.95 in chips) 
Seat 3: Panda_Pooh_od ($10.42 in chips) 
Seat 4: iza_doria ($6.52 in chips) 
Seat 5: PiNe4ppLe ($27.22 in chips) 
Seat 6: Mahu2021 ($6.14 in chips) 
moriyan24: posts small blind $0.05
Panda_Pooh_od: posts big blind $0.10
*** HOLE CARDS ***
Dealt to Mahu2021 [Qd 9s]
iza_doria: folds 
PiNe4ppLe: folds 
Mahu2021: folds 
Ironhelt: folds 
moriyan24: folds 
Uncalled bet ($0.05) returned to Panda_Pooh_od
Panda_Pooh_od collected $0.10 from pot
Panda_Pooh_od: doesn't show hand 
*** SUMMARY ***
Total pot $0.10 | Rake $0 
Seat 1: Ironhelt (button) folded before Flop (didn't bet)
Seat 2: moriyan24 (small blind) folded before Flop
Seat 3: Panda_Pooh_od (big blind) collected ($0.10)
Seat 4: iza_doria folded before Flop (didn't bet)
Seat 5: PiNe4ppLe folded before Flop (didn't bet)
Seat 6: Mahu2021 folded before Flop (didn't bet)



PokerStars Zoom Hand #254445463539:  Hold'em No Limit ($0.05/$0.10) - 2025/01/19 12:22:41 CET [2025/01/19 6:22:41 ET]
Table 'Aludra' 6-max Seat #1 is the button
Seat 1: BDP(s)1994 ($18.50 in chips) 
Seat 2: PiNe4ppLe ($27.22 in chips) 
Seat 3: Panda_Pooh_od ($10 in chips) 
Seat 4: ChemBurt ($16.45 in chips) 
Seat 5: Mahu2021 ($6.14 in chips) 
Seat 6: D.shadoww ($10 in chips) 
PiNe4ppLe: posts small blind $0.05
Panda_Pooh_od: posts big blind $0.10
*** HOLE CARDS ***
Dealt to Mahu2021 [Ac Kc]
ChemBurt: folds 
Mahu2021: raises $0.20 to $0.30
D.shadoww: folds 
BDP(s)1994: folds 
PiNe4ppLe: folds 
Panda_Pooh_od: folds 
Uncalled bet ($0.20) returned to Mahu2021
Mahu2021 collected $0.25 from pot
Mahu2021: doesn't show hand 
*** SUMMARY ***
Total pot $0.25 | Rake $0 
Seat 1: BDP(s)1994 (button) folded before Flop (didn't bet)
Seat 2: PiNe4ppLe (small blind) folded before Flop
Seat 3: Panda_Pooh_od (big blind) folded before Flop
Seat 4: ChemBurt folded before Flop (didn't bet)
Seat 5: Mahu2021 collected ($0.25)
Seat 6: D.shadoww folded before Flop (didn't bet)



PokerStars Zoom Hand #254445456297:  Hold'em No Limit ($0.05/$0.10) - 2025/01/19 12:21:48 CET [2025/01/19 6:21:48 ET]
Table 'Aludra' 6-max Seat #1 is the button
Seat 1: shin_0831 ($9.96 in chips) 
Seat 2: botan3328 ($10.18 in chips) 
Seat 3: Mahu2021 ($6.39 in chips) 
Seat 4: Pastor28 ($11.19 in chips) 
Seat 5: Jajje7 ($16.89 in chips) 
Seat 6: PiNe4ppLe ($18.67 in chips) 
botan3328: posts small blind $0.05
Mahu2021: posts big blind $0.10
*** HOLE CARDS ***
Dealt to Mahu2021 [Kc 4c]
Pastor28: folds 
Jajje7: raises $0.15 to $0.25
PiNe4ppLe: folds 
shin_0831: raises $0.45 to $0.70
botan3328: folds 
Mahu2021: folds 
Jajje7: raises $1.10 to $1.80
shin_0831: calls $1.10
*** FLOP *** [6d Ah 5s]
Jajje7: bets $0.90
shin_0831: calls $0.90
*** TURN *** [6d Ah 5s] [Jd]
Jajje7: bets $2.20
shin_0831: calls $2.20
*** RIVER *** [6d Ah 5s Jd] [3c]
Jajje7: checks 
shin_0831: checks 
*** SHOW DOWN ***
Jajje7: shows [Qh Qc] (a pair of Queens)
shin_0831: shows [Qd Ad] (a pair of Aces)
shin_0831 collected $9.50 from pot
*** SUMMARY ***
Total pot $9.95 | Rake $0.45 
Board [6d Ah 5s Jd 3c]
Seat 1: shin_0831 (button) showed [Qd Ad] and won ($9.50) with a pair of Aces
Seat 2: botan3328 (small blind) folded before Flop
Seat 3: Mahu2021 (big blind) folded before Flop
Seat 4: Pastor28 folded before Flop (didn't bet)
Seat 5: Jajje7 showed [Qh Qc] and lost with a pair of Queens
Seat 6: PiNe4ppLe folded before Flop (didn't bet)



PokerStars Zoom Hand #254445460197:  Hold'em No Limit ($0.05/$0.10) - 2025/01/19 12:22:17 CET [2025/01/19 6:22:17 ET]
Table 'Aludra' 6-max Seat #1 is the button
Seat 1: Mahu2021 ($6.24 in chips) 
Seat 2: isieisli ($35.09 in chips) 
Seat 3: totway ($10 in chips) 
Seat 4: Ironhelt ($13.83 in chips) 
Seat 5: botan3328 ($11.51 in chips) 
Seat 6: gogogo711 ($31.79 in chips) 
isieisli: posts small blind $0.05
totway: posts big blind $0.10
*** HOLE CARDS ***
Dealt to Mahu2021 [3c 6h]
Ironhelt: raises $0.10 to $0.20
botan3328: raises $0.50 to $0.70
gogogo711: folds 
Mahu2021: folds 
isieisli: folds 
totway: folds 
Ironhelt: calls $0.50
*** FLOP *** [7d 8s 2c]
Ironhelt: checks 
botan3328: checks 
*** TURN *** [7d 8s 2c] [8d]
Ironhelt: checks 
botan3328: checks 
*** RIVER *** [7d 8s 2c 8d] [Tc]
Ironhelt: checks 
botan3328: checks 
*** SHOW DOWN ***
Ironhelt: shows [Qc Jc] (a pair of Eights)
botan3328: shows [As Kc] (a pair of Eights - Ace kicker)
botan3328 collected $1.48 from pot
*** SUMMARY ***
Total pot $1.55 | Rake $0.07 
Board [7d 8s 2c 8d Tc]
Seat 1: Mahu2021 (button) folded before Flop (didn't bet)
Seat 2: isieisli (small blind) folded before Flop
Seat 3: totway (big blind) folded before Flop
Seat 4: Ironhelt showed [Qc Jc] and lost with a pair of Eights
Seat 5: botan3328 showed [As Kc] and won ($1.48) with a pair of Eights
Seat 6: gogogo711 folded before Flop (didn't bet)



PokerStars Zoom Hand #254445462147:  Hold'em No Limit ($0.05/$0.10) - 2025/01/19 12:22:31 CET [2025/01/19 6:22:31 ET]
Table 'Aludra' 6-max Seat #1 is the button
Seat 1: JordiVieira ($13.31 in chips) 
Seat 2: gogogo711 ($31.79 in chips) 
Seat 3: kyus83 ($12.07 in chips) 
Seat 4: Mahu2021 ($6.14 in chips) 
Seat 5: 00O-2Z ($10.05 in chips) 
Seat 6: botan3328 ($10 in chips) 
gogogo711: posts small blind $0.05
kyus83: posts big blind $0.10
*** HOLE CARDS ***
Dealt to Mahu2021 [8d 5c]
Mahu2021: folds 
00O-2Z: raises $0.20 to $0.30
botan3328: folds 
JordiVieira: folds 
gogogo711: folds 
kyus83: calls $0.20
*** FLOP *** [6c Qd Jh]
kyus83: checks 
00O-2Z: bets $0.40
kyus83: calls $0.40
*** TURN *** [6c Qd Jh] [8h]
kyus83: checks 
00O-2Z: bets $0.50
kyus83: folds 
Uncalled bet ($0.50) returned to 00O-2Z
00O-2Z collected $1.38 from pot
00O-2Z: doesn't show hand 
*** SUMMARY ***
Total pot $1.45 | Rake $0.07 
Board [6c Qd Jh 8h]
Seat 1: JordiVieira (button) folded before Flop (didn't bet)
Seat 2: gogogo711 (small blind) folded before Flop
Seat 3: kyus83 (big blind) folded on the Turn
Seat 4: Mahu2021 folded before Flop (didn't bet)
Seat 5: 00O-2Z collected ($1.38)
Seat 6: botan3328 folded before Flop (didn't bet)



PokerStars Zoom Hand #254445465818:  Hold'em No Limit ($0.05/$0.10) - 2025/01/19 12:22:58 CET [2025/01/19 6:22:58 ET]
Table 'Aludra' 6-max Seat #1 is the button
Seat 1: Dastik 5 ($10 in chips) 
Seat 2: Mahu2021 ($6.29 in chips) 
Seat 3: vitalis2828 ($10 in chips) 
Seat 4: ChemBurt ($16.45 in chips) 
Seat 5: Sophienella ($9.33 in chips) 
Seat 6: Tagtag124 ($4.60 in chips) 
Mahu2021: posts small blind $0.05
vitalis2828: posts big blind $0.10
*** HOLE CARDS ***
Dealt to Mahu2021 [Jc 8s]
ChemBurt: folds 
Sophienella: folds 
Tagtag124: folds 
Dastik 5: folds 
Mahu2021: raises $0.20 to $0.30
vitalis2828: calls $0.20
*** FLOP *** [5d Kd 4d]
Mahu2021: checks 
vitalis2828: checks 
*** TURN *** [5d Kd 4d] [7c]
Mahu2021: checks 
vitalis2828: bets $0.29
Mahu2021: folds 
Uncalled bet ($0.29) returned to vitalis2828
vitalis2828 collected $0.57 from pot
vitalis2828: doesn't show hand 
*** SUMMARY ***
Total pot $0.60 | Rake $0.03 
Board [5d Kd 4d 7c]
Seat 1: Dastik 5 (button) folded before Flop (didn't bet)
Seat 2: Mahu2021 (small blind) folded on the Turn
Seat 3: vitalis2828 (big blind) collected ($0.57)
Seat 4: ChemBurt folded before Flop (didn't bet)
Seat 5: Sophienella folded before Flop (didn't bet)
Seat 6: Tagtag124 folded before Flop (didn't bet)



PokerStars Zoom Hand #254445469920:  Hold'em No Limit ($0.05/$0.10) - 2025/01/19 12:23:28 CET [2025/01/19 6:23:28 ET]
Table 'Aludra' 6-max Seat #1 is the button
Seat 1: gogogo711 ($31.69 in chips) 
Seat 2: Pastor28 ($24.06 in chips) 
Seat 3: botan3328 ($14.05 in chips) 
Seat 4: Mahu2021 ($5.99 in chips) 
Seat 5: kyus83 ($11.37 in chips) 
Seat 6: Panda_Pooh_od ($10 in chips) 
Pastor28: posts small blind $0.05
botan3328: posts big blind $0.10
*** HOLE CARDS ***
Dealt to Mahu2021 [9h Jd]
Mahu2021: folds 
kyus83: folds 
Panda_Pooh_od: folds 
gogogo711: folds 
Pastor28: raises $0.20 to $0.30
botan3328: folds 
Uncalled bet ($0.20) returned to Pastor28
Pastor28 collected $0.20 from pot
Pastor28: doesn't show hand 
*** SUMMARY ***
Total pot $0.20 | Rake $0 
Seat 1: gogogo711 (button) folded before Flop (didn't bet)
Seat 2: Pastor28 (small blind) collected ($0.20)
Seat 3: botan3328 (big blind) folded before Flop
Seat 4: Mahu2021 folded before Flop (didn't bet)
Seat 5: kyus83 folded before Flop (didn't bet)
Seat 6: Panda_Pooh_od folded before Flop (didn't bet)



PokerStars Zoom Hand #254445472004:  Hold'em No Limit ($0.05/$0.10) - 2025/01/19 12:23:43 CET [2025/01/19 6:23:43 ET]
Table 'Aludra' 6-max Seat #1 is the button
Seat 1: isieisli ($35.86 in chips) 
Seat 2: Panda_Pooh_od ($10 in chips) 
Seat 3: Mahu2021 ($5.99 in chips) 
Seat 4: royacht ($10.45 in chips) 
Seat 5: botan3328 ($13.95 in chips) 
Seat 6: steveisaak ($10.59 in chips) 
Panda_Pooh_od: posts small blind $0.05
Mahu2021: posts big blind $0.10
*** HOLE CARDS ***
Dealt to Mahu2021 [9s 8c]
royacht: folds 
botan3328: folds 
steveisaak: folds 
isieisli: raises $0.15 to $0.25
Panda_Pooh_od: folds 
Mahu2021: calls $0.15
*** FLOP *** [6c 3d 5c]
Mahu2021: checks 
isieisli: checks 
*** TURN *** [6c 3d 5c] [As]
Mahu2021: checks 
isieisli: bets $0.27
Mahu2021: calls $0.27
*** RIVER *** [6c 3d 5c As] [9c]
Mahu2021: checks 
isieisli: checks 
*** SHOW DOWN ***
Mahu2021: shows [9s 8c] (a pair of Nines)
isieisli: mucks hand 
Mahu2021 collected $1.04 from pot
*** SUMMARY ***
Total pot $1.09 | Rake $0.05 
Board [6c 3d 5c As 9c]
Seat 1: isieisli (button) mucked [Tc Qh]
Seat 2: Panda_Pooh_od (small blind) folded before Flop
Seat 3: Mahu2021 (big blind) showed [9s 8c] and won ($1.04) with a pair of Nines
Seat 4: royacht folded before Flop (didn't bet)
Seat 5: botan3328 folded before Flop (didn't bet)
Seat 6: steveisaak folded before Flop (didn't bet)



PokerStars Zoom Hand #254445475963:  Hold'em No Limit ($0.05/$0.10) - 2025/01/19 12:24:12 CET [2025/01/19 6:24:12 ET]
Table 'Aludra' 6-max Seat #1 is the button
Seat 1: Mahu2021 ($6.51 in chips) 
Seat 2: gogogo711 ($13.81 in chips) 
Seat 3: botan3328 ($12.93 in chips) 
Seat 4: PiNe4ppLe ($12.92 in chips) 
Seat 5: iza_doria ($5.04 in chips) 
Seat 6: Dastik 5 ($10.05 in chips) 
gogogo711: posts small blind $0.05
botan3328: posts big blind $0.10
*** HOLE CARDS ***
Dealt to Mahu2021 [7c Qs]
PiNe4ppLe: folds 
iza_doria: folds 
Dastik 5: folds 
Mahu2021: folds 
gogogo711: folds 
Uncalled bet ($0.05) returned to botan3328
botan3328 collected $0.10 from pot
botan3328: doesn't show hand 
*** SUMMARY ***
Total pot $0.10 | Rake $0 
Seat 1: Mahu2021 (button) folded before Flop (didn't bet)
Seat 2: gogogo711 (small blind) folded before Flop
Seat 3: botan3328 (big blind) collected ($0.10)
Seat 4: PiNe4ppLe folded before Flop (didn't bet)
Seat 5: iza_doria folded before Flop (didn't bet)
Seat 6: Dastik 5 folded before Flop (didn't bet)



PokerStars Zoom Hand #254445470471:  Hold'em No Limit ($0.05/$0.10) - 2025/01/19 12:23:32 CET [2025/01/19 6:23:32 ET]
Table 'Aludra' 6-max Seat #1 is the button
Seat 1: Mahu2021 ($5.99 in chips) 
Seat 2: foili ($10 in chips) 
Seat 3: Panda_Pooh_od ($11.32 in chips) 
Seat 4: BDP(s)1994 ($18.20 in chips) 
Seat 5: Jajje7 ($16.93 in chips) 
Seat 6: kyus83 ($11.37 in chips) 
foili: posts small blind $0.05
Panda_Pooh_od: posts big blind $0.10
*** HOLE CARDS ***
Dealt to Mahu2021 [2c Ah]
BDP(s)1994: folds 
Jajje7: folds 
kyus83: folds 
Mahu2021: folds 
foili: raises $0.15 to $0.25
Panda_Pooh_od: calls $0.15
*** FLOP *** [9h 6h Td]
foili: checks 
Panda_Pooh_od: checks 
*** TURN *** [9h 6h Td] [Th]
foili: checks 
Panda_Pooh_od: bets $0.16
foili: raises $0.60 to $0.76
Panda_Pooh_od: folds 
Uncalled bet ($0.60) returned to foili
foili collected $0.78 from pot
foili: doesn't show hand 
*** SUMMARY ***
Total pot $0.82 | Rake $0.04 
Board [9h 6h Td Th]
Seat 1: Mahu2021 (button) folded before Flop (didn't bet)
Seat 2: foili (small blind) collected ($0.78)
Seat 3: Panda_Pooh_od (big blind) folded on the Turn
Seat 4: BDP(s)1994 folded before Flop (didn't bet)
Seat 5: Jajje7 folded before Flop (didn't bet)
Seat 6: kyus83 folded before Flop (didn't bet)



PokerStars Zoom Hand #254445471565:  Hold'em No Limit ($0.05/$0.10) - 2025/01/19 12:23:40 CET [2025/01/19 6:23:40 ET]
Table 'Aludra' 6-max Seat #1 is the button
Seat 1: Jajje7 ($11.84 in chips) 
Seat 2: royacht ($10.50 in chips) 
Seat 3: PROSTOZIDAR ($5.77 in chips) 
Seat 4: Mahu2021 ($5.99 in chips) 
Seat 5: thedude1320 ($11.24 in chips) 
Seat 6: totway ($10 in chips) 
royacht: posts small blind $0.05
PROSTOZIDAR: posts big blind $0.10
*** HOLE CARDS ***
Dealt to Mahu2021 [8c Qc]
Mahu2021: folds 
thedude1320: raises $0.15 to $0.25
totway: folds 
Jajje7: folds 
royacht: folds 
PROSTOZIDAR: calls $0.15
*** FLOP *** [5h 6s 8d]
PROSTOZIDAR: bets $0.16
thedude1320: calls $0.16
*** TURN *** [5h 6s 8d] [Ad]
PROSTOZIDAR: checks 
thedude1320: bets $0.37
PROSTOZIDAR: raises $1.57 to $1.94
thedude1320: folds 
Uncalled bet ($1.57) returned to PROSTOZIDAR
PROSTOZIDAR collected $1.54 from pot
PROSTOZIDAR: doesn't show hand 
*** SUMMARY ***
Total pot $1.61 | Rake $0.07 
Board [5h 6s 8d Ad]
Seat 1: Jajje7 (button) folded before Flop (didn't bet)
Seat 2: royacht (small blind) folded before Flop
Seat 3: PROSTOZIDAR (big blind) collected ($1.54)
Seat 4: Mahu2021 folded before Flop (didn't bet)
Seat 5: thedude1320 folded on the Turn
Seat 6: totway folded before Flop (didn't bet)



PokerStars Zoom Hand #254445476909:  Hold'em No Limit ($0.05/$0.10) - 2025/01/19 12:24:19 CET [2025/01/19 6:24:19 ET]
Table 'Aludra' 6-max Seat #1 is the button
Seat 1: totway ($14.98 in chips) 
Seat 2: Mahu2021 ($6.51 in chips) 
Seat 3: Dastik 5 ($10.32 in chips) 
Seat 4: PiNe4ppLe ($13.89 in chips) 
Seat 5: DJ JORDAN G. ($10.04 in chips) 
Seat 6: botan3328 ($10 in chips) 
Mahu2021: posts small blind $0.05
Dastik 5: posts big blind $0.10
*** HOLE CARDS ***
Dealt to Mahu2021 [Jd Kh]
PiNe4ppLe: folds 
DJ JORDAN G.: raises $0.12 to $0.22
botan3328: folds 
totway: folds 
Mahu2021: calls $0.17
Dastik 5: folds 
*** FLOP *** [5c 9h Ah]
Mahu2021: checks 
DJ JORDAN G.: bets $0.26
Mahu2021: folds 
Uncalled bet ($0.26) returned to DJ JORDAN G.
DJ JORDAN G. collected $0.52 from pot
DJ JORDAN G.: doesn't show hand 
*** SUMMARY ***
Total pot $0.54 | Rake $0.02 
Board [5c 9h Ah]
Seat 1: totway (button) folded before Flop (didn't bet)
Seat 2: Mahu2021 (small blind) folded on the Flop
Seat 3: Dastik 5 (big blind) folded before Flop
Seat 4: PiNe4ppLe folded before Flop (didn't bet)
Seat 5: DJ JORDAN G. collected ($0.52)
Seat 6: botan3328 folded before Flop (didn't bet)



PokerStars Zoom Hand #254445480500:  Hold'em No Limit ($0.05/$0.10) - 2025/01/19 12:24:45 CET [2025/01/19 6:24:45 ET]
Table 'Aludra' 6-max Seat #1 is the button
Seat 1: PROSTOZIDAR ($6.53 in chips) 
Seat 2: foili ($10.41 in chips) 
Seat 3: Pastor28 ($13.33 in chips) 
Seat 4: botan3328 ($10 in chips) 
Seat 5: papargy ($10 in chips) 
Seat 6: Mahu2021 ($6.29 in chips) 
foili: posts small blind $0.05
Pastor28: posts big blind $0.10
*** HOLE CARDS ***
Dealt to Mahu2021 [Kh 8s]
botan3328: folds 
papargy: folds 
Mahu2021: folds 
PROSTOZIDAR: folds 
foili: folds 
Uncalled bet ($0.05) returned to Pastor28
Pastor28 collected $0.10 from pot
Pastor28: doesn't show hand 
*** SUMMARY ***
Total pot $0.10 | Rake $0 
Seat 1: PROSTOZIDAR (button) folded before Flop (didn't bet)
Seat 2: foili (small blind) folded before Flop
Seat 3: Pastor28 (big blind) collected ($0.10)
Seat 4: botan3328 folded before Flop (didn't bet)
Seat 5: papargy folded before Flop (didn't bet)
Seat 6: Mahu2021 folded before Flop (didn't bet)



PokerStars Zoom Hand #254445481020:  Hold'em No Limit ($0.05/$0.10) - 2025/01/19 12:24:49 CET [2025/01/19 6:24:49 ET]
Table 'Aludra' 6-max Seat #1 is the button
Seat 1: isieisli ($34.99 in chips) 
Seat 2: andrew.startup4 ($10.84 in chips) 
Seat 3: Niku644 ($4.66 in chips) 
Seat 4: foili ($10.36 in chips) 
Seat 5: Mahu2021 ($6.29 in chips) 
Seat 6: thedude1320 ($10.46 in chips) 
andrew.startup4: posts small blind $0.05
Niku644: posts big blind $0.10
*** HOLE CARDS ***
Dealt to Mahu2021 [Ad Qs]
foili: raises $0.13 to $0.23
Mahu2021: calls $0.23
thedude1320: folds 
isieisli: raises $0.99 to $1.22
andrew.startup4: folds 
Niku644: folds 
foili: calls $0.99
Mahu2021: folds 
*** FLOP *** [5s 8d 6h]
foili: checks 
isieisli: bets $1.78
foili: folds 
Uncalled bet ($1.78) returned to isieisli
isieisli collected $2.69 from pot
isieisli: doesn't show hand 
*** SUMMARY ***
Total pot $2.82 | Rake $0.13 
Board [5s 8d 6h]
Seat 1: isieisli (button) collected ($2.69)
Seat 2: andrew.startup4 (small blind) folded before Flop
Seat 3: Niku644 (big blind) folded before Flop
Seat 4: foili folded on the Flop
Seat 5: Mahu2021 folded before Flop
Seat 6: thedude1320 folded before Flop (didn't bet)



PokerStars Zoom Hand #254445484388:  Hold'em No Limit ($0.05/$0.10) - 2025/01/19 12:25:13 CET [2025/01/19 6:25:13 ET]
Table 'Aludra' 6-max Seat #1 is the button
Seat 1: kyus83 ($11.07 in chips) 
Seat 2: 00O-2Z ($10.18 in chips) 
Seat 3: Mahu2021 ($6.06 in chips) 
Seat 4: iza_doria ($4.79 in chips) 
Seat 5: Jajje7 ($13.26 in chips) 
Seat 6: ChemBurt ($16.03 in chips) 
00O-2Z: posts small blind $0.05
Mahu2021: posts big blind $0.10
*** HOLE CARDS ***
Dealt to Mahu2021 [9s Tc]
iza_doria: folds 
Jajje7: folds 
ChemBurt: folds 
kyus83: raises $0.20 to $0.30
00O-2Z: folds 
Mahu2021: calls $0.20
*** FLOP *** [As 6s 2c]
Mahu2021: checks 
kyus83: bets $0.31
Mahu2021: folds 
Uncalled bet ($0.31) returned to kyus83
kyus83 collected $0.62 from pot
kyus83: doesn't show hand 
*** SUMMARY ***
Total pot $0.65 | Rake $0.03 
Board [As 6s 2c]
Seat 1: kyus83 (button) collected ($0.62)
Seat 2: 00O-2Z (small blind) folded before Flop
Seat 3: Mahu2021 (big blind) folded on the Flop
Seat 4: iza_doria folded before Flop (didn't bet)
Seat 5: Jajje7 folded before Flop (didn't bet)
Seat 6: ChemBurt folded before Flop (didn't bet)



PokerStars Zoom Hand #254445487236:  Hold'em No Limit ($0.05/$0.10) - 2025/01/19 12:25:34 CET [2025/01/19 6:25:34 ET]
Table 'Aludra' 6-max Seat #1 is the button
Seat 1: botan3328 ($13.08 in chips) 
Seat 2: Pastor28 ($13.13 in chips) 
Seat 3: foili ($10 in chips) 
Seat 4: takusun ($10 in chips) 
Seat 5: Panda_Pooh_od ($10.03 in chips) 
Seat 6: Mahu2021 ($5.76 in chips) 
Pastor28: posts small blind $0.05
foili: posts big blind $0.10
*** HOLE CARDS ***
Dealt to Mahu2021 [8s 9c]
takusun: folds 
Panda_Pooh_od: raises $0.15 to $0.25
Mahu2021: folds 
botan3328: folds 
Pastor28: folds 
foili: folds 
Uncalled bet ($0.15) returned to Panda_Pooh_od
Panda_Pooh_od collected $0.25 from pot
Panda_Pooh_od: doesn't show hand 
*** SUMMARY ***
Total pot $0.25 | Rake $0 
Seat 1: botan3328 (button) folded before Flop (didn't bet)
Seat 2: Pastor28 (small blind) folded before Flop
Seat 3: foili (big blind) folded before Flop
Seat 4: takusun folded before Flop (didn't bet)
Seat 5: Panda_Pooh_od collected ($0.25)
Seat 6: Mahu2021 folded before Flop (didn't bet)



PokerStars Zoom Hand #254445487916:  Hold'em No Limit ($0.05/$0.10) - 2025/01/19 12:25:39 CET [2025/01/19 6:25:39 ET]
Table 'Aludra' 6-max Seat #1 is the button
Seat 1: PROSTOZIDAR ($6.05 in chips) 
Seat 2: lolb0t ($10.05 in chips) 
Seat 3: gogogo711 ($13.61 in chips) 
Seat 4: Mahu2021 ($5.76 in chips) 
Seat 5: sakaryo2140 ($29.81 in chips) 
Seat 6: totway ($13.63 in chips) 
lolb0t: posts small blind $0.05
gogogo711: posts big blind $0.10
*** HOLE CARDS ***
Dealt to Mahu2021 [7d Qs]
Mahu2021: folds 
sakaryo2140: raises $0.14 to $0.24
totway: folds 
PROSTOZIDAR: folds 
lolb0t: folds 
gogogo711: folds 
Uncalled bet ($0.14) returned to sakaryo2140
sakaryo2140 collected $0.25 from pot
sakaryo2140: doesn't show hand 
*** SUMMARY ***
Total pot $0.25 | Rake $0 
Seat 1: PROSTOZIDAR (button) folded before Flop (didn't bet)
Seat 2: lolb0t (small blind) folded before Flop
Seat 3: gogogo711 (big blind) folded before Flop
Seat 4: Mahu2021 folded before Flop (didn't bet)
Seat 5: sakaryo2140 collected ($0.25)
Seat 6: totway folded before Flop (didn't bet)



PokerStars Zoom Hand #254445488455:  Hold'em No Limit ($0.05/$0.10) - 2025/01/19 12:25:43 CET [2025/01/19 6:25:43 ET]
Table 'Aludra' 6-max Seat #1 is the button
Seat 1: gogogo711 ($30.54 in chips) 
Seat 2: Mahu2021 ($5.76 in chips) 
Seat 3: ValenFer777 ($10.22 in chips) 
Seat 4: Pastor28 ($13.08 in chips) 
Seat 5: botan3328 ($13.08 in chips) 
Seat 6: foili ($10 in chips) 
Mahu2021: posts small blind $0.05
ValenFer777: posts big blind $0.10
*** HOLE CARDS ***
Dealt to Mahu2021 [Jh Td]
Pastor28: folds 
botan3328: raises $0.10 to $0.20
foili: folds 
gogogo711: folds 
Mahu2021: calls $0.15
ValenFer777: folds 
*** FLOP *** [Ac 5d 9c]
Mahu2021: checks 
botan3328: bets $0.16
Mahu2021: folds 
Uncalled bet ($0.16) returned to botan3328
botan3328 collected $0.48 from pot
botan3328: doesn't show hand 
*** SUMMARY ***
Total pot $0.50 | Rake $0.02 
Board [Ac 5d 9c]
Seat 1: gogogo711 (button) folded before Flop (didn't bet)
Seat 2: Mahu2021 (small blind) folded on the Flop
Seat 3: ValenFer777 (big blind) folded before Flop
Seat 4: Pastor28 folded before Flop (didn't bet)
Seat 5: botan3328 collected ($0.48)
Seat 6: foili folded before Flop (didn't bet)



PokerStars Zoom Hand #254445490796:  Hold'em No Limit ($0.05/$0.10) - 2025/01/19 12:26:00 CET [2025/01/19 6:26:00 ET]
Table 'Aludra' 6-max Seat #1 is the button
Seat 1: Jajje7 ($14.07 in chips) 
Seat 2: PROSTOZIDAR ($6.13 in chips) 
Seat 3: looser00091 ($12.20 in chips) 
Seat 4: Mahu2021 ($5.56 in chips) 
Seat 5: Pastor28 ($17.43 in chips) 
Seat 6: lolb0t ($10 in chips) 
PROSTOZIDAR: posts small blind $0.05
looser00091: posts big blind $0.10
*** HOLE CARDS ***
Dealt to Mahu2021 [Qd Qc]
Mahu2021: raises $0.20 to $0.30
Pastor28: folds 
lolb0t: folds 
Jajje7: folds 
PROSTOZIDAR: folds 
looser00091: folds 
Uncalled bet ($0.20) returned to Mahu2021
Mahu2021 collected $0.25 from pot
Mahu2021: doesn't show hand 
*** SUMMARY ***
Total pot $0.25 | Rake $0 
Seat 1: Jajje7 (button) folded before Flop (didn't bet)
Seat 2: PROSTOZIDAR (small blind) folded before Flop
Seat 3: looser00091 (big blind) folded before Flop
Seat 4: Mahu2021 collected ($0.25)
Seat 5: Pastor28 folded before Flop (didn't bet)
Seat 6: lolb0t folded before Flop (didn't bet)



PokerStars Zoom Hand #254445494254:  Hold'em No Limit ($0.05/$0.10) - 2025/01/19 12:26:26 CET [2025/01/19 6:26:26 ET]
Table 'Aludra' 6-max Seat #1 is the button
Seat 1: foili ($10.07 in chips) 
Seat 2: Pastor28 ($11.37 in chips) 
Seat 3: Panda_Pooh_od ($10.53 in chips) 
Seat 4: tommi327 ($4.25 in chips) 
Seat 5: Mahu2021 ($5.71 in chips) 
Seat 6: PROSTOZIDAR ($6.08 in chips) 
Pastor28: posts small blind $0.05
Panda_Pooh_od: posts big blind $0.10
*** HOLE CARDS ***
Dealt to Mahu2021 [8h Js]
tommi327: folds 
Mahu2021: folds 
PROSTOZIDAR: raises $0.10 to $0.20
foili: folds 
Pastor28: folds 
Panda_Pooh_od: folds 
Uncalled bet ($0.10) returned to PROSTOZIDAR
PROSTOZIDAR collected $0.25 from pot
PROSTOZIDAR: doesn't show hand 
*** SUMMARY ***
Total pot $0.25 | Rake $0 
Seat 1: foili (button) folded before Flop (didn't bet)
Seat 2: Pastor28 (small blind) folded before Flop
Seat 3: Panda_Pooh_od (big blind) folded before Flop
Seat 4: tommi327 folded before Flop (didn't bet)
Seat 5: Mahu2021 folded before Flop (didn't bet)
Seat 6: PROSTOZIDAR collected ($0.25)



PokerStars Zoom Hand #254445494874:  Hold'em No Limit ($0.05/$0.10) - 2025/01/19 12:26:30 CET [2025/01/19 6:26:30 ET]
Table 'Aludra' 6-max Seat #1 is the button
Seat 1: tommi327 ($4.25 in chips) 
Seat 2: pisti76 ($10.29 in chips) 
Seat 3: Mahu2021 ($5.71 in chips) 
Seat 4: Pastor28 ($11.32 in chips) 
Seat 5: botan3328 ($12.66 in chips) 
Seat 6: looser00091 ($12.10 in chips) 
pisti76: posts small blind $0.05
Mahu2021: posts big blind $0.10
*** HOLE CARDS ***
Dealt to Mahu2021 [6d 7s]
Pastor28: folds 
botan3328: folds 
looser00091: folds 
tommi327: folds 
pisti76: folds 
Uncalled bet ($0.05) returned to Mahu2021
Mahu2021 collected $0.10 from pot
Mahu2021: doesn't show hand 
*** SUMMARY ***
Total pot $0.10 | Rake $0 
Seat 1: tommi327 (button) folded before Flop (didn't bet)
Seat 2: pisti76 (small blind) folded before Flop
Seat 3: Mahu2021 (big blind) collected ($0.10)
Seat 4: Pastor28 folded before Flop (didn't bet)
Seat 5: botan3328 folded before Flop (didn't bet)
Seat 6: looser00091 folded before Flop (didn't bet)



PokerStars Zoom Hand #254445496820:  Hold'em No Limit ($0.05/$0.10) - 2025/01/19 12:26:44 CET [2025/01/19 6:26:44 ET]
Table 'Aludra' 6-max Seat #1 is the button
Seat 1: Mahu2021 ($5.76 in chips) 
Seat 2: lolb0t ($10 in chips) 
Seat 3: Pastor28 ($12.93 in chips) 
Seat 4: kyus83 ($11.24 in chips) 
Seat 5: Ironhelt ($14.02 in chips) 
Seat 6: Jajje7 ($11.14 in chips) 
lolb0t: posts small blind $0.05
Pastor28: posts big blind $0.10
*** HOLE CARDS ***
Dealt to Mahu2021 [Ks 6h]
kyus83: folds 
Ironhelt: raises $0.10 to $0.20
Jajje7: folds 
Mahu2021: folds 
lolb0t: folds 
Pastor28: folds 
Uncalled bet ($0.10) returned to Ironhelt
Ironhelt collected $0.25 from pot
Ironhelt: doesn't show hand 
*** SUMMARY ***
Total pot $0.25 | Rake $0 
Seat 1: Mahu2021 (button) folded before Flop (didn't bet)
Seat 2: lolb0t (small blind) folded before Flop
Seat 3: Pastor28 (big blind) folded before Flop
Seat 4: kyus83 folded before Flop (didn't bet)
Seat 5: Ironhelt collected ($0.25)
Seat 6: Jajje7 folded before Flop (didn't bet)



PokerStars Zoom Hand #254445497750:  Hold'em No Limit ($0.05/$0.10) - 2025/01/19 12:26:51 CET [2025/01/19 6:26:51 ET]
Table 'Aludra' 6-max Seat #1 is the button
Seat 1: D.shadoww ($15.19 in chips) 
Seat 2: Mahu2021 ($5.76 in chips) 
Seat 3: Jajje7 ($11.14 in chips) 
Seat 4: sakaryo2140 ($30.51 in chips) 
Seat 5: 00O-2Z ($10 in chips) 
Seat 6: BDP(s)1994 ($18.23 in chips) 
Mahu2021: posts small blind $0.05
Jajje7: posts big blind $0.10
*** HOLE CARDS ***
Dealt to Mahu2021 [Th 8h]
sakaryo2140: folds 
00O-2Z: folds 
BDP(s)1994: raises $0.12 to $0.22
D.shadoww: raises $0.48 to $0.70
Mahu2021: folds 
Jajje7: folds 
BDP(s)1994: folds 
Uncalled bet ($0.48) returned to D.shadoww
D.shadoww collected $0.59 from pot
D.shadoww: doesn't show hand 
*** SUMMARY ***
Total pot $0.59 | Rake $0 
Seat 1: D.shadoww (button) collected ($0.59)
Seat 2: Mahu2021 (small blind) folded before Flop
Seat 3: Jajje7 (big blind) folded before Flop
Seat 4: sakaryo2140 folded before Flop (didn't bet)
Seat 5: 00O-2Z folded before Flop (didn't bet)
Seat 6: BDP(s)1994 folded before Flop



PokerStars Zoom Hand #254445499303:  Hold'em No Limit ($0.05/$0.10) - 2025/01/19 12:27:02 CET [2025/01/19 6:27:02 ET]
Table 'Aludra' 6-max Seat #1 is the button
Seat 1: hk.ospelt ($9.90 in chips) 
Seat 2: thedude1320 ($10 in chips) 
Seat 3: ValenFer777 ($10.17 in chips) 
Seat 4: ChoboPower ($40.65 in chips) 
Seat 5: Tangros ($12.02 in chips) 
Seat 6: Mahu2021 ($5.71 in chips) 
thedude1320: posts small blind $0.05
ValenFer777: posts big blind $0.10
*** HOLE CARDS ***
Dealt to Mahu2021 [Qc Th]
ChoboPower: raises $0.20 to $0.30
Tangros: folds 
Mahu2021: calls $0.30
hk.ospelt: calls $0.30
thedude1320: folds 
ValenFer777: folds 
*** FLOP *** [7h 5d 7d]
ChoboPower: bets $0.30
Mahu2021: folds 
hk.ospelt: calls $0.30
*** TURN *** [7h 5d 7d] [6d]
ChoboPower: checks 
hk.ospelt: bets $0.79
ChoboPower: calls $0.79
*** RIVER *** [7h 5d 7d 6d] [5h]
ChoboPower: bets $3
hk.ospelt: folds 
Uncalled bet ($3) returned to ChoboPower
ChoboPower collected $3.08 from pot
ChoboPower: doesn't show hand 
*** SUMMARY ***
Total pot $3.23 | Rake $0.15 
Board [7h 5d 7d 6d 5h]
Seat 1: hk.ospelt (button) folded on the River
Seat 2: thedude1320 (small blind) folded before Flop
Seat 3: ValenFer777 (big blind) folded before Flop
Seat 4: ChoboPower collected ($3.08)
Seat 5: Tangros folded before Flop (didn't bet)
Seat 6: Mahu2021 folded on the Flop



PokerStars Zoom Hand #254445501759:  Hold'em No Limit ($0.05/$0.10) - 2025/01/19 12:27:20 CET [2025/01/19 6:27:20 ET]
Table 'Aludra' 6-max Seat #1 is the button
Seat 1: lolb0t ($10 in chips) 
Seat 2: iza_doria ($4.78 in chips) 
Seat 3: Mahu2021 ($5.41 in chips) 
Seat 4: totway ($15.67 in chips) 
Seat 5: DJ JORDAN G. ($12.96 in chips) 
Seat 6: Tagtag124 ($3.81 in chips) 
iza_doria: posts small blind $0.05
Mahu2021: posts big blind $0.10
*** HOLE CARDS ***
Dealt to Mahu2021 [Qd Qh]
totway: folds 
DJ JORDAN G.: calls $0.10
Tagtag124: folds 
lolb0t: folds 
iza_doria: folds 
Mahu2021: raises $5.31 to $5.41 and is all-in
DJ JORDAN G.: calls $5.31
*** FLOP *** [6d Ac Jh]
*** TURN *** [6d Ac Jh] [3h]
*** RIVER *** [6d Ac Jh 3h] [6s]
*** SHOW DOWN ***
Mahu2021: shows [Qd Qh] (two pair, Queens and Sixes)
DJ JORDAN G.: shows [9d 9s] (two pair, Nines and Sixes)
Mahu2021 cashed out the hand for $8.26 | Cash Out Fee $0.17
*** SUMMARY ***
Total pot $10.87 | Rake $0.49 
Board [6d Ac Jh 3h 6s]
Seat 1: lolb0t (button) folded before Flop (didn't bet)
Seat 2: iza_doria (small blind) folded before Flop
Seat 3: Mahu2021 (big blind) showed [Qd Qh] and won ($10.38) with two pair, Queens and Sixes (pot not awarded as player cashed out)
Seat 4: totway folded before Flop (didn't bet)
Seat 5: DJ JORDAN G. showed [9d 9s] and lost with two pair, Nines and Sixes
Seat 6: Tagtag124 folded before Flop (didn't bet)



PokerStars Zoom Hand #254445505475:  Hold'em No Limit ($0.05/$0.10) - 2025/01/19 12:27:47 CET [2025/01/19 6:27:47 ET]
Table 'Aludra' 6-max Seat #1 is the button
Seat 1: Mahu2021 ($8.26 in chips) 
Seat 2: thedude1320 ($11.18 in chips) 
Seat 3: iza_doria ($5.84 in chips) 
Seat 4: DJ JORDAN G. ($7.55 in chips) 
Seat 5: botan3328 ($13.26 in chips) 
Seat 6: PROSTOZIDAR ($7.71 in chips) 
thedude1320: posts small blind $0.05
iza_doria: posts big blind $0.10
*** HOLE CARDS ***
Dealt to Mahu2021 [Kc Ac]
DJ JORDAN G.: raises $0.14 to $0.24
botan3328: folds 
PROSTOZIDAR: folds 
Mahu2021: raises $0.56 to $0.80
thedude1320: folds 
iza_doria: folds 
DJ JORDAN G.: raises $6.75 to $7.55 and is all-in
Mahu2021: calls $6.75
*** FLOP *** [Th Kd Td]
*** TURN *** [Th Kd Td] [Jd]
*** RIVER *** [Th Kd Td Jd] [2d]
*** SHOW DOWN ***
DJ JORDAN G.: shows [Jh 9h] (two pair, Jacks and Tens)
Mahu2021: shows [Kc Ac] (two pair, Kings and Tens)
Mahu2021 cashed out the hand for $8.91 | Cash Out Fee $0.18
*** SUMMARY ***
Total pot $15.25 | Rake $0.69 
Board [Th Kd Td Jd 2d]
Seat 1: Mahu2021 (button) showed [Kc Ac] and won ($14.56) with two pair, Kings and Tens (pot not awarded as player cashed out)
Seat 2: thedude1320 (small blind) folded before Flop
Seat 3: iza_doria (big blind) folded before Flop
Seat 4: DJ JORDAN G. showed [Jh 9h] and lost with two pair, Jacks and Tens
Seat 5: botan3328 folded before Flop (didn't bet)
Seat 6: PROSTOZIDAR folded before Flop (didn't bet)



PokerStars Zoom Hand #254445501191:  Hold'em No Limit ($0.05/$0.10) - 2025/01/19 12:27:16 CET [2025/01/19 6:27:16 ET]
Table 'Aludra' 6-max Seat #1 is the button
Seat 1: Tangros ($12.12 in chips) 
Seat 2: steveisaak ($10 in chips) 
Seat 3: foili ($10.02 in chips) 
Seat 4: gogogo711 ($30.54 in chips) 
Seat 5: Mahu2021 ($5.41 in chips) 
Seat 6: DJ JORDAN G. ($12.96 in chips) 
steveisaak: posts small blind $0.05
foili: posts big blind $0.10
*** HOLE CARDS ***
Dealt to Mahu2021 [Tc 2h]
gogogo711: raises $0.15 to $0.25
Mahu2021: folds 
DJ JORDAN G.: folds 
Tangros: raises $0.51 to $0.76
steveisaak: folds 
foili: folds 
gogogo711: calls $0.51
*** FLOP *** [4c 3d 3h]
gogogo711: checks 
Tangros: checks 
*** TURN *** [4c 3d 3h] [8c]
gogogo711: bets $1.19
Tangros: raises $1.96 to $3.15
gogogo711: folds 
Uncalled bet ($1.96) returned to Tangros
Tangros collected $3.87 from pot
Tangros: doesn't show hand 
*** SUMMARY ***
Total pot $4.05 | Rake $0.18 
Board [4c 3d 3h 8c]
Seat 1: Tangros (button) collected ($3.87)
Seat 2: steveisaak (small blind) folded before Flop
Seat 3: foili (big blind) folded before Flop
Seat 4: gogogo711 folded on the Turn
Seat 5: Mahu2021 folded before Flop (didn't bet)
Seat 6: DJ JORDAN G. folded before Flop (didn't bet)



PokerStars Zoom Hand #254445509235:  Hold'em No Limit ($0.05/$0.10) - 2025/01/19 12:28:15 CET [2025/01/19 6:28:15 ET]
Table 'Aludra' 6-max Seat #1 is the button
Seat 1: vitalis2828 ($12.34 in chips) 
Seat 2: totway ($10.42 in chips) 
Seat 3: ruffhund1 ($10 in chips) 
Seat 4: lolb0t ($10 in chips) 
Seat 5: isieisli ($36.30 in chips) 
Seat 6: Mahu2021 ($9.62 in chips) 
totway: posts small blind $0.05
ruffhund1: posts big blind $0.10
*** HOLE CARDS ***
Dealt to Mahu2021 [Qd 4s]
lolb0t: folds 
isieisli: folds 
Mahu2021: folds 
vitalis2828: folds 
totway: raises $0.20 to $0.30
ruffhund1: folds 
Uncalled bet ($0.20) returned to totway
totway collected $0.20 from pot
totway: doesn't show hand 
*** SUMMARY ***
Total pot $0.20 | Rake $0 
Seat 1: vitalis2828 (button) folded before Flop (didn't bet)
Seat 2: totway (small blind) collected ($0.20)
Seat 3: ruffhund1 (big blind) folded before Flop
Seat 4: lolb0t folded before Flop (didn't bet)
Seat 5: isieisli folded before Flop (didn't bet)
Seat 6: Mahu2021 folded before Flop (didn't bet)



PokerStars Zoom Hand #254445497320:  Hold'em No Limit ($0.05/$0.10) - 2025/01/19 12:26:48 CET [2025/01/19 6:26:48 ET]
Table 'Aludra' 6-max Seat #1 is the button
Seat 1: lolb0t ($10 in chips) 
Seat 2: Panda_Pooh_od ($10.05 in chips) 
Seat 3: steveisaak ($10 in chips) 
Seat 4: Mahu2021 ($5.76 in chips) 
Seat 5: Tagtag124 ($4.01 in chips) 
Seat 6: Jajje7 ($13.11 in chips) 
Panda_Pooh_od: posts small blind $0.05
steveisaak: posts big blind $0.10
*** HOLE CARDS ***
Dealt to Mahu2021 [4d Js]
Mahu2021: folds 
Tagtag124: folds 
Jajje7: raises $0.15 to $0.25
lolb0t: folds 
Panda_Pooh_od: raises $0.95 to $1.20
steveisaak: folds 
Jajje7: raises $1.20 to $2.40
Panda_Pooh_od: calls $1.20
*** FLOP *** [Tc Td Qs]
Panda_Pooh_od: checks 
Jajje7: bets $1.20
Panda_Pooh_od: calls $1.20
*** TURN *** [Tc Td Qs] [Qc]
Panda_Pooh_od: checks 
Jajje7: checks 
*** RIVER *** [Tc Td Qs Qc] [Ks]
Panda_Pooh_od: bets $1.39
Jajje7: folds 
Uncalled bet ($1.39) returned to Panda_Pooh_od
Panda_Pooh_od collected $6.97 from pot
Panda_Pooh_od: doesn't show hand 
*** SUMMARY ***
Total pot $7.30 | Rake $0.33 
Board [Tc Td Qs Qc Ks]
Seat 1: lolb0t (button) folded before Flop (didn't bet)
Seat 2: Panda_Pooh_od (small blind) collected ($6.97)
Seat 3: steveisaak (big blind) folded before Flop
Seat 4: Mahu2021 folded before Flop (didn't bet)
Seat 5: Tagtag124 folded before Flop (didn't bet)
Seat 6: Jajje7 folded on the River



PokerStars Zoom Hand #254445511715:  Hold'em No Limit ($0.05/$0.10) - 2025/01/19 12:28:33 CET [2025/01/19 6:28:33 ET]
Table 'Aludra' 6-max Seat #1 is the button
Seat 1: PROSTOZIDAR ($6.21 in chips) 
Seat 2: Dastik 5 ($10 in chips) 
Seat 3: Mahu2021 ($9.57 in chips) 
Seat 4: lolb0t ($10 in chips) 
Seat 5: allrauneR ($4.24 in chips) 
Seat 6: Ironhelt ($14.63 in chips) 
Dastik 5: posts small blind $0.05
Mahu2021: posts big blind $0.10
*** HOLE CARDS ***
Dealt to Mahu2021 [6d Tc]
lolb0t: folds 
allrauneR: folds 
Ironhelt: folds 
PROSTOZIDAR: raises $0.10 to $0.20
Dastik 5: folds 
Mahu2021: folds 
Uncalled bet ($0.10) returned to PROSTOZIDAR
PROSTOZIDAR collected $0.25 from pot
PROSTOZIDAR: doesn't show hand 
*** SUMMARY ***
Total pot $0.25 | Rake $0 
Seat 1: PROSTOZIDAR (button) collected ($0.25)
Seat 2: Dastik 5 (small blind) folded before Flop
Seat 3: Mahu2021 (big blind) folded before Flop
Seat 4: lolb0t folded before Flop (didn't bet)
Seat 5: allrauneR folded before Flop (didn't bet)
Seat 6: Ironhelt folded before Flop (didn't bet)



PokerStars Zoom Hand #254445511304:  Hold'em No Limit ($0.05/$0.10) - 2025/01/19 12:28:30 CET [2025/01/19 6:28:30 ET]
Table 'Aludra' 6-max Seat #1 is the button
Seat 1: Mahu2021 ($9.57 in chips) 
Seat 2: iza_doria ($4.33 in chips) 
Seat 3: Mythic Max ($10 in chips) 
Seat 4: PROSTOZIDAR ($6.21 in chips) 
Seat 5: Dastik 5 ($10 in chips) 
Seat 6: botan3328 ($10 in chips) 
iza_doria: posts small blind $0.05
Mythic Max: posts big blind $0.10
*** HOLE CARDS ***
Dealt to Mahu2021 [8s Qh]
PROSTOZIDAR: folds 
Dastik 5: folds 
botan3328: raises $0.15 to $0.25
Mahu2021: folds 
iza_doria: folds 
Mythic Max: folds 
Uncalled bet ($0.15) returned to botan3328
botan3328 collected $0.25 from pot
botan3328: doesn't show hand 
*** SUMMARY ***
Total pot $0.25 | Rake $0 
Seat 1: Mahu2021 (button) folded before Flop (didn't bet)
Seat 2: iza_doria (small blind) folded before Flop
Seat 3: Mythic Max (big blind) folded before Flop
Seat 4: PROSTOZIDAR folded before Flop (didn't bet)
Seat 5: Dastik 5 folded before Flop (didn't bet)
Seat 6: botan3328 collected ($0.25)



PokerStars Zoom Hand #254445510756:  Hold'em No Limit ($0.05/$0.10) - 2025/01/19 12:28:26 CET [2025/01/19 6:28:26 ET]
Table 'Aludra' 6-max Seat #1 is the button
Seat 1: Mythic Max ($10 in chips) 
Seat 2: PROSTOZIDAR ($3.77 in chips) 
Seat 3: Tagtag124 ($4.01 in chips) 
Seat 4: ValenFer777 ($9.83 in chips) 
Seat 5: Mahu2021 ($9.57 in chips) 
Seat 6: Vicktorio ($10 in chips) 
PROSTOZIDAR: posts small blind $0.05
Tagtag124: posts big blind $0.10
*** HOLE CARDS ***
Dealt to Mahu2021 [Qd 5d]
ValenFer777: folds 
Mahu2021: folds 
Vicktorio: raises $0.15 to $0.25
Mythic Max: folds 
PROSTOZIDAR: folds 
Tagtag124: calls $0.15
*** FLOP *** [2c Js 8s]
Tagtag124: checks 
Vicktorio: checks 
*** TURN *** [2c Js 8s] [Kd]
Tagtag124: checks 
Vicktorio: bets $0.42
Tagtag124: calls $0.42
*** RIVER *** [2c Js 8s Kd] [8c]
Tagtag124: checks 
Vicktorio: checks 
*** SHOW DOWN ***
Tagtag124: shows [Td Tc] (two pair, Tens and Eights)
Vicktorio: mucks hand 
Tagtag124 collected $1.33 from pot
*** SUMMARY ***
Total pot $1.39 | Rake $0.06 
Board [2c Js 8s Kd 8c]
Seat 1: Mythic Max (button) folded before Flop (didn't bet)
Seat 2: PROSTOZIDAR (small blind) folded before Flop
Seat 3: Tagtag124 (big blind) showed [Td Tc] and won ($1.33) with two pair, Tens and Eights
Seat 4: ValenFer777 folded before Flop (didn't bet)
Seat 5: Mahu2021 folded before Flop (didn't bet)
Seat 6: Vicktorio mucked [Ah 6h]



PokerStars Zoom Hand #254445513634:  Hold'em No Limit ($0.05/$0.10) - 2025/01/19 12:28:46 CET [2025/01/19 6:28:46 ET]
Table 'Aludra' 6-max Seat #1 is the button
Seat 1: thedude1320 ($11.40 in chips) 
Seat 2: PiNe4ppLe ($13.35 in chips) 
Seat 3: Ironhelt ($12.33 in chips) 
Seat 4: foili ($12.22 in chips) 
Seat 5: Mahu2021 ($9.47 in chips) 
Seat 6: PROSTOZIDAR ($3.72 in chips) 
PiNe4ppLe: posts small blind $0.05
Ironhelt: posts big blind $0.10
*** HOLE CARDS ***
Dealt to Mahu2021 [Kc Ah]
foili: folds 
Mahu2021: raises $0.20 to $0.30
PROSTOZIDAR: folds 
thedude1320: raises $0.60 to $0.90
PiNe4ppLe: folds 
Ironhelt: folds 
Mahu2021: calls $0.60
*** FLOP *** [7c 6h Tc]
Mahu2021: checks 
thedude1320: bets $0.61
Mahu2021: calls $0.61
*** TURN *** [7c 6h Tc] [4h]
Mahu2021: checks 
thedude1320: checks 
*** RIVER *** [7c 6h Tc 4h] [9s]
Mahu2021: bets $3.03
thedude1320: raises $6.86 to $9.89 and is all-in
Mahu2021: calls $4.93 and is all-in
Uncalled bet ($1.93) returned to thedude1320
*** SHOW DOWN ***
thedude1320: shows [9d 9h] (three of a kind, Nines)
Mahu2021: shows [Kc Ah] (high card Ace)
thedude1320 collected $18.23 from pot
*** SUMMARY ***
Total pot $19.09 | Rake $0.86 
Board [7c 6h Tc 4h 9s]
Seat 1: thedude1320 (button) showed [9d 9h] and won ($18.23) with three of a kind, Nines
Seat 2: PiNe4ppLe (small blind) folded before Flop
Seat 3: Ironhelt (big blind) folded before Flop
Seat 4: foili folded before Flop (didn't bet)
Seat 5: Mahu2021 showed [Kc Ah] and lost with high card Ace
Seat 6: PROSTOZIDAR folded before Flop (didn't bet)



PokerStars Zoom Hand #254445510157:  Hold'em No Limit ($0.05/$0.10) - 2025/01/19 12:28:22 CET [2025/01/19 6:28:22 ET]
Table 'Aludra' 6-max Seat #1 is the button
Seat 1: Pastor28 ($14.10 in chips) 
Seat 2: Mahu2021 ($9.62 in chips) 
Seat 3: iza_doria ($4.43 in chips) 
Seat 4: Panda_Pooh_od ($10.48 in chips) 
Seat 5: PiNe4ppLe ($27.64 in chips) 
Seat 6: Tagtag124 ($4.01 in chips) 
Mahu2021: posts small blind $0.05
iza_doria: posts big blind $0.10
*** HOLE CARDS ***
Dealt to Mahu2021 [Kh 4d]
Panda_Pooh_od: raises $0.15 to $0.25
PiNe4ppLe: folds 
Tagtag124: folds 
Pastor28: raises $0.50 to $0.75
Mahu2021: folds 
iza_doria: folds 
Panda_Pooh_od: raises $1.28 to $2.03
Pastor28: calls $1.28
*** FLOP *** [7s 5h Td]
Panda_Pooh_od: bets $1.01
Pastor28: calls $1.01
*** TURN *** [7s 5h Td] [Ad]
Panda_Pooh_od: checks 
Pastor28: checks 
*** RIVER *** [7s 5h Td Ad] [Jd]
Panda_Pooh_od: bets $0.70
Pastor28: raises $10.36 to $11.06 and is all-in
Panda_Pooh_od: folds 
Uncalled bet ($10.36) returned to Pastor28
Pastor28 collected $7.29 from pot
Pastor28: doesn't show hand 
*** SUMMARY ***
Total pot $7.63 | Rake $0.34 
Board [7s 5h Td Ad Jd]
Seat 1: Pastor28 (button) collected ($7.29)
Seat 2: Mahu2021 (small blind) folded before Flop
Seat 3: iza_doria (big blind) folded before Flop
Seat 4: Panda_Pooh_od folded on the River
Seat 5: PiNe4ppLe folded before Flop (didn't bet)
Seat 6: Tagtag124 folded before Flop (didn't bet)



