PokerStars Hand #247565439844: Tournament #3684198336, $1.84+$0.16 USD Hold'em No Limit - Level I (10/20) - 2023/12/09 17:32:46 CET [2023/12/09 11:32:46 ET]
Table '3684198336 1' 3-max Seat #1 is the button
Seat 1: viostart75 (500 in chips) 
Seat 2: kia115 (500 in chips) 
Seat 3: Mahu2021 (500 in chips) 
kia115: posts small blind 10
Mahu2021: posts big blind 20
*** HOLE CARDS ***
Dealt to Mahu2021 [8d 8c]
viostart75: calls 20
kia115: raises 60 to 80
Mahu2021: calls 60
viostart75: calls 60
*** FLOP *** [4s Qh Ac]
kia115: checks 
Mahu2021: checks 
viostart75: bets 240
kia115: raises 180 to 420 and is all-in
Mahu2021: folds 
viostart75: calls 180 and is all-in
*** TURN *** [4s Qh Ac] [Th]
*** RIVER *** [4s Qh Ac Th] [Ts]
*** SHOW DOWN ***
kia115: shows [Qc Ad] (two pair, Aces and Queens)
viostart75: shows [9c 4c] (two pair, Tens and Fours)
kia115 collected 1080 from pot
viostart75 finished the tournament in 3rd place
*** SUMMARY ***
Total pot 1080 | Rake 0 
Board [4s Qh Ac Th Ts]
Seat 1: viostart75 (button) showed [9c 4c] and lost with two pair, Tens and Fours
Seat 2: kia115 (small blind) showed [Qc Ad] and won (1080) with two pair, Aces and Queens
Seat 3: Mahu2021 (big blind) folded on the Flop



PokerStars Hand #247565453110: Tournament #3684198336, $1.84+$0.16 USD Hold'em No Limit - Level I (10/20) - 2023/12/09 17:33:33 CET [2023/12/09 11:33:33 ET]
Table '3684198336 1' 3-max Seat #3 is the button
Seat 2: kia115 (1080 in chips) 
Seat 3: Mahu2021 (420 in chips) 
Mahu2021: posts small blind 10
kia115: posts big blind 20
*** HOLE CARDS ***
Dealt to Mahu2021 [3c Ad]
Mahu2021: calls 10
kia115: checks 
*** FLOP *** [Ac Th Qs]
kia115: checks 
Mahu2021: bets 20
kia115: calls 20
*** TURN *** [Ac Th Qs] [Js]
kia115: checks 
Mahu2021: bets 20
kia115: calls 20
*** RIVER *** [Ac Th Qs Js] [Qd]
kia115: checks 
Mahu2021: checks 
*** SHOW DOWN ***
kia115: shows [9c Td] (two pair, Queens and Tens)
Mahu2021: shows [3c Ad] (two pair, Aces and Queens)
Mahu2021 collected 120 from pot
*** SUMMARY ***
Total pot 120 | Rake 0 
Board [Ac Th Qs Js Qd]
Seat 2: kia115 (big blind) showed [9c Td] and lost with two pair, Queens and Tens
Seat 3: Mahu2021 (button) (small blind) showed [3c Ad] and won (120) with two pair, Aces and Queens



PokerStars Hand #247565459633: Tournament #3684198336, $1.84+$0.16 USD Hold'em No Limit - Level I (10/20) - 2023/12/09 17:33:56 CET [2023/12/09 11:33:56 ET]
Table '3684198336 1' 3-max Seat #2 is the button
Seat 2: kia115 (1020 in chips) 
Seat 3: Mahu2021 (480 in chips) 
kia115: posts small blind 10
Mahu2021: posts big blind 20
*** HOLE CARDS ***
Dealt to Mahu2021 [Kd Ac]
kia115: folds 
Uncalled bet (10) returned to Mahu2021
Mahu2021 collected 20 from pot
Mahu2021: doesn't show hand 
*** SUMMARY ***
Total pot 20 | Rake 0 
Seat 2: kia115 (button) (small blind) folded before Flop
Seat 3: Mahu2021 (big blind) collected (20)



PokerStars Hand #247565460962: Tournament #3684198336, $1.84+$0.16 USD Hold'em No Limit - Level I (10/20) - 2023/12/09 17:34:01 CET [2023/12/09 11:34:01 ET]
Table '3684198336 1' 3-max Seat #3 is the button
Seat 2: kia115 (1010 in chips) 
Seat 3: Mahu2021 (490 in chips) 
Mahu2021: posts small blind 10
kia115: posts big blind 20
*** HOLE CARDS ***
Dealt to Mahu2021 [Ah Kc]
Mahu2021: raises 20 to 40
kia115: folds 
Uncalled bet (20) returned to Mahu2021
Mahu2021 collected 40 from pot
Mahu2021: doesn't show hand 
*** SUMMARY ***
Total pot 40 | Rake 0 
Seat 2: kia115 (big blind) folded before Flop
Seat 3: Mahu2021 (button) (small blind) collected (40)



PokerStars Hand #247565462539: Tournament #3684198336, $1.84+$0.16 USD Hold'em No Limit - Level I (10/20) - 2023/12/09 17:34:07 CET [2023/12/09 11:34:07 ET]
Table '3684198336 1' 3-max Seat #2 is the button
Seat 2: kia115 (990 in chips) 
Seat 3: Mahu2021 (510 in chips) 
kia115: posts small blind 10
Mahu2021: posts big blind 20
*** HOLE CARDS ***
Dealt to Mahu2021 [Ad 2h]
kia115: raises 40 to 60
Mahu2021: calls 40
*** FLOP *** [Jc 3s 2s]
Mahu2021: checks 
kia115: checks 
*** TURN *** [Jc 3s 2s] [Ts]
Mahu2021: checks 
kia115: bets 120
Mahu2021: folds 
Uncalled bet (120) returned to kia115
kia115 collected 120 from pot
*** SUMMARY ***
Total pot 120 | Rake 0 
Board [Jc 3s 2s Ts]
Seat 2: kia115 (button) (small blind) collected (120)
Seat 3: Mahu2021 (big blind) folded on the Turn



PokerStars Hand #247565469146: Tournament #3684198336, $1.84+$0.16 USD Hold'em No Limit - Level I (10/20) - 2023/12/09 17:34:30 CET [2023/12/09 11:34:30 ET]
Table '3684198336 1' 3-max Seat #3 is the button
Seat 2: kia115 (1050 in chips) 
Seat 3: Mahu2021 (450 in chips) 
Mahu2021: posts small blind 10
kia115: posts big blind 20
*** HOLE CARDS ***
Dealt to Mahu2021 [2d 4c]
Mahu2021: calls 10
kia115: checks 
*** FLOP *** [Ah Qc 9c]
kia115: checks 
Mahu2021: checks 
*** TURN *** [Ah Qc 9c] [Jc]
kia115: checks 
Mahu2021: bets 40
kia115: folds 
Uncalled bet (40) returned to Mahu2021
Mahu2021 collected 40 from pot
Mahu2021: doesn't show hand 
*** SUMMARY ***
Total pot 40 | Rake 0 
Board [Ah Qc 9c Jc]
Seat 2: kia115 (big blind) folded on the Turn
Seat 3: Mahu2021 (button) (small blind) collected (40)



PokerStars Hand #247565477045: Tournament #3684198336, $1.84+$0.16 USD Hold'em No Limit - Level II (15/30) - 2023/12/09 17:34:59 CET [2023/12/09 11:34:59 ET]
Table '3684198336 1' 3-max Seat #2 is the button
Seat 2: kia115 (1030 in chips) 
Seat 3: Mahu2021 (470 in chips) 
kia115: posts small blind 15
Mahu2021: posts big blind 30
*** HOLE CARDS ***
Dealt to Mahu2021 [7c Qs]
kia115: calls 15
Mahu2021: checks 
*** FLOP *** [7h 8c 4s]
Mahu2021: bets 60
kia115: calls 60
*** TURN *** [7h 8c 4s] [3d]
Mahu2021: checks 
kia115: checks 
*** RIVER *** [7h 8c 4s 3d] [Js]
Mahu2021: checks 
kia115: checks 
*** SHOW DOWN ***
Mahu2021: shows [7c Qs] (a pair of Sevens)
kia115: mucks hand 
Mahu2021 collected 180 from pot
*** SUMMARY ***
Total pot 180 | Rake 0 
Board [7h 8c 4s 3d Js]
Seat 2: kia115 (button) (small blind) mucked [5d Ad]
Seat 3: Mahu2021 (big blind) showed [7c Qs] and won (180) with a pair of Sevens



PokerStars Hand #247565482713: Tournament #3684198336, $1.84+$0.16 USD Hold'em No Limit - Level II (15/30) - 2023/12/09 17:35:20 CET [2023/12/09 11:35:20 ET]
Table '3684198336 1' 3-max Seat #3 is the button
Seat 2: kia115 (940 in chips) 
Seat 3: Mahu2021 (560 in chips) 
Mahu2021: posts small blind 15
kia115: posts big blind 30
*** HOLE CARDS ***
Dealt to Mahu2021 [8s Jh]
Mahu2021: calls 15
kia115: checks 
*** FLOP *** [5c As 3h]
kia115: checks 
Mahu2021: checks 
*** TURN *** [5c As 3h] [6d]
kia115: checks 
Mahu2021: checks 
*** RIVER *** [5c As 3h 6d] [Td]
kia115: checks 
Mahu2021: checks 
*** SHOW DOWN ***
kia115: shows [9h 6s] (a pair of Sixes)
Mahu2021: mucks hand 
kia115 collected 60 from pot
*** SUMMARY ***
Total pot 60 | Rake 0 
Board [5c As 3h 6d Td]
Seat 2: kia115 (big blind) showed [9h 6s] and won (60) with a pair of Sixes
Seat 3: Mahu2021 (button) (small blind) mucked [8s Jh]



PokerStars Hand #247565489706: Tournament #3684198336, $1.84+$0.16 USD Hold'em No Limit - Level II (15/30) - 2023/12/09 17:35:45 CET [2023/12/09 11:35:45 ET]
Table '3684198336 1' 3-max Seat #2 is the button
Seat 2: kia115 (970 in chips) 
Seat 3: Mahu2021 (530 in chips) 
kia115: posts small blind 15
Mahu2021: posts big blind 30
*** HOLE CARDS ***
Dealt to Mahu2021 [8h 8c]
kia115: calls 15
Mahu2021: raises 500 to 530 and is all-in
kia115: folds 
Uncalled bet (500) returned to Mahu2021
Mahu2021 collected 60 from pot
Mahu2021: doesn't show hand 
*** SUMMARY ***
Total pot 60 | Rake 0 
Seat 2: kia115 (button) (small blind) folded before Flop
Seat 3: Mahu2021 (big blind) collected (60)



PokerStars Hand #247565492208: Tournament #3684198336, $1.84+$0.16 USD Hold'em No Limit - Level II (15/30) - 2023/12/09 17:35:54 CET [2023/12/09 11:35:54 ET]
Table '3684198336 1' 3-max Seat #3 is the button
Seat 2: kia115 (940 in chips) 
Seat 3: Mahu2021 (560 in chips) 
Mahu2021: posts small blind 15
kia115: posts big blind 30
*** HOLE CARDS ***
Dealt to Mahu2021 [Ks 8d]
Mahu2021: calls 15
kia115: checks 
*** FLOP *** [5c 5h 5d]
kia115: checks 
Mahu2021: checks 
*** TURN *** [5c 5h 5d] [As]
kia115: checks 
Mahu2021: checks 
*** RIVER *** [5c 5h 5d As] [Ac]
kia115: checks 
Mahu2021: bets 530 and is all-in
kia115: folds 
Uncalled bet (530) returned to Mahu2021
Mahu2021 collected 60 from pot
Mahu2021: doesn't show hand 
*** SUMMARY ***
Total pot 60 | Rake 0 
Board [5c 5h 5d As Ac]
Seat 2: kia115 (big blind) folded on the River
Seat 3: Mahu2021 (button) (small blind) collected (60)



PokerStars Hand #247565497396: Tournament #3684198336, $1.84+$0.16 USD Hold'em No Limit - Level II (15/30) - 2023/12/09 17:36:12 CET [2023/12/09 11:36:12 ET]
Table '3684198336 1' 3-max Seat #2 is the button
Seat 2: kia115 (910 in chips) 
Seat 3: Mahu2021 (590 in chips) 
kia115: posts small blind 15
Mahu2021: posts big blind 30
*** HOLE CARDS ***
Dealt to Mahu2021 [Kh 9d]
kia115: folds 
Uncalled bet (15) returned to Mahu2021
Mahu2021 collected 30 from pot
Mahu2021: doesn't show hand 
*** SUMMARY ***
Total pot 30 | Rake 0 
Seat 2: kia115 (button) (small blind) folded before Flop
Seat 3: Mahu2021 (big blind) collected (30)



PokerStars Hand #247565498668: Tournament #3684198336, $1.84+$0.16 USD Hold'em No Limit - Level II (15/30) - 2023/12/09 17:36:17 CET [2023/12/09 11:36:17 ET]
Table '3684198336 1' 3-max Seat #3 is the button
Seat 2: kia115 (895 in chips) 
Seat 3: Mahu2021 (605 in chips) 
Mahu2021: posts small blind 15
kia115: posts big blind 30
*** HOLE CARDS ***
Dealt to Mahu2021 [4c 3s]
Mahu2021: calls 15
kia115: checks 
*** FLOP *** [Kc 5s Jd]
kia115: checks 
Mahu2021: checks 
*** TURN *** [Kc 5s Jd] [6d]
kia115: checks 
Mahu2021: bets 60
kia115: folds 
Uncalled bet (60) returned to Mahu2021
Mahu2021 collected 60 from pot
Mahu2021: doesn't show hand 
*** SUMMARY ***
Total pot 60 | Rake 0 
Board [Kc 5s Jd 6d]
Seat 2: kia115 (big blind) folded on the Turn
Seat 3: Mahu2021 (button) (small blind) collected (60)



PokerStars Hand #247565503003: Tournament #3684198336, $1.84+$0.16 USD Hold'em No Limit - Level II (15/30) - 2023/12/09 17:36:33 CET [2023/12/09 11:36:33 ET]
Table '3684198336 1' 3-max Seat #2 is the button
Seat 2: kia115 (865 in chips) 
Seat 3: Mahu2021 (635 in chips) 
kia115: posts small blind 15
Mahu2021: posts big blind 30
*** HOLE CARDS ***
Dealt to Mahu2021 [Ah Qd]
kia115: folds 
Uncalled bet (15) returned to Mahu2021
Mahu2021 collected 30 from pot
Mahu2021: doesn't show hand 
*** SUMMARY ***
Total pot 30 | Rake 0 
Seat 2: kia115 (button) (small blind) folded before Flop
Seat 3: Mahu2021 (big blind) collected (30)



PokerStars Hand #247565504214: Tournament #3684198336, $1.84+$0.16 USD Hold'em No Limit - Level II (15/30) - 2023/12/09 17:36:37 CET [2023/12/09 11:36:37 ET]
Table '3684198336 1' 3-max Seat #3 is the button
Seat 2: kia115 (850 in chips) 
Seat 3: Mahu2021 (650 in chips) 
Mahu2021: posts small blind 15
kia115: posts big blind 30
*** HOLE CARDS ***
Dealt to Mahu2021 [Qc Th]
Mahu2021: raises 30 to 60
kia115: folds 
Uncalled bet (30) returned to Mahu2021
Mahu2021 collected 60 from pot
Mahu2021: doesn't show hand 
*** SUMMARY ***
Total pot 60 | Rake 0 
Seat 2: kia115 (big blind) folded before Flop
Seat 3: Mahu2021 (button) (small blind) collected (60)



PokerStars Hand #247565505834: Tournament #3684198336, $1.84+$0.16 USD Hold'em No Limit - Level II (15/30) - 2023/12/09 17:36:43 CET [2023/12/09 11:36:43 ET]
Table '3684198336 1' 3-max Seat #2 is the button
Seat 2: kia115 (820 in chips) 
Seat 3: Mahu2021 (680 in chips) 
kia115: posts small blind 15
Mahu2021: posts big blind 30
*** HOLE CARDS ***
Dealt to Mahu2021 [4c 5h]
kia115: calls 15
Mahu2021: checks 
*** FLOP *** [6s 4s 6h]
Mahu2021: checks 
kia115: checks 
*** TURN *** [6s 4s 6h] [Kh]
Mahu2021: checks 
kia115: checks 
*** RIVER *** [6s 4s 6h Kh] [2s]
Mahu2021: bets 60
kia115: folds 
Uncalled bet (60) returned to Mahu2021
Mahu2021 collected 60 from pot
Mahu2021: doesn't show hand 
*** SUMMARY ***
Total pot 60 | Rake 0 
Board [6s 4s 6h Kh 2s]
Seat 2: kia115 (button) (small blind) folded on the River
Seat 3: Mahu2021 (big blind) collected (60)



PokerStars Hand #247565516712: Tournament #3684198336, $1.84+$0.16 USD Hold'em No Limit - Level III (20/40) - 2023/12/09 17:37:22 CET [2023/12/09 11:37:22 ET]
Table '3684198336 1' 3-max Seat #3 is the button
Seat 2: kia115 (790 in chips) 
Seat 3: Mahu2021 (710 in chips) 
Mahu2021: posts small blind 20
kia115: posts big blind 40
*** HOLE CARDS ***
Dealt to Mahu2021 [3s 3c]
Mahu2021: calls 20
kia115: checks 
*** FLOP *** [2s 8d Kd]
kia115: checks 
Mahu2021: bets 40
kia115: calls 40
*** TURN *** [2s 8d Kd] [6d]
kia115: checks 
Mahu2021: checks 
*** RIVER *** [2s 8d Kd 6d] [9s]
kia115: checks 
Mahu2021: checks 
*** SHOW DOWN ***
kia115: shows [8s 4s] (a pair of Eights)
Mahu2021: mucks hand 
kia115 collected 160 from pot
*** SUMMARY ***
Total pot 160 | Rake 0 
Board [2s 8d Kd 6d 9s]
Seat 2: kia115 (big blind) showed [8s 4s] and won (160) with a pair of Eights
Seat 3: Mahu2021 (button) (small blind) mucked [3s 3c]



PokerStars Hand #247565527601: Tournament #3684198336, $1.84+$0.16 USD Hold'em No Limit - Level III (20/40) - 2023/12/09 17:38:01 CET [2023/12/09 11:38:01 ET]
Table '3684198336 1' 3-max Seat #2 is the button
Seat 2: kia115 (870 in chips) 
Seat 3: Mahu2021 (630 in chips) 
kia115: posts small blind 20
Mahu2021: posts big blind 40
*** HOLE CARDS ***
Dealt to Mahu2021 [4s Jd]
kia115: folds 
Uncalled bet (20) returned to Mahu2021
Mahu2021 collected 40 from pot
Mahu2021: doesn't show hand 
*** SUMMARY ***
Total pot 40 | Rake 0 
Seat 2: kia115 (button) (small blind) folded before Flop
Seat 3: Mahu2021 (big blind) collected (40)



PokerStars Hand #247565529204: Tournament #3684198336, $1.84+$0.16 USD Hold'em No Limit - Level III (20/40) - 2023/12/09 17:38:07 CET [2023/12/09 11:38:07 ET]
Table '3684198336 1' 3-max Seat #3 is the button
Seat 2: kia115 (850 in chips) 
Seat 3: Mahu2021 (650 in chips) 
Mahu2021: posts small blind 20
kia115: posts big blind 40
*** HOLE CARDS ***
Dealt to Mahu2021 [Ad 6c]
Mahu2021: calls 20
kia115: checks 
*** FLOP *** [Js 5c As]
kia115: checks 
Mahu2021: checks 
*** TURN *** [Js 5c As] [5s]
kia115: checks 
Mahu2021: bets 40
kia115: calls 40
*** RIVER *** [Js 5c As 5s] [3h]
kia115: bets 40
Mahu2021: calls 40
*** SHOW DOWN ***
kia115: shows [Qs 9s] (a flush, Ace high)
Mahu2021: mucks hand 
kia115 collected 240 from pot
*** SUMMARY ***
Total pot 240 | Rake 0 
Board [Js 5c As 5s 3h]
Seat 2: kia115 (big blind) showed [Qs 9s] and won (240) with a flush, Ace high
Seat 3: Mahu2021 (button) (small blind) mucked [Ad 6c]



PokerStars Hand #247565540100: Tournament #3684198336, $1.84+$0.16 USD Hold'em No Limit - Level III (20/40) - 2023/12/09 17:38:46 CET [2023/12/09 11:38:46 ET]
Table '3684198336 1' 3-max Seat #2 is the button
Seat 2: kia115 (970 in chips) 
Seat 3: Mahu2021 (530 in chips) 
kia115: posts small blind 20
Mahu2021: posts big blind 40
*** HOLE CARDS ***
Dealt to Mahu2021 [5c Ks]
kia115: calls 20
Mahu2021: checks 
*** FLOP *** [6s Qc 3c]
Mahu2021: checks 
kia115: checks 
*** TURN *** [6s Qc 3c] [7s]
Mahu2021: bets 40
kia115: folds 
Uncalled bet (40) returned to Mahu2021
Mahu2021 collected 80 from pot
Mahu2021: doesn't show hand 
*** SUMMARY ***
Total pot 80 | Rake 0 
Board [6s Qc 3c 7s]
Seat 2: kia115 (button) (small blind) folded on the Turn
Seat 3: Mahu2021 (big blind) collected (80)



PokerStars Hand #247565546366: Tournament #3684198336, $1.84+$0.16 USD Hold'em No Limit - Level IV (30/60) - 2023/12/09 17:39:09 CET [2023/12/09 11:39:09 ET]
Table '3684198336 1' 3-max Seat #3 is the button
Seat 2: kia115 (930 in chips) 
Seat 3: Mahu2021 (570 in chips) 
Mahu2021: posts small blind 30
kia115: posts big blind 60
*** HOLE CARDS ***
Dealt to Mahu2021 [5s Ts]
Mahu2021: calls 30
kia115: checks 
*** FLOP *** [2s 8d 3c]
kia115: checks 
Mahu2021: bets 60
kia115: folds 
Uncalled bet (60) returned to Mahu2021
Mahu2021 collected 120 from pot
Mahu2021: doesn't show hand 
*** SUMMARY ***
Total pot 120 | Rake 0 
Board [2s 8d 3c]
Seat 2: kia115 (big blind) folded on the Flop
Seat 3: Mahu2021 (button) (small blind) collected (120)



PokerStars Hand #247565551752: Tournament #3684198336, $1.84+$0.16 USD Hold'em No Limit - Level IV (30/60) - 2023/12/09 17:39:29 CET [2023/12/09 11:39:29 ET]
Table '3684198336 1' 3-max Seat #2 is the button
Seat 2: kia115 (870 in chips) 
Seat 3: Mahu2021 (630 in chips) 
kia115: posts small blind 30
Mahu2021: posts big blind 60
*** HOLE CARDS ***
Dealt to Mahu2021 [Qd 4h]
kia115: raises 120 to 180
Mahu2021: folds 
Uncalled bet (120) returned to kia115
kia115 collected 120 from pot
*** SUMMARY ***
Total pot 120 | Rake 0 
Seat 2: kia115 (button) (small blind) collected (120)
Seat 3: Mahu2021 (big blind) folded before Flop



PokerStars Hand #247565554215: Tournament #3684198336, $1.84+$0.16 USD Hold'em No Limit - Level IV (30/60) - 2023/12/09 17:39:38 CET [2023/12/09 11:39:38 ET]
Table '3684198336 1' 3-max Seat #3 is the button
Seat 2: kia115 (930 in chips) 
Seat 3: Mahu2021 (570 in chips) 
Mahu2021: posts small blind 30
kia115: posts big blind 60
*** HOLE CARDS ***
Dealt to Mahu2021 [Ts 4c]
Mahu2021: folds 
Uncalled bet (30) returned to kia115
kia115 collected 60 from pot
*** SUMMARY ***
Total pot 60 | Rake 0 
Seat 2: kia115 (big blind) collected (60)
Seat 3: Mahu2021 (button) (small blind) folded before Flop



PokerStars Hand #247565555920: Tournament #3684198336, $1.84+$0.16 USD Hold'em No Limit - Level IV (30/60) - 2023/12/09 17:39:44 CET [2023/12/09 11:39:44 ET]
Table '3684198336 1' 3-max Seat #2 is the button
Seat 2: kia115 (960 in chips) 
Seat 3: Mahu2021 (540 in chips) 
kia115: posts small blind 30
Mahu2021: posts big blind 60
*** HOLE CARDS ***
Dealt to Mahu2021 [2c Kc]
kia115: folds 
Uncalled bet (30) returned to Mahu2021
Mahu2021 collected 60 from pot
Mahu2021: doesn't show hand 
*** SUMMARY ***
Total pot 60 | Rake 0 
Seat 2: kia115 (button) (small blind) folded before Flop
Seat 3: Mahu2021 (big blind) collected (60)



PokerStars Hand #247565558019: Tournament #3684198336, $1.84+$0.16 USD Hold'em No Limit - Level IV (30/60) - 2023/12/09 17:39:51 CET [2023/12/09 11:39:51 ET]
Table '3684198336 1' 3-max Seat #3 is the button
Seat 2: kia115 (930 in chips) 
Seat 3: Mahu2021 (570 in chips) 
Mahu2021: posts small blind 30
kia115: posts big blind 60
*** HOLE CARDS ***
Dealt to Mahu2021 [3c Qc]
Mahu2021: calls 30
kia115: checks 
*** FLOP *** [7c 9d 6s]
kia115: bets 120
Mahu2021: folds 
Uncalled bet (120) returned to kia115
kia115 collected 120 from pot
*** SUMMARY ***
Total pot 120 | Rake 0 
Board [7c 9d 6s]
Seat 2: kia115 (big blind) collected (120)
Seat 3: Mahu2021 (button) (small blind) folded on the Flop



PokerStars Hand #247565561332: Tournament #3684198336, $1.84+$0.16 USD Hold'em No Limit - Level IV (30/60) - 2023/12/09 17:40:03 CET [2023/12/09 11:40:03 ET]
Table '3684198336 1' 3-max Seat #2 is the button
Seat 2: kia115 (990 in chips) 
Seat 3: Mahu2021 (510 in chips) 
kia115: posts small blind 30
Mahu2021: posts big blind 60
*** HOLE CARDS ***
Dealt to Mahu2021 [7c 8d]
kia115: folds 
Uncalled bet (30) returned to Mahu2021
Mahu2021 collected 60 from pot
Mahu2021: doesn't show hand 
*** SUMMARY ***
Total pot 60 | Rake 0 
Seat 2: kia115 (button) (small blind) folded before Flop
Seat 3: Mahu2021 (big blind) collected (60)



PokerStars Hand #247565562654: Tournament #3684198336, $1.84+$0.16 USD Hold'em No Limit - Level IV (30/60) - 2023/12/09 17:40:08 CET [2023/12/09 11:40:08 ET]
Table '3684198336 1' 3-max Seat #3 is the button
Seat 2: kia115 (960 in chips) 
Seat 3: Mahu2021 (540 in chips) 
Mahu2021: posts small blind 30
kia115: posts big blind 60
*** HOLE CARDS ***
Dealt to Mahu2021 [8d 2c]
Mahu2021: folds 
Uncalled bet (30) returned to kia115
kia115 collected 60 from pot
*** SUMMARY ***
Total pot 60 | Rake 0 
Seat 2: kia115 (big blind) collected (60)
Seat 3: Mahu2021 (button) (small blind) folded before Flop



PokerStars Hand #247565563961: Tournament #3684198336, $1.84+$0.16 USD Hold'em No Limit - Level IV (30/60) - 2023/12/09 17:40:13 CET [2023/12/09 11:40:13 ET]
Table '3684198336 1' 3-max Seat #2 is the button
Seat 2: kia115 (990 in chips) 
Seat 3: Mahu2021 (510 in chips) 
kia115: posts small blind 30
Mahu2021: posts big blind 60
*** HOLE CARDS ***
Dealt to Mahu2021 [3c 5s]
kia115: folds 
Uncalled bet (30) returned to Mahu2021
Mahu2021 collected 60 from pot
Mahu2021: doesn't show hand 
*** SUMMARY ***
Total pot 60 | Rake 0 
Seat 2: kia115 (button) (small blind) folded before Flop
Seat 3: Mahu2021 (big blind) collected (60)



PokerStars Hand #247565565684: Tournament #3684198336, $1.84+$0.16 USD Hold'em No Limit - Level IV (30/60) - 2023/12/09 17:40:19 CET [2023/12/09 11:40:19 ET]
Table '3684198336 1' 3-max Seat #3 is the button
Seat 2: kia115 (960 in chips) 
Seat 3: Mahu2021 (540 in chips) 
Mahu2021: posts small blind 30
kia115: posts big blind 60
*** HOLE CARDS ***
Dealt to Mahu2021 [2c Jc]
Mahu2021: raises 60 to 120
kia115: calls 60
*** FLOP *** [Js 6d 7h]
kia115: bets 60
Mahu2021: raises 360 to 420 and is all-in
kia115: calls 360
*** TURN *** [Js 6d 7h] [7s]
*** RIVER *** [Js 6d 7h 7s] [8s]
*** SHOW DOWN ***
kia115: shows [Ks Kc] (two pair, Kings and Sevens)
Mahu2021: shows [2c Jc] (two pair, Jacks and Sevens)
kia115 collected 1080 from pot
Mahu2021 finished the tournament in 2nd place
kia115 wins the tournament and receives $4.00 - congratulations!
*** SUMMARY ***
Total pot 1080 | Rake 0 
Board [Js 6d 7h 7s 8s]
Seat 2: kia115 (big blind) showed [Ks Kc] and won (1080) with two pair, Kings and Sevens
Seat 3: Mahu2021 (button) (small blind) showed [2c Jc] and lost with two pair, Jacks and Sevens



