PokerStars Hand #253297269405: Tournament #3821065206, $1.84+$0.16 USD Hold'em No Limit - Level I (10/20) - 2024/11/07 18:41:24 CET [2024/11/07 12:41:24 ET]
Table '3821065206 1' 3-max Seat #1 is the button
Seat 1: Mahu2021 (500 in chips) 
Seat 2: MVBX_Gabo (500 in chips) 
Seat 3: Ferroetigni (500 in chips) 
MVBX_Gabo: posts small blind 10
Ferroetigni: posts big blind 20
*** HOLE CARDS ***
Dealt to Mahu2021 [Th 5c]
Mahu2021: folds 
MVBX_Gabo: raises 480 to 500 and is all-in
Ferroetigni: folds 
Uncalled bet (480) returned to MVBX_Gabo
MVBX_Gabo collected 40 from pot
*** SUMMARY ***
Total pot 40 | Rake 0 
Seat 1: Mahu2021 (button) folded before Flop (didn't bet)
Seat 2: MVBX_Gabo (small blind) collected (40)
Seat 3: Ferroetigni (big blind) folded before Flop



PokerStars Hand #253297271955: Tournament #3821065206, $1.84+$0.16 USD Hold'em No Limit - Level I (10/20) - 2024/11/07 18:41:34 CET [2024/11/07 12:41:34 ET]
Table '3821065206 1' 3-max Seat #2 is the button
Seat 1: Mahu2021 (500 in chips) 
Seat 2: MVBX_Gabo (520 in chips) 
Seat 3: Ferroetigni (480 in chips) 
Ferroetigni: posts small blind 10
Mahu2021: posts big blind 20
*** HOLE CARDS ***
Dealt to Mahu2021 [8h 7s]
MVBX_Gabo: folds 
Ferroetigni: raises 30 to 50
Mahu2021: folds 
Uncalled bet (30) returned to Ferroetigni
Ferroetigni collected 40 from pot
Ferroetigni: doesn't show hand 
*** SUMMARY ***
Total pot 40 | Rake 0 
Seat 1: Mahu2021 (big blind) folded before Flop
Seat 2: MVBX_Gabo (button) folded before Flop (didn't bet)
Seat 3: Ferroetigni (small blind) collected (40)



PokerStars Hand #253297274779: Tournament #3821065206, $1.84+$0.16 USD Hold'em No Limit - Level I (10/20) - 2024/11/07 18:41:46 CET [2024/11/07 12:41:46 ET]
Table '3821065206 1' 3-max Seat #3 is the button
Seat 1: Mahu2021 (480 in chips) 
Seat 2: MVBX_Gabo (520 in chips) 
Seat 3: Ferroetigni (500 in chips) 
Mahu2021: posts small blind 10
MVBX_Gabo: posts big blind 20
*** HOLE CARDS ***
Dealt to Mahu2021 [Kh 8d]
Ferroetigni: raises 20 to 40
Mahu2021: calls 30
MVBX_Gabo: folds 
*** FLOP *** [7h 5h Kc]
Mahu2021: checks 
Ferroetigni: bets 34
Mahu2021: raises 46 to 80
Ferroetigni: folds 
Uncalled bet (46) returned to Mahu2021
Mahu2021 collected 168 from pot
Mahu2021: doesn't show hand 
*** SUMMARY ***
Total pot 168 | Rake 0 
Board [7h 5h Kc]
Seat 1: Mahu2021 (small blind) collected (168)
Seat 2: MVBX_Gabo (big blind) folded before Flop
Seat 3: Ferroetigni (button) folded on the Flop



PokerStars Hand #253297282455: Tournament #3821065206, $1.84+$0.16 USD Hold'em No Limit - Level I (10/20) - 2024/11/07 18:42:17 CET [2024/11/07 12:42:17 ET]
Table '3821065206 1' 3-max Seat #1 is the button
Seat 1: Mahu2021 (574 in chips) 
Seat 2: MVBX_Gabo (500 in chips) 
Seat 3: Ferroetigni (426 in chips) 
MVBX_Gabo: posts small blind 10
Ferroetigni: posts big blind 20
*** HOLE CARDS ***
Dealt to Mahu2021 [7h Jc]
Mahu2021: folds 
MVBX_Gabo: folds 
Uncalled bet (10) returned to Ferroetigni
Ferroetigni collected 20 from pot
Ferroetigni: doesn't show hand 
*** SUMMARY ***
Total pot 20 | Rake 0 
Seat 1: Mahu2021 (button) folded before Flop (didn't bet)
Seat 2: MVBX_Gabo (small blind) folded before Flop
Seat 3: Ferroetigni (big blind) collected (20)



PokerStars Hand #253297284532: Tournament #3821065206, $1.84+$0.16 USD Hold'em No Limit - Level I (10/20) - 2024/11/07 18:42:25 CET [2024/11/07 12:42:25 ET]
Table '3821065206 1' 3-max Seat #2 is the button
Seat 1: Mahu2021 (574 in chips) 
Seat 2: MVBX_Gabo (490 in chips) 
Seat 3: Ferroetigni (436 in chips) 
Ferroetigni: posts small blind 10
Mahu2021: posts big blind 20
*** HOLE CARDS ***
Dealt to Mahu2021 [3s 6d]
MVBX_Gabo: raises 20 to 40
Ferroetigni: raises 396 to 436 and is all-in
Mahu2021: folds 
MVBX_Gabo: folds 
Uncalled bet (396) returned to Ferroetigni
Ferroetigni collected 100 from pot
Ferroetigni: doesn't show hand 
*** SUMMARY ***
Total pot 100 | Rake 0 
Seat 1: Mahu2021 (big blind) folded before Flop
Seat 2: MVBX_Gabo (button) folded before Flop
Seat 3: Ferroetigni (small blind) collected (100)



PokerStars Hand #253297289050: Tournament #3821065206, $1.84+$0.16 USD Hold'em No Limit - Level I (10/20) - 2024/11/07 18:42:44 CET [2024/11/07 12:42:44 ET]
Table '3821065206 1' 3-max Seat #3 is the button
Seat 1: Mahu2021 (554 in chips) 
Seat 2: MVBX_Gabo (450 in chips) 
Seat 3: Ferroetigni (496 in chips) 
Mahu2021: posts small blind 10
MVBX_Gabo: posts big blind 20
*** HOLE CARDS ***
Dealt to Mahu2021 [5c Kc]
Ferroetigni: folds 
Mahu2021: raises 20 to 40
MVBX_Gabo: folds 
Uncalled bet (20) returned to Mahu2021
Mahu2021 collected 40 from pot
Mahu2021: doesn't show hand 
*** SUMMARY ***
Total pot 40 | Rake 0 
Seat 1: Mahu2021 (small blind) collected (40)
Seat 2: MVBX_Gabo (big blind) folded before Flop
Seat 3: Ferroetigni (button) folded before Flop (didn't bet)



PokerStars Hand #253297290876: Tournament #3821065206, $1.84+$0.16 USD Hold'em No Limit - Level I (10/20) - 2024/11/07 18:42:51 CET [2024/11/07 12:42:51 ET]
Table '3821065206 1' 3-max Seat #1 is the button
Seat 1: Mahu2021 (574 in chips) 
Seat 2: MVBX_Gabo (430 in chips) 
Seat 3: Ferroetigni (496 in chips) 
MVBX_Gabo: posts small blind 10
Ferroetigni: posts big blind 20
*** HOLE CARDS ***
Dealt to Mahu2021 [4c 7h]
Mahu2021: folds 
MVBX_Gabo: calls 10
Ferroetigni: raises 40 to 60
MVBX_Gabo: folds 
Uncalled bet (40) returned to Ferroetigni
Ferroetigni collected 40 from pot
Ferroetigni: doesn't show hand 
*** SUMMARY ***
Total pot 40 | Rake 0 
Seat 1: Mahu2021 (button) folded before Flop (didn't bet)
Seat 2: MVBX_Gabo (small blind) folded before Flop
Seat 3: Ferroetigni (big blind) collected (40)



PokerStars Hand #253297293653: Tournament #3821065206, $1.84+$0.16 USD Hold'em No Limit - Level I (10/20) - 2024/11/07 18:43:02 CET [2024/11/07 12:43:02 ET]
Table '3821065206 1' 3-max Seat #2 is the button
Seat 1: Mahu2021 (574 in chips) 
Seat 2: MVBX_Gabo (410 in chips) 
Seat 3: Ferroetigni (516 in chips) 
Ferroetigni: posts small blind 10
Mahu2021: posts big blind 20
*** HOLE CARDS ***
Dealt to Mahu2021 [4d Jd]
MVBX_Gabo: raises 20 to 40
Ferroetigni: folds 
Mahu2021: calls 20
*** FLOP *** [4s Th Kh]
Mahu2021: checks 
MVBX_Gabo: bets 44
Mahu2021: folds 
Uncalled bet (44) returned to MVBX_Gabo
MVBX_Gabo collected 90 from pot
*** SUMMARY ***
Total pot 90 | Rake 0 
Board [4s Th Kh]
Seat 1: Mahu2021 (big blind) folded on the Flop
Seat 2: MVBX_Gabo (button) collected (90)
Seat 3: Ferroetigni (small blind) folded before Flop



PokerStars Hand #253297299226: Tournament #3821065206, $1.84+$0.16 USD Hold'em No Limit - Level I (10/20) - 2024/11/07 18:43:25 CET [2024/11/07 12:43:25 ET]
Table '3821065206 1' 3-max Seat #3 is the button
Seat 1: Mahu2021 (534 in chips) 
Seat 2: MVBX_Gabo (460 in chips) 
Seat 3: Ferroetigni (506 in chips) 
Mahu2021: posts small blind 10
MVBX_Gabo: posts big blind 20
*** HOLE CARDS ***
Dealt to Mahu2021 [Ah Jh]
Ferroetigni: folds 
Mahu2021: raises 40 to 60
MVBX_Gabo: raises 400 to 460 and is all-in
Mahu2021: calls 400
*** FLOP *** [7c 5s 4h]
*** TURN *** [7c 5s 4h] [8d]
*** RIVER *** [7c 5s 4h 8d] [9s]
*** SHOW DOWN ***
Mahu2021: shows [Ah Jh] (high card Ace)
MVBX_Gabo: shows [Qc Ad] (high card Ace - Queen kicker)
MVBX_Gabo collected 920 from pot
*** SUMMARY ***
Total pot 920 | Rake 0 
Board [7c 5s 4h 8d 9s]
Seat 1: Mahu2021 (small blind) showed [Ah Jh] and lost with high card Ace
Seat 2: MVBX_Gabo (big blind) showed [Qc Ad] and won (920) with high card Ace
Seat 3: Ferroetigni (button) folded before Flop (didn't bet)



PokerStars Hand #253297303412: Tournament #3821065206, $1.84+$0.16 USD Hold'em No Limit - Level I (10/20) - 2024/11/07 18:43:42 CET [2024/11/07 12:43:42 ET]
Table '3821065206 1' 3-max Seat #1 is the button
Seat 1: Mahu2021 (74 in chips) 
Seat 2: MVBX_Gabo (920 in chips) 
Seat 3: Ferroetigni (506 in chips) 
MVBX_Gabo: posts small blind 10
Ferroetigni: posts big blind 20
*** HOLE CARDS ***
Dealt to Mahu2021 [Jh 3s]
Mahu2021: folds 
MVBX_Gabo: calls 10
Ferroetigni: raises 40 to 60
MVBX_Gabo: calls 40
*** FLOP *** [Ts 8d 2c]
MVBX_Gabo: checks 
Ferroetigni: bets 60
MVBX_Gabo: folds 
Uncalled bet (60) returned to Ferroetigni
Ferroetigni collected 120 from pot
Ferroetigni: doesn't show hand 
*** SUMMARY ***
Total pot 120 | Rake 0 
Board [Ts 8d 2c]
Seat 1: Mahu2021 (button) folded before Flop (didn't bet)
Seat 2: MVBX_Gabo (small blind) folded on the Flop
Seat 3: Ferroetigni (big blind) collected (120)



PokerStars Hand #253297308637: Tournament #3821065206, $1.84+$0.16 USD Hold'em No Limit - Level I (10/20) - 2024/11/07 18:44:04 CET [2024/11/07 12:44:04 ET]
Table '3821065206 1' 3-max Seat #2 is the button
Seat 1: Mahu2021 (74 in chips) 
Seat 2: MVBX_Gabo (860 in chips) 
Seat 3: Ferroetigni (566 in chips) 
Ferroetigni: posts small blind 10
Mahu2021: posts big blind 20
*** HOLE CARDS ***
Dealt to Mahu2021 [Qs Td]
MVBX_Gabo: folds 
Ferroetigni: folds 
Uncalled bet (10) returned to Mahu2021
Mahu2021 collected 20 from pot
Mahu2021: doesn't show hand 
*** SUMMARY ***
Total pot 20 | Rake 0 
Seat 1: Mahu2021 (big blind) collected (20)
Seat 2: MVBX_Gabo (button) folded before Flop (didn't bet)
Seat 3: Ferroetigni (small blind) folded before Flop



PokerStars Hand #253297310314: Tournament #3821065206, $1.84+$0.16 USD Hold'em No Limit - Level I (10/20) - 2024/11/07 18:44:10 CET [2024/11/07 12:44:10 ET]
Table '3821065206 1' 3-max Seat #3 is the button
Seat 1: Mahu2021 (84 in chips) 
Seat 2: MVBX_Gabo (860 in chips) 
Seat 3: Ferroetigni (556 in chips) 
Mahu2021: posts small blind 10
MVBX_Gabo: posts big blind 20
*** HOLE CARDS ***
Dealt to Mahu2021 [6h 9d]
Ferroetigni: folds 
Mahu2021: folds 
Uncalled bet (10) returned to MVBX_Gabo
MVBX_Gabo collected 20 from pot
*** SUMMARY ***
Total pot 20 | Rake 0 
Seat 1: Mahu2021 (small blind) folded before Flop
Seat 2: MVBX_Gabo (big blind) collected (20)
Seat 3: Ferroetigni (button) folded before Flop (didn't bet)



PokerStars Hand #253297311550: Tournament #3821065206, $1.84+$0.16 USD Hold'em No Limit - Level I (10/20) - 2024/11/07 18:44:15 CET [2024/11/07 12:44:15 ET]
Table '3821065206 1' 3-max Seat #1 is the button
Seat 1: Mahu2021 (74 in chips) 
Seat 2: MVBX_Gabo (870 in chips) 
Seat 3: Ferroetigni (556 in chips) 
MVBX_Gabo: posts small blind 10
Ferroetigni: posts big blind 20
*** HOLE CARDS ***
Dealt to Mahu2021 [Ks Kc]
Mahu2021: raises 54 to 74 and is all-in
MVBX_Gabo: folds 
Ferroetigni: calls 54
*** FLOP *** [Th 4d Qc]
*** TURN *** [Th 4d Qc] [2h]
*** RIVER *** [Th 4d Qc 2h] [Tc]
*** SHOW DOWN ***
Ferroetigni: shows [Jd Qd] (two pair, Queens and Tens)
Mahu2021: shows [Ks Kc] (two pair, Kings and Tens)
Mahu2021 collected 158 from pot
*** SUMMARY ***
Total pot 158 | Rake 0 
Board [Th 4d Qc 2h Tc]
Seat 1: Mahu2021 (button) showed [Ks Kc] and won (158) with two pair, Kings and Tens
Seat 2: MVBX_Gabo (small blind) folded before Flop
Seat 3: Ferroetigni (big blind) showed [Jd Qd] and lost with two pair, Queens and Tens



PokerStars Hand #253297316124: Tournament #3821065206, $1.84+$0.16 USD Hold'em No Limit - Level II (15/30) - 2024/11/07 18:44:34 CET [2024/11/07 12:44:34 ET]
Table '3821065206 1' 3-max Seat #2 is the button
Seat 1: Mahu2021 (158 in chips) 
Seat 2: MVBX_Gabo (860 in chips) 
Seat 3: Ferroetigni (482 in chips) 
Ferroetigni: posts small blind 15
Mahu2021: posts big blind 30
*** HOLE CARDS ***
Dealt to Mahu2021 [Ah 7s]
MVBX_Gabo: folds 
Ferroetigni: raises 452 to 482 and is all-in
Mahu2021: calls 128 and is all-in
Uncalled bet (324) returned to Ferroetigni
*** FLOP *** [As 9c 3s]
*** TURN *** [As 9c 3s] [6c]
*** RIVER *** [As 9c 3s 6c] [6s]
*** SHOW DOWN ***
Ferroetigni: shows [Ad Jd] (two pair, Aces and Sixes)
Mahu2021: shows [Ah 7s] (two pair, Aces and Sixes - lower kicker)
Ferroetigni collected 316 from pot
Mahu2021 finished the tournament in 3rd place
*** SUMMARY ***
Total pot 316 | Rake 0 
Board [As 9c 3s 6c 6s]
Seat 1: Mahu2021 (big blind) showed [Ah 7s] and lost with two pair, Aces and Sixes
Seat 2: MVBX_Gabo (button) folded before Flop (didn't bet)
Seat 3: Ferroetigni (small blind) showed [Ad Jd] and won (316) with two pair, Aces and Sixes



