PokerStars Hand #253203337329: Tournament #3818882055, $1.84+$0.16 USD Hold'em No Limit - Level I (10/20) - 2024/11/01 18:04:56 CET [2024/11/01 13:04:56 ET]
Table '3818882055 1' 3-max Seat #1 is the button
Seat 1: Mahu2021 (500 in chips) 
Seat 2: sjergi (500 in chips) 
Seat 3: picasso__197 (500 in chips) 
sjergi: posts small blind 10
picasso__197: posts big blind 20
*** HOLE CARDS ***
Dealt to Mahu2021 [6d 9h]
Mahu2021: folds 
sjergi: calls 10
picasso__197: checks 
*** FLOP *** [6c Jh 5s]
sjergi: bets 40
picasso__197: calls 40
*** TURN *** [6c Jh 5s] [Qc]
sjergi: bets 40
picasso__197: folds 
Uncalled bet (40) returned to sjergi
sjergi collected 120 from pot
*** SUMMARY ***
Total pot 120 | Rake 0 
Board [6c Jh 5s Qc]
Seat 1: Mahu2021 (button) folded before Flop (didn't bet)
Seat 2: sjergi (small blind) collected (120)
Seat 3: picasso__197 (big blind) folded on the Turn



PokerStars Hand #253203342810: Tournament #3818882055, $1.84+$0.16 USD Hold'em No Limit - Level I (10/20) - 2024/11/01 18:05:19 CET [2024/11/01 13:05:19 ET]
Table '3818882055 1' 3-max Seat #2 is the button
Seat 1: Mahu2021 (500 in chips) 
Seat 2: sjergi (560 in chips) 
Seat 3: picasso__197 (440 in chips) 
picasso__197: posts small blind 10
Mahu2021: posts big blind 20
*** HOLE CARDS ***
Dealt to Mahu2021 [5h Js]
sjergi: raises 40 to 60
picasso__197: folds 
Mahu2021: folds 
Uncalled bet (40) returned to sjergi
sjergi collected 50 from pot
*** SUMMARY ***
Total pot 50 | Rake 0 
Seat 1: Mahu2021 (big blind) folded before Flop
Seat 2: sjergi (button) collected (50)
Seat 3: picasso__197 (small blind) folded before Flop



PokerStars Hand #253203344970: Tournament #3818882055, $1.84+$0.16 USD Hold'em No Limit - Level I (10/20) - 2024/11/01 18:05:28 CET [2024/11/01 13:05:28 ET]
Table '3818882055 1' 3-max Seat #3 is the button
Seat 1: Mahu2021 (480 in chips) 
Seat 2: sjergi (590 in chips) 
Seat 3: picasso__197 (430 in chips) 
Mahu2021: posts small blind 10
sjergi: posts big blind 20
*** HOLE CARDS ***
Dealt to Mahu2021 [6h Ts]
picasso__197: folds 
Mahu2021: folds 
Uncalled bet (10) returned to sjergi
sjergi collected 20 from pot
*** SUMMARY ***
Total pot 20 | Rake 0 
Seat 1: Mahu2021 (small blind) folded before Flop
Seat 2: sjergi (big blind) collected (20)
Seat 3: picasso__197 (button) folded before Flop (didn't bet)



PokerStars Hand #253203346177: Tournament #3818882055, $1.84+$0.16 USD Hold'em No Limit - Level I (10/20) - 2024/11/01 18:05:33 CET [2024/11/01 13:05:33 ET]
Table '3818882055 1' 3-max Seat #1 is the button
Seat 1: Mahu2021 (470 in chips) 
Seat 2: sjergi (600 in chips) 
Seat 3: picasso__197 (430 in chips) 
sjergi: posts small blind 10
picasso__197: posts big blind 20
*** HOLE CARDS ***
Dealt to Mahu2021 [Kd 3c]
Mahu2021: folds 
sjergi: calls 10
picasso__197: checks 
*** FLOP *** [5c 6d Jc]
sjergi: checks 
picasso__197: checks 
*** TURN *** [5c 6d Jc] [5d]
sjergi: checks 
picasso__197: bets 40
sjergi: folds 
Uncalled bet (40) returned to picasso__197
picasso__197 collected 40 from pot
picasso__197: doesn't show hand 
*** SUMMARY ***
Total pot 40 | Rake 0 
Board [5c 6d Jc 5d]
Seat 1: Mahu2021 (button) folded before Flop (didn't bet)
Seat 2: sjergi (small blind) folded on the Turn
Seat 3: picasso__197 (big blind) collected (40)



PokerStars Hand #253203350488: Tournament #3818882055, $1.84+$0.16 USD Hold'em No Limit - Level I (10/20) - 2024/11/01 18:05:51 CET [2024/11/01 13:05:51 ET]
Table '3818882055 1' 3-max Seat #2 is the button
Seat 1: Mahu2021 (470 in chips) 
Seat 2: sjergi (580 in chips) 
Seat 3: picasso__197 (450 in chips) 
picasso__197: posts small blind 10
Mahu2021: posts big blind 20
*** HOLE CARDS ***
Dealt to Mahu2021 [7s 6s]
sjergi: calls 20
picasso__197: calls 10
Mahu2021: checks 
*** FLOP *** [Kc 5s Kd]
picasso__197: checks 
Mahu2021: checks 
sjergi: checks 
*** TURN *** [Kc 5s Kd] [Tc]
picasso__197: checks 
Mahu2021: checks 
sjergi: checks 
*** RIVER *** [Kc 5s Kd Tc] [Th]
picasso__197: checks 
Mahu2021: checks 
sjergi: checks 
*** SHOW DOWN ***
picasso__197: shows [9h 8c] (two pair, Kings and Tens)
Mahu2021: mucks hand 
sjergi: shows [7c Jh] (two pair, Kings and Tens - Jack kicker)
sjergi collected 60 from pot
*** SUMMARY ***
Total pot 60 | Rake 0 
Board [Kc 5s Kd Tc Th]
Seat 1: Mahu2021 (big blind) mucked [7s 6s]
Seat 2: sjergi (button) showed [7c Jh] and won (60) with two pair, Kings and Tens
Seat 3: picasso__197 (small blind) showed [9h 8c] and lost with two pair, Kings and Tens



PokerStars Hand #253203356183: Tournament #3818882055, $1.84+$0.16 USD Hold'em No Limit - Level I (10/20) - 2024/11/01 18:06:15 CET [2024/11/01 13:06:15 ET]
Table '3818882055 1' 3-max Seat #3 is the button
Seat 1: Mahu2021 (450 in chips) 
Seat 2: sjergi (620 in chips) 
Seat 3: picasso__197 (430 in chips) 
Mahu2021: posts small blind 10
sjergi: posts big blind 20
*** HOLE CARDS ***
Dealt to Mahu2021 [Qh 3c]
picasso__197: folds 
Mahu2021: calls 10
sjergi: checks 
*** FLOP *** [5s Js 9h]
Mahu2021: checks 
sjergi: checks 
*** TURN *** [5s Js 9h] [5h]
Mahu2021: checks 
sjergi: checks 
*** RIVER *** [5s Js 9h 5h] [6d]
Mahu2021: checks 
sjergi: checks 
*** SHOW DOWN ***
Mahu2021: shows [Qh 3c] (a pair of Fives)
sjergi: shows [Th 9d] (two pair, Nines and Fives)
sjergi collected 40 from pot
*** SUMMARY ***
Total pot 40 | Rake 0 
Board [5s Js 9h 5h 6d]
Seat 1: Mahu2021 (small blind) showed [Qh 3c] and lost with a pair of Fives
Seat 2: sjergi (big blind) showed [Th 9d] and won (40) with two pair, Nines and Fives
Seat 3: picasso__197 (button) folded before Flop (didn't bet)



PokerStars Hand #253203361119: Tournament #3818882055, $1.84+$0.16 USD Hold'em No Limit - Level I (10/20) - 2024/11/01 18:06:36 CET [2024/11/01 13:06:36 ET]
Table '3818882055 1' 3-max Seat #1 is the button
Seat 1: Mahu2021 (430 in chips) 
Seat 2: sjergi (640 in chips) 
Seat 3: picasso__197 (430 in chips) 
sjergi: posts small blind 10
picasso__197: posts big blind 20
*** HOLE CARDS ***
Dealt to Mahu2021 [Qs 4d]
Mahu2021: folds 
sjergi: calls 10
picasso__197: checks 
*** FLOP *** [5c 2h 3d]
sjergi: checks 
picasso__197: bets 40
sjergi: folds 
Uncalled bet (40) returned to picasso__197
picasso__197 collected 40 from pot
picasso__197: doesn't show hand 
*** SUMMARY ***
Total pot 40 | Rake 0 
Board [5c 2h 3d]
Seat 1: Mahu2021 (button) folded before Flop (didn't bet)
Seat 2: sjergi (small blind) folded on the Flop
Seat 3: picasso__197 (big blind) collected (40)



PokerStars Hand #253203365668: Tournament #3818882055, $1.84+$0.16 USD Hold'em No Limit - Level I (10/20) - 2024/11/01 18:06:55 CET [2024/11/01 13:06:55 ET]
Table '3818882055 1' 3-max Seat #2 is the button
Seat 1: Mahu2021 (430 in chips) 
Seat 2: sjergi (620 in chips) 
Seat 3: picasso__197 (450 in chips) 
picasso__197: posts small blind 10
Mahu2021: posts big blind 20
*** HOLE CARDS ***
Dealt to Mahu2021 [Jc 6h]
sjergi: calls 20
picasso__197: calls 10
Mahu2021: checks 
*** FLOP *** [6s 8d 4c]
picasso__197: checks 
Mahu2021: bets 40
sjergi: calls 40
picasso__197: folds 
*** TURN *** [6s 8d 4c] [7h]
Mahu2021: checks 
sjergi: checks 
*** RIVER *** [6s 8d 4c 7h] [4d]
Mahu2021: checks 
sjergi: checks 
*** SHOW DOWN ***
Mahu2021: shows [Jc 6h] (two pair, Sixes and Fours)
sjergi: mucks hand 
Mahu2021 collected 140 from pot
*** SUMMARY ***
Total pot 140 | Rake 0 
Board [6s 8d 4c 7h 4d]
Seat 1: Mahu2021 (big blind) showed [Jc 6h] and won (140) with two pair, Sixes and Fours
Seat 2: sjergi (button) mucked [Jd Ad]
Seat 3: picasso__197 (small blind) folded on the Flop



PokerStars Hand #253203370248: Tournament #3818882055, $1.84+$0.16 USD Hold'em No Limit - Level I (10/20) - 2024/11/01 18:07:15 CET [2024/11/01 13:07:15 ET]
Table '3818882055 1' 3-max Seat #3 is the button
Seat 1: Mahu2021 (510 in chips) 
Seat 2: sjergi (560 in chips) 
Seat 3: picasso__197 (430 in chips) 
Mahu2021: posts small blind 10
sjergi: posts big blind 20
*** HOLE CARDS ***
Dealt to Mahu2021 [7s Kc]
picasso__197: folds 
Mahu2021: raises 20 to 40
sjergi: calls 20
*** FLOP *** [Jc Ah Ts]
Mahu2021: checks 
sjergi: checks 
*** TURN *** [Jc Ah Ts] [2d]
Mahu2021: checks 
sjergi: checks 
*** RIVER *** [Jc Ah Ts 2d] [7h]
Mahu2021: bets 80
sjergi: folds 
Uncalled bet (80) returned to Mahu2021
Mahu2021 collected 80 from pot
Mahu2021: doesn't show hand 
*** SUMMARY ***
Total pot 80 | Rake 0 
Board [Jc Ah Ts 2d 7h]
Seat 1: Mahu2021 (small blind) collected (80)
Seat 2: sjergi (big blind) folded on the River
Seat 3: picasso__197 (button) folded before Flop (didn't bet)



PokerStars Hand #253203375691: Tournament #3818882055, $1.84+$0.16 USD Hold'em No Limit - Level I (10/20) - 2024/11/01 18:07:38 CET [2024/11/01 13:07:38 ET]
Table '3818882055 1' 3-max Seat #1 is the button
Seat 1: Mahu2021 (550 in chips) 
Seat 2: sjergi (520 in chips) 
Seat 3: picasso__197 (430 in chips) 
sjergi: posts small blind 10
picasso__197: posts big blind 20
*** HOLE CARDS ***
Dealt to Mahu2021 [5h Kd]
Mahu2021: calls 20
sjergi: calls 10
picasso__197: checks 
*** FLOP *** [8h 2c Kc]
sjergi: bets 60
picasso__197: folds 
Mahu2021: raises 60 to 120
sjergi: calls 60
*** TURN *** [8h 2c Kc] [3s]
sjergi: checks 
Mahu2021: bets 60
sjergi: calls 60
*** RIVER *** [8h 2c Kc 3s] [3c]
sjergi: checks 
Mahu2021: checks 
*** SHOW DOWN ***
sjergi: shows [4c Kh] (two pair, Kings and Threes)
Mahu2021: shows [5h Kd] (two pair, Kings and Threes)
sjergi collected 210 from pot
Mahu2021 collected 210 from pot
*** SUMMARY ***
Total pot 420 | Rake 0 
Board [8h 2c Kc 3s 3c]
Seat 1: Mahu2021 (button) showed [5h Kd] and won (210) with two pair, Kings and Threes
Seat 2: sjergi (small blind) showed [4c Kh] and won (210) with two pair, Kings and Threes
Seat 3: picasso__197 (big blind) folded on the Flop



PokerStars Hand #253203385225: Tournament #3818882055, $1.84+$0.16 USD Hold'em No Limit - Level II (15/30) - 2024/11/01 18:08:18 CET [2024/11/01 13:08:18 ET]
Table '3818882055 1' 3-max Seat #2 is the button
Seat 1: Mahu2021 (560 in chips) 
Seat 2: sjergi (530 in chips) 
Seat 3: picasso__197 (410 in chips) 
picasso__197: posts small blind 15
Mahu2021: posts big blind 30
*** HOLE CARDS ***
Dealt to Mahu2021 [Qs Ah]
sjergi: calls 30
picasso__197: calls 15
Mahu2021: raises 90 to 120
sjergi: calls 90
picasso__197: folds 
*** FLOP *** [4d Jh Ks]
Mahu2021: checks 
sjergi: checks 
*** TURN *** [4d Jh Ks] [Ad]
Mahu2021: bets 90
sjergi: calls 90
*** RIVER *** [4d Jh Ks Ad] [9s]
Mahu2021: bets 350 and is all-in
sjergi: calls 320 and is all-in
Uncalled bet (30) returned to Mahu2021
*** SHOW DOWN ***
Mahu2021: shows [Qs Ah] (a pair of Aces)
sjergi: shows [5h As] (a pair of Aces - lower kicker)
Mahu2021 collected 1090 from pot
sjergi finished the tournament in 3rd place
*** SUMMARY ***
Total pot 1090 | Rake 0 
Board [4d Jh Ks Ad 9s]
Seat 1: Mahu2021 (big blind) showed [Qs Ah] and won (1090) with a pair of Aces
Seat 2: sjergi (button) showed [5h As] and lost with a pair of Aces
Seat 3: picasso__197 (small blind) folded before Flop



PokerStars Hand #253203395580: Tournament #3818882055, $1.84+$0.16 USD Hold'em No Limit - Level II (15/30) - 2024/11/01 18:09:01 CET [2024/11/01 13:09:01 ET]
Table '3818882055 1' 3-max Seat #1 is the button
Seat 1: Mahu2021 (1120 in chips) 
Seat 3: picasso__197 (380 in chips) 
Mahu2021: posts small blind 15
picasso__197: posts big blind 30
*** HOLE CARDS ***
Dealt to Mahu2021 [Kd 3d]
Mahu2021: raises 30 to 60
picasso__197: folds 
Uncalled bet (30) returned to Mahu2021
Mahu2021 collected 60 from pot
Mahu2021: doesn't show hand 
*** SUMMARY ***
Total pot 60 | Rake 0 
Seat 1: Mahu2021 (button) (small blind) collected (60)
Seat 3: picasso__197 (big blind) folded before Flop



PokerStars Hand #253203397429: Tournament #3818882055, $1.84+$0.16 USD Hold'em No Limit - Level II (15/30) - 2024/11/01 18:09:09 CET [2024/11/01 13:09:09 ET]
Table '3818882055 1' 3-max Seat #3 is the button
Seat 1: Mahu2021 (1150 in chips) 
Seat 3: picasso__197 (350 in chips) 
picasso__197: posts small blind 15
Mahu2021: posts big blind 30
*** HOLE CARDS ***
Dealt to Mahu2021 [8c Kh]
picasso__197: folds 
Uncalled bet (15) returned to Mahu2021
Mahu2021 collected 30 from pot
Mahu2021: doesn't show hand 
*** SUMMARY ***
Total pot 30 | Rake 0 
Seat 1: Mahu2021 (big blind) collected (30)
Seat 3: picasso__197 (button) (small blind) folded before Flop



PokerStars Hand #253203398761: Tournament #3818882055, $1.84+$0.16 USD Hold'em No Limit - Level II (15/30) - 2024/11/01 18:09:14 CET [2024/11/01 13:09:14 ET]
Table '3818882055 1' 3-max Seat #1 is the button
Seat 1: Mahu2021 (1165 in chips) 
Seat 3: picasso__197 (335 in chips) 
Mahu2021: posts small blind 15
picasso__197: posts big blind 30
*** HOLE CARDS ***
Dealt to Mahu2021 [2d Jh]
Mahu2021: raises 30 to 60
picasso__197: calls 30
*** FLOP *** [Ts Jd 2s]
picasso__197: checks 
Mahu2021: checks 
*** TURN *** [Ts Jd 2s] [4d]
picasso__197: bets 60
Mahu2021: raises 60 to 120
picasso__197: calls 60
*** RIVER *** [Ts Jd 2s 4d] [4c]
picasso__197: checks 
Mahu2021: checks 
*** SHOW DOWN ***
picasso__197: shows [As 4s] (three of a kind, Fours)
Mahu2021: mucks hand 
picasso__197 collected 360 from pot
*** SUMMARY ***
Total pot 360 | Rake 0 
Board [Ts Jd 2s 4d 4c]
Seat 1: Mahu2021 (button) (small blind) mucked [2d Jh]
Seat 3: picasso__197 (big blind) showed [As 4s] and won (360) with three of a kind, Fours



PokerStars Hand #253203403889: Tournament #3818882055, $1.84+$0.16 USD Hold'em No Limit - Level II (15/30) - 2024/11/01 18:09:36 CET [2024/11/01 13:09:36 ET]
Table '3818882055 1' 3-max Seat #3 is the button
Seat 1: Mahu2021 (985 in chips) 
Seat 3: picasso__197 (515 in chips) 
picasso__197: posts small blind 15
Mahu2021: posts big blind 30
*** HOLE CARDS ***
Dealt to Mahu2021 [Tc Ks]
picasso__197: raises 30 to 60
Mahu2021: calls 30
*** FLOP *** [Qs 6d Kc]
Mahu2021: bets 60
picasso__197: calls 60
*** TURN *** [Qs 6d Kc] [9s]
Mahu2021: bets 60
picasso__197: calls 60
*** RIVER *** [Qs 6d Kc 9s] [3d]
Mahu2021: bets 60
picasso__197: calls 60
*** SHOW DOWN ***
Mahu2021: shows [Tc Ks] (a pair of Kings)
picasso__197: mucks hand 
Mahu2021 collected 480 from pot
*** SUMMARY ***
Total pot 480 | Rake 0 
Board [Qs 6d Kc 9s 3d]
Seat 1: Mahu2021 (big blind) showed [Tc Ks] and won (480) with a pair of Kings
Seat 3: picasso__197 (button) (small blind) mucked [6h Ac]



PokerStars Hand #253203408553: Tournament #3818882055, $1.84+$0.16 USD Hold'em No Limit - Level II (15/30) - 2024/11/01 18:09:55 CET [2024/11/01 13:09:55 ET]
Table '3818882055 1' 3-max Seat #1 is the button
Seat 1: Mahu2021 (1225 in chips) 
Seat 3: picasso__197 (275 in chips) 
Mahu2021: posts small blind 15
picasso__197: posts big blind 30
*** HOLE CARDS ***
Dealt to Mahu2021 [2d 9h]
Mahu2021: folds 
Uncalled bet (15) returned to picasso__197
picasso__197 collected 30 from pot
picasso__197: doesn't show hand 
*** SUMMARY ***
Total pot 30 | Rake 0 
Seat 1: Mahu2021 (button) (small blind) folded before Flop
Seat 3: picasso__197 (big blind) collected (30)



PokerStars Hand #253203409572: Tournament #3818882055, $1.84+$0.16 USD Hold'em No Limit - Level II (15/30) - 2024/11/01 18:09:59 CET [2024/11/01 13:09:59 ET]
Table '3818882055 1' 3-max Seat #3 is the button
Seat 1: Mahu2021 (1210 in chips) 
Seat 3: picasso__197 (290 in chips) 
picasso__197: posts small blind 15
Mahu2021: posts big blind 30
*** HOLE CARDS ***
Dealt to Mahu2021 [As Td]
picasso__197: raises 260 to 290 and is all-in
Mahu2021: calls 260
*** FLOP *** [3d Ts 2c]
*** TURN *** [3d Ts 2c] [3h]
*** RIVER *** [3d Ts 2c 3h] [2d]
*** SHOW DOWN ***
Mahu2021: shows [As Td] (two pair, Tens and Threes)
picasso__197: shows [Jd 3c] (a full house, Threes full of Deuces)
picasso__197 collected 580 from pot
*** SUMMARY ***
Total pot 580 | Rake 0 
Board [3d Ts 2c 3h 2d]
Seat 1: Mahu2021 (big blind) showed [As Td] and lost with two pair, Tens and Threes
Seat 3: picasso__197 (button) (small blind) showed [Jd 3c] and won (580) with a full house, Threes full of Deuces



PokerStars Hand #253203412873: Tournament #3818882055, $1.84+$0.16 USD Hold'em No Limit - Level II (15/30) - 2024/11/01 18:10:13 CET [2024/11/01 13:10:13 ET]
Table '3818882055 1' 3-max Seat #1 is the button
Seat 1: Mahu2021 (920 in chips) 
Seat 3: picasso__197 (580 in chips) 
Mahu2021: posts small blind 15
picasso__197: posts big blind 30
*** HOLE CARDS ***
Dealt to Mahu2021 [2d 5d]
Mahu2021: raises 30 to 60
picasso__197: folds 
Uncalled bet (30) returned to Mahu2021
Mahu2021 collected 60 from pot
Mahu2021: doesn't show hand 
*** SUMMARY ***
Total pot 60 | Rake 0 
Seat 1: Mahu2021 (button) (small blind) collected (60)
Seat 3: picasso__197 (big blind) folded before Flop



PokerStars Hand #253203414331: Tournament #3818882055, $1.84+$0.16 USD Hold'em No Limit - Level II (15/30) - 2024/11/01 18:10:19 CET [2024/11/01 13:10:19 ET]
Table '3818882055 1' 3-max Seat #3 is the button
Seat 1: Mahu2021 (950 in chips) 
Seat 3: picasso__197 (550 in chips) 
picasso__197: posts small blind 15
Mahu2021: posts big blind 30
*** HOLE CARDS ***
Dealt to Mahu2021 [3c 5d]
picasso__197: folds 
Uncalled bet (15) returned to Mahu2021
Mahu2021 collected 30 from pot
Mahu2021: doesn't show hand 
*** SUMMARY ***
Total pot 30 | Rake 0 
Seat 1: Mahu2021 (big blind) collected (30)
Seat 3: picasso__197 (button) (small blind) folded before Flop



PokerStars Hand #253203415512: Tournament #3818882055, $1.84+$0.16 USD Hold'em No Limit - Level II (15/30) - 2024/11/01 18:10:24 CET [2024/11/01 13:10:24 ET]
Table '3818882055 1' 3-max Seat #1 is the button
Seat 1: Mahu2021 (965 in chips) 
Seat 3: picasso__197 (535 in chips) 
Mahu2021: posts small blind 15
picasso__197: posts big blind 30
*** HOLE CARDS ***
Dealt to Mahu2021 [5h 2s]
Mahu2021: folds 
Uncalled bet (15) returned to picasso__197
picasso__197 collected 30 from pot
picasso__197: doesn't show hand 
*** SUMMARY ***
Total pot 30 | Rake 0 
Seat 1: Mahu2021 (button) (small blind) folded before Flop
Seat 3: picasso__197 (big blind) collected (30)



PokerStars Hand #253203416526: Tournament #3818882055, $1.84+$0.16 USD Hold'em No Limit - Level II (15/30) - 2024/11/01 18:10:28 CET [2024/11/01 13:10:28 ET]
Table '3818882055 1' 3-max Seat #3 is the button
Seat 1: Mahu2021 (950 in chips) 
Seat 3: picasso__197 (550 in chips) 
picasso__197: posts small blind 15
Mahu2021: posts big blind 30
*** HOLE CARDS ***
Dealt to Mahu2021 [6d 7s]
picasso__197: folds 
Uncalled bet (15) returned to Mahu2021
Mahu2021 collected 30 from pot
Mahu2021: doesn't show hand 
*** SUMMARY ***
Total pot 30 | Rake 0 
Seat 1: Mahu2021 (big blind) collected (30)
Seat 3: picasso__197 (button) (small blind) folded before Flop



PokerStars Hand #253203417656: Tournament #3818882055, $1.84+$0.16 USD Hold'em No Limit - Level II (15/30) - 2024/11/01 18:10:33 CET [2024/11/01 13:10:33 ET]
Table '3818882055 1' 3-max Seat #1 is the button
Seat 1: Mahu2021 (965 in chips) 
Seat 3: picasso__197 (535 in chips) 
Mahu2021: posts small blind 15
picasso__197: posts big blind 30
*** HOLE CARDS ***
Dealt to Mahu2021 [Js Ts]
Mahu2021: raises 30 to 60
picasso__197: calls 30
*** FLOP *** [Qd 9h 5d]
picasso__197: checks 
Mahu2021: bets 60
picasso__197: folds 
Uncalled bet (60) returned to Mahu2021
Mahu2021 collected 120 from pot
Mahu2021: doesn't show hand 
*** SUMMARY ***
Total pot 120 | Rake 0 
Board [Qd 9h 5d]
Seat 1: Mahu2021 (button) (small blind) collected (120)
Seat 3: picasso__197 (big blind) folded on the Flop



PokerStars Hand #253203423023: Tournament #3818882055, $1.84+$0.16 USD Hold'em No Limit - Level II (15/30) - 2024/11/01 18:10:56 CET [2024/11/01 13:10:56 ET]
Table '3818882055 1' 3-max Seat #3 is the button
Seat 1: Mahu2021 (1025 in chips) 
Seat 3: picasso__197 (475 in chips) 
picasso__197: posts small blind 15
Mahu2021: posts big blind 30
*** HOLE CARDS ***
Dealt to Mahu2021 [Ac Kd]
picasso__197: folds 
Uncalled bet (15) returned to Mahu2021
Mahu2021 collected 30 from pot
Mahu2021: doesn't show hand 
*** SUMMARY ***
Total pot 30 | Rake 0 
Seat 1: Mahu2021 (big blind) collected (30)
Seat 3: picasso__197 (button) (small blind) folded before Flop



PokerStars Hand #253203424854: Tournament #3818882055, $1.84+$0.16 USD Hold'em No Limit - Level III (20/40) - 2024/11/01 18:11:03 CET [2024/11/01 13:11:03 ET]
Table '3818882055 1' 3-max Seat #1 is the button
Seat 1: Mahu2021 (1040 in chips) 
Seat 3: picasso__197 (460 in chips) 
Mahu2021: posts small blind 20
picasso__197: posts big blind 40
*** HOLE CARDS ***
Dealt to Mahu2021 [3h 6s]
Mahu2021: raises 40 to 80
picasso__197: folds 
Uncalled bet (40) returned to Mahu2021
Mahu2021 collected 80 from pot
Mahu2021: doesn't show hand 
*** SUMMARY ***
Total pot 80 | Rake 0 
Seat 1: Mahu2021 (button) (small blind) collected (80)
Seat 3: picasso__197 (big blind) folded before Flop



PokerStars Hand #253203426208: Tournament #3818882055, $1.84+$0.16 USD Hold'em No Limit - Level III (20/40) - 2024/11/01 18:11:09 CET [2024/11/01 13:11:09 ET]
Table '3818882055 1' 3-max Seat #3 is the button
Seat 1: Mahu2021 (1080 in chips) 
Seat 3: picasso__197 (420 in chips) 
picasso__197: posts small blind 20
Mahu2021: posts big blind 40
*** HOLE CARDS ***
Dealt to Mahu2021 [Jh 4h]
picasso__197: raises 380 to 420 and is all-in
Mahu2021: folds 
Uncalled bet (380) returned to picasso__197
picasso__197 collected 80 from pot
picasso__197: doesn't show hand 
*** SUMMARY ***
Total pot 80 | Rake 0 
Seat 1: Mahu2021 (big blind) folded before Flop
Seat 3: picasso__197 (button) (small blind) collected (80)



PokerStars Hand #253203427998: Tournament #3818882055, $1.84+$0.16 USD Hold'em No Limit - Level III (20/40) - 2024/11/01 18:11:16 CET [2024/11/01 13:11:16 ET]
Table '3818882055 1' 3-max Seat #1 is the button
Seat 1: Mahu2021 (1040 in chips) 
Seat 3: picasso__197 (460 in chips) 
Mahu2021: posts small blind 20
picasso__197: posts big blind 40
*** HOLE CARDS ***
Dealt to Mahu2021 [Ts Qc]
Mahu2021: raises 40 to 80
picasso__197: folds 
Uncalled bet (40) returned to Mahu2021
Mahu2021 collected 80 from pot
Mahu2021: doesn't show hand 
*** SUMMARY ***
Total pot 80 | Rake 0 
Seat 1: Mahu2021 (button) (small blind) collected (80)
Seat 3: picasso__197 (big blind) folded before Flop



PokerStars Hand #253203429417: Tournament #3818882055, $1.84+$0.16 USD Hold'em No Limit - Level III (20/40) - 2024/11/01 18:11:22 CET [2024/11/01 13:11:22 ET]
Table '3818882055 1' 3-max Seat #3 is the button
Seat 1: Mahu2021 (1080 in chips) 
Seat 3: picasso__197 (420 in chips) 
picasso__197: posts small blind 20
Mahu2021: posts big blind 40
*** HOLE CARDS ***
Dealt to Mahu2021 [7s 3s]
picasso__197: raises 380 to 420 and is all-in
Mahu2021: folds 
Uncalled bet (380) returned to picasso__197
picasso__197 collected 80 from pot
picasso__197: doesn't show hand 
*** SUMMARY ***
Total pot 80 | Rake 0 
Seat 1: Mahu2021 (big blind) folded before Flop
Seat 3: picasso__197 (button) (small blind) collected (80)



PokerStars Hand #253203431141: Tournament #3818882055, $1.84+$0.16 USD Hold'em No Limit - Level III (20/40) - 2024/11/01 18:11:30 CET [2024/11/01 13:11:30 ET]
Table '3818882055 1' 3-max Seat #1 is the button
Seat 1: Mahu2021 (1040 in chips) 
Seat 3: picasso__197 (460 in chips) 
Mahu2021: posts small blind 20
picasso__197: posts big blind 40
*** HOLE CARDS ***
Dealt to Mahu2021 [4h Jc]
Mahu2021: calls 20
picasso__197: checks 
*** FLOP *** [2d Tc 5d]
picasso__197: checks 
Mahu2021: checks 
*** TURN *** [2d Tc 5d] [5h]
picasso__197: checks 
Mahu2021: checks 
*** RIVER *** [2d Tc 5d 5h] [Qs]
picasso__197: checks 
Mahu2021: checks 
*** SHOW DOWN ***
picasso__197: shows [Kh 9c] (a pair of Fives)
Mahu2021: mucks hand 
picasso__197 collected 80 from pot
*** SUMMARY ***
Total pot 80 | Rake 0 
Board [2d Tc 5d 5h Qs]
Seat 1: Mahu2021 (button) (small blind) mucked [4h Jc]
Seat 3: picasso__197 (big blind) showed [Kh 9c] and won (80) with a pair of Fives



PokerStars Hand #253203434320: Tournament #3818882055, $1.84+$0.16 USD Hold'em No Limit - Level III (20/40) - 2024/11/01 18:11:43 CET [2024/11/01 13:11:43 ET]
Table '3818882055 1' 3-max Seat #3 is the button
Seat 1: Mahu2021 (1000 in chips) 
Seat 3: picasso__197 (500 in chips) 
picasso__197: posts small blind 20
Mahu2021: posts big blind 40
*** HOLE CARDS ***
Dealt to Mahu2021 [Td Tc]
picasso__197: raises 460 to 500 and is all-in
Mahu2021: calls 460
*** FLOP *** [Jd 5d Ah]
*** TURN *** [Jd 5d Ah] [9c]
*** RIVER *** [Jd 5d Ah 9c] [Jh]
*** SHOW DOWN ***
Mahu2021: shows [Td Tc] (two pair, Jacks and Tens)
picasso__197: shows [9s Js] (a full house, Jacks full of Nines)
picasso__197 collected 1000 from pot
*** SUMMARY ***
Total pot 1000 | Rake 0 
Board [Jd 5d Ah 9c Jh]
Seat 1: Mahu2021 (big blind) showed [Td Tc] and lost with two pair, Jacks and Tens
Seat 3: picasso__197 (button) (small blind) showed [9s Js] and won (1000) with a full house, Jacks full of Nines



PokerStars Hand #253203437617: Tournament #3818882055, $1.84+$0.16 USD Hold'em No Limit - Level III (20/40) - 2024/11/01 18:11:56 CET [2024/11/01 13:11:56 ET]
Table '3818882055 1' 3-max Seat #1 is the button
Seat 1: Mahu2021 (500 in chips) 
Seat 3: picasso__197 (1000 in chips) 
Mahu2021: posts small blind 20
picasso__197: posts big blind 40
*** HOLE CARDS ***
Dealt to Mahu2021 [7h Th]
Mahu2021: calls 20
picasso__197: checks 
*** FLOP *** [Ts 4d 8h]
picasso__197: checks 
Mahu2021: bets 40
picasso__197: folds 
Uncalled bet (40) returned to Mahu2021
Mahu2021 collected 80 from pot
Mahu2021: doesn't show hand 
*** SUMMARY ***
Total pot 80 | Rake 0 
Board [Ts 4d 8h]
Seat 1: Mahu2021 (button) (small blind) collected (80)
Seat 3: picasso__197 (big blind) folded on the Flop



PokerStars Hand #253203440482: Tournament #3818882055, $1.84+$0.16 USD Hold'em No Limit - Level III (20/40) - 2024/11/01 18:12:08 CET [2024/11/01 13:12:08 ET]
Table '3818882055 1' 3-max Seat #3 is the button
Seat 1: Mahu2021 (540 in chips) 
Seat 3: picasso__197 (960 in chips) 
picasso__197: posts small blind 20
Mahu2021: posts big blind 40
*** HOLE CARDS ***
Dealt to Mahu2021 [3d 6d]
picasso__197: folds 
Uncalled bet (20) returned to Mahu2021
Mahu2021 collected 40 from pot
Mahu2021: doesn't show hand 
*** SUMMARY ***
Total pot 40 | Rake 0 
Seat 1: Mahu2021 (big blind) collected (40)
Seat 3: picasso__197 (button) (small blind) folded before Flop



PokerStars Hand #253203441837: Tournament #3818882055, $1.84+$0.16 USD Hold'em No Limit - Level III (20/40) - 2024/11/01 18:12:14 CET [2024/11/01 13:12:14 ET]
Table '3818882055 1' 3-max Seat #1 is the button
Seat 1: Mahu2021 (560 in chips) 
Seat 3: picasso__197 (940 in chips) 
Mahu2021: posts small blind 20
picasso__197: posts big blind 40
*** HOLE CARDS ***
Dealt to Mahu2021 [7s 6s]
Mahu2021: raises 40 to 80
picasso__197: calls 40
*** FLOP *** [Tc 8h Kc]
picasso__197: checks 
Mahu2021: checks 
*** TURN *** [Tc 8h Kc] [Td]
picasso__197: bets 80
Mahu2021: folds 
Uncalled bet (80) returned to picasso__197
picasso__197 collected 160 from pot
picasso__197: doesn't show hand 
*** SUMMARY ***
Total pot 160 | Rake 0 
Board [Tc 8h Kc Td]
Seat 1: Mahu2021 (button) (small blind) folded on the Turn
Seat 3: picasso__197 (big blind) collected (160)



PokerStars Hand #253203447950: Tournament #3818882055, $1.84+$0.16 USD Hold'em No Limit - Level III (20/40) - 2024/11/01 18:12:39 CET [2024/11/01 13:12:39 ET]
Table '3818882055 1' 3-max Seat #3 is the button
Seat 1: Mahu2021 (480 in chips) 
Seat 3: picasso__197 (1020 in chips) 
picasso__197: posts small blind 20
Mahu2021: posts big blind 40
*** HOLE CARDS ***
Dealt to Mahu2021 [8d 8s]
picasso__197: raises 80 to 120
Mahu2021: raises 360 to 480 and is all-in
picasso__197: calls 360
*** FLOP *** [Ts 9h 8h]
*** TURN *** [Ts 9h 8h] [6h]
*** RIVER *** [Ts 9h 8h 6h] [6d]
*** SHOW DOWN ***
Mahu2021: shows [8d 8s] (a full house, Eights full of Sixes)
picasso__197: shows [Ac Tc] (two pair, Tens and Sixes)
Mahu2021 collected 960 from pot
*** SUMMARY ***
Total pot 960 | Rake 0 
Board [Ts 9h 8h 6h 6d]
Seat 1: Mahu2021 (big blind) showed [8d 8s] and won (960) with a full house, Eights full of Sixes
Seat 3: picasso__197 (button) (small blind) showed [Ac Tc] and lost with two pair, Tens and Sixes



PokerStars Hand #253203454224: Tournament #3818882055, $1.84+$0.16 USD Hold'em No Limit - Level III (20/40) - 2024/11/01 18:13:06 CET [2024/11/01 13:13:06 ET]
Table '3818882055 1' 3-max Seat #1 is the button
Seat 1: Mahu2021 (960 in chips) 
Seat 3: picasso__197 (540 in chips) 
Mahu2021: posts small blind 20
picasso__197: posts big blind 40
*** HOLE CARDS ***
Dealt to Mahu2021 [2h 5c]
Mahu2021: folds 
Uncalled bet (20) returned to picasso__197
picasso__197 collected 40 from pot
picasso__197: doesn't show hand 
*** SUMMARY ***
Total pot 40 | Rake 0 
Seat 1: Mahu2021 (button) (small blind) folded before Flop
Seat 3: picasso__197 (big blind) collected (40)



PokerStars Hand #253203455241: Tournament #3818882055, $1.84+$0.16 USD Hold'em No Limit - Level III (20/40) - 2024/11/01 18:13:10 CET [2024/11/01 13:13:10 ET]
Table '3818882055 1' 3-max Seat #3 is the button
Seat 1: Mahu2021 (940 in chips) 
Seat 3: picasso__197 (560 in chips) 
picasso__197: posts small blind 20
Mahu2021: posts big blind 40
*** HOLE CARDS ***
Dealt to Mahu2021 [Js 2c]
picasso__197: folds 
Uncalled bet (20) returned to Mahu2021
Mahu2021 collected 40 from pot
Mahu2021: doesn't show hand 
*** SUMMARY ***
Total pot 40 | Rake 0 
Seat 1: Mahu2021 (big blind) collected (40)
Seat 3: picasso__197 (button) (small blind) folded before Flop



PokerStars Hand #253203457721: Tournament #3818882055, $1.84+$0.16 USD Hold'em No Limit - Level III (20/40) - 2024/11/01 18:13:20 CET [2024/11/01 13:13:20 ET]
Table '3818882055 1' 3-max Seat #1 is the button
Seat 1: Mahu2021 (960 in chips) 
Seat 3: picasso__197 (540 in chips) 
Mahu2021: posts small blind 20
picasso__197: posts big blind 40
*** HOLE CARDS ***
Dealt to Mahu2021 [8s 8d]
Mahu2021: raises 920 to 960 and is all-in
picasso__197: folds 
Uncalled bet (920) returned to Mahu2021
Mahu2021 collected 80 from pot
Mahu2021: doesn't show hand 
*** SUMMARY ***
Total pot 80 | Rake 0 
Seat 1: Mahu2021 (button) (small blind) collected (80)
Seat 3: picasso__197 (big blind) folded before Flop



PokerStars Hand #253203459717: Tournament #3818882055, $1.84+$0.16 USD Hold'em No Limit - Level III (20/40) - 2024/11/01 18:13:28 CET [2024/11/01 13:13:28 ET]
Table '3818882055 1' 3-max Seat #3 is the button
Seat 1: Mahu2021 (1000 in chips) 
Seat 3: picasso__197 (500 in chips) 
picasso__197: posts small blind 20
Mahu2021: posts big blind 40
*** HOLE CARDS ***
Dealt to Mahu2021 [9s 4d]
picasso__197: raises 460 to 500 and is all-in
Mahu2021: folds 
Uncalled bet (460) returned to picasso__197
picasso__197 collected 80 from pot
picasso__197: doesn't show hand 
*** SUMMARY ***
Total pot 80 | Rake 0 
Seat 1: Mahu2021 (big blind) folded before Flop
Seat 3: picasso__197 (button) (small blind) collected (80)



PokerStars Hand #253203461485: Tournament #3818882055, $1.84+$0.16 USD Hold'em No Limit - Level III (20/40) - 2024/11/01 18:13:36 CET [2024/11/01 13:13:36 ET]
Table '3818882055 1' 3-max Seat #1 is the button
Seat 1: Mahu2021 (960 in chips) 
Seat 3: picasso__197 (540 in chips) 
Mahu2021: posts small blind 20
picasso__197: posts big blind 40
*** HOLE CARDS ***
Dealt to Mahu2021 [7d Qc]
Mahu2021: raises 40 to 80
picasso__197: folds 
Uncalled bet (40) returned to Mahu2021
Mahu2021 collected 80 from pot
Mahu2021: doesn't show hand 
*** SUMMARY ***
Total pot 80 | Rake 0 
Seat 1: Mahu2021 (button) (small blind) collected (80)
Seat 3: picasso__197 (big blind) folded before Flop



PokerStars Hand #253203463414: Tournament #3818882055, $1.84+$0.16 USD Hold'em No Limit - Level III (20/40) - 2024/11/01 18:13:44 CET [2024/11/01 13:13:44 ET]
Table '3818882055 1' 3-max Seat #3 is the button
Seat 1: Mahu2021 (1000 in chips) 
Seat 3: picasso__197 (500 in chips) 
picasso__197: posts small blind 20
Mahu2021: posts big blind 40
*** HOLE CARDS ***
Dealt to Mahu2021 [Td Qd]
picasso__197: folds 
Uncalled bet (20) returned to Mahu2021
Mahu2021 collected 40 from pot
Mahu2021: doesn't show hand 
*** SUMMARY ***
Total pot 40 | Rake 0 
Seat 1: Mahu2021 (big blind) collected (40)
Seat 3: picasso__197 (button) (small blind) folded before Flop



PokerStars Hand #253203464595: Tournament #3818882055, $1.84+$0.16 USD Hold'em No Limit - Level III (20/40) - 2024/11/01 18:13:48 CET [2024/11/01 13:13:48 ET]
Table '3818882055 1' 3-max Seat #1 is the button
Seat 1: Mahu2021 (1020 in chips) 
Seat 3: picasso__197 (480 in chips) 
Mahu2021: posts small blind 20
picasso__197: posts big blind 40
*** HOLE CARDS ***
Dealt to Mahu2021 [5s Ac]
Mahu2021: raises 40 to 80
picasso__197: raises 400 to 480 and is all-in
Mahu2021: calls 400
*** FLOP *** [5h 4s 3h]
*** TURN *** [5h 4s 3h] [2s]
*** RIVER *** [5h 4s 3h 2s] [9s]
*** SHOW DOWN ***
picasso__197: shows [Qs Ad] (a straight, Ace to Five)
Mahu2021: shows [5s Ac] (a straight, Ace to Five)
picasso__197 collected 480 from pot
Mahu2021 collected 480 from pot
*** SUMMARY ***
Total pot 960 | Rake 0 
Board [5h 4s 3h 2s 9s]
Seat 1: Mahu2021 (button) (small blind) showed [5s Ac] and won (480) with a straight, Ace to Five
Seat 3: picasso__197 (big blind) showed [Qs Ad] and won (480) with a straight, Ace to Five



PokerStars Hand #253203468827: Tournament #3818882055, $1.84+$0.16 USD Hold'em No Limit - Level IV (30/60) - 2024/11/01 18:14:06 CET [2024/11/01 13:14:06 ET]
Table '3818882055 1' 3-max Seat #3 is the button
Seat 1: Mahu2021 (1020 in chips) 
Seat 3: picasso__197 (480 in chips) 
picasso__197: posts small blind 30
Mahu2021: posts big blind 60
*** HOLE CARDS ***
Dealt to Mahu2021 [2c 5s]
picasso__197: raises 420 to 480 and is all-in
Mahu2021: folds 
Uncalled bet (420) returned to picasso__197
picasso__197 collected 120 from pot
picasso__197: doesn't show hand 
*** SUMMARY ***
Total pot 120 | Rake 0 
Seat 1: Mahu2021 (big blind) folded before Flop
Seat 3: picasso__197 (button) (small blind) collected (120)



PokerStars Hand #253203470649: Tournament #3818882055, $1.84+$0.16 USD Hold'em No Limit - Level IV (30/60) - 2024/11/01 18:14:14 CET [2024/11/01 13:14:14 ET]
Table '3818882055 1' 3-max Seat #1 is the button
Seat 1: Mahu2021 (960 in chips) 
Seat 3: picasso__197 (540 in chips) 
Mahu2021: posts small blind 30
picasso__197: posts big blind 60
*** HOLE CARDS ***
Dealt to Mahu2021 [2s Ts]
Mahu2021: folds 
Uncalled bet (30) returned to picasso__197
picasso__197 collected 60 from pot
picasso__197: doesn't show hand 
*** SUMMARY ***
Total pot 60 | Rake 0 
Seat 1: Mahu2021 (button) (small blind) folded before Flop
Seat 3: picasso__197 (big blind) collected (60)



PokerStars Hand #253203471624: Tournament #3818882055, $1.84+$0.16 USD Hold'em No Limit - Level IV (30/60) - 2024/11/01 18:14:18 CET [2024/11/01 13:14:18 ET]
Table '3818882055 1' 3-max Seat #3 is the button
Seat 1: Mahu2021 (930 in chips) 
Seat 3: picasso__197 (570 in chips) 
picasso__197: posts small blind 30
Mahu2021: posts big blind 60
*** HOLE CARDS ***
Dealt to Mahu2021 [4h 7h]
picasso__197: raises 510 to 570 and is all-in
Mahu2021: folds 
Uncalled bet (510) returned to picasso__197
picasso__197 collected 120 from pot
picasso__197: doesn't show hand 
*** SUMMARY ***
Total pot 120 | Rake 0 
Seat 1: Mahu2021 (big blind) folded before Flop
Seat 3: picasso__197 (button) (small blind) collected (120)



PokerStars Hand #253203473317: Tournament #3818882055, $1.84+$0.16 USD Hold'em No Limit - Level IV (30/60) - 2024/11/01 18:14:25 CET [2024/11/01 13:14:25 ET]
Table '3818882055 1' 3-max Seat #1 is the button
Seat 1: Mahu2021 (870 in chips) 
Seat 3: picasso__197 (630 in chips) 
Mahu2021: posts small blind 30
picasso__197: posts big blind 60
*** HOLE CARDS ***
Dealt to Mahu2021 [Jd 5s]
Mahu2021: raises 60 to 120
picasso__197: folds 
Uncalled bet (60) returned to Mahu2021
Mahu2021 collected 120 from pot
Mahu2021: doesn't show hand 
*** SUMMARY ***
Total pot 120 | Rake 0 
Seat 1: Mahu2021 (button) (small blind) collected (120)
Seat 3: picasso__197 (big blind) folded before Flop



PokerStars Hand #253203474796: Tournament #3818882055, $1.84+$0.16 USD Hold'em No Limit - Level IV (30/60) - 2024/11/01 18:14:31 CET [2024/11/01 13:14:31 ET]
Table '3818882055 1' 3-max Seat #3 is the button
Seat 1: Mahu2021 (930 in chips) 
Seat 3: picasso__197 (570 in chips) 
picasso__197: posts small blind 30
Mahu2021: posts big blind 60
*** HOLE CARDS ***
Dealt to Mahu2021 [Ac Ks]
picasso__197: raises 510 to 570 and is all-in
Mahu2021: calls 510
*** FLOP *** [3h 3s 7s]
*** TURN *** [3h 3s 7s] [3d]
*** RIVER *** [3h 3s 7s 3d] [Jd]
*** SHOW DOWN ***
Mahu2021: shows [Ac Ks] (three of a kind, Threes)
picasso__197: shows [8h Kc] (three of a kind, Threes - lower kicker)
Mahu2021 collected 1140 from pot
picasso__197 finished the tournament in 2nd place
Mahu2021 wins the tournament and receives $8.00 - congratulations!
*** SUMMARY ***
Total pot 1140 | Rake 0 
Board [3h 3s 7s 3d Jd]
Seat 1: Mahu2021 (big blind) showed [Ac Ks] and won (1140) with three of a kind, Threes
Seat 3: picasso__197 (button) (small blind) showed [8h Kc] and lost with three of a kind, Threes



