PokerStars Zoom Hand #254819926858:  Hold'em No Limit ($0.05/$0.10) - 2025/02/11 20:54:41 CET [2025/02/11 14:54:41 ET]
Table 'Aludra' 6-max Seat #1 is the button
Seat 1: Tominou BE ($23.74 in chips) 
Seat 2: sigmanolimit ($10.30 in chips) 
Seat 3: Mahu2021 ($10 in chips) 
Seat 4: BorisTheD06 ($10.02 in chips) 
Seat 5: Cl8rker ($25.28 in chips) 
Seat 6: oyuka1988 ($8.92 in chips) 
sigmanolimit: posts small blind $0.05
Mahu2021: posts big blind $0.10
*** HOLE CARDS ***
Dealt to Mahu2021 [6d Qs]
BorisTheD06: folds 
Cl8rker: raises $0.14 to $0.24
oyuka1988: folds 
Tominou BE: folds 
sigmanolimit: folds 
Mahu2021: folds 
Uncalled bet ($0.14) returned to Cl8rker
Cl8rker collected $0.25 from pot
Cl8rker: doesn't show hand 
*** SUMMARY ***
Total pot $0.25 | Rake $0 
Seat 1: Tominou BE (button) folded before Flop (didn't bet)
Seat 2: sigmanolimit (small blind) folded before Flop
Seat 3: Mahu2021 (big blind) folded before Flop
Seat 4: BorisTheD06 folded before Flop (didn't bet)
Seat 5: Cl8rker collected ($0.25)
Seat 6: oyuka1988 folded before Flop (didn't bet)



PokerStars Zoom Hand #254819930494:  Hold'em No Limit ($0.05/$0.10) - 2025/02/11 20:54:54 CET [2025/02/11 14:54:54 ET]
Table 'Aludra' 6-max Seat #1 is the button
Seat 1: Dulvagan ($22.07 in chips) 
Seat 2: Mahu2021 ($9.90 in chips) 
Seat 3: bcflaw ($15.53 in chips) 
Seat 4: gini777gini ($8.14 in chips) 
Seat 5: Wiktor Slany ($10.33 in chips) 
Seat 6: diamantes123 ($20.72 in chips) 
Mahu2021: posts small blind $0.05
bcflaw: posts big blind $0.10
*** HOLE CARDS ***
Dealt to Mahu2021 [2c 7d]
gini777gini: raises $0.20 to $0.30
Wiktor Slany: folds 
diamantes123: raises $0.60 to $0.90
Dulvagan: folds 
Mahu2021: folds 
bcflaw: folds 
gini777gini: raises $1.95 to $2.85
diamantes123: folds 
Uncalled bet ($1.95) returned to gini777gini
gini777gini collected $1.95 from pot
gini777gini: doesn't show hand 
*** SUMMARY ***
Total pot $1.95 | Rake $0 
Seat 1: Dulvagan (button) folded before Flop (didn't bet)
Seat 2: Mahu2021 (small blind) folded before Flop
Seat 3: bcflaw (big blind) folded before Flop
Seat 4: gini777gini collected ($1.95)
Seat 5: Wiktor Slany folded before Flop (didn't bet)
Seat 6: diamantes123 folded before Flop



PokerStars Zoom Hand #254819932725:  Hold'em No Limit ($0.05/$0.10) - 2025/02/11 20:55:02 CET [2025/02/11 14:55:02 ET]
Table 'Aludra' 6-max Seat #1 is the button
Seat 1: cibor74 ($11.44 in chips) 
Seat 2: Haesigster ($21.42 in chips) 
Seat 3: m0nster1989_ ($17.22 in chips) 
Seat 4: Machestr ($9.60 in chips) 
Seat 5: Mahu2021 ($9.85 in chips) 
Seat 6: Poklrll02 ($10 in chips) 
Haesigster: posts small blind $0.05
m0nster1989_: posts big blind $0.10
*** HOLE CARDS ***
Dealt to Mahu2021 [6s Kh]
Machestr: folds 
Mahu2021: folds 
Poklrll02: folds 
cibor74: raises $0.20 to $0.30
Haesigster: folds 
m0nster1989_: folds 
Uncalled bet ($0.20) returned to cibor74
cibor74 collected $0.25 from pot
cibor74: doesn't show hand 
*** SUMMARY ***
Total pot $0.25 | Rake $0 
Seat 1: cibor74 (button) collected ($0.25)
Seat 2: Haesigster (small blind) folded before Flop
Seat 3: m0nster1989_ (big blind) folded before Flop
Seat 4: Machestr folded before Flop (didn't bet)
Seat 5: Mahu2021 folded before Flop (didn't bet)
Seat 6: Poklrll02 folded before Flop (didn't bet)



PokerStars Zoom Hand #254819933638:  Hold'em No Limit ($0.05/$0.10) - 2025/02/11 20:55:05 CET [2025/02/11 14:55:05 ET]
Table 'Aludra' 6-max Seat #1 is the button
Seat 1: Baygirl50 ($7.39 in chips) 
Seat 2: CraigCasey88 ($20.26 in chips) 
Seat 3: thegostface ($10 in chips) 
Seat 4: NicBrotzu ($10.32 in chips) 
Seat 5: PavanaTTo23 ($10.05 in chips) 
Seat 6: Mahu2021 ($9.85 in chips) 
CraigCasey88: posts small blind $0.05
thegostface: posts big blind $0.10
*** HOLE CARDS ***
Dealt to Mahu2021 [Kh 4c]
NicBrotzu: folds 
PavanaTTo23: folds 
Mahu2021: folds 
Baygirl50: raises $0.10 to $0.20
CraigCasey88: folds 
thegostface: folds 
Uncalled bet ($0.10) returned to Baygirl50
Baygirl50 collected $0.25 from pot
Baygirl50: doesn't show hand 
*** SUMMARY ***
Total pot $0.25 | Rake $0 
Seat 1: Baygirl50 (button) collected ($0.25)
Seat 2: CraigCasey88 (small blind) folded before Flop
Seat 3: thegostface (big blind) folded before Flop
Seat 4: NicBrotzu folded before Flop (didn't bet)
Seat 5: PavanaTTo23 folded before Flop (didn't bet)
Seat 6: Mahu2021 folded before Flop (didn't bet)



PokerStars Zoom Hand #254819935335:  Hold'em No Limit ($0.05/$0.10) - 2025/02/11 20:55:11 CET [2025/02/11 14:55:11 ET]
Table 'Aludra' 6-max Seat #1 is the button
Seat 1: TANEV78 ($11.96 in chips) 
Seat 2: jksgoodgz ($22.03 in chips) 
Seat 3: PavanaTTo23 ($10.51 in chips) 
Seat 4: Mahu2021 ($9.85 in chips) 
Seat 5: MrRooob9899 ($10 in chips) 
Seat 6: miseyukas75 ($13.59 in chips) 
jksgoodgz: posts small blind $0.05
PavanaTTo23: posts big blind $0.10
*** HOLE CARDS ***
Dealt to Mahu2021 [Qd Kd]
Mahu2021: raises $0.14 to $0.24
MrRooob9899: folds 
miseyukas75: folds 
TANEV78: folds 
jksgoodgz: folds 
PavanaTTo23: folds 
Uncalled bet ($0.14) returned to Mahu2021
Mahu2021 collected $0.25 from pot
Mahu2021: doesn't show hand 
*** SUMMARY ***
Total pot $0.25 | Rake $0 
Seat 1: TANEV78 (button) folded before Flop (didn't bet)
Seat 2: jksgoodgz (small blind) folded before Flop
Seat 3: PavanaTTo23 (big blind) folded before Flop
Seat 4: Mahu2021 collected ($0.25)
Seat 5: MrRooob9899 folded before Flop (didn't bet)
Seat 6: miseyukas75 folded before Flop (didn't bet)



PokerStars Zoom Hand #254819938258:  Hold'em No Limit ($0.05/$0.10) - 2025/02/11 20:55:25 CET [2025/02/11 14:55:25 ET]
Table 'Aludra' 6-max Seat #1 is the button
Seat 1: Cl8rker ($13.28 in chips) 
Seat 2: rossjack89 ($10 in chips) 
Seat 3: Mahu2021 ($10 in chips) 
Seat 4: com8 ($14.07 in chips) 
Seat 5: dakatabr ($7.11 in chips) 
Seat 6: MR_HKO_DK ($10 in chips) 
rossjack89: posts small blind $0.05
Mahu2021: posts big blind $0.10
*** HOLE CARDS ***
Dealt to Mahu2021 [3s 9c]
com8: folds 
dakatabr: folds 
MR_HKO_DK: raises $0.13 to $0.23
Cl8rker: folds 
rossjack89: folds 
Mahu2021: folds 
Uncalled bet ($0.13) returned to MR_HKO_DK
MR_HKO_DK collected $0.25 from pot
MR_HKO_DK: doesn't show hand 
*** SUMMARY ***
Total pot $0.25 | Rake $0 
Seat 1: Cl8rker (button) folded before Flop (didn't bet)
Seat 2: rossjack89 (small blind) folded before Flop
Seat 3: Mahu2021 (big blind) folded before Flop
Seat 4: com8 folded before Flop (didn't bet)
Seat 5: dakatabr folded before Flop (didn't bet)
Seat 6: MR_HKO_DK collected ($0.25)



PokerStars Zoom Hand #254819931680:  Hold'em No Limit ($0.05/$0.10) - 2025/02/11 20:54:58 CET [2025/02/11 14:54:58 ET]
Table 'Aludra' 6-max Seat #1 is the button
Seat 1: Mahu2021 ($9.85 in chips) 
Seat 2: taxido1982 ($8.58 in chips) 
Seat 3: Wiktor Slany ($10.33 in chips) 
Seat 4: jan rj-br ($23.05 in chips) 
Seat 5: azielsilvagv ($18.59 in chips) 
Seat 6: t1a2n330 ($26.78 in chips) 
taxido1982: posts small blind $0.05
Wiktor Slany: posts big blind $0.10
*** HOLE CARDS ***
Dealt to Mahu2021 [4s 7s]
jan rj-br: folds 
azielsilvagv: calls $0.10
t1a2n330: raises $0.35 to $0.45
Mahu2021: folds 
taxido1982: folds 
Wiktor Slany: folds 
azielsilvagv: calls $0.35
*** FLOP *** [4h 2s 9d]
azielsilvagv has timed out
azielsilvagv: checks 
t1a2n330: bets $0.50
azielsilvagv: folds 
Uncalled bet ($0.50) returned to t1a2n330
t1a2n330 collected $1 from pot
t1a2n330: doesn't show hand 
*** SUMMARY ***
Total pot $1.05 | Rake $0.05 
Board [4h 2s 9d]
Seat 1: Mahu2021 (button) folded before Flop (didn't bet)
Seat 2: taxido1982 (small blind) folded before Flop
Seat 3: Wiktor Slany (big blind) folded before Flop
Seat 4: jan rj-br folded before Flop (didn't bet)
Seat 5: azielsilvagv folded on the Flop
Seat 6: t1a2n330 collected ($1)



PokerStars Zoom Hand #254819942370:  Hold'em No Limit ($0.05/$0.10) - 2025/02/11 20:55:45 CET [2025/02/11 14:55:45 ET]
Table 'Aludra' 6-max Seat #1 is the button
Seat 1: tobey18 ($6 in chips) 
Seat 2: diamantes123 ($19.72 in chips) 
Seat 3: sigmanolimit ($10.10 in chips) 
Seat 4: Kretschmeister ($41.13 in chips) 
Seat 5: cibor74 ($11.54 in chips) 
Seat 6: Mahu2021 ($9.85 in chips) 
diamantes123: posts small blind $0.05
sigmanolimit: posts big blind $0.10
*** HOLE CARDS ***
Dealt to Mahu2021 [5s 4s]
Kretschmeister: folds 
cibor74: folds 
Mahu2021: raises $0.14 to $0.24
tobey18: folds 
diamantes123: folds 
sigmanolimit: folds 
Uncalled bet ($0.14) returned to Mahu2021
Mahu2021 collected $0.25 from pot
Mahu2021: doesn't show hand 
*** SUMMARY ***
Total pot $0.25 | Rake $0 
Seat 1: tobey18 (button) folded before Flop (didn't bet)
Seat 2: diamantes123 (small blind) folded before Flop
Seat 3: sigmanolimit (big blind) folded before Flop
Seat 4: Kretschmeister folded before Flop (didn't bet)
Seat 5: cibor74 folded before Flop (didn't bet)
Seat 6: Mahu2021 collected ($0.25)



PokerStars Zoom Hand #254819941231:  Hold'em No Limit ($0.05/$0.10) - 2025/02/11 20:55:40 CET [2025/02/11 14:55:40 ET]
Table 'Aludra' 6-max Seat #1 is the button
Seat 1: rossjack89 ($20.42 in chips) 
Seat 2: Mahu2021 ($9.90 in chips) 
Seat 3: Tominou BE ($22.46 in chips) 
Seat 4: sigmanolimit ($10.10 in chips) 
Seat 5: kimmand ($12.03 in chips) 
Seat 6: thirionet ($29.55 in chips) 
Mahu2021: posts small blind $0.05
Tominou BE: posts big blind $0.10
*** HOLE CARDS ***
Dealt to Mahu2021 [3d 5c]
sigmanolimit: folds 
kimmand: calls $0.10
thirionet: folds 
rossjack89: folds 
Mahu2021: folds 
Tominou BE: checks 
*** FLOP *** [Qc Ah 3s]
Tominou BE: checks 
kimmand: checks 
*** TURN *** [Qc Ah 3s] [Jd]
Tominou BE: checks 
kimmand: checks 
*** RIVER *** [Qc Ah 3s Jd] [9c]
Tominou BE: checks 
kimmand: checks 
*** SHOW DOWN ***
Tominou BE: shows [4d 7s] (high card Ace)
kimmand: shows [As 4s] (a pair of Aces)
kimmand collected $0.24 from pot
*** SUMMARY ***
Total pot $0.25 | Rake $0.01 
Board [Qc Ah 3s Jd 9c]
Seat 1: rossjack89 (button) folded before Flop (didn't bet)
Seat 2: Mahu2021 (small blind) folded before Flop
Seat 3: Tominou BE (big blind) showed [4d 7s] and lost with high card Ace
Seat 4: sigmanolimit folded before Flop (didn't bet)
Seat 5: kimmand showed [As 4s] and won ($0.24) with a pair of Aces
Seat 6: thirionet folded before Flop (didn't bet)



PokerStars Zoom Hand #254819953134:  Hold'em No Limit ($0.05/$0.10) - 2025/02/11 20:56:41 CET [2025/02/11 14:56:41 ET]
Table 'Aludra' 6-max Seat #1 is the button
Seat 1: Mahu2021 ($9.80 in chips) 
Seat 2: Mangalove ($10.65 in chips) 
Seat 3: vovo4kapooh ($10.10 in chips) 
Seat 4: Poklrll02 ($14.25 in chips) 
Seat 5: rossjack89 ($20.32 in chips) 
Seat 6: MrRooob9899 ($11.27 in chips) 
Mangalove: posts small blind $0.05
vovo4kapooh: posts big blind $0.10
*** HOLE CARDS ***
Dealt to Mahu2021 [2c 2d]
Poklrll02: folds 
rossjack89: folds 
MrRooob9899: folds 
Mahu2021: raises $0.20 to $0.30
Mangalove: folds 
vovo4kapooh: calls $0.20
*** FLOP *** [9d Qd 7d]
vovo4kapooh: checks 
Mahu2021: bets $0.30
vovo4kapooh: folds 
Uncalled bet ($0.30) returned to Mahu2021
Mahu2021 collected $0.62 from pot
Mahu2021: doesn't show hand 
*** SUMMARY ***
Total pot $0.65 | Rake $0.03 
Board [9d Qd 7d]
Seat 1: Mahu2021 (button) collected ($0.62)
Seat 2: Mangalove (small blind) folded before Flop
Seat 3: vovo4kapooh (big blind) folded on the Flop
Seat 4: Poklrll02 folded before Flop (didn't bet)
Seat 5: rossjack89 folded before Flop (didn't bet)
Seat 6: MrRooob9899 folded before Flop (didn't bet)



PokerStars Zoom Hand #254819945873:  Hold'em No Limit ($0.05/$0.10) - 2025/02/11 20:56:03 CET [2025/02/11 14:56:03 ET]
Table 'Aludra' 6-max Seat #1 is the button
Seat 1: Mahu2021 ($10 in chips) 
Seat 2: pomoriepower ($28.16 in chips) 
Seat 3: Zwenni24 ($12.01 in chips) 
Seat 4: m0nster1989_ ($14.19 in chips) 
Seat 5: MrRooob9899 ($10 in chips) 
Seat 6: Allvisa ($10 in chips) 
pomoriepower: posts small blind $0.05
Zwenni24: posts big blind $0.10
*** HOLE CARDS ***
Dealt to Mahu2021 [Qh Kc]
m0nster1989_: raises $0.10 to $0.20
MrRooob9899: folds 
Allvisa: folds 
Mahu2021: calls $0.20
pomoriepower: calls $0.15
Zwenni24: calls $0.10
*** FLOP *** [2c 5d 8c]
pomoriepower: checks 
Zwenni24: checks 
m0nster1989_: bets $0.38
Mahu2021: folds 
pomoriepower: calls $0.38
Zwenni24: calls $0.38
*** TURN *** [2c 5d 8c] [6d]
pomoriepower: checks 
Zwenni24: checks 
m0nster1989_: checks 
*** RIVER *** [2c 5d 8c 6d] [Kh]
pomoriepower: checks 
Zwenni24: checks 
m0nster1989_: checks 
*** SHOW DOWN ***
pomoriepower: shows [6s 3s] (a pair of Sixes)
Zwenni24: mucks hand 
m0nster1989_: mucks hand 
pomoriepower collected $1.85 from pot
*** SUMMARY ***
Total pot $1.94 | Rake $0.09 
Board [2c 5d 8c 6d Kh]
Seat 1: Mahu2021 (button) folded on the Flop
Seat 2: pomoriepower (small blind) showed [6s 3s] and won ($1.85) with a pair of Sixes
Seat 3: Zwenni24 (big blind) mucked [Tc 9c]
Seat 4: m0nster1989_ mucked [Qc Jh]
Seat 5: MrRooob9899 folded before Flop (didn't bet)
Seat 6: Allvisa folded before Flop (didn't bet)



PokerStars Zoom Hand #254819952633:  Hold'em No Limit ($0.05/$0.10) - 2025/02/11 20:56:38 CET [2025/02/11 14:56:38 ET]
Table 'Aludra' 6-max Seat #1 is the button
Seat 1: taxido1982 ($8.58 in chips) 
Seat 2: Baygirl50 ($8.64 in chips) 
Seat 3: Boo81223 ($7.86 in chips) 
Seat 4: Mahu2021 ($9.80 in chips) 
Seat 5: MPKH509 ($14.82 in chips) 
Seat 6: SimoDa39 ($10 in chips) 
Baygirl50: posts small blind $0.05
Boo81223: posts big blind $0.10
*** HOLE CARDS ***
Dealt to Mahu2021 [2h 3h]
Mahu2021: folds 
MPKH509: folds 
SimoDa39: folds 
taxido1982: raises $0.20 to $0.30
Baygirl50: folds 
Boo81223: calls $0.20
*** FLOP *** [Qd 4c 7s]
Boo81223: checks 
taxido1982: checks 
*** TURN *** [Qd 4c 7s] [Jd]
Boo81223: checks 
taxido1982: checks 
*** RIVER *** [Qd 4c 7s Jd] [2s]
Boo81223: checks 
taxido1982: checks 
*** SHOW DOWN ***
Boo81223: shows [Td 9c] (high card Queen)
taxido1982: shows [8s 8h] (a pair of Eights)
taxido1982 collected $0.61 from pot
*** SUMMARY ***
Total pot $0.65 | Rake $0.04 
Board [Qd 4c 7s Jd 2s]
Seat 1: taxido1982 (button) showed [8s 8h] and won ($0.61) with a pair of Eights
Seat 2: Baygirl50 (small blind) folded before Flop
Seat 3: Boo81223 (big blind) showed [Td 9c] and lost with high card Queen
Seat 4: Mahu2021 folded before Flop (didn't bet)
Seat 5: MPKH509 folded before Flop (didn't bet)
Seat 6: SimoDa39 folded before Flop (didn't bet)



PokerStars Zoom Hand #254819956940:  Hold'em No Limit ($0.05/$0.10) - 2025/02/11 20:57:01 CET [2025/02/11 14:57:01 ET]
Table 'Aludra' 6-max Seat #1 is the button
Seat 1: vovo4kapooh ($10 in chips) 
Seat 2: Tompi2510 ($11.82 in chips) 
Seat 3: Mahu2021 ($10.12 in chips) 
Seat 4: TANEV78 ($13.76 in chips) 
Seat 5: kimmand ($7.33 in chips) 
Seat 6: tobey18 ($6.68 in chips) 
Tompi2510: posts small blind $0.05
Mahu2021: posts big blind $0.10
*** HOLE CARDS ***
Dealt to Mahu2021 [3h 9h]
TANEV78: folds 
kimmand: calls $0.10
tobey18: folds 
vovo4kapooh: folds 
Tompi2510: folds 
Mahu2021: checks 
*** FLOP *** [As 9d Kd]
Mahu2021: checks 
kimmand: checks 
*** TURN *** [As 9d Kd] [Ac]
Mahu2021: checks 
kimmand: checks 
*** RIVER *** [As 9d Kd Ac] [6d]
Mahu2021: bets $0.24
kimmand: calls $0.24
*** SHOW DOWN ***
Mahu2021: shows [3h 9h] (two pair, Aces and Nines)
kimmand: mucks hand 
Mahu2021 collected $0.70 from pot
*** SUMMARY ***
Total pot $0.73 | Rake $0.03 
Board [As 9d Kd Ac 6d]
Seat 1: vovo4kapooh (button) folded before Flop (didn't bet)
Seat 2: Tompi2510 (small blind) folded before Flop
Seat 3: Mahu2021 (big blind) showed [3h 9h] and won ($0.70) with two pair, Aces and Nines
Seat 4: TANEV78 folded before Flop (didn't bet)
Seat 5: kimmand mucked [Th Qh]
Seat 6: tobey18 folded before Flop (didn't bet)



PokerStars Zoom Hand #254819951604:  Hold'em No Limit ($0.05/$0.10) - 2025/02/11 20:56:33 CET [2025/02/11 14:56:33 ET]
Table 'Aludra' 6-max Seat #1 is the button
Seat 1: Poklrll02 ($14.25 in chips) 
Seat 2: Machestr ($9.55 in chips) 
Seat 3: t1a2n330 ($27.65 in chips) 
Seat 4: Tominou BE ($12.47 in chips) 
Seat 5: Mahu2021 ($9.80 in chips) 
Seat 6: Dutta666 ($12.98 in chips) 
Machestr: posts small blind $0.05
t1a2n330: posts big blind $0.10
*** HOLE CARDS ***
Dealt to Mahu2021 [4s 2d]
Tominou BE: folds 
Mahu2021: folds 
Dutta666: folds 
Poklrll02: folds 
Machestr: raises $0.20 to $0.30
t1a2n330: calls $0.20
*** FLOP *** [7c Ac 8s]
Machestr: checks 
t1a2n330: bets $0.29
Machestr: calls $0.29
*** TURN *** [7c Ac 8s] [4h]
Machestr: checks 
t1a2n330: bets $0.57
Machestr: calls $0.57
*** RIVER *** [7c Ac 8s 4h] [4d]
Machestr: checks 
t1a2n330: bets $1.11
Machestr: raises $1.11 to $2.22
t1a2n330: calls $1.11
*** SHOW DOWN ***
Machestr: shows [Ad Kd] (two pair, Aces and Fours)
t1a2n330: shows [As 7s] (two pair, Aces and Sevens)
t1a2n330 collected $6.46 from pot
*** SUMMARY ***
Total pot $6.76 | Rake $0.30 
Board [7c Ac 8s 4h 4d]
Seat 1: Poklrll02 (button) folded before Flop (didn't bet)
Seat 2: Machestr (small blind) showed [Ad Kd] and lost with two pair, Aces and Fours
Seat 3: t1a2n330 (big blind) showed [As 7s] and won ($6.46) with two pair, Aces and Sevens
Seat 4: Tominou BE folded before Flop (didn't bet)
Seat 5: Mahu2021 folded before Flop (didn't bet)
Seat 6: Dutta666 folded before Flop (didn't bet)



PokerStars Zoom Hand #254819964736:  Hold'em No Limit ($0.05/$0.10) - 2025/02/11 20:57:41 CET [2025/02/11 14:57:41 ET]
Table 'Aludra' 6-max Seat #1 is the button
Seat 1: dakatabr ($20.45 in chips) 
Seat 2: MrRooob9899 ($11.70 in chips) 
Seat 3: ACTN3 ($24.08 in chips) 
Seat 4: Al Fr€d 69 ($13.73 in chips) 
Seat 5: Mahu2021 ($10.43 in chips) 
Seat 6: Haesigster ($23.27 in chips) 
MrRooob9899: posts small blind $0.05
ACTN3: posts big blind $0.10
*** HOLE CARDS ***
Dealt to Mahu2021 [Qh Tc]
Al Fr€d 69: folds 
Mahu2021: raises $0.14 to $0.24
Haesigster: folds 
dakatabr: folds 
MrRooob9899: folds 
ACTN3: folds 
Uncalled bet ($0.14) returned to Mahu2021
Mahu2021 collected $0.25 from pot
Mahu2021: doesn't show hand 
*** SUMMARY ***
Total pot $0.25 | Rake $0 
Seat 1: dakatabr (button) folded before Flop (didn't bet)
Seat 2: MrRooob9899 (small blind) folded before Flop
Seat 3: ACTN3 (big blind) folded before Flop
Seat 4: Al Fr€d 69 folded before Flop (didn't bet)
Seat 5: Mahu2021 collected ($0.25)
Seat 6: Haesigster folded before Flop (didn't bet)



PokerStars Zoom Hand #254819963179:  Hold'em No Limit ($0.05/$0.10) - 2025/02/11 20:57:33 CET [2025/02/11 14:57:33 ET]
Table 'Aludra' 6-max Seat #1 is the button
Seat 1: cibor74 ($21.29 in chips) 
Seat 2: Mahu2021 ($10.48 in chips) 
Seat 3: Lentwood ($22.82 in chips) 
Seat 4: Haesigster ($23.27 in chips) 
Seat 5: BrittaRB ($12.99 in chips) 
Seat 6: szabarna ($10 in chips) 
Mahu2021: posts small blind $0.05
Lentwood: posts big blind $0.10
*** HOLE CARDS ***
Dealt to Mahu2021 [Kd 5s]
Haesigster: folds 
BrittaRB: calls $0.10
szabarna: raises $0.30 to $0.40
cibor74: folds 
Mahu2021: folds 
Lentwood: folds 
BrittaRB: calls $0.30
*** FLOP *** [Jh 6s 5c]
BrittaRB: checks 
szabarna: bets $0.30
BrittaRB: calls $0.30
*** TURN *** [Jh 6s 5c] [3s]
BrittaRB: bets $0.70
szabarna: folds 
Uncalled bet ($0.70) returned to BrittaRB
BrittaRB collected $1.48 from pot
BrittaRB: doesn't show hand 
*** SUMMARY ***
Total pot $1.55 | Rake $0.07 
Board [Jh 6s 5c 3s]
Seat 1: cibor74 (button) folded before Flop (didn't bet)
Seat 2: Mahu2021 (small blind) folded before Flop
Seat 3: Lentwood (big blind) folded before Flop
Seat 4: Haesigster folded before Flop (didn't bet)
Seat 5: BrittaRB collected ($1.48)
Seat 6: szabarna folded on the Turn



PokerStars Zoom Hand #254819968033:  Hold'em No Limit ($0.05/$0.10) - 2025/02/11 20:57:58 CET [2025/02/11 14:57:58 ET]
Table 'Aludra' 6-max Seat #1 is the button
Seat 1: aimaisan ($38.68 in chips) 
Seat 2: serotonine91 ($10 in chips) 
Seat 3: Mahu2021 ($10.58 in chips) 
Seat 4: top4eto860 ($13.40 in chips) 
Seat 5: Kretschmeister ($43.65 in chips) 
Seat 6: MPKH509 ($14.82 in chips) 
serotonine91: posts small blind $0.05
Mahu2021: posts big blind $0.10
*** HOLE CARDS ***
Dealt to Mahu2021 [8s Ks]
top4eto860: folds 
Kretschmeister: folds 
MPKH509: raises $0.20 to $0.30
aimaisan: folds 
serotonine91: folds 
Mahu2021: calls $0.20
*** FLOP *** [3s Qs 4d]
Mahu2021: checks 
MPKH509: bets $0.37
Mahu2021: calls $0.37
*** TURN *** [3s Qs 4d] [Ah]
Mahu2021: checks 
MPKH509: bets $1
Mahu2021: folds 
Uncalled bet ($1) returned to MPKH509
MPKH509 collected $1.31 from pot
MPKH509: doesn't show hand 
*** SUMMARY ***
Total pot $1.39 | Rake $0.08 
Board [3s Qs 4d Ah]
Seat 1: aimaisan (button) folded before Flop (didn't bet)
Seat 2: serotonine91 (small blind) folded before Flop
Seat 3: Mahu2021 (big blind) folded on the Turn
Seat 4: top4eto860 folded before Flop (didn't bet)
Seat 5: Kretschmeister folded before Flop (didn't bet)
Seat 6: MPKH509 collected ($1.31)



PokerStars Zoom Hand #254819967244:  Hold'em No Limit ($0.05/$0.10) - 2025/02/11 20:57:54 CET [2025/02/11 14:57:54 ET]
Table 'Aludra' 6-max Seat #1 is the button
Seat 1: Poklrll02 ($10.27 in chips) 
Seat 2: dakatabr ($8.90 in chips) 
Seat 3: PavanaTTo23 ($10.82 in chips) 
Seat 4: bcflaw ($21.97 in chips) 
Seat 5: Dulvagan ($10.63 in chips) 
Seat 6: Mahu2021 ($10.58 in chips) 
dakatabr: posts small blind $0.05
PavanaTTo23: posts big blind $0.10
*** HOLE CARDS ***
Dealt to Mahu2021 [8s 4d]
bcflaw: folds 
Dulvagan: folds 
Mahu2021: folds 
Poklrll02: raises $0.15 to $0.25
dakatabr: calls $0.20
PavanaTTo23: folds 
*** FLOP *** [3h 7h 6h]
dakatabr: checks 
Poklrll02: bets $0.29
dakatabr: folds 
Uncalled bet ($0.29) returned to Poklrll02
Poklrll02 collected $0.57 from pot
Poklrll02: doesn't show hand 
*** SUMMARY ***
Total pot $0.60 | Rake $0.03 
Board [3h 7h 6h]
Seat 1: Poklrll02 (button) collected ($0.57)
Seat 2: dakatabr (small blind) folded on the Flop
Seat 3: PavanaTTo23 (big blind) folded before Flop
Seat 4: bcflaw folded before Flop (didn't bet)
Seat 5: Dulvagan folded before Flop (didn't bet)
Seat 6: Mahu2021 folded before Flop (didn't bet)



PokerStars Zoom Hand #254819973032:  Hold'em No Limit ($0.05/$0.10) - 2025/02/11 20:58:23 CET [2025/02/11 14:58:23 ET]
Table 'Aludra' 6-max Seat #1 is the button
Seat 1: serotonine91 ($13.67 in chips) 
Seat 2: Zwenni24 ($11.43 in chips) 
Seat 3: rossjack89 ($20.50 in chips) 
Seat 4: MrRooob9899 ($10.68 in chips) 
Seat 5: Mahu2021 ($9.91 in chips) 
Seat 6: Lentwood ($22.72 in chips) 
Zwenni24: posts small blind $0.05
rossjack89: posts big blind $0.10
*** HOLE CARDS ***
Dealt to Mahu2021 [9s Kh]
MrRooob9899: folds 
Mahu2021: folds 
Lentwood: folds 
serotonine91: raises $0.15 to $0.25
Zwenni24: folds 
rossjack89: folds 
Uncalled bet ($0.15) returned to serotonine91
serotonine91 collected $0.25 from pot
serotonine91: doesn't show hand 
*** SUMMARY ***
Total pot $0.25 | Rake $0 
Seat 1: serotonine91 (button) collected ($0.25)
Seat 2: Zwenni24 (small blind) folded before Flop
Seat 3: rossjack89 (big blind) folded before Flop
Seat 4: MrRooob9899 folded before Flop (didn't bet)
Seat 5: Mahu2021 folded before Flop (didn't bet)
Seat 6: Lentwood folded before Flop (didn't bet)



PokerStars Zoom Hand #254819974182:  Hold'em No Limit ($0.05/$0.10) - 2025/02/11 20:58:29 CET [2025/02/11 14:58:29 ET]
Table 'Aludra' 6-max Seat #1 is the button
Seat 1: Mahu2021 ($9.91 in chips) 
Seat 2: MrRooob9899 ($11.55 in chips) 
Seat 3: FIOMAD ($10 in chips) 
Seat 4: TANEV78 ($15.04 in chips) 
Seat 5: miseyukas75 ($13.61 in chips) 
Seat 6: labbi59 ($40.86 in chips) 
MrRooob9899: posts small blind $0.05
FIOMAD: posts big blind $0.10
*** HOLE CARDS ***
Dealt to Mahu2021 [Kh Qh]
TANEV78: folds 
miseyukas75: raises $0.15 to $0.25
labbi59: calls $0.25
Mahu2021: calls $0.25
MrRooob9899: calls $0.20
FIOMAD: folds 
*** FLOP *** [4d 7d Kd]
MrRooob9899: bets $0.63
miseyukas75: folds 
labbi59: folds 
Mahu2021: calls $0.63
*** TURN *** [4d 7d Kd] [5d]
MrRooob9899: checks 
Mahu2021: checks 
*** RIVER *** [4d 7d Kd 5d] [3c]
MrRooob9899: bets $1.13
Mahu2021: folds 
Uncalled bet ($1.13) returned to MrRooob9899
MrRooob9899 collected $2.25 from pot
MrRooob9899: doesn't show hand 
*** SUMMARY ***
Total pot $2.36 | Rake $0.11 
Board [4d 7d Kd 5d 3c]
Seat 1: Mahu2021 (button) folded on the River
Seat 2: MrRooob9899 (small blind) collected ($2.25)
Seat 3: FIOMAD (big blind) folded before Flop
Seat 4: TANEV78 folded before Flop (didn't bet)
Seat 5: miseyukas75 folded on the Flop
Seat 6: labbi59 folded on the Flop



PokerStars Zoom Hand #254819982669:  Hold'em No Limit ($0.05/$0.10) - 2025/02/11 20:59:12 CET [2025/02/11 14:59:12 ET]
Table 'Aludra' 6-max Seat #1 is the button
Seat 1: Machestr ($9.98 in chips) 
Seat 2: Mahu2021 ($9.03 in chips) 
Seat 3: iamknight ($12.37 in chips) 
Seat 4: sigmanolimit ($10.55 in chips) 
Seat 5: MPKH509 ($15.41 in chips) 
Seat 6: LuchoJacobo8 ($8.95 in chips) 
Mahu2021: posts small blind $0.05
iamknight: posts big blind $0.10
*** HOLE CARDS ***
Dealt to Mahu2021 [7c 2d]
sigmanolimit: folds 
MPKH509: folds 
LuchoJacobo8: folds 
Machestr: folds 
Mahu2021: folds 
Uncalled bet ($0.05) returned to iamknight
iamknight collected $0.10 from pot
iamknight: doesn't show hand 
*** SUMMARY ***
Total pot $0.10 | Rake $0 
Seat 1: Machestr (button) folded before Flop (didn't bet)
Seat 2: Mahu2021 (small blind) folded before Flop
Seat 3: iamknight (big blind) collected ($0.10)
Seat 4: sigmanolimit folded before Flop (didn't bet)
Seat 5: MPKH509 folded before Flop (didn't bet)
Seat 6: LuchoJacobo8 folded before Flop (didn't bet)



PokerStars Zoom Hand #254819983656:  Hold'em No Limit ($0.05/$0.10) - 2025/02/11 20:59:17 CET [2025/02/11 14:59:17 ET]
Table 'Aludra' 6-max Seat #1 is the button
Seat 1: Blazkos ($3.43 in chips) 
Seat 2: LuchoJacobo8 ($8.95 in chips) 
Seat 3: Zwenni24 ($10.35 in chips) 
Seat 4: Mahu2021 ($8.98 in chips) 
Seat 5: Poklrll02 ($36.11 in chips) 
Seat 6: maldobex ($11.18 in chips) 
LuchoJacobo8: posts small blind $0.05
Zwenni24: posts big blind $0.10
*** HOLE CARDS ***
Dealt to Mahu2021 [8c Qc]
Mahu2021: folds 
Poklrll02: folds 
maldobex: folds 
Blazkos: raises $0.10 to $0.20
LuchoJacobo8: folds 
Zwenni24: folds 
Uncalled bet ($0.10) returned to Blazkos
Blazkos collected $0.25 from pot
Blazkos: doesn't show hand 
*** SUMMARY ***
Total pot $0.25 | Rake $0 
Seat 1: Blazkos (button) collected ($0.25)
Seat 2: LuchoJacobo8 (small blind) folded before Flop
Seat 3: Zwenni24 (big blind) folded before Flop
Seat 4: Mahu2021 folded before Flop (didn't bet)
Seat 5: Poklrll02 folded before Flop (didn't bet)
Seat 6: maldobex folded before Flop (didn't bet)



PokerStars Zoom Hand #254819984301:  Hold'em No Limit ($0.05/$0.10) - 2025/02/11 20:59:20 CET [2025/02/11 14:59:20 ET]
Table 'Aludra' 6-max Seat #1 is the button
Seat 1: miseyukas75 ($13.31 in chips) 
Seat 2: BONGO1208 ($12.67 in chips) 
Seat 3: hiding.by ($10 in chips) 
Seat 4: TANEV78 ($20.91 in chips) 
Seat 5: kokalakias ($14.40 in chips) 
Seat 6: Mahu2021 ($8.98 in chips) 
BONGO1208: posts small blind $0.05
hiding.by: posts big blind $0.10
*** HOLE CARDS ***
Dealt to Mahu2021 [Ac 9d]
TANEV78: folds 
kokalakias: folds 
Mahu2021: raises $0.14 to $0.24
miseyukas75: raises $0.56 to $0.80
BONGO1208: folds 
hiding.by: folds 
Mahu2021: folds 
Uncalled bet ($0.56) returned to miseyukas75
miseyukas75 collected $0.63 from pot
miseyukas75: doesn't show hand 
*** SUMMARY ***
Total pot $0.63 | Rake $0 
Seat 1: miseyukas75 (button) collected ($0.63)
Seat 2: BONGO1208 (small blind) folded before Flop
Seat 3: hiding.by (big blind) folded before Flop
Seat 4: TANEV78 folded before Flop (didn't bet)
Seat 5: kokalakias folded before Flop (didn't bet)
Seat 6: Mahu2021 folded before Flop



PokerStars Zoom Hand #254819988486:  Hold'em No Limit ($0.05/$0.10) - 2025/02/11 20:59:42 CET [2025/02/11 14:59:42 ET]
Table 'Aludra' 6-max Seat #1 is the button
Seat 1: dakatabr ($8.45 in chips) 
Seat 2: SimoDa39 ($10 in chips) 
Seat 3: Mahu2021 ($8.74 in chips) 
Seat 4: top4eto860 ($14.39 in chips) 
Seat 5: iamknight ($12.37 in chips) 
Seat 6: Wiktor Slany ($16.04 in chips) 
SimoDa39: posts small blind $0.05
Mahu2021: posts big blind $0.10
*** HOLE CARDS ***
Dealt to Mahu2021 [9s 7s]
top4eto860: raises $0.10 to $0.20
iamknight: folds 
Wiktor Slany: folds 
dakatabr: folds 
SimoDa39: folds 
Mahu2021: calls $0.10
*** FLOP *** [4h Ks 8d]
Mahu2021: checks 
top4eto860: bets $0.22
Mahu2021: folds 
Uncalled bet ($0.22) returned to top4eto860
top4eto860 collected $0.43 from pot
top4eto860: doesn't show hand 
*** SUMMARY ***
Total pot $0.45 | Rake $0.02 
Board [4h Ks 8d]
Seat 1: dakatabr (button) folded before Flop (didn't bet)
Seat 2: SimoDa39 (small blind) folded before Flop
Seat 3: Mahu2021 (big blind) folded on the Flop
Seat 4: top4eto860 collected ($0.43)
Seat 5: iamknight folded before Flop (didn't bet)
Seat 6: Wiktor Slany folded before Flop (didn't bet)



PokerStars Zoom Hand #254819992833:  Hold'em No Limit ($0.05/$0.10) - 2025/02/11 21:00:03 CET [2025/02/11 15:00:03 ET]
Table 'Aludra' 6-max Seat #1 is the button
Seat 1: rileylay ($16.78 in chips) 
Seat 2: Losimas(LT) ($10 in chips) 
Seat 3: bogek210 ($10 in chips) 
Seat 4: m0nster1989_ ($17.33 in chips) 
Seat 5: DMacd1972 ($7.18 in chips) 
Seat 6: Mahu2021 ($8.54 in chips) 
Losimas(LT): posts small blind $0.05
bogek210: posts big blind $0.10
*** HOLE CARDS ***
Dealt to Mahu2021 [3d Ks]
m0nster1989_: folds 
DMacd1972: folds 
Mahu2021: folds 
rileylay: folds 
Losimas(LT): folds 
Uncalled bet ($0.05) returned to bogek210
bogek210 collected $0.10 from pot
bogek210: doesn't show hand 
*** SUMMARY ***
Total pot $0.10 | Rake $0 
Seat 1: rileylay (button) folded before Flop (didn't bet)
Seat 2: Losimas(LT) (small blind) folded before Flop
Seat 3: bogek210 (big blind) collected ($0.10)
Seat 4: m0nster1989_ folded before Flop (didn't bet)
Seat 5: DMacd1972 folded before Flop (didn't bet)
Seat 6: Mahu2021 folded before Flop (didn't bet)



PokerStars Zoom Hand #254819994785:  Hold'em No Limit ($0.05/$0.10) - 2025/02/11 21:00:13 CET [2025/02/11 15:00:13 ET]
Table 'Aludra' 6-max Seat #1 is the button
Seat 1: Pavlik_Thebest ($17.28 in chips) 
Seat 2: Mahu2021 ($8.54 in chips) 
Seat 3: oyuka1988 ($7.95 in chips) 
Seat 4: aimaisan ($39.28 in chips) 
Seat 5: Jannemann1999 ($9.65 in chips) 
Seat 6: Losimas(LT) ($10 in chips) 
Mahu2021: posts small blind $0.05
oyuka1988: posts big blind $0.10
*** HOLE CARDS ***
Dealt to Mahu2021 [2d 5d]
aimaisan: folds 
Jannemann1999: folds 
Losimas(LT): folds 
Pavlik_Thebest: folds 
Mahu2021: folds 
Uncalled bet ($0.05) returned to oyuka1988
oyuka1988 collected $0.10 from pot
oyuka1988: doesn't show hand 
*** SUMMARY ***
Total pot $0.10 | Rake $0 
Seat 1: Pavlik_Thebest (button) folded before Flop (didn't bet)
Seat 2: Mahu2021 (small blind) folded before Flop
Seat 3: oyuka1988 (big blind) collected ($0.10)
Seat 4: aimaisan folded before Flop (didn't bet)
Seat 5: Jannemann1999 folded before Flop (didn't bet)
Seat 6: Losimas(LT) folded before Flop (didn't bet)



PokerStars Zoom Hand #254819993757:  Hold'em No Limit ($0.05/$0.10) - 2025/02/11 21:00:08 CET [2025/02/11 15:00:08 ET]
Table 'Aludra' 6-max Seat #1 is the button
Seat 1: Machestr ($9.55 in chips) 
Seat 2: vovo4kapooh ($13.98 in chips) 
Seat 3: CraigCasey88 ($10 in chips) 
Seat 4: Mahu2021 ($8.54 in chips) 
Seat 5: m0nster1989_ ($14.50 in chips) 
Seat 6: rileylay ($16.78 in chips) 
vovo4kapooh: posts small blind $0.05
CraigCasey88: posts big blind $0.10
*** HOLE CARDS ***
Dealt to Mahu2021 [3h 4c]
Mahu2021: folds 
m0nster1989_: raises $0.10 to $0.20
rileylay: folds 
Machestr: folds 
vovo4kapooh: folds 
CraigCasey88: folds 
Uncalled bet ($0.10) returned to m0nster1989_
m0nster1989_ collected $0.25 from pot
m0nster1989_: doesn't show hand 
*** SUMMARY ***
Total pot $0.25 | Rake $0 
Seat 1: Machestr (button) folded before Flop (didn't bet)
Seat 2: vovo4kapooh (small blind) folded before Flop
Seat 3: CraigCasey88 (big blind) folded before Flop
Seat 4: Mahu2021 folded before Flop (didn't bet)
Seat 5: m0nster1989_ collected ($0.25)
Seat 6: rileylay folded before Flop (didn't bet)



PokerStars Zoom Hand #254819995330:  Hold'em No Limit ($0.05/$0.10) - 2025/02/11 21:00:16 CET [2025/02/11 15:00:16 ET]
Table 'Aludra' 6-max Seat #1 is the button
Seat 1: Mahu2021 ($8.49 in chips) 
Seat 2: Chakman1990 ($14.54 in chips) 
Seat 3: MPKH509 ($15.67 in chips) 
Seat 4: aimaisan ($39.28 in chips) 
Seat 5: Losimas(LT) ($10 in chips) 
Seat 6: im570rm ($10.96 in chips) 
Chakman1990: posts small blind $0.05
MPKH509: posts big blind $0.10
*** HOLE CARDS ***
Dealt to Mahu2021 [8c 4c]
aimaisan: folds 
Losimas(LT): raises $0.15 to $0.25
im570rm: folds 
Mahu2021: folds 
Chakman1990: folds 
MPKH509: folds 
Uncalled bet ($0.15) returned to Losimas(LT)
Losimas(LT) collected $0.25 from pot
Losimas(LT): doesn't show hand 
*** SUMMARY ***
Total pot $0.25 | Rake $0 
Seat 1: Mahu2021 (button) folded before Flop (didn't bet)
Seat 2: Chakman1990 (small blind) folded before Flop
Seat 3: MPKH509 (big blind) folded before Flop
Seat 4: aimaisan folded before Flop (didn't bet)
Seat 5: Losimas(LT) collected ($0.25)
Seat 6: im570rm folded before Flop (didn't bet)



PokerStars Zoom Hand #254819997387:  Hold'em No Limit ($0.05/$0.10) - 2025/02/11 21:00:26 CET [2025/02/11 15:00:26 ET]
Table 'Aludra' 6-max Seat #1 is the button
Seat 1: danyeul ($10.50 in chips) 
Seat 2: bout042 ($6.59 in chips) 
Seat 3: Mahu2021 ($8.49 in chips) 
Seat 4: rossjack89 ($19.85 in chips) 
Seat 5: szabarna ($10 in chips) 
Seat 6: jksgoodgz ($22.04 in chips) 
bout042: posts small blind $0.05
Mahu2021: posts big blind $0.10
*** HOLE CARDS ***
Dealt to Mahu2021 [Jd 2h]
rossjack89: folds 
szabarna: folds 
jksgoodgz: folds 
danyeul: raises $0.15 to $0.25
bout042: folds 
Mahu2021: folds 
Uncalled bet ($0.15) returned to danyeul
danyeul collected $0.25 from pot
danyeul: doesn't show hand 
*** SUMMARY ***
Total pot $0.25 | Rake $0 
Seat 1: danyeul (button) collected ($0.25)
Seat 2: bout042 (small blind) folded before Flop
Seat 3: Mahu2021 (big blind) folded before Flop
Seat 4: rossjack89 folded before Flop (didn't bet)
Seat 5: szabarna folded before Flop (didn't bet)
Seat 6: jksgoodgz folded before Flop (didn't bet)



PokerStars Zoom Hand #254819996546:  Hold'em No Limit ($0.05/$0.10) - 2025/02/11 21:00:22 CET [2025/02/11 15:00:22 ET]
Table 'Aludra' 6-max Seat #1 is the button
Seat 1: pougia777 ($10.68 in chips) 
Seat 2: vovo4kapooh ($10.68 in chips) 
Seat 3: Mangalove ($10.07 in chips) 
Seat 4: Mahu2021 ($8.49 in chips) 
Seat 5: kloniss ($8.98 in chips) 
Seat 6: PavanaTTo23 ($11.29 in chips) 
vovo4kapooh: posts small blind $0.05
Mangalove: posts big blind $0.10
*** HOLE CARDS ***
Dealt to Mahu2021 [Th 7d]
Mahu2021: folds 
kloniss: folds 
PavanaTTo23: folds 
pougia777: folds 
vovo4kapooh: raises $0.20 to $0.30
Mangalove: folds 
Uncalled bet ($0.20) returned to vovo4kapooh
vovo4kapooh collected $0.20 from pot
vovo4kapooh: doesn't show hand 
*** SUMMARY ***
Total pot $0.20 | Rake $0 
Seat 1: pougia777 (button) folded before Flop (didn't bet)
Seat 2: vovo4kapooh (small blind) collected ($0.20)
Seat 3: Mangalove (big blind) folded before Flop
Seat 4: Mahu2021 folded before Flop (didn't bet)
Seat 5: kloniss folded before Flop (didn't bet)
Seat 6: PavanaTTo23 folded before Flop (didn't bet)



PokerStars Zoom Hand #254819995982:  Hold'em No Limit ($0.05/$0.10) - 2025/02/11 21:00:19 CET [2025/02/11 15:00:19 ET]
Table 'Aludra' 6-max Seat #1 is the button
Seat 1: aimaisan ($39.28 in chips) 
Seat 2: szabarna ($10 in chips) 
Seat 3: im570rm ($10.96 in chips) 
Seat 4: thegostface ($9.54 in chips) 
Seat 5: Mahu2021 ($8.49 in chips) 
Seat 6: Archontic force ($9.95 in chips) 
szabarna: posts small blind $0.05
im570rm: posts big blind $0.10
*** HOLE CARDS ***
Dealt to Mahu2021 [7h 6d]
thegostface: raises $0.16 to $0.26
Mahu2021: folds 
Archontic force: folds 
aimaisan: folds 
szabarna: folds 
im570rm: calls $0.16
*** FLOP *** [2d 2c 6c]
im570rm: bets $0.18
thegostface: folds 
Uncalled bet ($0.18) returned to im570rm
im570rm collected $0.54 from pot
im570rm: doesn't show hand 
*** SUMMARY ***
Total pot $0.57 | Rake $0.03 
Board [2d 2c 6c]
Seat 1: aimaisan (button) folded before Flop (didn't bet)
Seat 2: szabarna (small blind) folded before Flop
Seat 3: im570rm (big blind) collected ($0.54)
Seat 4: thegostface folded on the Flop
Seat 5: Mahu2021 folded before Flop (didn't bet)
Seat 6: Archontic force folded before Flop (didn't bet)



PokerStars Zoom Hand #254820000760:  Hold'em No Limit ($0.05/$0.10) - 2025/02/11 21:00:42 CET [2025/02/11 15:00:42 ET]
Table 'Aludra' 6-max Seat #1 is the button
Seat 1: Mahu2021 ($8.34 in chips) 
Seat 2: bcflaw ($25.90 in chips) 
Seat 3: diamantes123 ($18.77 in chips) 
Seat 4: szabarna ($10.15 in chips) 
Seat 5: Dulvagan ($10.23 in chips) 
Seat 6: bogek210 ($10.05 in chips) 
bcflaw: posts small blind $0.05
diamantes123: posts big blind $0.10
*** HOLE CARDS ***
Dealt to Mahu2021 [8h Jh]
szabarna: folds 
Dulvagan: folds 
bogek210: folds 
Mahu2021: raises $0.14 to $0.24
bcflaw: raises $0.66 to $0.90
diamantes123: folds 
Mahu2021: folds 
Uncalled bet ($0.66) returned to bcflaw
bcflaw collected $0.58 from pot
bcflaw: doesn't show hand 
*** SUMMARY ***
Total pot $0.58 | Rake $0 
Seat 1: Mahu2021 (button) folded before Flop
Seat 2: bcflaw (small blind) collected ($0.58)
Seat 3: diamantes123 (big blind) folded before Flop
Seat 4: szabarna folded before Flop (didn't bet)
Seat 5: Dulvagan folded before Flop (didn't bet)
Seat 6: bogek210 folded before Flop (didn't bet)



PokerStars Zoom Hand #254820000050:  Hold'em No Limit ($0.05/$0.10) - 2025/02/11 21:00:39 CET [2025/02/11 15:00:39 ET]
Table 'Aludra' 6-max Seat #1 is the button
Seat 1: m0nster1989_ ($14.65 in chips) 
Seat 2: Tominou BE ($21.42 in chips) 
Seat 3: Alejandro85s ($8.73 in chips) 
Seat 4: Anbru666 ($8.44 in chips) 
Seat 5: cibor74 ($20.89 in chips) 
Seat 6: Mahu2021 ($8.34 in chips) 
Tominou BE: posts small blind $0.05
Alejandro85s: posts big blind $0.10
*** HOLE CARDS ***
Dealt to Mahu2021 [3s Qd]
Anbru666: folds 
cibor74: folds 
Mahu2021: folds 
m0nster1989_: raises $0.10 to $0.20
Tominou BE: folds 
Alejandro85s: folds 
Uncalled bet ($0.10) returned to m0nster1989_
m0nster1989_ collected $0.25 from pot
m0nster1989_: doesn't show hand 
*** SUMMARY ***
Total pot $0.25 | Rake $0 
Seat 1: m0nster1989_ (button) collected ($0.25)
Seat 2: Tominou BE (small blind) folded before Flop
Seat 3: Alejandro85s (big blind) folded before Flop
Seat 4: Anbru666 folded before Flop (didn't bet)
Seat 5: cibor74 folded before Flop (didn't bet)
Seat 6: Mahu2021 folded before Flop (didn't bet)



PokerStars Zoom Hand #254819998906:  Hold'em No Limit ($0.05/$0.10) - 2025/02/11 21:00:33 CET [2025/02/11 15:00:33 ET]
Table 'Aludra' 6-max Seat #1 is the button
Seat 1: Losimas(LT) ($10 in chips) 
Seat 2: Mahu2021 ($8.39 in chips) 
Seat 3: kimmand ($6.69 in chips) 
Seat 4: Boo81223 ($14.46 in chips) 
Seat 5: YoloPôker ($10.15 in chips) 
Seat 6: Klevner ($21.51 in chips) 
Mahu2021: posts small blind $0.05
kimmand: posts big blind $0.10
*** HOLE CARDS ***
Dealt to Mahu2021 [Kd 4h]
Boo81223: folds 
YoloPôker: folds 
Klevner: raises $0.20 to $0.30
Losimas(LT): raises $0.60 to $0.90
Mahu2021: folds 
kimmand: calls $0.80
Klevner: calls $0.60
*** FLOP *** [Ac Jh 5s]
kimmand: checks 
Klevner: checks 
Losimas(LT): checks 
*** TURN *** [Ac Jh 5s] [7h]
kimmand: checks 
Klevner: bets $1.32
Losimas(LT): calls $1.32
kimmand: folds 
*** RIVER *** [Ac Jh 5s 7h] [8d]
Klevner: checks 
Losimas(LT): checks 
*** SHOW DOWN ***
Klevner: shows [Tc Ah] (a pair of Aces)
Losimas(LT): mucks hand 
Klevner collected $5.15 from pot
*** SUMMARY ***
Total pot $5.39 | Rake $0.24 
Board [Ac Jh 5s 7h 8d]
Seat 1: Losimas(LT) (button) mucked [Ks Kh]
Seat 2: Mahu2021 (small blind) folded before Flop
Seat 3: kimmand (big blind) folded on the Turn
Seat 4: Boo81223 folded before Flop (didn't bet)
Seat 5: YoloPôker folded before Flop (didn't bet)
Seat 6: Klevner showed [Tc Ah] and won ($5.15) with a pair of Aces



PokerStars Zoom Hand #254820004566:  Hold'em No Limit ($0.05/$0.10) - 2025/02/11 21:00:59 CET [2025/02/11 15:00:59 ET]
Table 'Aludra' 6-max Seat #1 is the button
Seat 1: oyuka1988 ($9.15 in chips) 
Seat 2: Allvisa ($10.49 in chips) 
Seat 3: t1a2n330 ($33.42 in chips) 
Seat 4: JonnyLouis7 ($9.15 in chips) 
Seat 5: Mahu2021 ($8.10 in chips) 
Seat 6: Crixis90 ($5.29 in chips) 
Allvisa: posts small blind $0.05
t1a2n330: posts big blind $0.10
*** HOLE CARDS ***
Dealt to Mahu2021 [Tc Qh]
JonnyLouis7: folds 
Mahu2021: raises $0.14 to $0.24
Crixis90: folds 
oyuka1988: calls $0.24
Allvisa: calls $0.19
t1a2n330: folds 
*** FLOP *** [Ad 4s Qc]
Allvisa: checks 
Mahu2021: checks 
oyuka1988: checks 
*** TURN *** [Ad 4s Qc] [Th]
Allvisa: checks 
Mahu2021: bets $0.40
oyuka1988: folds 
Allvisa: folds 
Uncalled bet ($0.40) returned to Mahu2021
Mahu2021 collected $0.78 from pot
Mahu2021: doesn't show hand 
*** SUMMARY ***
Total pot $0.82 | Rake $0.04 
Board [Ad 4s Qc Th]
Seat 1: oyuka1988 (button) folded on the Turn
Seat 2: Allvisa (small blind) folded on the Turn
Seat 3: t1a2n330 (big blind) folded before Flop
Seat 4: JonnyLouis7 folded before Flop (didn't bet)
Seat 5: Mahu2021 collected ($0.78)
Seat 6: Crixis90 folded before Flop (didn't bet)



PokerStars Zoom Hand #254820015533:  Hold'em No Limit ($0.05/$0.10) - 2025/02/11 21:01:44 CET [2025/02/11 15:01:44 ET]
Table 'Aludra' 6-max Seat #1 is the button
Seat 1: vovo4kapooh ($11.05 in chips) 
Seat 2: Anbru666 ($10.54 in chips) 
Seat 3: pomoriepower ($30.88 in chips) 
Seat 4: LKK65 ($7.75 in chips) 
Seat 5: kmnfst ($12.03 in chips) 
Seat 6: Mahu2021 ($8.64 in chips) 
Anbru666: posts small blind $0.05
pomoriepower: posts big blind $0.10
*** HOLE CARDS ***
Dealt to Mahu2021 [Kh 5s]
LKK65: folds 
kmnfst: raises $0.15 to $0.25
Mahu2021: folds 
vovo4kapooh: folds 
Anbru666: folds 
pomoriepower: folds 
Uncalled bet ($0.15) returned to kmnfst
kmnfst collected $0.25 from pot
kmnfst: doesn't show hand 
*** SUMMARY ***
Total pot $0.25 | Rake $0 
Seat 1: vovo4kapooh (button) folded before Flop (didn't bet)
Seat 2: Anbru666 (small blind) folded before Flop
Seat 3: pomoriepower (big blind) folded before Flop
Seat 4: LKK65 folded before Flop (didn't bet)
Seat 5: kmnfst collected ($0.25)
Seat 6: Mahu2021 folded before Flop (didn't bet)



PokerStars Zoom Hand #254820016659:  Hold'em No Limit ($0.05/$0.10) - 2025/02/11 21:01:48 CET [2025/02/11 15:01:48 ET]
Table 'Aludra' 6-max Seat #1 is the button
Seat 1: diamantes123 ($19.21 in chips) 
Seat 2: Mahu2021 ($8.64 in chips) 
Seat 3: sigmanolimit ($10.35 in chips) 
Seat 4: PavanaTTo23 ($10.07 in chips) 
Seat 5: aki52857 ($9.79 in chips) 
Seat 6: Anbru666 ($10.49 in chips) 
Mahu2021: posts small blind $0.05
sigmanolimit: posts big blind $0.10
*** HOLE CARDS ***
Dealt to Mahu2021 [3h Qc]
PavanaTTo23: folds 
aki52857: folds 
Anbru666: folds 
diamantes123: folds 
Mahu2021: folds 
Uncalled bet ($0.05) returned to sigmanolimit
sigmanolimit collected $0.10 from pot
sigmanolimit: doesn't show hand 
*** SUMMARY ***
Total pot $0.10 | Rake $0 
Seat 1: diamantes123 (button) folded before Flop (didn't bet)
Seat 2: Mahu2021 (small blind) folded before Flop
Seat 3: sigmanolimit (big blind) collected ($0.10)
Seat 4: PavanaTTo23 folded before Flop (didn't bet)
Seat 5: aki52857 folded before Flop (didn't bet)
Seat 6: Anbru666 folded before Flop (didn't bet)



PokerStars Zoom Hand #254820017723:  Hold'em No Limit ($0.05/$0.10) - 2025/02/11 21:01:52 CET [2025/02/11 15:01:52 ET]
Table 'Aludra' 6-max Seat #1 is the button
Seat 1: Allvisa ($10.15 in chips) 
Seat 2: pougia777 ($10 in chips) 
Seat 3: maldobex ($12.45 in chips) 
Seat 4: Mahu2021 ($8.59 in chips) 
Seat 5: Klevner ($24.91 in chips) 
Seat 6: kokalakias ($14.83 in chips) 
pougia777: posts small blind $0.05
maldobex: posts big blind $0.10
*** HOLE CARDS ***
Dealt to Mahu2021 [Tc Qc]
Mahu2021: raises $0.14 to $0.24
Klevner: folds 
kokalakias: folds 
Allvisa: folds 
pougia777: folds 
maldobex: folds 
Uncalled bet ($0.14) returned to Mahu2021
Mahu2021 collected $0.25 from pot
Mahu2021: doesn't show hand 
*** SUMMARY ***
Total pot $0.25 | Rake $0 
Seat 1: Allvisa (button) folded before Flop (didn't bet)
Seat 2: pougia777 (small blind) folded before Flop
Seat 3: maldobex (big blind) folded before Flop
Seat 4: Mahu2021 collected ($0.25)
Seat 5: Klevner folded before Flop (didn't bet)
Seat 6: kokalakias folded before Flop (didn't bet)



PokerStars Zoom Hand #254820021321:  Hold'em No Limit ($0.05/$0.10) - 2025/02/11 21:02:06 CET [2025/02/11 15:02:06 ET]
Table 'Aludra' 6-max Seat #1 is the button
Seat 1: husky_sc85 ($11.46 in chips) 
Seat 2: maldobex ($13.77 in chips) 
Seat 3: Mahu2021 ($8.74 in chips) 
Seat 4: bcflaw ($20.99 in chips) 
Seat 5: diamantes123 ($25.98 in chips) 
Seat 6: gini777gini ($7.78 in chips) 
maldobex: posts small blind $0.05
Mahu2021: posts big blind $0.10
*** HOLE CARDS ***
Dealt to Mahu2021 [3d 6d]
bcflaw: raises $0.12 to $0.22
diamantes123: folds 
gini777gini: folds 
husky_sc85: folds 
maldobex: folds 
Mahu2021: calls $0.12
*** FLOP *** [Jh Jc Qh]
Mahu2021: checks 
bcflaw: bets $0.13
Mahu2021: folds 
Uncalled bet ($0.13) returned to bcflaw
bcflaw collected $0.47 from pot
bcflaw: doesn't show hand 
*** SUMMARY ***
Total pot $0.49 | Rake $0.02 
Board [Jh Jc Qh]
Seat 1: husky_sc85 (button) folded before Flop (didn't bet)
Seat 2: maldobex (small blind) folded before Flop
Seat 3: Mahu2021 (big blind) folded on the Flop
Seat 4: bcflaw collected ($0.47)
Seat 5: diamantes123 folded before Flop (didn't bet)
Seat 6: gini777gini folded before Flop (didn't bet)



PokerStars Zoom Hand #254820029270:  Hold'em No Limit ($0.05/$0.10) - 2025/02/11 21:02:36 CET [2025/02/11 15:02:36 ET]
Table 'Aludra' 6-max Seat #1 is the button
Seat 1: Mahu2021 ($8.52 in chips) 
Seat 2: oyuka1988 ($8.61 in chips) 
Seat 3: bogek210 ($16.61 in chips) 
Seat 4: k12s12v87 ($6.44 in chips) 
Seat 5: thirionet ($29.04 in chips) 
Seat 6: vovo4kapooh ($14.26 in chips) 
oyuka1988: posts small blind $0.05
bogek210: posts big blind $0.10
*** HOLE CARDS ***
Dealt to Mahu2021 [3d As]
k12s12v87: folds 
thirionet: folds 
vovo4kapooh: raises $0.15 to $0.25
Mahu2021: calls $0.25
oyuka1988: folds 
bogek210: folds 
*** FLOP *** [Ac 5s Qc]
vovo4kapooh: bets $0.35
Mahu2021: calls $0.35
*** TURN *** [Ac 5s Qc] [5d]
vovo4kapooh: checks 
Mahu2021: checks 
*** RIVER *** [Ac 5s Qc 5d] [7h]
vovo4kapooh: checks 
Mahu2021: checks 
*** SHOW DOWN ***
vovo4kapooh: shows [Jd Ks] (a pair of Fives)
Mahu2021: shows [3d As] (two pair, Aces and Fives)
Mahu2021 collected $1.29 from pot
*** SUMMARY ***
Total pot $1.35 | Rake $0.06 
Board [Ac 5s Qc 5d 7h]
Seat 1: Mahu2021 (button) showed [3d As] and won ($1.29) with two pair, Aces and Fives
Seat 2: oyuka1988 (small blind) folded before Flop
Seat 3: bogek210 (big blind) folded before Flop
Seat 4: k12s12v87 folded before Flop (didn't bet)
Seat 5: thirionet folded before Flop (didn't bet)
Seat 6: vovo4kapooh showed [Jd Ks] and lost with a pair of Fives



PokerStars Zoom Hand #254820046229:  Hold'em No Limit ($0.05/$0.10) - 2025/02/11 21:03:38 CET [2025/02/11 15:03:38 ET]
Table 'Aludra' 6-max Seat #1 is the button
Seat 1: chessismorefun ($13.12 in chips) 
Seat 2: diamantes123 ($19.11 in chips) 
Seat 3: kokalakias ($14.72 in chips) 
Seat 4: Mahu2021 ($9.21 in chips) 
Seat 5: ACTN3 ($24.85 in chips) 
Seat 6: m0nster1989_ ($16.63 in chips) 
diamantes123: posts small blind $0.05
kokalakias: posts big blind $0.10
*** HOLE CARDS ***
Dealt to Mahu2021 [As 4h]
Mahu2021: folds 
ACTN3: folds 
m0nster1989_: folds 
chessismorefun: raises $0.15 to $0.25
diamantes123: folds 
kokalakias: folds 
Uncalled bet ($0.15) returned to chessismorefun
chessismorefun collected $0.25 from pot
chessismorefun: doesn't show hand 
*** SUMMARY ***
Total pot $0.25 | Rake $0 
Seat 1: chessismorefun (button) collected ($0.25)
Seat 2: diamantes123 (small blind) folded before Flop
Seat 3: kokalakias (big blind) folded before Flop
Seat 4: Mahu2021 folded before Flop (didn't bet)
Seat 5: ACTN3 folded before Flop (didn't bet)
Seat 6: m0nster1989_ folded before Flop (didn't bet)



PokerStars Zoom Hand #254820047084:  Hold'em No Limit ($0.05/$0.10) - 2025/02/11 21:03:41 CET [2025/02/11 15:03:41 ET]
Table 'Aludra' 6-max Seat #1 is the button
Seat 1: diamantes123 ($19.06 in chips) 
Seat 2: 2hug0 ($10.15 in chips) 
Seat 3: Mahu2021 ($9.21 in chips) 
Seat 4: hesus78 ($5.98 in chips) 
Seat 5: Dulvagan ($10.43 in chips) 
Seat 6: Poklrll02 ($32.89 in chips) 
2hug0: posts small blind $0.05
Mahu2021: posts big blind $0.10
*** HOLE CARDS ***
Dealt to Mahu2021 [8h 4d]
hesus78: folds 
Dulvagan: folds 
Poklrll02: folds 
diamantes123: folds 
2hug0: folds 
Uncalled bet ($0.05) returned to Mahu2021
Mahu2021 collected $0.10 from pot
Mahu2021: doesn't show hand 
*** SUMMARY ***
Total pot $0.10 | Rake $0 
Seat 1: diamantes123 (button) folded before Flop (didn't bet)
Seat 2: 2hug0 (small blind) folded before Flop
Seat 3: Mahu2021 (big blind) collected ($0.10)
Seat 4: hesus78 folded before Flop (didn't bet)
Seat 5: Dulvagan folded before Flop (didn't bet)
Seat 6: Poklrll02 folded before Flop (didn't bet)



PokerStars Zoom Hand #254820045264:  Hold'em No Limit ($0.05/$0.10) - 2025/02/11 21:03:35 CET [2025/02/11 15:03:35 ET]
Table 'Aludra' 6-max Seat #1 is the button
Seat 1: Poklrll02 ($13.24 in chips) 
Seat 2: oyuka1988 ($8.24 in chips) 
Seat 3: bogek210 ($16.46 in chips) 
Seat 4: sigmanolimit ($10.25 in chips) 
Seat 5: SchekyyyY ($10.25 in chips) 
Seat 6: Mahu2021 ($9.21 in chips) 
oyuka1988: posts small blind $0.05
bogek210: posts big blind $0.10
*** HOLE CARDS ***
Dealt to Mahu2021 [3s 9h]
sigmanolimit: folds 
SchekyyyY has timed out
SchekyyyY: folds 
Mahu2021: folds 
Poklrll02: folds 
oyuka1988: raises $0.20 to $0.30
bogek210: folds 
Uncalled bet ($0.20) returned to oyuka1988
oyuka1988 collected $0.20 from pot
oyuka1988: doesn't show hand 
*** SUMMARY ***
Total pot $0.20 | Rake $0 
Seat 1: Poklrll02 (button) folded before Flop (didn't bet)
Seat 2: oyuka1988 (small blind) collected ($0.20)
Seat 3: bogek210 (big blind) folded before Flop
Seat 4: sigmanolimit folded before Flop (didn't bet)
Seat 5: SchekyyyY folded before Flop (didn't bet)
Seat 6: Mahu2021 folded before Flop (didn't bet)



PokerStars Zoom Hand #254820049823:  Hold'em No Limit ($0.05/$0.10) - 2025/02/11 21:03:51 CET [2025/02/11 15:03:51 ET]
Table 'Aludra' 6-max Seat #1 is the button
Seat 1: Jinzoo1 ($24.71 in chips) 
Seat 2: Mahu2021 ($9.26 in chips) 
Seat 3: Poklrll02 ($10.54 in chips) 
Seat 4: TANEV78 ($12.14 in chips) 
Seat 5: Cl8rker ($35.18 in chips) 
Seat 6: Tompi2510 ($11.41 in chips) 
Mahu2021: posts small blind $0.05
Poklrll02: posts big blind $0.10
*** HOLE CARDS ***
Dealt to Mahu2021 [8h 9s]
TANEV78: folds 
Cl8rker: folds 
Tompi2510: folds 
Jinzoo1: raises $0.10 to $0.20
Mahu2021: calls $0.15
Poklrll02: folds 
*** FLOP *** [3h Jd 3c]
Mahu2021: checks 
Jinzoo1: bets $0.20
Mahu2021: folds 
Uncalled bet ($0.20) returned to Jinzoo1
Jinzoo1 collected $0.48 from pot
Jinzoo1: doesn't show hand 
*** SUMMARY ***
Total pot $0.50 | Rake $0.02 
Board [3h Jd 3c]
Seat 1: Jinzoo1 (button) collected ($0.48)
Seat 2: Mahu2021 (small blind) folded on the Flop
Seat 3: Poklrll02 (big blind) folded before Flop
Seat 4: TANEV78 folded before Flop (didn't bet)
Seat 5: Cl8rker folded before Flop (didn't bet)
Seat 6: Tompi2510 folded before Flop (didn't bet)



PokerStars Zoom Hand #254820056223:  Hold'em No Limit ($0.05/$0.10) - 2025/02/11 21:04:15 CET [2025/02/11 15:04:15 ET]
Table 'Aludra' 6-max Seat #1 is the button
Seat 1: Mahu2021 ($9.06 in chips) 
Seat 2: Allvisa ($10.05 in chips) 
Seat 3: Losimas(LT) ($10 in chips) 
Seat 4: TANEV78 ($20.49 in chips) 
Seat 5: Zwenni24 ($11.54 in chips) 
Seat 6: soulfly2145 ($9.65 in chips) 
Allvisa: posts small blind $0.05
Losimas(LT): posts big blind $0.10
*** HOLE CARDS ***
Dealt to Mahu2021 [Ac As]
TANEV78: folds 
Zwenni24: folds 
soulfly2145: folds 
Mahu2021: raises $8.96 to $9.06 and is all-in
Allvisa: folds 
Losimas(LT): folds 
Uncalled bet ($8.96) returned to Mahu2021
Mahu2021 collected $0.25 from pot
Mahu2021: doesn't show hand 
*** SUMMARY ***
Total pot $0.25 | Rake $0 
Seat 1: Mahu2021 (button) collected ($0.25)
Seat 2: Allvisa (small blind) folded before Flop
Seat 3: Losimas(LT) (big blind) folded before Flop
Seat 4: TANEV78 folded before Flop (didn't bet)
Seat 5: Zwenni24 folded before Flop (didn't bet)
Seat 6: soulfly2145 folded before Flop (didn't bet)



PokerStars Zoom Hand #254820043536:  Hold'em No Limit ($0.05/$0.10) - 2025/02/11 21:03:29 CET [2025/02/11 15:03:29 ET]
Table 'Aludra' 6-max Seat #1 is the button
Seat 1: sigmanolimit ($11.15 in chips) 
Seat 2: bcflaw ($22.92 in chips) 
Seat 3: Tominou BE ($14.97 in chips) 
Seat 4: Ritzo23 ($5 in chips) 
Seat 5: Mahu2021 ($9.21 in chips) 
Seat 6: Jinzoo1 ($24.81 in chips) 
bcflaw: posts small blind $0.05
Tominou BE: posts big blind $0.10
*** HOLE CARDS ***
Dealt to Mahu2021 [7s 8d]
Ritzo23: folds 
Mahu2021: folds 
Jinzoo1: folds 
sigmanolimit: folds 
bcflaw: raises $0.15 to $0.25
Tominou BE: calls $0.15
*** FLOP *** [4d Kc As]
bcflaw: checks 
Tominou BE: checks 
*** TURN *** [4d Kc As] [8h]
bcflaw: bets $0.13
Tominou BE: folds 
Uncalled bet ($0.13) returned to bcflaw
bcflaw collected $0.48 from pot
bcflaw: doesn't show hand 
*** SUMMARY ***
Total pot $0.50 | Rake $0.02 
Board [4d Kc As 8h]
Seat 1: sigmanolimit (button) folded before Flop (didn't bet)
Seat 2: bcflaw (small blind) collected ($0.48)
Seat 3: Tominou BE (big blind) folded on the Turn
Seat 4: Ritzo23 folded before Flop (didn't bet)
Seat 5: Mahu2021 folded before Flop (didn't bet)
Seat 6: Jinzoo1 folded before Flop (didn't bet)



PokerStars Zoom Hand #254820059594:  Hold'em No Limit ($0.05/$0.10) - 2025/02/11 21:04:27 CET [2025/02/11 15:04:27 ET]
Table 'Aludra' 6-max Seat #1 is the button
Seat 1: DMacd1972 ($6.40 in chips) 
Seat 2: bcflaw ($21.28 in chips) 
Seat 3: Chakman1990 ($14.14 in chips) 
Seat 4: szabarna ($11.05 in chips) 
Seat 5: MrRooob9899 ($14.61 in chips) 
Seat 6: Mahu2021 ($9.21 in chips) 
bcflaw: posts small blind $0.05
Chakman1990: posts big blind $0.10
*** HOLE CARDS ***
Dealt to Mahu2021 [Js Ac]
szabarna: folds 
MrRooob9899 is disconnected 
MrRooob9899 has timed out while disconnected
MrRooob9899: folds 
Mahu2021: raises $0.14 to $0.24
DMacd1972: raises $0.14 to $0.38
bcflaw: folds 
Chakman1990: folds 
Mahu2021: calls $0.14
*** FLOP *** [3s As 3d]
Mahu2021: checks 
DMacd1972: bets $0.10
Mahu2021: calls $0.10
*** TURN *** [3s As 3d] [4h]
Mahu2021: checks 
DMacd1972: bets $0.10
Mahu2021: calls $0.10
*** RIVER *** [3s As 3d 4h] [2h]
Mahu2021: checks 
DMacd1972: bets $0.10
Mahu2021: calls $0.10
*** SHOW DOWN ***
DMacd1972: shows [Qd Qc] (two pair, Queens and Threes)
Mahu2021: shows [Js Ac] (two pair, Aces and Threes)
Mahu2021 collected $1.44 from pot
*** SUMMARY ***
Total pot $1.51 | Rake $0.07 
Board [3s As 3d 4h 2h]
Seat 1: DMacd1972 (button) showed [Qd Qc] and lost with two pair, Queens and Threes
Seat 2: bcflaw (small blind) folded before Flop
Seat 3: Chakman1990 (big blind) folded before Flop
Seat 4: szabarna folded before Flop (didn't bet)
Seat 5: MrRooob9899 folded before Flop (didn't bet)
Seat 6: Mahu2021 showed [Js Ac] and won ($1.44) with two pair, Aces and Threes



PokerStars Zoom Hand #254820069704:  Hold'em No Limit ($0.05/$0.10) - 2025/02/11 21:05:03 CET [2025/02/11 15:05:03 ET]
Table 'Aludra' 6-max Seat #1 is the button
Seat 1: rossjack89 ($19.87 in chips) 
Seat 2: GooseYhh ($17.88 in chips) 
Seat 3: thirionet ($29.09 in chips) 
Seat 4: Mahu2021 ($9.97 in chips) 
Seat 5: cibor74 ($11.32 in chips) 
Seat 6: vovo4kapooh ($13.56 in chips) 
GooseYhh: posts small blind $0.05
thirionet: posts big blind $0.10
*** HOLE CARDS ***
Dealt to Mahu2021 [Th 6h]
Mahu2021: folds 
cibor74: folds 
vovo4kapooh: folds 
rossjack89: folds 
GooseYhh: folds 
Uncalled bet ($0.05) returned to thirionet
thirionet collected $0.10 from pot
thirionet: doesn't show hand 
*** SUMMARY ***
Total pot $0.10 | Rake $0 
Seat 1: rossjack89 (button) folded before Flop (didn't bet)
Seat 2: GooseYhh (small blind) folded before Flop
Seat 3: thirionet (big blind) collected ($0.10)
Seat 4: Mahu2021 folded before Flop (didn't bet)
Seat 5: cibor74 folded before Flop (didn't bet)
Seat 6: vovo4kapooh folded before Flop (didn't bet)



PokerStars Zoom Hand #254820071311:  Hold'em No Limit ($0.05/$0.10) - 2025/02/11 21:05:09 CET [2025/02/11 15:05:09 ET]
Table 'Aludra' 6-max Seat #1 is the button
Seat 1: Tominou BE ($21.70 in chips) 
Seat 2: pap-wwa ($11.93 in chips) 
Seat 3: Mahu2021 ($9.97 in chips) 
Seat 4: megaloshara ($10.10 in chips) 
Seat 5: Ritzo23 ($5.48 in chips) 
Seat 6: SchekyyyY ($10.89 in chips) 
pap-wwa: posts small blind $0.05
Mahu2021: posts big blind $0.10
*** HOLE CARDS ***
Dealt to Mahu2021 [Td Kc]
megaloshara: folds 
Ritzo23: folds 
SchekyyyY: raises $0.20 to $0.30
Tominou BE: folds 
pap-wwa: folds 
Mahu2021: calls $0.20
*** FLOP *** [5c 7d Ah]
Mahu2021: checks 
SchekyyyY: checks 
*** TURN *** [5c 7d Ah] [Ts]
Mahu2021: checks 
SchekyyyY: bets $0.20
Mahu2021: calls $0.20
*** RIVER *** [5c 7d Ah Ts] [Qc]
Mahu2021: checks 
SchekyyyY: checks 
*** SHOW DOWN ***
Mahu2021: shows [Td Kc] (a pair of Tens)
SchekyyyY: mucks hand 
Mahu2021 collected $1 from pot
*** SUMMARY ***
Total pot $1.05 | Rake $0.05 
Board [5c 7d Ah Ts Qc]
Seat 1: Tominou BE (button) folded before Flop (didn't bet)
Seat 2: pap-wwa (small blind) folded before Flop
Seat 3: Mahu2021 (big blind) showed [Td Kc] and won ($1) with a pair of Tens
Seat 4: megaloshara folded before Flop (didn't bet)
Seat 5: Ritzo23 folded before Flop (didn't bet)
Seat 6: SchekyyyY mucked [9h 9s]



PokerStars Zoom Hand #254820082560:  Hold'em No Limit ($0.05/$0.10) - 2025/02/11 21:05:49 CET [2025/02/11 15:05:49 ET]
Table 'Aludra' 6-max Seat #1 is the button
Seat 1: LKK65 ($7.11 in chips) 
Seat 2: Mahu2021 ($10.47 in chips) 
Seat 3: oyuka1988 ($10.46 in chips) 
Seat 4: Tompi2510 ($12.99 in chips) 
Seat 5: SchekyyyY ($10.39 in chips) 
Seat 6: sigmanolimit ($10.99 in chips) 
Mahu2021: posts small blind $0.05
oyuka1988: posts big blind $0.10
*** HOLE CARDS ***
Dealt to Mahu2021 [3c Ts]
Tompi2510: folds 
SchekyyyY: folds 
sigmanolimit: raises $0.10 to $0.20
LKK65: folds 
Mahu2021: folds 
oyuka1988: folds 
Uncalled bet ($0.10) returned to sigmanolimit
sigmanolimit collected $0.25 from pot
sigmanolimit: doesn't show hand 
*** SUMMARY ***
Total pot $0.25 | Rake $0 
Seat 1: LKK65 (button) folded before Flop (didn't bet)
Seat 2: Mahu2021 (small blind) folded before Flop
Seat 3: oyuka1988 (big blind) folded before Flop
Seat 4: Tompi2510 folded before Flop (didn't bet)
Seat 5: SchekyyyY folded before Flop (didn't bet)
Seat 6: sigmanolimit collected ($0.25)



PokerStars Zoom Hand #254820084072:  Hold'em No Limit ($0.05/$0.10) - 2025/02/11 21:05:54 CET [2025/02/11 15:05:54 ET]
Table 'Aludra' 6-max Seat #1 is the button
Seat 1: jksgoodgz ($21.12 in chips) 
Seat 2: megaloshara ($10 in chips) 
Seat 3: TANEV78 ($16.69 in chips) 
Seat 4: pougia777 ($11.45 in chips) 
Seat 5: Mahu2021 ($10.42 in chips) 
Seat 6: rossjack89 ($19.33 in chips) 
megaloshara: posts small blind $0.05
TANEV78: posts big blind $0.10
*** HOLE CARDS ***
Dealt to Mahu2021 [8s 2d]
pougia777: raises $0.15 to $0.25
Mahu2021: folds 
rossjack89: folds 
jksgoodgz: folds 
megaloshara: folds 
TANEV78: folds 
Uncalled bet ($0.15) returned to pougia777
pougia777 collected $0.25 from pot
pougia777: doesn't show hand 
*** SUMMARY ***
Total pot $0.25 | Rake $0 
Seat 1: jksgoodgz (button) folded before Flop (didn't bet)
Seat 2: megaloshara (small blind) folded before Flop
Seat 3: TANEV78 (big blind) folded before Flop
Seat 4: pougia777 collected ($0.25)
Seat 5: Mahu2021 folded before Flop (didn't bet)
Seat 6: rossjack89 folded before Flop (didn't bet)



PokerStars Zoom Hand #254820085657:  Hold'em No Limit ($0.05/$0.10) - 2025/02/11 21:05:59 CET [2025/02/11 15:05:59 ET]
Table 'Aludra' 6-max Seat #1 is the button
Seat 1: Mahu2021 ($10.42 in chips) 
Seat 2: anderson ca6 ($22.76 in chips) 
Seat 3: SchekyyyY ($10.39 in chips) 
Seat 4: kmnfst ($10 in chips) 
Seat 5: Dulvagan ($11.65 in chips) 
Seat 6: Losimas(LT) ($10.45 in chips) 
anderson ca6: posts small blind $0.05
SchekyyyY: posts big blind $0.10
*** HOLE CARDS ***
Dealt to Mahu2021 [Ts Ac]
kmnfst: folds 
Dulvagan: folds 
Losimas(LT): raises $0.15 to $0.25
Mahu2021: calls $0.25
anderson ca6: calls $0.20
SchekyyyY: folds 
*** FLOP *** [2d As 6s]
anderson ca6: checks 
Losimas(LT): bets $0.41
Mahu2021: calls $0.41
anderson ca6: folds 
*** TURN *** [2d As 6s] [Ah]
Losimas(LT): bets $0.52
Mahu2021: calls $0.52
*** RIVER *** [2d As 6s Ah] [Js]
Losimas(LT): checks 
Mahu2021: checks 
*** SHOW DOWN ***
Losimas(LT): shows [Qh 2h] (two pair, Aces and Deuces)
Mahu2021: shows [Ts Ac] (three of a kind, Aces)
Mahu2021 collected $2.59 from pot
*** SUMMARY ***
Total pot $2.71 | Rake $0.12 
Board [2d As 6s Ah Js]
Seat 1: Mahu2021 (button) showed [Ts Ac] and won ($2.59) with three of a kind, Aces
Seat 2: anderson ca6 (small blind) folded on the Flop
Seat 3: SchekyyyY (big blind) folded before Flop
Seat 4: kmnfst folded before Flop (didn't bet)
Seat 5: Dulvagan folded before Flop (didn't bet)
Seat 6: Losimas(LT) showed [Qh 2h] and lost with two pair, Aces and Deuces



PokerStars Zoom Hand #254820103543:  Hold'em No Limit ($0.05/$0.10) - 2025/02/11 21:07:02 CET [2025/02/11 15:07:02 ET]
Table 'Aludra' 6-max Seat #1 is the button
Seat 1: azielsilvagv ($13.32 in chips) 
Seat 2: MPKH509 ($14.55 in chips) 
Seat 3: danyeul ($11.15 in chips) 
Seat 4: sigmanolimit ($11.65 in chips) 
Seat 5: TANEV78 ($11.89 in chips) 
Seat 6: Mahu2021 ($11.78 in chips) 
MPKH509: posts small blind $0.05
danyeul: posts big blind $0.10
*** HOLE CARDS ***
Dealt to Mahu2021 [7d Td]
sigmanolimit: folds 
TANEV78: folds 
Mahu2021: folds 
azielsilvagv: folds 
MPKH509: folds 
Uncalled bet ($0.05) returned to danyeul
danyeul collected $0.10 from pot
danyeul: doesn't show hand 
*** SUMMARY ***
Total pot $0.10 | Rake $0 
Seat 1: azielsilvagv (button) folded before Flop (didn't bet)
Seat 2: MPKH509 (small blind) folded before Flop
Seat 3: danyeul (big blind) collected ($0.10)
Seat 4: sigmanolimit folded before Flop (didn't bet)
Seat 5: TANEV78 folded before Flop (didn't bet)
Seat 6: Mahu2021 folded before Flop (didn't bet)



PokerStars Zoom Hand #254820100585:  Hold'em No Limit ($0.05/$0.10) - 2025/02/11 21:06:52 CET [2025/02/11 15:06:52 ET]
Table 'Aludra' 6-max Seat #1 is the button
Seat 1: diamantes123 ($18.55 in chips) 
Seat 2: kmnfst ($15.90 in chips) 
Seat 3: pap-wwa ($10.74 in chips) 
Seat 4: Mahu2021 ($11.83 in chips) 
Seat 5: JonnyLouis7 ($5.62 in chips) 
Seat 6: anderson ca6 ($22.51 in chips) 
kmnfst: posts small blind $0.05
pap-wwa: posts big blind $0.10
*** HOLE CARDS ***
Dealt to Mahu2021 [9h 5d]
Mahu2021: folds 
JonnyLouis7: folds 
anderson ca6: folds 
diamantes123: raises $0.10 to $0.20
kmnfst: raises $0.80 to $1
pap-wwa: folds 
diamantes123: calls $0.80
*** FLOP *** [Qd Qs Th]
kmnfst: checks 
diamantes123: checks 
*** TURN *** [Qd Qs Th] [5s]
kmnfst: bets $1.50
diamantes123: calls $1.50
*** RIVER *** [Qd Qs Th 5s] [8d]
kmnfst: checks 
diamantes123: bets $2.70
kmnfst: calls $2.70
*** SHOW DOWN ***
diamantes123: shows [Qc Tc] (a full house, Queens full of Tens)
kmnfst: mucks hand 
diamantes123 collected $10.03 from pot
*** SUMMARY ***
Total pot $10.50 | Rake $0.47 
Board [Qd Qs Th 5s 8d]
Seat 1: diamantes123 (button) showed [Qc Tc] and won ($10.03) with a full house, Queens full of Tens
Seat 2: kmnfst (small blind) mucked [Ad Td]
Seat 3: pap-wwa (big blind) folded before Flop
Seat 4: Mahu2021 folded before Flop (didn't bet)
Seat 5: JonnyLouis7 folded before Flop (didn't bet)
Seat 6: anderson ca6 folded before Flop (didn't bet)



PokerStars Zoom Hand #254820105787:  Hold'em No Limit ($0.05/$0.10) - 2025/02/11 21:07:10 CET [2025/02/11 15:07:10 ET]
Table 'Aludra' 6-max Seat #1 is the button
Seat 1: diegaopoker ($11.28 in chips) 
Seat 2: PavanaTTo23 ($10.99 in chips) 
Seat 3: Mahu2021 ($11.78 in chips) 
Seat 4: BONGO1208 ($10.46 in chips) 
Seat 5: Blazkos ($4.22 in chips) 
Seat 6: Cl8rker ($16.77 in chips) 
PavanaTTo23: posts small blind $0.05
Mahu2021: posts big blind $0.10
*** HOLE CARDS ***
Dealt to Mahu2021 [Qd Td]
BONGO1208: folds 
Blazkos: calls $0.10
Cl8rker: folds 
diegaopoker: calls $0.10
PavanaTTo23: folds 
Mahu2021: checks 
*** FLOP *** [9h 8c 8h]
Mahu2021: checks 
Blazkos: checks 
diegaopoker: checks 
*** TURN *** [9h 8c 8h] [7c]
Mahu2021: checks 
Blazkos: checks 
diegaopoker: bets $0.20
Mahu2021: calls $0.20
Blazkos: folds 
*** RIVER *** [9h 8c 8h 7c] [Js]
Mahu2021: checks 
diegaopoker: checks 
*** SHOW DOWN ***
Mahu2021: shows [Qd Td] (a straight, Eight to Queen)
diegaopoker: mucks hand 
Mahu2021 collected $0.72 from pot
*** SUMMARY ***
Total pot $0.75 | Rake $0.03 
Board [9h 8c 8h 7c Js]
Seat 1: diegaopoker (button) mucked [Ks Jd]
Seat 2: PavanaTTo23 (small blind) folded before Flop
Seat 3: Mahu2021 (big blind) showed [Qd Td] and won ($0.72) with a straight, Eight to Queen
Seat 4: BONGO1208 folded before Flop (didn't bet)
Seat 5: Blazkos folded on the Turn
Seat 6: Cl8rker folded before Flop (didn't bet)



PokerStars Zoom Hand #254820102092:  Hold'em No Limit ($0.05/$0.10) - 2025/02/11 21:06:57 CET [2025/02/11 15:06:57 ET]
Table 'Aludra' 6-max Seat #1 is the button
Seat 1: JIucu4ka ($5.75 in chips) 
Seat 2: Mahu2021 ($11.83 in chips) 
Seat 3: Tominou BE ($21.40 in chips) 
Seat 4: anderson ca6 ($22.51 in chips) 
Seat 5: MR_HKO_DK ($10.15 in chips) 
Seat 6: maldobex ($12.30 in chips) 
Mahu2021: posts small blind $0.05
Tominou BE: posts big blind $0.10
*** HOLE CARDS ***
Dealt to Mahu2021 [Kc 3h]
anderson ca6: folds 
MR_HKO_DK: raises $0.15 to $0.25
maldobex: folds 
JIucu4ka: raises $0.38 to $0.63
Mahu2021: folds 
Tominou BE: folds 
MR_HKO_DK: calls $0.38
*** FLOP *** [7h 6s Ad]
MR_HKO_DK: checks 
JIucu4ka: bets $0.36
MR_HKO_DK: calls $0.36
*** TURN *** [7h 6s Ad] [Th]
MR_HKO_DK: checks 
JIucu4ka: bets $1.52
MR_HKO_DK: folds 
Uncalled bet ($1.52) returned to JIucu4ka
JIucu4ka collected $2.03 from pot
JIucu4ka: doesn't show hand 
*** SUMMARY ***
Total pot $2.13 | Rake $0.10 
Board [7h 6s Ad Th]
Seat 1: JIucu4ka (button) collected ($2.03)
Seat 2: Mahu2021 (small blind) folded before Flop
Seat 3: Tominou BE (big blind) folded before Flop
Seat 4: anderson ca6 folded before Flop (didn't bet)
Seat 5: MR_HKO_DK folded on the Turn
Seat 6: maldobex folded before Flop (didn't bet)



