PokerStars Hand #248075671449: Tournament #3696401269, $1.84+$0.16 USD Hold'em No Limit - Level I (10/20) - 2024/01/05 12:18:21 CET [2024/01/05 6:18:21 ET]
Table '3696401269 1' 3-max Seat #1 is the button
Seat 1: Steve_Real1976 (500 in chips) 
Seat 2: Mahu2021 (500 in chips) 
Seat 3: Joacikkkk (500 in chips) 
Mahu2021: posts small blind 10
Joacikkkk: posts big blind 20
*** HOLE CARDS ***
Dealt to Mahu2021 [2d 2h]
Steve_Real1976: calls 20
Mahu2021: calls 10
Joacikkkk: checks 
*** FLOP *** [8h Qs 4s]
Mahu2021: checks 
Joacikkkk: checks 
Steve_Real1976: checks 
*** TURN *** [8h Qs 4s] [5d]
Mahu2021: bets 20
Joacikkkk: calls 20
Steve_Real1976: folds 
*** RIVER *** [8h Qs 4s 5d] [3s]
Mahu2021: checks 
Joacikkkk: checks 
*** SHOW DOWN ***
Mahu2021: shows [2d 2h] (a pair of Deuces)
Joacikkkk: mucks hand 
Mahu2021 collected 100 from pot
*** SUMMARY ***
Total pot 100 | Rake 0 
Board [8h Qs 4s 5d 3s]
Seat 1: Steve_Real1976 (button) folded on the Turn
Seat 2: Mahu2021 (small blind) showed [2d 2h] and won (100) with a pair of Deuces
Seat 3: Joacikkkk (big blind) mucked [6c 9h]



PokerStars Hand #248075676839: Tournament #3696401269, $1.84+$0.16 USD Hold'em No Limit - Level I (10/20) - 2024/01/05 12:18:54 CET [2024/01/05 6:18:54 ET]
Table '3696401269 1' 3-max Seat #2 is the button
Seat 1: Steve_Real1976 (480 in chips) 
Seat 2: Mahu2021 (560 in chips) 
Seat 3: Joacikkkk (460 in chips) 
Joacikkkk: posts small blind 10
Steve_Real1976: posts big blind 20
*** HOLE CARDS ***
Dealt to Mahu2021 [4s 2s]
Mahu2021: folds 
Joacikkkk: calls 10
Steve_Real1976: raises 20 to 40
Joacikkkk: calls 20
*** FLOP *** [Ks 2d Kh]
Joacikkkk: checks 
Steve_Real1976: checks 
*** TURN *** [Ks 2d Kh] [Qh]
Joacikkkk: checks 
Steve_Real1976: bets 20
Joacikkkk: calls 20
*** RIVER *** [Ks 2d Kh Qh] [Jd]
Joacikkkk: checks 
Steve_Real1976: bets 20
Joacikkkk: folds 
Uncalled bet (20) returned to Steve_Real1976
Steve_Real1976 collected 120 from pot
Steve_Real1976: doesn't show hand 
*** SUMMARY ***
Total pot 120 | Rake 0 
Board [Ks 2d Kh Qh Jd]
Seat 1: Steve_Real1976 (big blind) collected (120)
Seat 2: Mahu2021 (button) folded before Flop (didn't bet)
Seat 3: Joacikkkk (small blind) folded on the River



PokerStars Hand #248075682604: Tournament #3696401269, $1.84+$0.16 USD Hold'em No Limit - Level I (10/20) - 2024/01/05 12:19:31 CET [2024/01/05 6:19:31 ET]
Table '3696401269 1' 3-max Seat #3 is the button
Seat 1: Steve_Real1976 (540 in chips) 
Seat 2: Mahu2021 (560 in chips) 
Seat 3: Joacikkkk (400 in chips) 
Steve_Real1976: posts small blind 10
Mahu2021: posts big blind 20
*** HOLE CARDS ***
Dealt to Mahu2021 [8s Jd]
Joacikkkk: calls 20
Steve_Real1976: calls 10
Mahu2021: checks 
*** FLOP *** [8d 9s 4d]
Steve_Real1976: checks 
Mahu2021: checks 
Joacikkkk: checks 
*** TURN *** [8d 9s 4d] [Qd]
Steve_Real1976: checks 
Mahu2021: checks 
Joacikkkk: checks 
*** RIVER *** [8d 9s 4d Qd] [5s]
Steve_Real1976: bets 20
Mahu2021: folds 
Joacikkkk: calls 20
*** SHOW DOWN ***
Steve_Real1976: shows [3h Qc] (a pair of Queens)
Joacikkkk: mucks hand 
Steve_Real1976 collected 100 from pot
*** SUMMARY ***
Total pot 100 | Rake 0 
Board [8d 9s 4d Qd 5s]
Seat 1: Steve_Real1976 (small blind) showed [3h Qc] and won (100) with a pair of Queens
Seat 2: Mahu2021 (big blind) folded on the River
Seat 3: Joacikkkk (button) mucked [Ks 8h]



PokerStars Hand #248075686722: Tournament #3696401269, $1.84+$0.16 USD Hold'em No Limit - Level I (10/20) - 2024/01/05 12:19:56 CET [2024/01/05 6:19:56 ET]
Table '3696401269 1' 3-max Seat #1 is the button
Seat 1: Steve_Real1976 (600 in chips) 
Seat 2: Mahu2021 (540 in chips) 
Seat 3: Joacikkkk (360 in chips) 
Mahu2021: posts small blind 10
Joacikkkk: posts big blind 20
*** HOLE CARDS ***
Dealt to Mahu2021 [Th Qs]
Steve_Real1976: raises 20 to 40
Mahu2021: calls 30
Joacikkkk: calls 20
*** FLOP *** [Td 8d 9s]
Mahu2021: checks 
Joacikkkk: bets 20
Steve_Real1976: raises 20 to 40
Mahu2021: calls 40
Joacikkkk: raises 20 to 60
Steve_Real1976: raises 307 to 367
Mahu2021: folds 
Joacikkkk: calls 260 and is all-in
Uncalled bet (47) returned to Steve_Real1976
*** TURN *** [Td 8d 9s] [2h]
*** RIVER *** [Td 8d 9s 2h] [Kd]
*** SHOW DOWN ***
Joacikkkk: shows [Ts 3h] (a pair of Tens)
Steve_Real1976: shows [9c 9h] (three of a kind, Nines)
Steve_Real1976 collected 800 from pot
Joacikkkk finished the tournament in 3rd place
*** SUMMARY ***
Total pot 800 | Rake 0 
Board [Td 8d 9s 2h Kd]
Seat 1: Steve_Real1976 (button) showed [9c 9h] and won (800) with three of a kind, Nines
Seat 2: Mahu2021 (small blind) folded on the Flop
Seat 3: Joacikkkk (big blind) showed [Ts 3h] and lost with a pair of Tens



PokerStars Hand #248075692081: Tournament #3696401269, $1.84+$0.16 USD Hold'em No Limit - Level I (10/20) - 2024/01/05 12:20:29 CET [2024/01/05 6:20:29 ET]
Table '3696401269 1' 3-max Seat #2 is the button
Seat 1: Steve_Real1976 (1040 in chips) 
Seat 2: Mahu2021 (460 in chips) 
Mahu2021: posts small blind 10
Steve_Real1976: posts big blind 20
*** HOLE CARDS ***
Dealt to Mahu2021 [7h 8h]
Mahu2021: calls 10
Steve_Real1976: raises 20 to 40
Mahu2021: calls 20
*** FLOP *** [9d 4c Kc]
Steve_Real1976: bets 160
Mahu2021: folds 
Uncalled bet (160) returned to Steve_Real1976
Steve_Real1976 collected 80 from pot
Steve_Real1976: doesn't show hand 
*** SUMMARY ***
Total pot 80 | Rake 0 
Board [9d 4c Kc]
Seat 1: Steve_Real1976 (big blind) collected (80)
Seat 2: Mahu2021 (button) (small blind) folded on the Flop



PokerStars Hand #248075694230: Tournament #3696401269, $1.84+$0.16 USD Hold'em No Limit - Level I (10/20) - 2024/01/05 12:20:43 CET [2024/01/05 6:20:43 ET]
Table '3696401269 1' 3-max Seat #1 is the button
Seat 1: Steve_Real1976 (1080 in chips) 
Seat 2: Mahu2021 (420 in chips) 
Steve_Real1976: posts small blind 10
Mahu2021: posts big blind 20
*** HOLE CARDS ***
Dealt to Mahu2021 [Qs 3d]
Steve_Real1976: raises 20 to 40
Mahu2021: folds 
Uncalled bet (20) returned to Steve_Real1976
Steve_Real1976 collected 40 from pot
Steve_Real1976: doesn't show hand 
*** SUMMARY ***
Total pot 40 | Rake 0 
Seat 1: Steve_Real1976 (button) (small blind) collected (40)
Seat 2: Mahu2021 (big blind) folded before Flop



PokerStars Hand #248075695071: Tournament #3696401269, $1.84+$0.16 USD Hold'em No Limit - Level I (10/20) - 2024/01/05 12:20:48 CET [2024/01/05 6:20:48 ET]
Table '3696401269 1' 3-max Seat #2 is the button
Seat 1: Steve_Real1976 (1100 in chips) 
Seat 2: Mahu2021 (400 in chips) 
Mahu2021: posts small blind 10
Steve_Real1976: posts big blind 20
*** HOLE CARDS ***
Dealt to Mahu2021 [8c Tc]
Mahu2021: calls 10
Steve_Real1976: checks 
*** FLOP *** [Th Qd 3c]
Steve_Real1976: bets 127
Mahu2021: raises 253 to 380 and is all-in
Steve_Real1976: calls 253
*** TURN *** [Th Qd 3c] [4d]
*** RIVER *** [Th Qd 3c 4d] [Ks]
*** SHOW DOWN ***
Steve_Real1976: shows [Qh 5d] (a pair of Queens)
Mahu2021: shows [8c Tc] (a pair of Tens)
Steve_Real1976 collected 800 from pot
Mahu2021 finished the tournament in 2nd place
Steve_Real1976 wins the tournament and receives $6.00 - congratulations!
*** SUMMARY ***
Total pot 800 | Rake 0 
Board [Th Qd 3c 4d Ks]
Seat 1: Steve_Real1976 (big blind) showed [Qh 5d] and won (800) with a pair of Queens
Seat 2: Mahu2021 (button) (small blind) showed [8c Tc] and lost with a pair of Tens



