PokerStars Hand #252923646141: Tournament #3811851927, $1.84+$0.16 USD Hold'em No Limit - Level I (10/20) - 2024/10/14 16:01:56 CET [2024/10/14 10:01:56 ET]
Table '3811851927 1' 3-max Seat #1 is the button
Seat 1: Flashcopy (500 in chips) 
Seat 2: Mahu2021 (500 in chips) 
Seat 3: Elfhem (500 in chips) 
Mahu2021: posts small blind 10
Elfhem: posts big blind 20
*** HOLE CARDS ***
Dealt to Mahu2021 [As 2c]
Flashcopy: folds 
Mahu2021: calls 10
Elfhem: checks 
*** FLOP *** [8s 8h 5c]
Mahu2021: checks 
Elfhem: checks 
*** TURN *** [8s 8h 5c] [Qh]
Mahu2021: checks 
Elfhem: checks 
*** RIVER *** [8s 8h 5c Qh] [9c]
Mahu2021: bets 20
Elfhem: folds 
Uncalled bet (20) returned to Mahu2021
Mahu2021 collected 40 from pot
Mahu2021: doesn't show hand 
*** SUMMARY ***
Total pot 40 | Rake 0 
Board [8s 8h 5c Qh 9c]
Seat 1: Flashcopy (button) folded before Flop (didn't bet)
Seat 2: Mahu2021 (small blind) collected (40)
Seat 3: Elfhem (big blind) folded on the River



PokerStars Hand #252923650006: Tournament #3811851927, $1.84+$0.16 USD Hold'em No Limit - Level I (10/20) - 2024/10/14 16:02:18 CET [2024/10/14 10:02:18 ET]
Table '3811851927 1' 3-max Seat #2 is the button
Seat 1: Flashcopy (500 in chips) 
Seat 2: Mahu2021 (520 in chips) 
Seat 3: Elfhem (480 in chips) 
Elfhem: posts small blind 10
Flashcopy: posts big blind 20
*** HOLE CARDS ***
Dealt to Mahu2021 [Qs 5c]
Mahu2021: folds 
Elfhem: folds 
Uncalled bet (10) returned to Flashcopy
Flashcopy collected 20 from pot
*** SUMMARY ***
Total pot 20 | Rake 0 
Seat 1: Flashcopy (big blind) collected (20)
Seat 2: Mahu2021 (button) folded before Flop (didn't bet)
Seat 3: Elfhem (small blind) folded before Flop



PokerStars Hand #252923650754: Tournament #3811851927, $1.84+$0.16 USD Hold'em No Limit - Level I (10/20) - 2024/10/14 16:02:22 CET [2024/10/14 10:02:22 ET]
Table '3811851927 1' 3-max Seat #3 is the button
Seat 1: Flashcopy (510 in chips) 
Seat 2: Mahu2021 (520 in chips) 
Seat 3: Elfhem (470 in chips) 
Flashcopy: posts small blind 10
Mahu2021: posts big blind 20
*** HOLE CARDS ***
Dealt to Mahu2021 [8c 3s]
Elfhem: folds 
Flashcopy: raises 20 to 40
Mahu2021: folds 
Uncalled bet (20) returned to Flashcopy
Flashcopy collected 40 from pot
*** SUMMARY ***
Total pot 40 | Rake 0 
Seat 1: Flashcopy (small blind) collected (40)
Seat 2: Mahu2021 (big blind) folded before Flop
Seat 3: Elfhem (button) folded before Flop (didn't bet)



PokerStars Hand #252923651836: Tournament #3811851927, $1.84+$0.16 USD Hold'em No Limit - Level I (10/20) - 2024/10/14 16:02:29 CET [2024/10/14 10:02:29 ET]
Table '3811851927 1' 3-max Seat #1 is the button
Seat 1: Flashcopy (530 in chips) 
Seat 2: Mahu2021 (500 in chips) 
Seat 3: Elfhem (470 in chips) 
Mahu2021: posts small blind 10
Elfhem: posts big blind 20
*** HOLE CARDS ***
Dealt to Mahu2021 [3d Kh]
Flashcopy: folds 
Mahu2021: calls 10
Elfhem: checks 
*** FLOP *** [Tc 9d 3s]
Mahu2021: checks 
Elfhem: checks 
*** TURN *** [Tc 9d 3s] [Jh]
Mahu2021: bets 20
Elfhem: calls 20
*** RIVER *** [Tc 9d 3s Jh] [6h]
Mahu2021: checks 
Elfhem: checks 
*** SHOW DOWN ***
Mahu2021: shows [3d Kh] (a pair of Threes)
Elfhem: shows [Kd Jc] (a pair of Jacks)
Elfhem collected 80 from pot
*** SUMMARY ***
Total pot 80 | Rake 0 
Board [Tc 9d 3s Jh 6h]
Seat 1: Flashcopy (button) folded before Flop (didn't bet)
Seat 2: Mahu2021 (small blind) showed [3d Kh] and lost with a pair of Threes
Seat 3: Elfhem (big blind) showed [Kd Jc] and won (80) with a pair of Jacks



PokerStars Hand #252923656950: Tournament #3811851927, $1.84+$0.16 USD Hold'em No Limit - Level I (10/20) - 2024/10/14 16:02:58 CET [2024/10/14 10:02:58 ET]
Table '3811851927 1' 3-max Seat #2 is the button
Seat 1: Flashcopy (530 in chips) 
Seat 2: Mahu2021 (460 in chips) 
Seat 3: Elfhem (510 in chips) 
Elfhem: posts small blind 10
Flashcopy: posts big blind 20
*** HOLE CARDS ***
Dealt to Mahu2021 [Ts 2h]
Mahu2021: folds 
Elfhem: calls 10
Flashcopy: checks 
*** FLOP *** [Qs Jh Ad]
Elfhem: checks 
Flashcopy: checks 
*** TURN *** [Qs Jh Ad] [6c]
Elfhem: checks 
Flashcopy: checks 
*** RIVER *** [Qs Jh Ad 6c] [7d]
Elfhem: checks 
Flashcopy: checks 
*** SHOW DOWN ***
Elfhem: shows [9s Kh] (high card Ace)
Flashcopy: shows [6d 8d] (a pair of Sixes)
Flashcopy collected 40 from pot
*** SUMMARY ***
Total pot 40 | Rake 0 
Board [Qs Jh Ad 6c 7d]
Seat 1: Flashcopy (big blind) showed [6d 8d] and won (40) with a pair of Sixes
Seat 2: Mahu2021 (button) folded before Flop (didn't bet)
Seat 3: Elfhem (small blind) showed [9s Kh] and lost with high card Ace



PokerStars Hand #252923660536: Tournament #3811851927, $1.84+$0.16 USD Hold'em No Limit - Level I (10/20) - 2024/10/14 16:03:18 CET [2024/10/14 10:03:18 ET]
Table '3811851927 1' 3-max Seat #3 is the button
Seat 1: Flashcopy (550 in chips) 
Seat 2: Mahu2021 (460 in chips) 
Seat 3: Elfhem (490 in chips) 
Flashcopy: posts small blind 10
Mahu2021: posts big blind 20
*** HOLE CARDS ***
Dealt to Mahu2021 [Ts 7c]
Elfhem: folds 
Flashcopy: raises 20 to 40
Mahu2021: calls 20
*** FLOP *** [2s Kh Kc]
Flashcopy: checks 
Mahu2021: checks 
*** TURN *** [2s Kh Kc] [Th]
Flashcopy: bets 20
Mahu2021: raises 60 to 80
Flashcopy: calls 60
*** RIVER *** [2s Kh Kc Th] [Qs]
Flashcopy: bets 120
Mahu2021: calls 120
*** SHOW DOWN ***
Flashcopy: shows [Kd 8d] (three of a kind, Kings)
Mahu2021: mucks hand 
Flashcopy collected 480 from pot
*** SUMMARY ***
Total pot 480 | Rake 0 
Board [2s Kh Kc Th Qs]
Seat 1: Flashcopy (small blind) showed [Kd 8d] and won (480) with three of a kind, Kings
Seat 2: Mahu2021 (big blind) mucked [Ts 7c]
Seat 3: Elfhem (button) folded before Flop (didn't bet)



PokerStars Hand #252923667089: Tournament #3811851927, $1.84+$0.16 USD Hold'em No Limit - Level I (10/20) - 2024/10/14 16:03:54 CET [2024/10/14 10:03:54 ET]
Table '3811851927 1' 3-max Seat #1 is the button
Seat 1: Flashcopy (790 in chips) 
Seat 2: Mahu2021 (220 in chips) 
Seat 3: Elfhem (490 in chips) 
Mahu2021: posts small blind 10
Elfhem: posts big blind 20
*** HOLE CARDS ***
Dealt to Mahu2021 [4h Qs]
Flashcopy: folds 
Mahu2021: calls 10
Elfhem: checks 
*** FLOP *** [6s 7h 7d]
Mahu2021: checks 
Elfhem: bets 20
Mahu2021: folds 
Uncalled bet (20) returned to Elfhem
Elfhem collected 40 from pot
Elfhem: doesn't show hand 
*** SUMMARY ***
Total pot 40 | Rake 0 
Board [6s 7h 7d]
Seat 1: Flashcopy (button) folded before Flop (didn't bet)
Seat 2: Mahu2021 (small blind) folded on the Flop
Seat 3: Elfhem (big blind) collected (40)



PokerStars Hand #252923668992: Tournament #3811851927, $1.84+$0.16 USD Hold'em No Limit - Level I (10/20) - 2024/10/14 16:04:04 CET [2024/10/14 10:04:04 ET]
Table '3811851927 1' 3-max Seat #2 is the button
Seat 1: Flashcopy (790 in chips) 
Seat 2: Mahu2021 (200 in chips) 
Seat 3: Elfhem (510 in chips) 
Elfhem: posts small blind 10
Flashcopy: posts big blind 20
*** HOLE CARDS ***
Dealt to Mahu2021 [8h 3s]
Mahu2021: folds 
Elfhem: folds 
Uncalled bet (10) returned to Flashcopy
Flashcopy collected 20 from pot
*** SUMMARY ***
Total pot 20 | Rake 0 
Seat 1: Flashcopy (big blind) collected (20)
Seat 2: Mahu2021 (button) folded before Flop (didn't bet)
Seat 3: Elfhem (small blind) folded before Flop



PokerStars Hand #252923671306: Tournament #3811851927, $1.84+$0.16 USD Hold'em No Limit - Level I (10/20) - 2024/10/14 16:04:17 CET [2024/10/14 10:04:17 ET]
Table '3811851927 1' 3-max Seat #3 is the button
Seat 1: Flashcopy (800 in chips) 
Seat 2: Mahu2021 (200 in chips) 
Seat 3: Elfhem (500 in chips) 
Flashcopy: posts small blind 10
Mahu2021: posts big blind 20
*** HOLE CARDS ***
Dealt to Mahu2021 [Td 3h]
Elfhem: raises 24 to 44
Flashcopy: folds 
Mahu2021: folds 
Uncalled bet (24) returned to Elfhem
Elfhem collected 50 from pot
Elfhem: doesn't show hand 
*** SUMMARY ***
Total pot 50 | Rake 0 
Seat 1: Flashcopy (small blind) folded before Flop
Seat 2: Mahu2021 (big blind) folded before Flop
Seat 3: Elfhem (button) collected (50)



PokerStars Hand #252923672754: Tournament #3811851927, $1.84+$0.16 USD Hold'em No Limit - Level I (10/20) - 2024/10/14 16:04:25 CET [2024/10/14 10:04:25 ET]
Table '3811851927 1' 3-max Seat #1 is the button
Seat 1: Flashcopy (790 in chips) 
Seat 2: Mahu2021 (180 in chips) 
Seat 3: Elfhem (530 in chips) 
Mahu2021: posts small blind 10
Elfhem: posts big blind 20
*** HOLE CARDS ***
Dealt to Mahu2021 [4h 7c]
Flashcopy: raises 20 to 40
Mahu2021: folds 
Elfhem: folds 
Uncalled bet (20) returned to Flashcopy
Flashcopy collected 50 from pot
*** SUMMARY ***
Total pot 50 | Rake 0 
Seat 1: Flashcopy (button) collected (50)
Seat 2: Mahu2021 (small blind) folded before Flop
Seat 3: Elfhem (big blind) folded before Flop



PokerStars Hand #252923673790: Tournament #3811851927, $1.84+$0.16 USD Hold'em No Limit - Level I (10/20) - 2024/10/14 16:04:31 CET [2024/10/14 10:04:31 ET]
Table '3811851927 1' 3-max Seat #2 is the button
Seat 1: Flashcopy (820 in chips) 
Seat 2: Mahu2021 (170 in chips) 
Seat 3: Elfhem (510 in chips) 
Elfhem: posts small blind 10
Flashcopy: posts big blind 20
*** HOLE CARDS ***
Dealt to Mahu2021 [3s 6s]
Mahu2021: folds 
Elfhem: folds 
Uncalled bet (10) returned to Flashcopy
Flashcopy collected 20 from pot
*** SUMMARY ***
Total pot 20 | Rake 0 
Seat 1: Flashcopy (big blind) collected (20)
Seat 2: Mahu2021 (button) folded before Flop (didn't bet)
Seat 3: Elfhem (small blind) folded before Flop



PokerStars Hand #252923675749: Tournament #3811851927, $1.84+$0.16 USD Hold'em No Limit - Level I (10/20) - 2024/10/14 16:04:42 CET [2024/10/14 10:04:42 ET]
Table '3811851927 1' 3-max Seat #3 is the button
Seat 1: Flashcopy (830 in chips) 
Seat 2: Mahu2021 (170 in chips) 
Seat 3: Elfhem (500 in chips) 
Flashcopy: posts small blind 10
Mahu2021: posts big blind 20
*** HOLE CARDS ***
Dealt to Mahu2021 [5c 9h]
Elfhem: folds 
Flashcopy: folds 
Uncalled bet (10) returned to Mahu2021
Mahu2021 collected 20 from pot
Mahu2021: doesn't show hand 
*** SUMMARY ***
Total pot 20 | Rake 0 
Seat 1: Flashcopy (small blind) folded before Flop
Seat 2: Mahu2021 (big blind) collected (20)
Seat 3: Elfhem (button) folded before Flop (didn't bet)



PokerStars Hand #252923676920: Tournament #3811851927, $1.84+$0.16 USD Hold'em No Limit - Level I (10/20) - 2024/10/14 16:04:48 CET [2024/10/14 10:04:48 ET]
Table '3811851927 1' 3-max Seat #1 is the button
Seat 1: Flashcopy (820 in chips) 
Seat 2: Mahu2021 (180 in chips) 
Seat 3: Elfhem (500 in chips) 
Mahu2021: posts small blind 10
Elfhem: posts big blind 20
*** HOLE CARDS ***
Dealt to Mahu2021 [7d Qd]
Flashcopy: folds 
Mahu2021: raises 20 to 40
Elfhem: folds 
Uncalled bet (20) returned to Mahu2021
Mahu2021 collected 40 from pot
Mahu2021: doesn't show hand 
*** SUMMARY ***
Total pot 40 | Rake 0 
Seat 1: Flashcopy (button) folded before Flop (didn't bet)
Seat 2: Mahu2021 (small blind) collected (40)
Seat 3: Elfhem (big blind) folded before Flop



PokerStars Hand #252923677955: Tournament #3811851927, $1.84+$0.16 USD Hold'em No Limit - Level I (10/20) - 2024/10/14 16:04:54 CET [2024/10/14 10:04:54 ET]
Table '3811851927 1' 3-max Seat #2 is the button
Seat 1: Flashcopy (820 in chips) 
Seat 2: Mahu2021 (200 in chips) 
Seat 3: Elfhem (480 in chips) 
Elfhem: posts small blind 10
Flashcopy: posts big blind 20
*** HOLE CARDS ***
Dealt to Mahu2021 [Ah 8d]
Mahu2021: raises 20 to 40
Elfhem: calls 30
Flashcopy: folds 
*** FLOP *** [Ac Ks 5d]
Elfhem: checks 
Mahu2021: bets 40
Elfhem: calls 40
*** TURN *** [Ac Ks 5d] [5c]
Elfhem: checks 
Mahu2021: bets 120 and is all-in
Elfhem: calls 120
*** RIVER *** [Ac Ks 5d 5c] [Ts]
*** SHOW DOWN ***
Elfhem: shows [Kh Kd] (a full house, Kings full of Fives)
Mahu2021: shows [Ah 8d] (two pair, Aces and Fives)
Elfhem collected 420 from pot
Mahu2021 finished the tournament in 3rd place
*** SUMMARY ***
Total pot 420 | Rake 0 
Board [Ac Ks 5d 5c Ts]
Seat 1: Flashcopy (big blind) folded before Flop
Seat 2: Mahu2021 (button) showed [Ah 8d] and lost with two pair, Aces and Fives
Seat 3: Elfhem (small blind) showed [Kh Kd] and won (420) with a full house, Kings full of Fives



