PokerStars Hand #246662568840: Tournament #3662046055, $0.92+$0.08 USD Hold'em No Limit - Level I (10/20) - 2023/10/21 19:10:57 CET [2023/10/21 13:10:57 ET]
Table '3662046055 1' 3-max Seat #1 is the button
Seat 1: jonyik (500 in chips) 
Seat 2: Krolik79 (500 in chips) 
Seat 3: Mahu2021 (500 in chips) 
Krolik79: posts small blind 10
Mahu2021: posts big blind 20
*** HOLE CARDS ***
Dealt to Mahu2021 [8d 6h]
jonyik: raises 20 to 40
Krolik79: folds 
Mahu2021: folds 
Uncalled bet (20) returned to jonyik
jonyik collected 50 from pot
*** SUMMARY ***
Total pot 50 | Rake 0 
Seat 1: jonyik (button) collected (50)
Seat 2: Krolik79 (small blind) folded before Flop
Seat 3: Mahu2021 (big blind) folded before Flop



PokerStars Hand #246662571382: Tournament #3662046055, $0.92+$0.08 USD Hold'em No Limit - Level I (10/20) - 2023/10/21 19:11:06 CET [2023/10/21 13:11:06 ET]
Table '3662046055 1' 3-max Seat #2 is the button
Seat 1: jonyik (530 in chips) 
Seat 2: Krolik79 (490 in chips) 
Seat 3: Mahu2021 (480 in chips) 
Mahu2021: posts small blind 10
jonyik: posts big blind 20
*** HOLE CARDS ***
Dealt to Mahu2021 [3c 8d]
Krolik79: raises 40 to 60
Mahu2021: folds 
jonyik: folds 
Uncalled bet (40) returned to Krolik79
Krolik79 collected 50 from pot
Krolik79: doesn't show hand 
*** SUMMARY ***
Total pot 50 | Rake 0 
Seat 1: jonyik (big blind) folded before Flop
Seat 2: Krolik79 (button) collected (50)
Seat 3: Mahu2021 (small blind) folded before Flop



PokerStars Hand #246662574156: Tournament #3662046055, $0.92+$0.08 USD Hold'em No Limit - Level I (10/20) - 2023/10/21 19:11:15 CET [2023/10/21 13:11:15 ET]
Table '3662046055 1' 3-max Seat #3 is the button
Seat 1: jonyik (510 in chips) 
Seat 2: Krolik79 (520 in chips) 
Seat 3: Mahu2021 (470 in chips) 
jonyik: posts small blind 10
Krolik79: posts big blind 20
*** HOLE CARDS ***
Dealt to Mahu2021 [3s 7d]
Mahu2021: folds 
jonyik: folds 
Uncalled bet (10) returned to Krolik79
Krolik79 collected 20 from pot
Krolik79: doesn't show hand 
*** SUMMARY ***
Total pot 20 | Rake 0 
Seat 1: jonyik (small blind) folded before Flop
Seat 2: Krolik79 (big blind) collected (20)
Seat 3: Mahu2021 (button) folded before Flop (didn't bet)



PokerStars Hand #246662576385: Tournament #3662046055, $0.92+$0.08 USD Hold'em No Limit - Level I (10/20) - 2023/10/21 19:11:22 CET [2023/10/21 13:11:22 ET]
Table '3662046055 1' 3-max Seat #1 is the button
Seat 1: jonyik (500 in chips) 
Seat 2: Krolik79 (530 in chips) 
Seat 3: Mahu2021 (470 in chips) 
Krolik79: posts small blind 10
Mahu2021: posts big blind 20
*** HOLE CARDS ***
Dealt to Mahu2021 [4d 2s]
jonyik: calls 20
Krolik79: calls 10
Mahu2021: checks 
*** FLOP *** [6c Ks 4h]
Krolik79: checks 
Mahu2021: checks 
jonyik: checks 
*** TURN *** [6c Ks 4h] [5s]
Krolik79: checks 
Mahu2021: bets 20
jonyik: folds 
Krolik79: calls 20
*** RIVER *** [6c Ks 4h 5s] [2c]
Krolik79: bets 20
Mahu2021: raises 20 to 40
Krolik79: raises 180 to 220
Mahu2021: calls 180
*** SHOW DOWN ***
Krolik79: shows [5h 3h] (a straight, Deuce to Six)
Mahu2021: mucks hand 
Krolik79 collected 540 from pot
*** SUMMARY ***
Total pot 540 | Rake 0 
Board [6c Ks 4h 5s 2c]
Seat 1: jonyik (button) folded on the Turn
Seat 2: Krolik79 (small blind) showed [5h 3h] and won (540) with a straight, Deuce to Six
Seat 3: Mahu2021 (big blind) mucked [4d 2s]



PokerStars Hand #246662587421: Tournament #3662046055, $0.92+$0.08 USD Hold'em No Limit - Level I (10/20) - 2023/10/21 19:11:59 CET [2023/10/21 13:11:59 ET]
Table '3662046055 1' 3-max Seat #2 is the button
Seat 1: jonyik (480 in chips) 
Seat 2: Krolik79 (810 in chips) 
Seat 3: Mahu2021 (210 in chips) 
Mahu2021: posts small blind 10
jonyik: posts big blind 20
*** HOLE CARDS ***
Dealt to Mahu2021 [7d 8c]
Krolik79: folds 
Mahu2021: calls 10
jonyik: checks 
*** FLOP *** [7c 3s 8h]
Mahu2021: bets 190 and is all-in
jonyik: folds 
Uncalled bet (190) returned to Mahu2021
Mahu2021 collected 40 from pot
Mahu2021: doesn't show hand 
*** SUMMARY ***
Total pot 40 | Rake 0 
Board [7c 3s 8h]
Seat 1: jonyik (big blind) folded on the Flop
Seat 2: Krolik79 (button) folded before Flop (didn't bet)
Seat 3: Mahu2021 (small blind) collected (40)



PokerStars Hand #246662592356: Tournament #3662046055, $0.92+$0.08 USD Hold'em No Limit - Level I (10/20) - 2023/10/21 19:12:16 CET [2023/10/21 13:12:16 ET]
Table '3662046055 1' 3-max Seat #3 is the button
Seat 1: jonyik (460 in chips) 
Seat 2: Krolik79 (810 in chips) 
Seat 3: Mahu2021 (230 in chips) 
jonyik: posts small blind 10
Krolik79: posts big blind 20
*** HOLE CARDS ***
Dealt to Mahu2021 [Jd 9c]
Mahu2021: calls 20
jonyik: calls 10
Krolik79: checks 
*** FLOP *** [6c Jh Ts]
jonyik: checks 
Krolik79: checks 
Mahu2021: bets 60
jonyik: calls 60
Krolik79: folds 
*** TURN *** [6c Jh Ts] [Kh]
jonyik: checks 
Mahu2021: bets 150 and is all-in
jonyik: folds 
Uncalled bet (150) returned to Mahu2021
Mahu2021 collected 180 from pot
Mahu2021: doesn't show hand 
*** SUMMARY ***
Total pot 180 | Rake 0 
Board [6c Jh Ts Kh]
Seat 1: jonyik (small blind) folded on the Turn
Seat 2: Krolik79 (big blind) folded on the Flop
Seat 3: Mahu2021 (button) collected (180)



PokerStars Hand #246662600665: Tournament #3662046055, $0.92+$0.08 USD Hold'em No Limit - Level I (10/20) - 2023/10/21 19:12:43 CET [2023/10/21 13:12:43 ET]
Table '3662046055 1' 3-max Seat #1 is the button
Seat 1: jonyik (380 in chips) 
Seat 2: Krolik79 (790 in chips) 
Seat 3: Mahu2021 (330 in chips) 
Krolik79: posts small blind 10
Mahu2021: posts big blind 20
*** HOLE CARDS ***
Dealt to Mahu2021 [Qd 9s]
jonyik: raises 60 to 80
Krolik79: folds 
Mahu2021: folds 
Uncalled bet (60) returned to jonyik
jonyik collected 50 from pot
*** SUMMARY ***
Total pot 50 | Rake 0 
Seat 1: jonyik (button) collected (50)
Seat 2: Krolik79 (small blind) folded before Flop
Seat 3: Mahu2021 (big blind) folded before Flop



PokerStars Hand #246662603351: Tournament #3662046055, $0.92+$0.08 USD Hold'em No Limit - Level I (10/20) - 2023/10/21 19:12:52 CET [2023/10/21 13:12:52 ET]
Table '3662046055 1' 3-max Seat #2 is the button
Seat 1: jonyik (410 in chips) 
Seat 2: Krolik79 (780 in chips) 
Seat 3: Mahu2021 (310 in chips) 
Mahu2021: posts small blind 10
jonyik: posts big blind 20
*** HOLE CARDS ***
Dealt to Mahu2021 [4c 6s]
Krolik79: raises 20 to 40
Mahu2021: folds 
jonyik: folds 
Uncalled bet (20) returned to Krolik79
Krolik79 collected 50 from pot
Krolik79: doesn't show hand 
*** SUMMARY ***
Total pot 50 | Rake 0 
Seat 1: jonyik (big blind) folded before Flop
Seat 2: Krolik79 (button) collected (50)
Seat 3: Mahu2021 (small blind) folded before Flop



PokerStars Hand #246662605798: Tournament #3662046055, $0.92+$0.08 USD Hold'em No Limit - Level I (10/20) - 2023/10/21 19:13:00 CET [2023/10/21 13:13:00 ET]
Table '3662046055 1' 3-max Seat #3 is the button
Seat 1: jonyik (390 in chips) 
Seat 2: Krolik79 (810 in chips) 
Seat 3: Mahu2021 (300 in chips) 
jonyik: posts small blind 10
Krolik79: posts big blind 20
*** HOLE CARDS ***
Dealt to Mahu2021 [2h Ks]
Mahu2021: folds 
jonyik: raises 40 to 60
Krolik79: folds 
Uncalled bet (40) returned to jonyik
jonyik collected 40 from pot
*** SUMMARY ***
Total pot 40 | Rake 0 
Seat 1: jonyik (small blind) collected (40)
Seat 2: Krolik79 (big blind) folded before Flop
Seat 3: Mahu2021 (button) folded before Flop (didn't bet)



PokerStars Hand #246662609151: Tournament #3662046055, $0.92+$0.08 USD Hold'em No Limit - Level I (10/20) - 2023/10/21 19:13:11 CET [2023/10/21 13:13:11 ET]
Table '3662046055 1' 3-max Seat #1 is the button
Seat 1: jonyik (410 in chips) 
Seat 2: Krolik79 (790 in chips) 
Seat 3: Mahu2021 (300 in chips) 
Krolik79: posts small blind 10
Mahu2021: posts big blind 20
*** HOLE CARDS ***
Dealt to Mahu2021 [8d Qs]
jonyik: folds 
Krolik79: folds 
Uncalled bet (10) returned to Mahu2021
Mahu2021 collected 20 from pot
Mahu2021: doesn't show hand 
*** SUMMARY ***
Total pot 20 | Rake 0 
Seat 1: jonyik (button) folded before Flop (didn't bet)
Seat 2: Krolik79 (small blind) folded before Flop
Seat 3: Mahu2021 (big blind) collected (20)



PokerStars Hand #246662610644: Tournament #3662046055, $0.92+$0.08 USD Hold'em No Limit - Level I (10/20) - 2023/10/21 19:13:16 CET [2023/10/21 13:13:16 ET]
Table '3662046055 1' 3-max Seat #2 is the button
Seat 1: jonyik (410 in chips) 
Seat 2: Krolik79 (780 in chips) 
Seat 3: Mahu2021 (310 in chips) 
Mahu2021: posts small blind 10
jonyik: posts big blind 20
*** HOLE CARDS ***
Dealt to Mahu2021 [Tc 6s]
Krolik79: raises 40 to 60
Mahu2021: folds 
jonyik: folds 
Uncalled bet (40) returned to Krolik79
Krolik79 collected 50 from pot
Krolik79: doesn't show hand 
*** SUMMARY ***
Total pot 50 | Rake 0 
Seat 1: jonyik (big blind) folded before Flop
Seat 2: Krolik79 (button) collected (50)
Seat 3: Mahu2021 (small blind) folded before Flop



PokerStars Hand #246662612903: Tournament #3662046055, $0.92+$0.08 USD Hold'em No Limit - Level I (10/20) - 2023/10/21 19:13:24 CET [2023/10/21 13:13:24 ET]
Table '3662046055 1' 3-max Seat #3 is the button
Seat 1: jonyik (390 in chips) 
Seat 2: Krolik79 (810 in chips) 
Seat 3: Mahu2021 (300 in chips) 
jonyik: posts small blind 10
Krolik79: posts big blind 20
*** HOLE CARDS ***
Dealt to Mahu2021 [7d 3c]
Mahu2021: folds 
jonyik: folds 
Uncalled bet (10) returned to Krolik79
Krolik79 collected 20 from pot
Krolik79: doesn't show hand 
*** SUMMARY ***
Total pot 20 | Rake 0 
Seat 1: jonyik (small blind) folded before Flop
Seat 2: Krolik79 (big blind) collected (20)
Seat 3: Mahu2021 (button) folded before Flop (didn't bet)



PokerStars Hand #246662614437: Tournament #3662046055, $0.92+$0.08 USD Hold'em No Limit - Level I (10/20) - 2023/10/21 19:13:29 CET [2023/10/21 13:13:29 ET]
Table '3662046055 1' 3-max Seat #1 is the button
Seat 1: jonyik (380 in chips) 
Seat 2: Krolik79 (820 in chips) 
Seat 3: Mahu2021 (300 in chips) 
Krolik79: posts small blind 10
Mahu2021: posts big blind 20
*** HOLE CARDS ***
Dealt to Mahu2021 [As 5c]
jonyik: folds 
Krolik79: raises 40 to 60
Mahu2021: raises 240 to 300 and is all-in
Krolik79: calls 240
*** FLOP *** [5s 8h 7s]
*** TURN *** [5s 8h 7s] [2d]
*** RIVER *** [5s 8h 7s 2d] [7c]
*** SHOW DOWN ***
Krolik79: shows [7h Ah] (three of a kind, Sevens)
Mahu2021: shows [As 5c] (two pair, Sevens and Fives)
Krolik79 collected 600 from pot
Mahu2021 finished the tournament in 3rd place
*** SUMMARY ***
Total pot 600 | Rake 0 
Board [5s 8h 7s 2d 7c]
Seat 1: jonyik (button) folded before Flop (didn't bet)
Seat 2: Krolik79 (small blind) showed [7h Ah] and won (600) with three of a kind, Sevens
Seat 3: Mahu2021 (big blind) showed [As 5c] and lost with two pair, Sevens and Fives



