PokerStars Hand #247027880913: Tournament #3671298428, $1.84+$0.16 USD Hold'em No Limit - Level I (10/20) - 2023/11/10 15:00:09 CET [2023/11/10 9:00:09 ET]
Table '3671298428 1' 3-max Seat #1 is the button
Seat 1: Henrique3770 (500 in chips) 
Seat 2: Mahu2021 (500 in chips) 
Seat 3: alvar73 (500 in chips) 
Mahu2021: posts small blind 10
alvar73: posts big blind 20
*** HOLE CARDS ***
Dealt to Mahu2021 [4d 3d]
Henrique3770: raises 20 to 40
Mahu2021: calls 30
alvar73: calls 20
*** FLOP *** [Js 3h Ts]
Mahu2021: checks 
alvar73: checks 
Henrique3770: checks 
*** TURN *** [Js 3h Ts] [7c]
Mahu2021: bets 20
alvar73: folds 
Henrique3770: calls 20
*** RIVER *** [Js 3h Ts 7c] [9s]
Mahu2021: checks 
Henrique3770: checks 
*** SHOW DOWN ***
Mahu2021: shows [4d 3d] (a pair of Threes)
Henrique3770: shows [9d Ac] (a pair of Nines)
Henrique3770 collected 160 from pot
*** SUMMARY ***
Total pot 160 | Rake 0 
Board [Js 3h Ts 7c 9s]
Seat 1: Henrique3770 (button) showed [9d Ac] and won (160) with a pair of Nines
Seat 2: Mahu2021 (small blind) showed [4d 3d] and lost with a pair of Threes
Seat 3: alvar73 (big blind) folded on the Turn



PokerStars Hand #247027889086: Tournament #3671298428, $1.84+$0.16 USD Hold'em No Limit - Level I (10/20) - 2023/11/10 15:00:52 CET [2023/11/10 9:00:52 ET]
Table '3671298428 1' 3-max Seat #2 is the button
Seat 1: Henrique3770 (600 in chips) 
Seat 2: Mahu2021 (440 in chips) 
Seat 3: alvar73 (460 in chips) 
alvar73: posts small blind 10
Henrique3770: posts big blind 20
*** HOLE CARDS ***
Dealt to Mahu2021 [Js 4s]
Mahu2021: raises 20 to 40
alvar73: calls 30
Henrique3770: raises 560 to 600 and is all-in
Mahu2021: folds 
alvar73: folds 
Uncalled bet (560) returned to Henrique3770
Henrique3770 collected 120 from pot
Henrique3770: doesn't show hand 
*** SUMMARY ***
Total pot 120 | Rake 0 
Seat 1: Henrique3770 (big blind) collected (120)
Seat 2: Mahu2021 (button) folded before Flop
Seat 3: alvar73 (small blind) folded before Flop



PokerStars Hand #247027893518: Tournament #3671298428, $1.84+$0.16 USD Hold'em No Limit - Level I (10/20) - 2023/11/10 15:01:13 CET [2023/11/10 9:01:13 ET]
Table '3671298428 1' 3-max Seat #3 is the button
Seat 1: Henrique3770 (680 in chips) 
Seat 2: Mahu2021 (400 in chips) 
Seat 3: alvar73 (420 in chips) 
Henrique3770: posts small blind 10
Mahu2021: posts big blind 20
*** HOLE CARDS ***
Dealt to Mahu2021 [9c 8h]
alvar73: folds 
Henrique3770: calls 10
Mahu2021: checks 
*** FLOP *** [Kh 3d Td]
Henrique3770: bets 20
Mahu2021: folds 
Uncalled bet (20) returned to Henrique3770
Henrique3770 collected 40 from pot
Henrique3770: doesn't show hand 
*** SUMMARY ***
Total pot 40 | Rake 0 
Board [Kh 3d Td]
Seat 1: Henrique3770 (small blind) collected (40)
Seat 2: Mahu2021 (big blind) folded on the Flop
Seat 3: alvar73 (button) folded before Flop (didn't bet)



PokerStars Hand #247027896389: Tournament #3671298428, $1.84+$0.16 USD Hold'em No Limit - Level I (10/20) - 2023/11/10 15:01:27 CET [2023/11/10 9:01:27 ET]
Table '3671298428 1' 3-max Seat #1 is the button
Seat 1: Henrique3770 (700 in chips) 
Seat 2: Mahu2021 (380 in chips) 
Seat 3: alvar73 (420 in chips) 
Mahu2021: posts small blind 10
alvar73: posts big blind 20
*** HOLE CARDS ***
Dealt to Mahu2021 [8s 9h]
Henrique3770: raises 20 to 40
Mahu2021: calls 30
alvar73: raises 120 to 160
Henrique3770: folds 
Mahu2021: folds 
Uncalled bet (120) returned to alvar73
alvar73 collected 120 from pot
alvar73: doesn't show hand 
*** SUMMARY ***
Total pot 120 | Rake 0 
Seat 1: Henrique3770 (button) folded before Flop
Seat 2: Mahu2021 (small blind) folded before Flop
Seat 3: alvar73 (big blind) collected (120)



PokerStars Hand #247027899302: Tournament #3671298428, $1.84+$0.16 USD Hold'em No Limit - Level I (10/20) - 2023/11/10 15:01:41 CET [2023/11/10 9:01:41 ET]
Table '3671298428 1' 3-max Seat #2 is the button
Seat 1: Henrique3770 (660 in chips) 
Seat 2: Mahu2021 (340 in chips) 
Seat 3: alvar73 (500 in chips) 
alvar73: posts small blind 10
Henrique3770: posts big blind 20
*** HOLE CARDS ***
Dealt to Mahu2021 [Ac 8s]
Mahu2021: raises 320 to 340 and is all-in
alvar73: folds 
Henrique3770: folds 
Uncalled bet (320) returned to Mahu2021
Mahu2021 collected 50 from pot
Mahu2021: doesn't show hand 
*** SUMMARY ***
Total pot 50 | Rake 0 
Seat 1: Henrique3770 (big blind) folded before Flop
Seat 2: Mahu2021 (button) collected (50)
Seat 3: alvar73 (small blind) folded before Flop



PokerStars Hand #247027902259: Tournament #3671298428, $1.84+$0.16 USD Hold'em No Limit - Level I (10/20) - 2023/11/10 15:01:56 CET [2023/11/10 9:01:56 ET]
Table '3671298428 1' 3-max Seat #3 is the button
Seat 1: Henrique3770 (640 in chips) 
Seat 2: Mahu2021 (370 in chips) 
Seat 3: alvar73 (490 in chips) 
Henrique3770: posts small blind 10
Mahu2021: posts big blind 20
*** HOLE CARDS ***
Dealt to Mahu2021 [3d 8c]
alvar73: calls 20
Henrique3770: raises 620 to 640 and is all-in
Mahu2021: folds 
alvar73: folds 
Uncalled bet (620) returned to Henrique3770
Henrique3770 collected 60 from pot
Henrique3770: doesn't show hand 
*** SUMMARY ***
Total pot 60 | Rake 0 
Seat 1: Henrique3770 (small blind) collected (60)
Seat 2: Mahu2021 (big blind) folded before Flop
Seat 3: alvar73 (button) folded before Flop



PokerStars Hand #247027904644: Tournament #3671298428, $1.84+$0.16 USD Hold'em No Limit - Level I (10/20) - 2023/11/10 15:02:07 CET [2023/11/10 9:02:07 ET]
Table '3671298428 1' 3-max Seat #1 is the button
Seat 1: Henrique3770 (680 in chips) 
Seat 2: Mahu2021 (350 in chips) 
Seat 3: alvar73 (470 in chips) 
Mahu2021: posts small blind 10
alvar73: posts big blind 20
*** HOLE CARDS ***
Dealt to Mahu2021 [7h 2h]
Henrique3770: folds 
Mahu2021: folds 
Uncalled bet (10) returned to alvar73
alvar73 collected 20 from pot
alvar73: doesn't show hand 
*** SUMMARY ***
Total pot 20 | Rake 0 
Seat 1: Henrique3770 (button) folded before Flop (didn't bet)
Seat 2: Mahu2021 (small blind) folded before Flop
Seat 3: alvar73 (big blind) collected (20)



PokerStars Hand #247027905968: Tournament #3671298428, $1.84+$0.16 USD Hold'em No Limit - Level I (10/20) - 2023/11/10 15:02:13 CET [2023/11/10 9:02:13 ET]
Table '3671298428 1' 3-max Seat #2 is the button
Seat 1: Henrique3770 (680 in chips) 
Seat 2: Mahu2021 (340 in chips) 
Seat 3: alvar73 (480 in chips) 
alvar73: posts small blind 10
Henrique3770: posts big blind 20
*** HOLE CARDS ***
Dealt to Mahu2021 [Ac 8s]
Mahu2021: calls 20
alvar73: calls 10
Henrique3770: checks 
*** FLOP *** [Ah 6s 2h]
alvar73: checks 
Henrique3770: checks 
Mahu2021: bets 60
alvar73: folds 
Henrique3770: folds 
Uncalled bet (60) returned to Mahu2021
Mahu2021 collected 60 from pot
Mahu2021: doesn't show hand 
*** SUMMARY ***
Total pot 60 | Rake 0 
Board [Ah 6s 2h]
Seat 1: Henrique3770 (big blind) folded on the Flop
Seat 2: Mahu2021 (button) collected (60)
Seat 3: alvar73 (small blind) folded on the Flop



PokerStars Hand #247027912174: Tournament #3671298428, $1.84+$0.16 USD Hold'em No Limit - Level I (10/20) - 2023/11/10 15:02:42 CET [2023/11/10 9:02:42 ET]
Table '3671298428 1' 3-max Seat #3 is the button
Seat 1: Henrique3770 (660 in chips) 
Seat 2: Mahu2021 (380 in chips) 
Seat 3: alvar73 (460 in chips) 
Henrique3770: posts small blind 10
Mahu2021: posts big blind 20
*** HOLE CARDS ***
Dealt to Mahu2021 [2c 4c]
alvar73: raises 20 to 40
Henrique3770: folds 
Mahu2021: calls 20
*** FLOP *** [3s Ad 4d]
Mahu2021: checks 
alvar73: bets 90
Mahu2021: calls 90
*** TURN *** [3s Ad 4d] [7s]
Mahu2021: checks 
alvar73: bets 140
Mahu2021: calls 140
*** RIVER *** [3s Ad 4d 7s] [As]
Mahu2021: bets 110 and is all-in
alvar73: calls 110
*** SHOW DOWN ***
Mahu2021: shows [2c 4c] (two pair, Aces and Fours)
alvar73: shows [Td Kh] (a pair of Aces)
Mahu2021 collected 770 from pot
*** SUMMARY ***
Total pot 770 | Rake 0 
Board [3s Ad 4d 7s As]
Seat 1: Henrique3770 (small blind) folded before Flop
Seat 2: Mahu2021 (big blind) showed [2c 4c] and won (770) with two pair, Aces and Fours
Seat 3: alvar73 (button) showed [Td Kh] and lost with a pair of Aces



PokerStars Hand #247027921139: Tournament #3671298428, $1.84+$0.16 USD Hold'em No Limit - Level II (15/30) - 2023/11/10 15:03:25 CET [2023/11/10 9:03:25 ET]
Table '3671298428 1' 3-max Seat #1 is the button
Seat 1: Henrique3770 (650 in chips) 
Seat 2: Mahu2021 (770 in chips) 
Seat 3: alvar73 (80 in chips) 
Mahu2021: posts small blind 15
alvar73: posts big blind 30
*** HOLE CARDS ***
Dealt to Mahu2021 [Ac 7d]
Henrique3770: folds 
Mahu2021: raises 60 to 90
alvar73: calls 50 and is all-in
Uncalled bet (10) returned to Mahu2021
*** FLOP *** [Kh 9h Td]
*** TURN *** [Kh 9h Td] [3s]
*** RIVER *** [Kh 9h Td 3s] [Qd]
*** SHOW DOWN ***
Mahu2021: shows [Ac 7d] (high card Ace)
alvar73: shows [Ah 6c] (high card Ace)
Mahu2021 collected 80 from pot
alvar73 collected 80 from pot
*** SUMMARY ***
Total pot 160 | Rake 0 
Board [Kh 9h Td 3s Qd]
Seat 1: Henrique3770 (button) folded before Flop (didn't bet)
Seat 2: Mahu2021 (small blind) showed [Ac 7d] and won (80) with high card Ace
Seat 3: alvar73 (big blind) showed [Ah 6c] and won (80) with high card Ace



PokerStars Hand #247027924587: Tournament #3671298428, $1.84+$0.16 USD Hold'em No Limit - Level II (15/30) - 2023/11/10 15:03:41 CET [2023/11/10 9:03:41 ET]
Table '3671298428 1' 3-max Seat #2 is the button
Seat 1: Henrique3770 (650 in chips) 
Seat 2: Mahu2021 (770 in chips) 
Seat 3: alvar73 (80 in chips) 
alvar73: posts small blind 15
Henrique3770: posts big blind 30
*** HOLE CARDS ***
Dealt to Mahu2021 [Th 6c]
Mahu2021: folds 
alvar73: raises 50 to 80 and is all-in
Henrique3770: calls 50
*** FLOP *** [7c 8s Qh]
*** TURN *** [7c 8s Qh] [9s]
*** RIVER *** [7c 8s Qh 9s] [Kd]
*** SHOW DOWN ***
alvar73: shows [Ac 8h] (a pair of Eights)
Henrique3770: shows [9d 3d] (a pair of Nines)
Henrique3770 collected 160 from pot
alvar73 finished the tournament in 3rd place
*** SUMMARY ***
Total pot 160 | Rake 0 
Board [7c 8s Qh 9s Kd]
Seat 1: Henrique3770 (big blind) showed [9d 3d] and won (160) with a pair of Nines
Seat 2: Mahu2021 (button) folded before Flop (didn't bet)
Seat 3: alvar73 (small blind) showed [Ac 8h] and lost with a pair of Eights



PokerStars Hand #247027928640: Tournament #3671298428, $1.84+$0.16 USD Hold'em No Limit - Level II (15/30) - 2023/11/10 15:04:00 CET [2023/11/10 9:04:00 ET]
Table '3671298428 1' 3-max Seat #1 is the button
Seat 1: Henrique3770 (730 in chips) 
Seat 2: Mahu2021 (770 in chips) 
Henrique3770: posts small blind 15
Mahu2021: posts big blind 30
*** HOLE CARDS ***
Dealt to Mahu2021 [8c Ks]
Henrique3770: calls 15
Mahu2021: checks 
*** FLOP *** [Kd Ts 8d]
Mahu2021: bets 30
Henrique3770: raises 45 to 75
Mahu2021: raises 135 to 210
Henrique3770: folds 
Uncalled bet (135) returned to Mahu2021
Mahu2021 collected 210 from pot
Mahu2021: doesn't show hand 
*** SUMMARY ***
Total pot 210 | Rake 0 
Board [Kd Ts 8d]
Seat 1: Henrique3770 (button) (small blind) folded on the Flop
Seat 2: Mahu2021 (big blind) collected (210)



PokerStars Hand #247027934204: Tournament #3671298428, $1.84+$0.16 USD Hold'em No Limit - Level II (15/30) - 2023/11/10 15:04:26 CET [2023/11/10 9:04:26 ET]
Table '3671298428 1' 3-max Seat #2 is the button
Seat 1: Henrique3770 (625 in chips) 
Seat 2: Mahu2021 (875 in chips) 
Mahu2021: posts small blind 15
Henrique3770: posts big blind 30
*** HOLE CARDS ***
Dealt to Mahu2021 [5c 2d]
Mahu2021: calls 15
Henrique3770: raises 60 to 90
Mahu2021: folds 
Uncalled bet (60) returned to Henrique3770
Henrique3770 collected 60 from pot
Henrique3770: doesn't show hand 
*** SUMMARY ***
Total pot 60 | Rake 0 
Seat 1: Henrique3770 (big blind) collected (60)
Seat 2: Mahu2021 (button) (small blind) folded before Flop



PokerStars Hand #247027936452: Tournament #3671298428, $1.84+$0.16 USD Hold'em No Limit - Level II (15/30) - 2023/11/10 15:04:37 CET [2023/11/10 9:04:37 ET]
Table '3671298428 1' 3-max Seat #1 is the button
Seat 1: Henrique3770 (655 in chips) 
Seat 2: Mahu2021 (845 in chips) 
Henrique3770: posts small blind 15
Mahu2021: posts big blind 30
*** HOLE CARDS ***
Dealt to Mahu2021 [Ks Ts]
Henrique3770: calls 15
Mahu2021: raises 60 to 90
Henrique3770: folds 
Uncalled bet (60) returned to Mahu2021
Mahu2021 collected 60 from pot
Mahu2021: doesn't show hand 
*** SUMMARY ***
Total pot 60 | Rake 0 
Seat 1: Henrique3770 (button) (small blind) folded before Flop
Seat 2: Mahu2021 (big blind) collected (60)



PokerStars Hand #247027939210: Tournament #3671298428, $1.84+$0.16 USD Hold'em No Limit - Level II (15/30) - 2023/11/10 15:04:50 CET [2023/11/10 9:04:50 ET]
Table '3671298428 1' 3-max Seat #2 is the button
Seat 1: Henrique3770 (625 in chips) 
Seat 2: Mahu2021 (875 in chips) 
Mahu2021: posts small blind 15
Henrique3770: posts big blind 30
*** HOLE CARDS ***
Dealt to Mahu2021 [Jh 9s]
Mahu2021: raises 30 to 60
Henrique3770: folds 
Uncalled bet (30) returned to Mahu2021
Mahu2021 collected 60 from pot
Mahu2021: doesn't show hand 
*** SUMMARY ***
Total pot 60 | Rake 0 
Seat 1: Henrique3770 (big blind) folded before Flop
Seat 2: Mahu2021 (button) (small blind) collected (60)



PokerStars Hand #247027940995: Tournament #3671298428, $1.84+$0.16 USD Hold'em No Limit - Level II (15/30) - 2023/11/10 15:04:58 CET [2023/11/10 9:04:58 ET]
Table '3671298428 1' 3-max Seat #1 is the button
Seat 1: Henrique3770 (595 in chips) 
Seat 2: Mahu2021 (905 in chips) 
Henrique3770: posts small blind 15
Mahu2021: posts big blind 30
*** HOLE CARDS ***
Dealt to Mahu2021 [6h 6c]
Henrique3770: raises 30 to 60
Mahu2021: calls 30
*** FLOP *** [2h Jc 7s]
Mahu2021: checks 
Henrique3770: bets 30
Mahu2021: calls 30
*** TURN *** [2h Jc 7s] [7h]
Mahu2021: checks 
Henrique3770: checks 
*** RIVER *** [2h Jc 7s 7h] [2d]
Mahu2021: checks 
Henrique3770: checks 
*** SHOW DOWN ***
Mahu2021: shows [6h 6c] (two pair, Sevens and Sixes)
Henrique3770: mucks hand 
Mahu2021 collected 180 from pot
*** SUMMARY ***
Total pot 180 | Rake 0 
Board [2h Jc 7s 7h 2d]
Seat 1: Henrique3770 (button) (small blind) mucked [Kc 4s]
Seat 2: Mahu2021 (big blind) showed [6h 6c] and won (180) with two pair, Sevens and Sixes



PokerStars Hand #247027948782: Tournament #3671298428, $1.84+$0.16 USD Hold'em No Limit - Level II (15/30) - 2023/11/10 15:05:35 CET [2023/11/10 9:05:35 ET]
Table '3671298428 1' 3-max Seat #2 is the button
Seat 1: Henrique3770 (505 in chips) 
Seat 2: Mahu2021 (995 in chips) 
Mahu2021: posts small blind 15
Henrique3770: posts big blind 30
*** HOLE CARDS ***
Dealt to Mahu2021 [9h 5c]
Mahu2021: folds 
Uncalled bet (15) returned to Henrique3770
Henrique3770 collected 30 from pot
Henrique3770: doesn't show hand 
*** SUMMARY ***
Total pot 30 | Rake 0 
Seat 1: Henrique3770 (big blind) collected (30)
Seat 2: Mahu2021 (button) (small blind) folded before Flop



PokerStars Hand #247027949872: Tournament #3671298428, $1.84+$0.16 USD Hold'em No Limit - Level II (15/30) - 2023/11/10 15:05:40 CET [2023/11/10 9:05:40 ET]
Table '3671298428 1' 3-max Seat #1 is the button
Seat 1: Henrique3770 (520 in chips) 
Seat 2: Mahu2021 (980 in chips) 
Henrique3770: posts small blind 15
Mahu2021: posts big blind 30
*** HOLE CARDS ***
Dealt to Mahu2021 [Jc 8c]
Henrique3770: raises 490 to 520 and is all-in
Mahu2021: folds 
Uncalled bet (490) returned to Henrique3770
Henrique3770 collected 60 from pot
Henrique3770: doesn't show hand 
*** SUMMARY ***
Total pot 60 | Rake 0 
Seat 1: Henrique3770 (button) (small blind) collected (60)
Seat 2: Mahu2021 (big blind) folded before Flop



PokerStars Hand #247027955316: Tournament #3671298428, $1.84+$0.16 USD Hold'em No Limit - Level II (15/30) - 2023/11/10 15:06:05 CET [2023/11/10 9:06:05 ET]
Table '3671298428 1' 3-max Seat #2 is the button
Seat 1: Henrique3770 (550 in chips) 
Seat 2: Mahu2021 (950 in chips) 
Mahu2021: posts small blind 15
Henrique3770: posts big blind 30
*** HOLE CARDS ***
Dealt to Mahu2021 [9s Jh]
Mahu2021: calls 15
Henrique3770: raises 60 to 90
Mahu2021: calls 60
*** FLOP *** [4d 5h 4h]
Henrique3770: bets 60
Mahu2021: calls 60
*** TURN *** [4d 5h 4h] [8h]
Henrique3770: checks 
Mahu2021: bets 800 and is all-in
Henrique3770: folds 
Uncalled bet (800) returned to Mahu2021
Mahu2021 collected 300 from pot
Mahu2021: doesn't show hand 
*** SUMMARY ***
Total pot 300 | Rake 0 
Board [4d 5h 4h 8h]
Seat 1: Henrique3770 (big blind) folded on the Turn
Seat 2: Mahu2021 (button) (small blind) collected (300)



PokerStars Hand #247027962524: Tournament #3671298428, $1.84+$0.16 USD Hold'em No Limit - Level III (20/40) - 2023/11/10 15:06:39 CET [2023/11/10 9:06:39 ET]
Table '3671298428 1' 3-max Seat #1 is the button
Seat 1: Henrique3770 (400 in chips) 
Seat 2: Mahu2021 (1100 in chips) 
Henrique3770: posts small blind 20
Mahu2021: posts big blind 40
*** HOLE CARDS ***
Dealt to Mahu2021 [9d 2c]
Henrique3770: calls 20
Mahu2021: checks 
*** FLOP *** [7c 8s Ks]
Mahu2021: checks 
Henrique3770: bets 40
Mahu2021: folds 
Uncalled bet (40) returned to Henrique3770
Henrique3770 collected 80 from pot
Henrique3770: doesn't show hand 
*** SUMMARY ***
Total pot 80 | Rake 0 
Board [7c 8s Ks]
Seat 1: Henrique3770 (button) (small blind) collected (80)
Seat 2: Mahu2021 (big blind) folded on the Flop



PokerStars Hand #247027965094: Tournament #3671298428, $1.84+$0.16 USD Hold'em No Limit - Level III (20/40) - 2023/11/10 15:06:52 CET [2023/11/10 9:06:52 ET]
Table '3671298428 1' 3-max Seat #2 is the button
Seat 1: Henrique3770 (440 in chips) 
Seat 2: Mahu2021 (1060 in chips) 
Mahu2021: posts small blind 20
Henrique3770: posts big blind 40
*** HOLE CARDS ***
Dealt to Mahu2021 [Th 8s]
Mahu2021: folds 
Uncalled bet (20) returned to Henrique3770
Henrique3770 collected 40 from pot
Henrique3770: doesn't show hand 
*** SUMMARY ***
Total pot 40 | Rake 0 
Seat 1: Henrique3770 (big blind) collected (40)
Seat 2: Mahu2021 (button) (small blind) folded before Flop



PokerStars Hand #247027966264: Tournament #3671298428, $1.84+$0.16 USD Hold'em No Limit - Level III (20/40) - 2023/11/10 15:06:57 CET [2023/11/10 9:06:57 ET]
Table '3671298428 1' 3-max Seat #1 is the button
Seat 1: Henrique3770 (460 in chips) 
Seat 2: Mahu2021 (1040 in chips) 
Henrique3770: posts small blind 20
Mahu2021: posts big blind 40
*** HOLE CARDS ***
Dealt to Mahu2021 [Qs 9d]
Henrique3770: raises 420 to 460 and is all-in
Mahu2021: folds 
Uncalled bet (420) returned to Henrique3770
Henrique3770 collected 80 from pot
Henrique3770: doesn't show hand 
*** SUMMARY ***
Total pot 80 | Rake 0 
Seat 1: Henrique3770 (button) (small blind) collected (80)
Seat 2: Mahu2021 (big blind) folded before Flop



PokerStars Hand #247027968500: Tournament #3671298428, $1.84+$0.16 USD Hold'em No Limit - Level III (20/40) - 2023/11/10 15:07:07 CET [2023/11/10 9:07:07 ET]
Table '3671298428 1' 3-max Seat #2 is the button
Seat 1: Henrique3770 (500 in chips) 
Seat 2: Mahu2021 (1000 in chips) 
Mahu2021: posts small blind 20
Henrique3770: posts big blind 40
*** HOLE CARDS ***
Dealt to Mahu2021 [Jh 5d]
Mahu2021: calls 20
Henrique3770: raises 460 to 500 and is all-in
Mahu2021: folds 
Uncalled bet (460) returned to Henrique3770
Henrique3770 collected 80 from pot
Henrique3770: doesn't show hand 
*** SUMMARY ***
Total pot 80 | Rake 0 
Seat 1: Henrique3770 (big blind) collected (80)
Seat 2: Mahu2021 (button) (small blind) folded before Flop



PokerStars Hand #247027970072: Tournament #3671298428, $1.84+$0.16 USD Hold'em No Limit - Level III (20/40) - 2023/11/10 15:07:15 CET [2023/11/10 9:07:15 ET]
Table '3671298428 1' 3-max Seat #1 is the button
Seat 1: Henrique3770 (540 in chips) 
Seat 2: Mahu2021 (960 in chips) 
Henrique3770: posts small blind 20
Mahu2021: posts big blind 40
*** HOLE CARDS ***
Dealt to Mahu2021 [5s 5c]
Henrique3770: raises 40 to 80
Mahu2021: raises 880 to 960 and is all-in
Henrique3770: folds 
Uncalled bet (880) returned to Mahu2021
Mahu2021 collected 160 from pot
Mahu2021: doesn't show hand 
*** SUMMARY ***
Total pot 160 | Rake 0 
Seat 1: Henrique3770 (button) (small blind) folded before Flop
Seat 2: Mahu2021 (big blind) collected (160)



PokerStars Hand #247027973080: Tournament #3671298428, $1.84+$0.16 USD Hold'em No Limit - Level III (20/40) - 2023/11/10 15:07:29 CET [2023/11/10 9:07:29 ET]
Table '3671298428 1' 3-max Seat #2 is the button
Seat 1: Henrique3770 (460 in chips) 
Seat 2: Mahu2021 (1040 in chips) 
Mahu2021: posts small blind 20
Henrique3770: posts big blind 40
*** HOLE CARDS ***
Dealt to Mahu2021 [Td 6d]
Mahu2021: raises 40 to 80
Henrique3770: raises 380 to 460 and is all-in
Mahu2021: folds 
Uncalled bet (380) returned to Henrique3770
Henrique3770 collected 160 from pot
Henrique3770: doesn't show hand 
*** SUMMARY ***
Total pot 160 | Rake 0 
Seat 1: Henrique3770 (big blind) collected (160)
Seat 2: Mahu2021 (button) (small blind) folded before Flop



PokerStars Hand #247027975080: Tournament #3671298428, $1.84+$0.16 USD Hold'em No Limit - Level III (20/40) - 2023/11/10 15:07:38 CET [2023/11/10 9:07:38 ET]
Table '3671298428 1' 3-max Seat #1 is the button
Seat 1: Henrique3770 (540 in chips) 
Seat 2: Mahu2021 (960 in chips) 
Henrique3770: posts small blind 20
Mahu2021: posts big blind 40
*** HOLE CARDS ***
Dealt to Mahu2021 [2c Ad]
Henrique3770: raises 500 to 540 and is all-in
Mahu2021: calls 500
*** FLOP *** [9d 6s Kd]
*** TURN *** [9d 6s Kd] [3h]
*** RIVER *** [9d 6s Kd 3h] [Jc]
*** SHOW DOWN ***
Mahu2021: shows [2c Ad] (high card Ace)
Henrique3770: shows [7s As] (high card Ace - King+Jack+Nine+Seven kicker)
Henrique3770 collected 1080 from pot
*** SUMMARY ***
Total pot 1080 | Rake 0 
Board [9d 6s Kd 3h Jc]
Seat 1: Henrique3770 (button) (small blind) showed [7s As] and won (1080) with high card Ace
Seat 2: Mahu2021 (big blind) showed [2c Ad] and lost with high card Ace



PokerStars Hand #247027977867: Tournament #3671298428, $1.84+$0.16 USD Hold'em No Limit - Level III (20/40) - 2023/11/10 15:07:51 CET [2023/11/10 9:07:51 ET]
Table '3671298428 1' 3-max Seat #2 is the button
Seat 1: Henrique3770 (1080 in chips) 
Seat 2: Mahu2021 (420 in chips) 
Mahu2021: posts small blind 20
Henrique3770: posts big blind 40
*** HOLE CARDS ***
Dealt to Mahu2021 [4s 9c]
Mahu2021: folds 
Uncalled bet (20) returned to Henrique3770
Henrique3770 collected 40 from pot
Henrique3770: doesn't show hand 
*** SUMMARY ***
Total pot 40 | Rake 0 
Seat 1: Henrique3770 (big blind) collected (40)
Seat 2: Mahu2021 (button) (small blind) folded before Flop



PokerStars Hand #247027978812: Tournament #3671298428, $1.84+$0.16 USD Hold'em No Limit - Level III (20/40) - 2023/11/10 15:07:56 CET [2023/11/10 9:07:56 ET]
Table '3671298428 1' 3-max Seat #1 is the button
Seat 1: Henrique3770 (1100 in chips) 
Seat 2: Mahu2021 (400 in chips) 
Henrique3770: posts small blind 20
Mahu2021: posts big blind 40
*** HOLE CARDS ***
Dealt to Mahu2021 [Td 5c]
Henrique3770: raises 1060 to 1100 and is all-in
Mahu2021: folds 
Uncalled bet (1060) returned to Henrique3770
Henrique3770 collected 80 from pot
Henrique3770: doesn't show hand 
*** SUMMARY ***
Total pot 80 | Rake 0 
Seat 1: Henrique3770 (button) (small blind) collected (80)
Seat 2: Mahu2021 (big blind) folded before Flop



PokerStars Hand #247027979835: Tournament #3671298428, $1.84+$0.16 USD Hold'em No Limit - Level III (20/40) - 2023/11/10 15:08:01 CET [2023/11/10 9:08:01 ET]
Table '3671298428 1' 3-max Seat #2 is the button
Seat 1: Henrique3770 (1140 in chips) 
Seat 2: Mahu2021 (360 in chips) 
Mahu2021: posts small blind 20
Henrique3770: posts big blind 40
*** HOLE CARDS ***
Dealt to Mahu2021 [Kc Jc]
Mahu2021: calls 20
Henrique3770: checks 
*** FLOP *** [Kd 3s 4c]
Henrique3770: checks 
Mahu2021: checks 
*** TURN *** [Kd 3s 4c] [7h]
Henrique3770: checks 
Mahu2021: checks 
*** RIVER *** [Kd 3s 4c 7h] [Ad]
Henrique3770: checks 
Mahu2021: bets 80
Henrique3770: calls 80
*** SHOW DOWN ***
Mahu2021: shows [Kc Jc] (a pair of Kings)
Henrique3770: mucks hand 
Mahu2021 collected 240 from pot
*** SUMMARY ***
Total pot 240 | Rake 0 
Board [Kd 3s 4c 7h Ad]
Seat 1: Henrique3770 (big blind) mucked [Ts 3h]
Seat 2: Mahu2021 (button) (small blind) showed [Kc Jc] and won (240) with a pair of Kings



PokerStars Hand #247027987568: Tournament #3671298428, $1.84+$0.16 USD Hold'em No Limit - Level III (20/40) - 2023/11/10 15:08:37 CET [2023/11/10 9:08:37 ET]
Table '3671298428 1' 3-max Seat #1 is the button
Seat 1: Henrique3770 (1020 in chips) 
Seat 2: Mahu2021 (480 in chips) 
Henrique3770: posts small blind 20
Mahu2021: posts big blind 40
*** HOLE CARDS ***
Dealt to Mahu2021 [4s Td]
Henrique3770: calls 20
Mahu2021: checks 
*** FLOP *** [8c 7d 8h]
Mahu2021: checks 
Henrique3770: bets 40
Mahu2021: folds 
Uncalled bet (40) returned to Henrique3770
Henrique3770 collected 80 from pot
Henrique3770: doesn't show hand 
*** SUMMARY ***
Total pot 80 | Rake 0 
Board [8c 7d 8h]
Seat 1: Henrique3770 (button) (small blind) collected (80)
Seat 2: Mahu2021 (big blind) folded on the Flop



PokerStars Hand #247027991843: Tournament #3671298428, $1.84+$0.16 USD Hold'em No Limit - Level III (20/40) - 2023/11/10 15:08:57 CET [2023/11/10 9:08:57 ET]
Table '3671298428 1' 3-max Seat #2 is the button
Seat 1: Henrique3770 (1060 in chips) 
Seat 2: Mahu2021 (440 in chips) 
Mahu2021: posts small blind 20
Henrique3770: posts big blind 40
*** HOLE CARDS ***
Dealt to Mahu2021 [Ah 8d]
Mahu2021: calls 20
Henrique3770: checks 
*** FLOP *** [6c 5c 8c]
Henrique3770: checks 
Mahu2021: bets 400 and is all-in
Henrique3770: folds 
Uncalled bet (400) returned to Mahu2021
Mahu2021 collected 80 from pot
Mahu2021: doesn't show hand 
*** SUMMARY ***
Total pot 80 | Rake 0 
Board [6c 5c 8c]
Seat 1: Henrique3770 (big blind) folded on the Flop
Seat 2: Mahu2021 (button) (small blind) collected (80)



PokerStars Hand #247028000282: Tournament #3671298428, $1.84+$0.16 USD Hold'em No Limit - Level IV (30/60) - 2023/11/10 15:09:36 CET [2023/11/10 9:09:36 ET]
Table '3671298428 1' 3-max Seat #1 is the button
Seat 1: Henrique3770 (1020 in chips) 
Seat 2: Mahu2021 (480 in chips) 
Henrique3770: posts small blind 30
Mahu2021: posts big blind 60
*** HOLE CARDS ***
Dealt to Mahu2021 [Jd 7h]
Henrique3770: raises 960 to 1020 and is all-in
Mahu2021: folds 
Uncalled bet (960) returned to Henrique3770
Henrique3770 collected 120 from pot
Henrique3770: doesn't show hand 
*** SUMMARY ***
Total pot 120 | Rake 0 
Seat 1: Henrique3770 (button) (small blind) collected (120)
Seat 2: Mahu2021 (big blind) folded before Flop



PokerStars Hand #247028002144: Tournament #3671298428, $1.84+$0.16 USD Hold'em No Limit - Level IV (30/60) - 2023/11/10 15:09:44 CET [2023/11/10 9:09:44 ET]
Table '3671298428 1' 3-max Seat #2 is the button
Seat 1: Henrique3770 (1080 in chips) 
Seat 2: Mahu2021 (420 in chips) 
Mahu2021: posts small blind 30
Henrique3770: posts big blind 60
*** HOLE CARDS ***
Dealt to Mahu2021 [Js 9d]
Mahu2021: raises 360 to 420 and is all-in
Henrique3770: folds 
Uncalled bet (360) returned to Mahu2021
Mahu2021 collected 120 from pot
Mahu2021: doesn't show hand 
*** SUMMARY ***
Total pot 120 | Rake 0 
Seat 1: Henrique3770 (big blind) folded before Flop
Seat 2: Mahu2021 (button) (small blind) collected (120)



PokerStars Hand #247028004010: Tournament #3671298428, $1.84+$0.16 USD Hold'em No Limit - Level IV (30/60) - 2023/11/10 15:09:53 CET [2023/11/10 9:09:53 ET]
Table '3671298428 1' 3-max Seat #1 is the button
Seat 1: Henrique3770 (1020 in chips) 
Seat 2: Mahu2021 (480 in chips) 
Henrique3770: posts small blind 30
Mahu2021: posts big blind 60
*** HOLE CARDS ***
Dealt to Mahu2021 [8c Ac]
Henrique3770: calls 30
Mahu2021: raises 420 to 480 and is all-in
Henrique3770: folds 
Uncalled bet (420) returned to Mahu2021
Mahu2021 collected 120 from pot
Mahu2021: doesn't show hand 
*** SUMMARY ***
Total pot 120 | Rake 0 
Seat 1: Henrique3770 (button) (small blind) folded before Flop
Seat 2: Mahu2021 (big blind) collected (120)



PokerStars Hand #247028007029: Tournament #3671298428, $1.84+$0.16 USD Hold'em No Limit - Level IV (30/60) - 2023/11/10 15:10:07 CET [2023/11/10 9:10:07 ET]
Table '3671298428 1' 3-max Seat #2 is the button
Seat 1: Henrique3770 (960 in chips) 
Seat 2: Mahu2021 (540 in chips) 
Mahu2021: posts small blind 30
Henrique3770: posts big blind 60
*** HOLE CARDS ***
Dealt to Mahu2021 [Ts Ac]
Mahu2021: raises 60 to 120
Henrique3770: raises 840 to 960 and is all-in
Mahu2021: calls 420 and is all-in
Uncalled bet (420) returned to Henrique3770
*** FLOP *** [4d 2s 9s]
*** TURN *** [4d 2s 9s] [3c]
*** RIVER *** [4d 2s 9s 3c] [4h]
*** SHOW DOWN ***
Henrique3770: shows [Ad 7d] (a pair of Fours)
Mahu2021: shows [Ts Ac] (a pair of Fours - Ace+Ten kicker)
Mahu2021 collected 1080 from pot
*** SUMMARY ***
Total pot 1080 | Rake 0 
Board [4d 2s 9s 3c 4h]
Seat 1: Henrique3770 (big blind) showed [Ad 7d] and lost with a pair of Fours
Seat 2: Mahu2021 (button) (small blind) showed [Ts Ac] and won (1080) with a pair of Fours



PokerStars Hand #247028010401: Tournament #3671298428, $1.84+$0.16 USD Hold'em No Limit - Level IV (30/60) - 2023/11/10 15:10:23 CET [2023/11/10 9:10:23 ET]
Table '3671298428 1' 3-max Seat #1 is the button
Seat 1: Henrique3770 (420 in chips) 
Seat 2: Mahu2021 (1080 in chips) 
Henrique3770: posts small blind 30
Mahu2021: posts big blind 60
*** HOLE CARDS ***
Dealt to Mahu2021 [Kc 2c]
Henrique3770: raises 360 to 420 and is all-in
Mahu2021: calls 360
*** FLOP *** [Jd 4d Tc]
*** TURN *** [Jd 4d Tc] [6c]
*** RIVER *** [Jd 4d Tc 6c] [Kd]
*** SHOW DOWN ***
Mahu2021: shows [Kc 2c] (a pair of Kings)
Henrique3770: shows [Kh Th] (two pair, Kings and Tens)
Henrique3770 collected 840 from pot
*** SUMMARY ***
Total pot 840 | Rake 0 
Board [Jd 4d Tc 6c Kd]
Seat 1: Henrique3770 (button) (small blind) showed [Kh Th] and won (840) with two pair, Kings and Tens
Seat 2: Mahu2021 (big blind) showed [Kc 2c] and lost with a pair of Kings



PokerStars Hand #247028013530: Tournament #3671298428, $1.84+$0.16 USD Hold'em No Limit - Level IV (30/60) - 2023/11/10 15:10:37 CET [2023/11/10 9:10:37 ET]
Table '3671298428 1' 3-max Seat #2 is the button
Seat 1: Henrique3770 (840 in chips) 
Seat 2: Mahu2021 (660 in chips) 
Mahu2021: posts small blind 30
Henrique3770: posts big blind 60
*** HOLE CARDS ***
Dealt to Mahu2021 [4c 8h]
Mahu2021: folds 
Uncalled bet (30) returned to Henrique3770
Henrique3770 collected 60 from pot
Henrique3770: doesn't show hand 
*** SUMMARY ***
Total pot 60 | Rake 0 
Seat 1: Henrique3770 (big blind) collected (60)
Seat 2: Mahu2021 (button) (small blind) folded before Flop



PokerStars Hand #247028014617: Tournament #3671298428, $1.84+$0.16 USD Hold'em No Limit - Level IV (30/60) - 2023/11/10 15:10:42 CET [2023/11/10 9:10:42 ET]
Table '3671298428 1' 3-max Seat #1 is the button
Seat 1: Henrique3770 (870 in chips) 
Seat 2: Mahu2021 (630 in chips) 
Henrique3770: posts small blind 30
Mahu2021: posts big blind 60
*** HOLE CARDS ***
Dealt to Mahu2021 [8d 5s]
Henrique3770: raises 810 to 870 and is all-in
Mahu2021: folds 
Uncalled bet (810) returned to Henrique3770
Henrique3770 collected 120 from pot
Henrique3770: doesn't show hand 
*** SUMMARY ***
Total pot 120 | Rake 0 
Seat 1: Henrique3770 (button) (small blind) collected (120)
Seat 2: Mahu2021 (big blind) folded before Flop



PokerStars Hand #247028015940: Tournament #3671298428, $1.84+$0.16 USD Hold'em No Limit - Level IV (30/60) - 2023/11/10 15:10:49 CET [2023/11/10 9:10:49 ET]
Table '3671298428 1' 3-max Seat #2 is the button
Seat 1: Henrique3770 (930 in chips) 
Seat 2: Mahu2021 (570 in chips) 
Mahu2021: posts small blind 30
Henrique3770: posts big blind 60
*** HOLE CARDS ***
Dealt to Mahu2021 [6s 5h]
Mahu2021: calls 30
Henrique3770: raises 870 to 930 and is all-in
Mahu2021: folds 
Uncalled bet (870) returned to Henrique3770
Henrique3770 collected 120 from pot
Henrique3770: doesn't show hand 
*** SUMMARY ***
Total pot 120 | Rake 0 
Seat 1: Henrique3770 (big blind) collected (120)
Seat 2: Mahu2021 (button) (small blind) folded before Flop



PokerStars Hand #247028017583: Tournament #3671298428, $1.84+$0.16 USD Hold'em No Limit - Level IV (30/60) - 2023/11/10 15:10:56 CET [2023/11/10 9:10:56 ET]
Table '3671298428 1' 3-max Seat #1 is the button
Seat 1: Henrique3770 (990 in chips) 
Seat 2: Mahu2021 (510 in chips) 
Henrique3770: posts small blind 30
Mahu2021: posts big blind 60
*** HOLE CARDS ***
Dealt to Mahu2021 [As Qh]
Henrique3770: calls 30
Mahu2021: raises 120 to 180
Henrique3770: folds 
Uncalled bet (120) returned to Mahu2021
Mahu2021 collected 120 from pot
Mahu2021: doesn't show hand 
*** SUMMARY ***
Total pot 120 | Rake 0 
Seat 1: Henrique3770 (button) (small blind) folded before Flop
Seat 2: Mahu2021 (big blind) collected (120)



PokerStars Hand #247028019927: Tournament #3671298428, $1.84+$0.16 USD Hold'em No Limit - Level IV (30/60) - 2023/11/10 15:11:07 CET [2023/11/10 9:11:07 ET]
Table '3671298428 1' 3-max Seat #2 is the button
Seat 1: Henrique3770 (930 in chips) 
Seat 2: Mahu2021 (570 in chips) 
Mahu2021: posts small blind 30
Henrique3770: posts big blind 60
*** HOLE CARDS ***
Dealt to Mahu2021 [9c Ks]
Mahu2021: raises 510 to 570 and is all-in
Henrique3770: folds 
Uncalled bet (510) returned to Mahu2021
Mahu2021 collected 120 from pot
Mahu2021: doesn't show hand 
*** SUMMARY ***
Total pot 120 | Rake 0 
Seat 1: Henrique3770 (big blind) folded before Flop
Seat 2: Mahu2021 (button) (small blind) collected (120)



PokerStars Hand #247028021509: Tournament #3671298428, $1.84+$0.16 USD Hold'em No Limit - Level IV (30/60) - 2023/11/10 15:11:15 CET [2023/11/10 9:11:15 ET]
Table '3671298428 1' 3-max Seat #1 is the button
Seat 1: Henrique3770 (870 in chips) 
Seat 2: Mahu2021 (630 in chips) 
Henrique3770: posts small blind 30
Mahu2021: posts big blind 60
*** HOLE CARDS ***
Dealt to Mahu2021 [9s 6d]
Henrique3770: calls 30
Mahu2021: checks 
*** FLOP *** [7d Jd Ad]
Mahu2021: checks 
Henrique3770: bets 60
Mahu2021: calls 60
*** TURN *** [7d Jd Ad] [Qh]
Mahu2021: checks 
Henrique3770: bets 120
Mahu2021: folds 
Uncalled bet (120) returned to Henrique3770
Henrique3770 collected 240 from pot
Henrique3770: doesn't show hand 
*** SUMMARY ***
Total pot 240 | Rake 0 
Board [7d Jd Ad Qh]
Seat 1: Henrique3770 (button) (small blind) collected (240)
Seat 2: Mahu2021 (big blind) folded on the Turn



PokerStars Hand #247028025750: Tournament #3671298428, $1.84+$0.16 USD Hold'em No Limit - Level IV (30/60) - 2023/11/10 15:11:34 CET [2023/11/10 9:11:34 ET]
Table '3671298428 1' 3-max Seat #2 is the button
Seat 1: Henrique3770 (990 in chips) 
Seat 2: Mahu2021 (510 in chips) 
Mahu2021: posts small blind 30
Henrique3770: posts big blind 60
*** HOLE CARDS ***
Dealt to Mahu2021 [4h 4s]
Mahu2021: raises 450 to 510 and is all-in
Henrique3770: folds 
Uncalled bet (450) returned to Mahu2021
Mahu2021 collected 120 from pot
Mahu2021: doesn't show hand 
*** SUMMARY ***
Total pot 120 | Rake 0 
Seat 1: Henrique3770 (big blind) folded before Flop
Seat 2: Mahu2021 (button) (small blind) collected (120)



PokerStars Hand #247028027237: Tournament #3671298428, $1.84+$0.16 USD Hold'em No Limit - Level IV (30/60) - 2023/11/10 15:11:41 CET [2023/11/10 9:11:41 ET]
Table '3671298428 1' 3-max Seat #1 is the button
Seat 1: Henrique3770 (930 in chips) 
Seat 2: Mahu2021 (570 in chips) 
Henrique3770: posts small blind 30
Mahu2021: posts big blind 60
*** HOLE CARDS ***
Dealt to Mahu2021 [Jc Qh]
Henrique3770: raises 870 to 930 and is all-in
Mahu2021: calls 510 and is all-in
Uncalled bet (360) returned to Henrique3770
*** FLOP *** [7s 3s 8d]
*** TURN *** [7s 3s 8d] [3c]
*** RIVER *** [7s 3s 8d 3c] [Ad]
*** SHOW DOWN ***
Mahu2021: shows [Jc Qh] (a pair of Threes)
Henrique3770: shows [Kc 6c] (a pair of Threes - Ace+King kicker)
Henrique3770 collected 1140 from pot
Mahu2021 finished the tournament in 2nd place
Henrique3770 wins the tournament and receives $6.00 - congratulations!
*** SUMMARY ***
Total pot 1140 | Rake 0 
Board [7s 3s 8d 3c Ad]
Seat 1: Henrique3770 (button) (small blind) showed [Kc 6c] and won (1140) with a pair of Threes
Seat 2: Mahu2021 (big blind) showed [Jc Qh] and lost with a pair of Threes



