PokerStars Zoom Hand #254206038862:  Hold'em No Limit ($0.05/$0.10) - 2025/01/05 12:46:48 CET [2025/01/05 6:46:48 ET]
Table 'Aludra' 6-max Seat #1 is the button
Seat 1: Elbandido222 ($7.09 in chips) 
Seat 2: anais735 ($5.53 in chips) 
Seat 3: Mahu2021 ($10 in chips) 
Seat 4: NüssliNici94 ($11.24 in chips) 
Seat 5: DaveS888 ($8.21 in chips) 
Seat 6: heinzi00 ($58.83 in chips) 
anais735: posts small blind $0.05
Mahu2021: posts big blind $0.10
*** HOLE CARDS ***
Dealt to Mahu2021 [Jc 4c]
NüssliNici94: folds 
DaveS888: raises $0.10 to $0.20
heinzi00: calls $0.20
Elbandido222: calls $0.20
anais735: folds 
Mahu2021: calls $0.10
*** FLOP *** [4s As 6h]
Mahu2021: checks 
DaveS888: bets $0.57
heinzi00: folds 
Elbandido222: folds 
Mahu2021: folds 
Uncalled bet ($0.57) returned to DaveS888
DaveS888 collected $0.81 from pot
DaveS888: doesn't show hand 
*** SUMMARY ***
Total pot $0.85 | Rake $0.04 
Board [4s As 6h]
Seat 1: Elbandido222 (button) folded on the Flop
Seat 2: anais735 (small blind) folded before Flop
Seat 3: Mahu2021 (big blind) folded on the Flop
Seat 4: NüssliNici94 folded before Flop (didn't bet)
Seat 5: DaveS888 collected ($0.81)
Seat 6: heinzi00 folded on the Flop



PokerStars Zoom Hand #254206041997:  Hold'em No Limit ($0.05/$0.10) - 2025/01/05 12:47:08 CET [2025/01/05 6:47:08 ET]
Table 'Aludra' 6-max Seat #1 is the button
Seat 1: joee84 ($10.45 in chips) 
Seat 2: Mahu2021 ($9.80 in chips) 
Seat 3: gelik32 ($10 in chips) 
Seat 4: totway ($37.06 in chips) 
Seat 5: Ostherus ($11.52 in chips) 
Seat 6: kotaraka1312 ($10.24 in chips) 
Mahu2021: posts small blind $0.05
gelik32: posts big blind $0.10
*** HOLE CARDS ***
Dealt to Mahu2021 [4s 6d]
totway: folds 
Ostherus: folds 
kotaraka1312: folds 
joee84: folds 
Mahu2021: folds 
Uncalled bet ($0.05) returned to gelik32
gelik32 collected $0.10 from pot
gelik32: doesn't show hand 
*** SUMMARY ***
Total pot $0.10 | Rake $0 
Seat 1: joee84 (button) folded before Flop (didn't bet)
Seat 2: Mahu2021 (small blind) folded before Flop
Seat 3: gelik32 (big blind) collected ($0.10)
Seat 4: totway folded before Flop (didn't bet)
Seat 5: Ostherus folded before Flop (didn't bet)
Seat 6: kotaraka1312 folded before Flop (didn't bet)



PokerStars Zoom Hand #254206042568:  Hold'em No Limit ($0.05/$0.10) - 2025/01/05 12:47:12 CET [2025/01/05 6:47:12 ET]
Table 'Aludra' 6-max Seat #1 is the button
Seat 1: Mahu2021 ($9.75 in chips) 
Seat 2: zaf0007 ($6.54 in chips) 
Seat 3: anais735 ($5.48 in chips) 
Seat 4: Ritter00 ($6.29 in chips) 
Seat 5: boris31.03 ($10 in chips) 
Seat 6: DamnLuck89 ($30.76 in chips) 
zaf0007: posts small blind $0.05
anais735: posts big blind $0.10
*** HOLE CARDS ***
Dealt to Mahu2021 [3d 5d]
Ritter00: raises $0.12 to $0.22
boris31.03: folds 
DamnLuck89: folds 
Mahu2021: calls $0.22
zaf0007: folds 
anais735: raises $0.71 to $0.93
Ritter00: calls $0.71
Mahu2021: folds 
*** FLOP *** [Ts 7d 8c]
anais735: bets $2.03
Ritter00: folds 
Uncalled bet ($2.03) returned to anais735
anais735 collected $2.03 from pot
anais735: doesn't show hand 
*** SUMMARY ***
Total pot $2.13 | Rake $0.10 
Board [Ts 7d 8c]
Seat 1: Mahu2021 (button) folded before Flop
Seat 2: zaf0007 (small blind) folded before Flop
Seat 3: anais735 (big blind) collected ($2.03)
Seat 4: Ritter00 folded on the Flop
Seat 5: boris31.03 folded before Flop (didn't bet)
Seat 6: DamnLuck89 folded before Flop (didn't bet)



PokerStars Zoom Hand #254206044755:  Hold'em No Limit ($0.05/$0.10) - 2025/01/05 12:47:26 CET [2025/01/05 6:47:26 ET]
Table 'Aludra' 6-max Seat #1 is the button
Seat 1: jeonjinny ($10.22 in chips) 
Seat 2: dportalis ($3.98 in chips) 
Seat 3: ned y monny ($7.06 in chips) 
Seat 4: robecaku ($11 in chips) 
Seat 5: zaf0007 ($6.49 in chips) 
Seat 6: Mahu2021 ($9.53 in chips) 
dportalis: posts small blind $0.05
ned y monny: posts big blind $0.10
*** HOLE CARDS ***
Dealt to Mahu2021 [As Qc]
robecaku: folds 
zaf0007: folds 
Mahu2021: raises $0.20 to $0.30
jeonjinny: folds 
dportalis: folds 
ned y monny: folds 
Uncalled bet ($0.20) returned to Mahu2021
Mahu2021 collected $0.25 from pot
Mahu2021: doesn't show hand 
*** SUMMARY ***
Total pot $0.25 | Rake $0 
Seat 1: jeonjinny (button) folded before Flop (didn't bet)
Seat 2: dportalis (small blind) folded before Flop
Seat 3: ned y monny (big blind) folded before Flop
Seat 4: robecaku folded before Flop (didn't bet)
Seat 5: zaf0007 folded before Flop (didn't bet)
Seat 6: Mahu2021 collected ($0.25)



PokerStars Zoom Hand #254206046323:  Hold'em No Limit ($0.05/$0.10) - 2025/01/05 12:47:36 CET [2025/01/05 6:47:36 ET]
Table 'Aludra' 6-max Seat #1 is the button
Seat 1: bartovskii ($15.54 in chips) 
Seat 2: drfarias87 ($10.51 in chips) 
Seat 3: beta_hous3 ($11.23 in chips) 
Seat 4: DunhillSin ($11.56 in chips) 
Seat 5: Mahu2021 ($9.68 in chips) 
Seat 6: Munk639 ($14.41 in chips) 
drfarias87: posts small blind $0.05
beta_hous3: posts big blind $0.10
*** HOLE CARDS ***
Dealt to Mahu2021 [Kc Qs]
DunhillSin: folds 
Mahu2021: raises $0.20 to $0.30
Munk639: calls $0.30
bartovskii: calls $0.30
drfarias87: folds 
beta_hous3: folds 
*** FLOP *** [9h Kh 4d]
Mahu2021: checks 
Munk639: checks 
bartovskii: bets $0.55
Mahu2021: calls $0.55
Munk639: folds 
*** TURN *** [9h Kh 4d] [8d]
Mahu2021: checks 
bartovskii: bets $1.54
Mahu2021: calls $1.54
*** RIVER *** [9h Kh 4d 8d] [4h]
Mahu2021: checks 
bartovskii: bets $3.74
Mahu2021: calls $3.74
*** SHOW DOWN ***
bartovskii: shows [Ah 6h] (a flush, Ace high)
Mahu2021: mucks hand 
bartovskii collected $12.14 from pot
*** SUMMARY ***
Total pot $12.71 | Rake $0.57 
Board [9h Kh 4d 8d 4h]
Seat 1: bartovskii (button) showed [Ah 6h] and won ($12.14) with a flush, Ace high
Seat 2: drfarias87 (small blind) folded before Flop
Seat 3: beta_hous3 (big blind) folded before Flop
Seat 4: DunhillSin folded before Flop (didn't bet)
Seat 5: Mahu2021 mucked [Kc Qs]
Seat 6: Munk639 folded on the Flop



