PokerStars Hand #249683562414: Tournament #3735036792, $1.84+$0.16 USD Hold'em No Limit - Level I (10/20) - 2024/03/29 12:25:08 CET [2024/03/29 7:25:08 ET]
Table '3735036792 1' 3-max Seat #1 is the button
Seat 1: omg972 (500 in chips) 
Seat 2: Hattemage885 (500 in chips) 
Seat 3: Mahu2021 (500 in chips) 
Hattemage885: posts small blind 10
Mahu2021: posts big blind 20
*** HOLE CARDS ***
Dealt to Mahu2021 [3c 8h]
omg972: folds 
Hattemage885: folds 
Uncalled bet (10) returned to Mahu2021
Mahu2021 collected 20 from pot
Mahu2021: doesn't show hand 
*** SUMMARY ***
Total pot 20 | Rake 0 
Seat 1: omg972 (button) folded before Flop (didn't bet)
Seat 2: Hattemage885 (small blind) folded before Flop
Seat 3: Mahu2021 (big blind) collected (20)



PokerStars Hand #249683563644: Tournament #3735036792, $1.84+$0.16 USD Hold'em No Limit - Level I (10/20) - 2024/03/29 12:25:16 CET [2024/03/29 7:25:16 ET]
Table '3735036792 1' 3-max Seat #2 is the button
Seat 1: omg972 (500 in chips) 
Seat 2: Hattemage885 (490 in chips) 
Seat 3: Mahu2021 (510 in chips) 
Mahu2021: posts small blind 10
omg972: posts big blind 20
*** HOLE CARDS ***
Dealt to Mahu2021 [Qc 2s]
Hattemage885: folds 
Mahu2021: folds 
Uncalled bet (10) returned to omg972
omg972 collected 20 from pot
omg972: doesn't show hand 
*** SUMMARY ***
Total pot 20 | Rake 0 
Seat 1: omg972 (big blind) collected (20)
Seat 2: Hattemage885 (button) folded before Flop (didn't bet)
Seat 3: Mahu2021 (small blind) folded before Flop



PokerStars Hand #249683565278: Tournament #3735036792, $1.84+$0.16 USD Hold'em No Limit - Level I (10/20) - 2024/03/29 12:25:26 CET [2024/03/29 7:25:26 ET]
Table '3735036792 1' 3-max Seat #3 is the button
Seat 1: omg972 (510 in chips) 
Seat 2: Hattemage885 (490 in chips) 
Seat 3: Mahu2021 (500 in chips) 
omg972: posts small blind 10
Hattemage885: posts big blind 20
*** HOLE CARDS ***
Dealt to Mahu2021 [5d Th]
Mahu2021: folds 
omg972: calls 10
Hattemage885: raises 20 to 40
omg972: calls 20
*** FLOP *** [Ac 2h Kh]
omg972: checks 
Hattemage885: checks 
*** TURN *** [Ac 2h Kh] [7c]
omg972: checks 
Hattemage885: bets 20
omg972: folds 
Uncalled bet (20) returned to Hattemage885
Hattemage885 collected 80 from pot
*** SUMMARY ***
Total pot 80 | Rake 0 
Board [Ac 2h Kh 7c]
Seat 1: omg972 (small blind) folded on the Turn
Seat 2: Hattemage885 (big blind) collected (80)
Seat 3: Mahu2021 (button) folded before Flop (didn't bet)



PokerStars Hand #249683569201: Tournament #3735036792, $1.84+$0.16 USD Hold'em No Limit - Level I (10/20) - 2024/03/29 12:25:51 CET [2024/03/29 7:25:51 ET]
Table '3735036792 1' 3-max Seat #1 is the button
Seat 1: omg972 (470 in chips) 
Seat 2: Hattemage885 (530 in chips) 
Seat 3: Mahu2021 (500 in chips) 
Hattemage885: posts small blind 10
Mahu2021: posts big blind 20
*** HOLE CARDS ***
Dealt to Mahu2021 [6s 9h]
omg972: raises 50 to 70
Hattemage885: folds 
Mahu2021: folds 
Uncalled bet (50) returned to omg972
omg972 collected 50 from pot
omg972: doesn't show hand 
*** SUMMARY ***
Total pot 50 | Rake 0 
Seat 1: omg972 (button) collected (50)
Seat 2: Hattemage885 (small blind) folded before Flop
Seat 3: Mahu2021 (big blind) folded before Flop



PokerStars Hand #249683570586: Tournament #3735036792, $1.84+$0.16 USD Hold'em No Limit - Level I (10/20) - 2024/03/29 12:26:00 CET [2024/03/29 7:26:00 ET]
Table '3735036792 1' 3-max Seat #2 is the button
Seat 1: omg972 (500 in chips) 
Seat 2: Hattemage885 (520 in chips) 
Seat 3: Mahu2021 (480 in chips) 
Mahu2021: posts small blind 10
omg972: posts big blind 20
*** HOLE CARDS ***
Dealt to Mahu2021 [3h 6d]
Hattemage885: calls 20
Mahu2021: calls 10
omg972: checks 
*** FLOP *** [8h 8d 4h]
Mahu2021: checks 
omg972: checks 
Hattemage885: checks 
*** TURN *** [8h 8d 4h] [6c]
Mahu2021: bets 40
omg972: folds 
Hattemage885: folds 
Uncalled bet (40) returned to Mahu2021
Mahu2021 collected 60 from pot
Mahu2021: doesn't show hand 
*** SUMMARY ***
Total pot 60 | Rake 0 
Board [8h 8d 4h 6c]
Seat 1: omg972 (big blind) folded on the Turn
Seat 2: Hattemage885 (button) folded on the Turn
Seat 3: Mahu2021 (small blind) collected (60)



PokerStars Hand #249683573934: Tournament #3735036792, $1.84+$0.16 USD Hold'em No Limit - Level I (10/20) - 2024/03/29 12:26:20 CET [2024/03/29 7:26:20 ET]
Table '3735036792 1' 3-max Seat #3 is the button
Seat 1: omg972 (480 in chips) 
Seat 2: Hattemage885 (500 in chips) 
Seat 3: Mahu2021 (520 in chips) 
omg972: posts small blind 10
Hattemage885: posts big blind 20
*** HOLE CARDS ***
Dealt to Mahu2021 [7c 4h]
Mahu2021: folds 
omg972: calls 10
Hattemage885: checks 
*** FLOP *** [5h 4c 3c]
omg972: checks 
Hattemage885: checks 
*** TURN *** [5h 4c 3c] [Qs]
omg972: checks 
Hattemage885: checks 
*** RIVER *** [5h 4c 3c Qs] [Jh]
omg972: checks 
Hattemage885: bets 20
omg972: folds 
Uncalled bet (20) returned to Hattemage885
Hattemage885 collected 40 from pot
*** SUMMARY ***
Total pot 40 | Rake 0 
Board [5h 4c 3c Qs Jh]
Seat 1: omg972 (small blind) folded on the River
Seat 2: Hattemage885 (big blind) collected (40)
Seat 3: Mahu2021 (button) folded before Flop (didn't bet)



PokerStars Hand #249683577275: Tournament #3735036792, $1.84+$0.16 USD Hold'em No Limit - Level I (10/20) - 2024/03/29 12:26:41 CET [2024/03/29 7:26:41 ET]
Table '3735036792 1' 3-max Seat #1 is the button
Seat 1: omg972 (460 in chips) 
Seat 2: Hattemage885 (520 in chips) 
Seat 3: Mahu2021 (520 in chips) 
Hattemage885: posts small blind 10
Mahu2021: posts big blind 20
*** HOLE CARDS ***
Dealt to Mahu2021 [3h Ts]
omg972: folds 
Hattemage885: calls 10
Mahu2021: checks 
*** FLOP *** [7d 7h 3s]
Hattemage885: checks 
Mahu2021: checks 
*** TURN *** [7d 7h 3s] [Qh]
Hattemage885: bets 20
Mahu2021: calls 20
*** RIVER *** [7d 7h 3s Qh] [8h]
Hattemage885: bets 20
Mahu2021: calls 20
*** SHOW DOWN ***
Hattemage885: shows [Ac 8s] (two pair, Eights and Sevens)
Mahu2021: mucks hand 
Hattemage885 collected 120 from pot
*** SUMMARY ***
Total pot 120 | Rake 0 
Board [7d 7h 3s Qh 8h]
Seat 1: omg972 (button) folded before Flop (didn't bet)
Seat 2: Hattemage885 (small blind) showed [Ac 8s] and won (120) with two pair, Eights and Sevens
Seat 3: Mahu2021 (big blind) mucked [3h Ts]



PokerStars Hand #249683580021: Tournament #3735036792, $1.84+$0.16 USD Hold'em No Limit - Level I (10/20) - 2024/03/29 12:26:58 CET [2024/03/29 7:26:58 ET]
Table '3735036792 1' 3-max Seat #2 is the button
Seat 1: omg972 (460 in chips) 
Seat 2: Hattemage885 (580 in chips) 
Seat 3: Mahu2021 (460 in chips) 
Mahu2021: posts small blind 10
omg972: posts big blind 20
*** HOLE CARDS ***
Dealt to Mahu2021 [5c Kd]
Hattemage885: folds 
Mahu2021: calls 10
omg972: raises 40 to 60
Mahu2021: calls 40
*** FLOP *** [3h Tc As]
Mahu2021: checks 
omg972: checks 
*** TURN *** [3h Tc As] [5h]
Mahu2021: checks 
omg972: checks 
*** RIVER *** [3h Tc As 5h] [9c]
Mahu2021: checks 
omg972: checks 
*** SHOW DOWN ***
Mahu2021: shows [5c Kd] (a pair of Fives)
omg972: mucks hand 
Mahu2021 collected 120 from pot
*** SUMMARY ***
Total pot 120 | Rake 0 
Board [3h Tc As 5h 9c]
Seat 1: omg972 (big blind) mucked [Qd Jc]
Seat 2: Hattemage885 (button) folded before Flop (didn't bet)
Seat 3: Mahu2021 (small blind) showed [5c Kd] and won (120) with a pair of Fives



PokerStars Hand #249683584015: Tournament #3735036792, $1.84+$0.16 USD Hold'em No Limit - Level I (10/20) - 2024/03/29 12:27:23 CET [2024/03/29 7:27:23 ET]
Table '3735036792 1' 3-max Seat #3 is the button
Seat 1: omg972 (400 in chips) 
Seat 2: Hattemage885 (580 in chips) 
Seat 3: Mahu2021 (520 in chips) 
omg972: posts small blind 10
Hattemage885: posts big blind 20
*** HOLE CARDS ***
Dealt to Mahu2021 [2h 7d]
Mahu2021: folds 
omg972: raises 40 to 60
Hattemage885: folds 
Uncalled bet (40) returned to omg972
omg972 collected 40 from pot
omg972: doesn't show hand 
*** SUMMARY ***
Total pot 40 | Rake 0 
Seat 1: omg972 (small blind) collected (40)
Seat 2: Hattemage885 (big blind) folded before Flop
Seat 3: Mahu2021 (button) folded before Flop (didn't bet)



PokerStars Hand #249683585227: Tournament #3735036792, $1.84+$0.16 USD Hold'em No Limit - Level I (10/20) - 2024/03/29 12:27:30 CET [2024/03/29 7:27:30 ET]
Table '3735036792 1' 3-max Seat #1 is the button
Seat 1: omg972 (420 in chips) 
Seat 2: Hattemage885 (560 in chips) 
Seat 3: Mahu2021 (520 in chips) 
Hattemage885: posts small blind 10
Mahu2021: posts big blind 20
*** HOLE CARDS ***
Dealt to Mahu2021 [3s 7c]
omg972: folds 
Hattemage885: folds 
Uncalled bet (10) returned to Mahu2021
Mahu2021 collected 20 from pot
Mahu2021: doesn't show hand 
*** SUMMARY ***
Total pot 20 | Rake 0 
Seat 1: omg972 (button) folded before Flop (didn't bet)
Seat 2: Hattemage885 (small blind) folded before Flop
Seat 3: Mahu2021 (big blind) collected (20)



PokerStars Hand #249683586099: Tournament #3735036792, $1.84+$0.16 USD Hold'em No Limit - Level I (10/20) - 2024/03/29 12:27:35 CET [2024/03/29 7:27:35 ET]
Table '3735036792 1' 3-max Seat #2 is the button
Seat 1: omg972 (420 in chips) 
Seat 2: Hattemage885 (550 in chips) 
Seat 3: Mahu2021 (530 in chips) 
Mahu2021: posts small blind 10
omg972: posts big blind 20
*** HOLE CARDS ***
Dealt to Mahu2021 [4h 3s]
Hattemage885: calls 20
Mahu2021: calls 10
omg972: checks 
*** FLOP *** [9h 6d 6s]
Mahu2021: checks 
omg972: checks 
Hattemage885: checks 
*** TURN *** [9h 6d 6s] [Qd]
Mahu2021: checks 
omg972: bets 60
Hattemage885: folds 
Mahu2021: folds 
Uncalled bet (60) returned to omg972
omg972 collected 60 from pot
omg972: doesn't show hand 
*** SUMMARY ***
Total pot 60 | Rake 0 
Board [9h 6d 6s Qd]
Seat 1: omg972 (big blind) collected (60)
Seat 2: Hattemage885 (button) folded on the Turn
Seat 3: Mahu2021 (small blind) folded on the Turn



PokerStars Hand #249683589831: Tournament #3735036792, $1.84+$0.16 USD Hold'em No Limit - Level I (10/20) - 2024/03/29 12:27:59 CET [2024/03/29 7:27:59 ET]
Table '3735036792 1' 3-max Seat #3 is the button
Seat 1: omg972 (460 in chips) 
Seat 2: Hattemage885 (530 in chips) 
Seat 3: Mahu2021 (510 in chips) 
omg972: posts small blind 10
Hattemage885: posts big blind 20
*** HOLE CARDS ***
Dealt to Mahu2021 [Ts Ad]
Mahu2021: raises 20 to 40
omg972: folds 
Hattemage885: raises 20 to 60
Mahu2021: calls 20
*** FLOP *** [9d Qc Qd]
Hattemage885: bets 470 and is all-in
Mahu2021: folds 
Uncalled bet (470) returned to Hattemage885
Hattemage885 collected 130 from pot
*** SUMMARY ***
Total pot 130 | Rake 0 
Board [9d Qc Qd]
Seat 1: omg972 (small blind) folded before Flop
Seat 2: Hattemage885 (big blind) collected (130)
Seat 3: Mahu2021 (button) folded on the Flop



PokerStars Hand #249683593359: Tournament #3735036792, $1.84+$0.16 USD Hold'em No Limit - Level II (15/30) - 2024/03/29 12:28:20 CET [2024/03/29 7:28:20 ET]
Table '3735036792 1' 3-max Seat #1 is the button
Seat 1: omg972 (450 in chips) 
Seat 2: Hattemage885 (600 in chips) 
Seat 3: Mahu2021 (450 in chips) 
Hattemage885: posts small blind 15
Mahu2021: posts big blind 30
*** HOLE CARDS ***
Dealt to Mahu2021 [Ad Qd]
omg972: raises 30 to 60
Hattemage885: folds 
Mahu2021: raises 390 to 450 and is all-in
omg972: calls 390 and is all-in
*** FLOP *** [Jh Th 5h]
*** TURN *** [Jh Th 5h] [2h]
*** RIVER *** [Jh Th 5h 2h] [Qh]
*** SHOW DOWN ***
Mahu2021: shows [Ad Qd] (a flush, Queen high)
omg972: shows [Qs 6s] (a flush, Queen high)
Mahu2021 collected 458 from pot
omg972 collected 457 from pot
*** SUMMARY ***
Total pot 915 | Rake 0 
Board [Jh Th 5h 2h Qh]
Seat 1: omg972 (button) showed [Qs 6s] and won (457) with a flush, Queen high
Seat 2: Hattemage885 (small blind) folded before Flop
Seat 3: Mahu2021 (big blind) showed [Ad Qd] and won (458) with a flush, Queen high



PokerStars Hand #249683596570: Tournament #3735036792, $1.84+$0.16 USD Hold'em No Limit - Level II (15/30) - 2024/03/29 12:28:40 CET [2024/03/29 7:28:40 ET]
Table '3735036792 1' 3-max Seat #2 is the button
Seat 1: omg972 (457 in chips) 
Seat 2: Hattemage885 (585 in chips) 
Seat 3: Mahu2021 (458 in chips) 
Mahu2021: posts small blind 15
omg972: posts big blind 30
*** HOLE CARDS ***
Dealt to Mahu2021 [3c Ks]
Hattemage885: folds 
Mahu2021: folds 
Uncalled bet (15) returned to omg972
omg972 collected 30 from pot
omg972: doesn't show hand 
*** SUMMARY ***
Total pot 30 | Rake 0 
Seat 1: omg972 (big blind) collected (30)
Seat 2: Hattemage885 (button) folded before Flop (didn't bet)
Seat 3: Mahu2021 (small blind) folded before Flop



PokerStars Hand #249683597439: Tournament #3735036792, $1.84+$0.16 USD Hold'em No Limit - Level II (15/30) - 2024/03/29 12:28:45 CET [2024/03/29 7:28:45 ET]
Table '3735036792 1' 3-max Seat #3 is the button
Seat 1: omg972 (472 in chips) 
Seat 2: Hattemage885 (585 in chips) 
Seat 3: Mahu2021 (443 in chips) 
omg972: posts small blind 15
Hattemage885: posts big blind 30
*** HOLE CARDS ***
Dealt to Mahu2021 [3h 2d]
Mahu2021: folds 
omg972: calls 15
Hattemage885: checks 
*** FLOP *** [5c Kc Qh]
omg972: bets 60
Hattemage885: folds 
Uncalled bet (60) returned to omg972
omg972 collected 60 from pot
omg972: doesn't show hand 
*** SUMMARY ***
Total pot 60 | Rake 0 
Board [5c Kc Qh]
Seat 1: omg972 (small blind) collected (60)
Seat 2: Hattemage885 (big blind) folded on the Flop
Seat 3: Mahu2021 (button) folded before Flop (didn't bet)



PokerStars Hand #249683599326: Tournament #3735036792, $1.84+$0.16 USD Hold'em No Limit - Level II (15/30) - 2024/03/29 12:28:56 CET [2024/03/29 7:28:56 ET]
Table '3735036792 1' 3-max Seat #1 is the button
Seat 1: omg972 (502 in chips) 
Seat 2: Hattemage885 (555 in chips) 
Seat 3: Mahu2021 (443 in chips) 
Hattemage885: posts small blind 15
Mahu2021: posts big blind 30
*** HOLE CARDS ***
Dealt to Mahu2021 [6s 9d]
omg972: folds 
Hattemage885: folds 
Uncalled bet (15) returned to Mahu2021
Mahu2021 collected 30 from pot
Mahu2021: doesn't show hand 
*** SUMMARY ***
Total pot 30 | Rake 0 
Seat 1: omg972 (button) folded before Flop (didn't bet)
Seat 2: Hattemage885 (small blind) folded before Flop
Seat 3: Mahu2021 (big blind) collected (30)



PokerStars Hand #249683600609: Tournament #3735036792, $1.84+$0.16 USD Hold'em No Limit - Level II (15/30) - 2024/03/29 12:29:04 CET [2024/03/29 7:29:04 ET]
Table '3735036792 1' 3-max Seat #2 is the button
Seat 1: omg972 (502 in chips) 
Seat 2: Hattemage885 (540 in chips) 
Seat 3: Mahu2021 (458 in chips) 
Mahu2021: posts small blind 15
omg972: posts big blind 30
*** HOLE CARDS ***
Dealt to Mahu2021 [Qh Ac]
Hattemage885: folds 
Mahu2021: raises 30 to 60
omg972: calls 30
*** FLOP *** [8h 5h 4s]
Mahu2021: checks 
omg972: checks 
*** TURN *** [8h 5h 4s] [Jc]
Mahu2021: checks 
omg972: bets 120
Mahu2021: folds 
Uncalled bet (120) returned to omg972
omg972 collected 120 from pot
omg972: doesn't show hand 
*** SUMMARY ***
Total pot 120 | Rake 0 
Board [8h 5h 4s Jc]
Seat 1: omg972 (big blind) collected (120)
Seat 2: Hattemage885 (button) folded before Flop (didn't bet)
Seat 3: Mahu2021 (small blind) folded on the Turn



PokerStars Hand #249683602786: Tournament #3735036792, $1.84+$0.16 USD Hold'em No Limit - Level II (15/30) - 2024/03/29 12:29:18 CET [2024/03/29 7:29:18 ET]
Table '3735036792 1' 3-max Seat #3 is the button
Seat 1: omg972 (562 in chips) 
Seat 2: Hattemage885 (540 in chips) 
Seat 3: Mahu2021 (398 in chips) 
omg972: posts small blind 15
Hattemage885: posts big blind 30
*** HOLE CARDS ***
Dealt to Mahu2021 [Tc 7d]
Mahu2021: folds 
omg972: calls 15
Hattemage885: checks 
*** FLOP *** [6c Kd Ks]
omg972: checks 
Hattemage885: checks 
*** TURN *** [6c Kd Ks] [9c]
omg972: checks 
Hattemage885: checks 
*** RIVER *** [6c Kd Ks 9c] [Td]
omg972: checks 
Hattemage885: bets 30
omg972: folds 
Uncalled bet (30) returned to Hattemage885
Hattemage885 collected 60 from pot
*** SUMMARY ***
Total pot 60 | Rake 0 
Board [6c Kd Ks 9c Td]
Seat 1: omg972 (small blind) folded on the River
Seat 2: Hattemage885 (big blind) collected (60)
Seat 3: Mahu2021 (button) folded before Flop (didn't bet)



PokerStars Hand #249683607008: Tournament #3735036792, $1.84+$0.16 USD Hold'em No Limit - Level II (15/30) - 2024/03/29 12:29:43 CET [2024/03/29 7:29:43 ET]
Table '3735036792 1' 3-max Seat #1 is the button
Seat 1: omg972 (532 in chips) 
Seat 2: Hattemage885 (570 in chips) 
Seat 3: Mahu2021 (398 in chips) 
Hattemage885: posts small blind 15
Mahu2021: posts big blind 30
*** HOLE CARDS ***
Dealt to Mahu2021 [Th 6h]
omg972: raises 75 to 105
Hattemage885: folds 
Mahu2021: folds 
Uncalled bet (75) returned to omg972
omg972 collected 75 from pot
omg972: doesn't show hand 
*** SUMMARY ***
Total pot 75 | Rake 0 
Seat 1: omg972 (button) collected (75)
Seat 2: Hattemage885 (small blind) folded before Flop
Seat 3: Mahu2021 (big blind) folded before Flop



PokerStars Hand #249683608176: Tournament #3735036792, $1.84+$0.16 USD Hold'em No Limit - Level II (15/30) - 2024/03/29 12:29:50 CET [2024/03/29 7:29:50 ET]
Table '3735036792 1' 3-max Seat #2 is the button
Seat 1: omg972 (577 in chips) 
Seat 2: Hattemage885 (555 in chips) 
Seat 3: Mahu2021 (368 in chips) 
Mahu2021: posts small blind 15
omg972: posts big blind 30
*** HOLE CARDS ***
Dealt to Mahu2021 [Ac Jc]
Hattemage885: raises 30 to 60
Mahu2021: raises 308 to 368 and is all-in
omg972: raises 209 to 577 and is all-in
Hattemage885: calls 495 and is all-in
Uncalled bet (22) returned to omg972
*** FLOP *** [Jh 2c 3d]
*** TURN *** [Jh 2c 3d] [Qc]
*** RIVER *** [Jh 2c 3d Qc] [3h]
*** SHOW DOWN ***
omg972: shows [Qs Qh] (a full house, Queens full of Threes)
Hattemage885: shows [Ts Td] (two pair, Tens and Threes)
omg972 collected 374 from side pot
Mahu2021: shows [Ac Jc] (two pair, Jacks and Threes)
omg972 collected 1104 from main pot
Hattemage885 finished the tournament in 2nd place
Mahu2021 finished the tournament in 3rd place
omg972 wins the tournament and receives $6.00 - congratulations!
*** SUMMARY ***
Total pot 1478 Main pot 1104. Side pot 374. | Rake 0 
Board [Jh 2c 3d Qc 3h]
Seat 1: omg972 (big blind) showed [Qs Qh] and won (1478) with a full house, Queens full of Threes
Seat 2: Hattemage885 (button) showed [Ts Td] and lost with two pair, Tens and Threes
Seat 3: Mahu2021 (small blind) showed [Ac Jc] and lost with two pair, Jacks and Threes



