PokerStars Zoom Hand #253554958340:  Hold'em No Limit ($0.05/$0.10) - 2024/11/24 20:17:53 CET [2024/11/24 14:17:53 ET]
Table 'Aludra' 6-max Seat #1 is the button
Seat 1: pinnace46 ($10.18 in chips) 
Seat 2: jun9077 ($18.81 in chips) 
Seat 3: Mahu2021 ($10 in chips) 
Seat 4: qj444 ($13.13 in chips) 
Seat 5: papat73799 ($10.37 in chips) 
Seat 6: anderson ca6 ($50.93 in chips) 
jun9077: posts small blind $0.05
Mahu2021: posts big blind $0.10
*** HOLE CARDS ***
Dealt to Mahu2021 [5d 8h]
qj444: folds 
papat73799: raises $0.10 to $0.20
anderson ca6: folds 
pinnace46: folds 
jun9077: folds 
Mahu2021: folds 
Uncalled bet ($0.10) returned to papat73799
papat73799 collected $0.25 from pot
papat73799: doesn't show hand 
*** SUMMARY ***
Total pot $0.25 | Rake $0 
Seat 1: pinnace46 (button) folded before Flop (didn't bet)
Seat 2: jun9077 (small blind) folded before Flop
Seat 3: Mahu2021 (big blind) folded before Flop
Seat 4: qj444 folded before Flop (didn't bet)
Seat 5: papat73799 collected ($0.25)
Seat 6: anderson ca6 folded before Flop (didn't bet)



PokerStars Zoom Hand #253554962136:  Hold'em No Limit ($0.05/$0.10) - 2024/11/24 20:18:04 CET [2024/11/24 14:18:04 ET]
Table 'Aludra' 6-max Seat #1 is the button
Seat 1: DEE1KAY ($24.83 in chips) 
Seat 2: Mahu2021 ($9.90 in chips) 
Seat 3: qj444 ($10.17 in chips) 
Seat 4: caco laco ($10.66 in chips) 
Seat 5: sleepwalk29 ($10.25 in chips) 
Seat 6: LuckyShyp ($6.48 in chips) 
Mahu2021: posts small blind $0.05
qj444: posts big blind $0.10
*** HOLE CARDS ***
Dealt to Mahu2021 [5h Ts]
caco laco: folds 
sleepwalk29: folds 
LuckyShyp: raises $0.25 to $0.35
DEE1KAY: calls $0.35
Mahu2021: folds 
qj444: folds 
*** FLOP *** [Jd Ac 2d]
LuckyShyp: checks 
DEE1KAY: bets $0.61
LuckyShyp: folds 
Uncalled bet ($0.61) returned to DEE1KAY
DEE1KAY collected $0.81 from pot
DEE1KAY: doesn't show hand 
*** SUMMARY ***
Total pot $0.85 | Rake $0.04 
Board [Jd Ac 2d]
Seat 1: DEE1KAY (button) collected ($0.81)
Seat 2: Mahu2021 (small blind) folded before Flop
Seat 3: qj444 (big blind) folded before Flop
Seat 4: caco laco folded before Flop (didn't bet)
Seat 5: sleepwalk29 folded before Flop (didn't bet)
Seat 6: LuckyShyp folded on the Flop



PokerStars Zoom Hand #253554964777:  Hold'em No Limit ($0.05/$0.10) - 2024/11/24 20:18:11 CET [2024/11/24 14:18:11 ET]
Table 'Aludra' 6-max Seat #1 is the button
Seat 1: Mahu2021 ($9.85 in chips) 
Seat 2: Chakman1990 ($14.49 in chips) 
Seat 3: danyboy6969 ($12.43 in chips) 
Seat 4: zambrotahagi ($19.60 in chips) 
Seat 5: apadis ($4.16 in chips) 
Seat 6: caco laco ($11.12 in chips) 
Chakman1990: posts small blind $0.05
danyboy6969: posts big blind $0.10
*** HOLE CARDS ***
Dealt to Mahu2021 [Ks 6s]
zambrotahagi: folds 
apadis: folds 
caco laco: folds 
Mahu2021: raises $0.20 to $0.30
Chakman1990: folds 
danyboy6969: calls $0.20
*** FLOP *** [Kd 3s 9s]
danyboy6969: checks 
Mahu2021: bets $0.30
danyboy6969: calls $0.30
*** TURN *** [Kd 3s 9s] [7h]
danyboy6969: checks 
Mahu2021: bets $0.30
danyboy6969: raises $2.10 to $2.40
Mahu2021: calls $2.10
*** RIVER *** [Kd 3s 9s 7h] [Kh]
danyboy6969: checks 
Mahu2021: checks 
*** SHOW DOWN ***
danyboy6969: shows [9c As] (two pair, Kings and Nines)
Mahu2021: shows [Ks 6s] (three of a kind, Kings)
Mahu2021 collected $5.78 from pot
*** SUMMARY ***
Total pot $6.05 | Rake $0.27 
Board [Kd 3s 9s 7h Kh]
Seat 1: Mahu2021 (button) showed [Ks 6s] and won ($5.78) with three of a kind, Kings
Seat 2: Chakman1990 (small blind) folded before Flop
Seat 3: danyboy6969 (big blind) showed [9c As] and lost with two pair, Kings and Nines
Seat 4: zambrotahagi folded before Flop (didn't bet)
Seat 5: apadis folded before Flop (didn't bet)
Seat 6: caco laco folded before Flop (didn't bet)



PokerStars Zoom Hand #253554963481:  Hold'em No Limit ($0.05/$0.10) - 2024/11/24 20:18:08 CET [2024/11/24 14:18:08 ET]
Table 'Aludra' 6-max Seat #1 is the button
Seat 1: Redo3112 ($9.60 in chips) 
Seat 2: zambrotahagi ($19.65 in chips) 
Seat 3: bruno5522 ($9.75 in chips) 
Seat 4: IcedTea23 ($25.12 in chips) 
Seat 5: aamsantos ($7.94 in chips) 
Seat 6: Mahu2021 ($9.85 in chips) 
zambrotahagi: posts small blind $0.05
bruno5522: posts big blind $0.10
*** HOLE CARDS ***
Dealt to Mahu2021 [4h 8c]
IcedTea23: folds 
aamsantos: folds 
Mahu2021: folds 
Redo3112: raises $0.10 to $0.20
zambrotahagi: folds 
bruno5522: calls $0.10
*** FLOP *** [6d 7c 9d]
bruno5522: checks 
Redo3112: bets $0.14
bruno5522: calls $0.14
*** TURN *** [6d 7c 9d] [Kd]
bruno5522: checks 
Redo3112: checks 
*** RIVER *** [6d 7c 9d Kd] [Qs]
bruno5522: bets $0.42
Redo3112: calls $0.42
*** SHOW DOWN ***
bruno5522: shows [9c 9s] (three of a kind, Nines)
Redo3112: mucks hand 
bruno5522 collected $1.50 from pot
*** SUMMARY ***
Total pot $1.57 | Rake $0.07 
Board [6d 7c 9d Kd Qs]
Seat 1: Redo3112 (button) mucked [Ks Jh]
Seat 2: zambrotahagi (small blind) folded before Flop
Seat 3: bruno5522 (big blind) showed [9c 9s] and won ($1.50) with three of a kind, Nines
Seat 4: IcedTea23 folded before Flop (didn't bet)
Seat 5: aamsantos folded before Flop (didn't bet)
Seat 6: Mahu2021 folded before Flop (didn't bet)



PokerStars Zoom Hand #253554978569:  Hold'em No Limit ($0.05/$0.10) - 2024/11/24 20:18:52 CET [2024/11/24 14:18:52 ET]
Table 'Aludra' 6-max Seat #1 is the button
Seat 1: Pesulle ($11.91 in chips) 
Seat 2: Loose Dollar ($11.95 in chips) 
Seat 3: Mahu2021 ($12.63 in chips) 
Seat 4: miseyukas75 ($10 in chips) 
Seat 5: Lux007804 ($12.26 in chips) 
Seat 6: danyboy6969 ($10 in chips) 
Loose Dollar: posts small blind $0.05
Mahu2021: posts big blind $0.10
*** HOLE CARDS ***
Dealt to Mahu2021 [Ad Ts]
miseyukas75: folds 
Lux007804: folds 
danyboy6969: raises $0.15 to $0.25
Pesulle: folds 
Loose Dollar: folds 
Mahu2021: calls $0.15
*** FLOP *** [2c Tc Jh]
Mahu2021: checks 
danyboy6969: bets $0.25
Mahu2021: calls $0.25
*** TURN *** [2c Tc Jh] [4s]
Mahu2021: checks 
danyboy6969: checks 
*** RIVER *** [2c Tc Jh 4s] [8d]
Mahu2021: checks 
danyboy6969: checks 
*** SHOW DOWN ***
Mahu2021: shows [Ad Ts] (a pair of Tens)
danyboy6969: mucks hand 
Mahu2021 collected $1 from pot
*** SUMMARY ***
Total pot $1.05 | Rake $0.05 
Board [2c Tc Jh 4s 8d]
Seat 1: Pesulle (button) folded before Flop (didn't bet)
Seat 2: Loose Dollar (small blind) folded before Flop
Seat 3: Mahu2021 (big blind) showed [Ad Ts] and won ($1) with a pair of Tens
Seat 4: miseyukas75 folded before Flop (didn't bet)
Seat 5: Lux007804 folded before Flop (didn't bet)
Seat 6: danyboy6969 mucked [As Qd]



PokerStars Zoom Hand #253554992061:  Hold'em No Limit ($0.05/$0.10) - 2024/11/24 20:19:32 CET [2024/11/24 14:19:32 ET]
Table 'Aludra' 6-max Seat #1 is the button
Seat 1: curtw22 ($11.50 in chips) 
Seat 2: Mahu2021 ($13.13 in chips) 
Seat 3: gligana199 ($11.57 in chips) 
Seat 4: martinwahlstrom ($17.51 in chips) 
Seat 5: aamsantos ($7.96 in chips) 
Seat 6: SuicideKingSK ($10 in chips) 
Mahu2021: posts small blind $0.05
gligana199: posts big blind $0.10
*** HOLE CARDS ***
Dealt to Mahu2021 [Qd Jc]
martinwahlstrom: folds 
aamsantos: folds 
SuicideKingSK: folds 
curtw22: folds 
Mahu2021: raises $0.20 to $0.30
gligana199: folds 
Uncalled bet ($0.20) returned to Mahu2021
Mahu2021 collected $0.20 from pot
Mahu2021: doesn't show hand 
*** SUMMARY ***
Total pot $0.20 | Rake $0 
Seat 1: curtw22 (button) folded before Flop (didn't bet)
Seat 2: Mahu2021 (small blind) collected ($0.20)
Seat 3: gligana199 (big blind) folded before Flop
Seat 4: martinwahlstrom folded before Flop (didn't bet)
Seat 5: aamsantos folded before Flop (didn't bet)
Seat 6: SuicideKingSK folded before Flop (didn't bet)



