PokerStars Hand #252675949998: Tournament #3806130131, $1.84+$0.16 USD Hold'em No Limit - Level I (10/20) - 2024/09/28 22:14:05 CET [2024/09/28 16:14:05 ET]
Table '3806130131 1' 3-max Seat #1 is the button
Seat 1: Mahu2021 (500 in chips) 
Seat 2: boddaovg (500 in chips) 
Seat 3: nicos5502 (500 in chips) 
boddaovg: posts small blind 10
nicos5502: posts big blind 20
*** HOLE CARDS ***
Dealt to Mahu2021 [As Th]
Mahu2021: raises 20 to 40
boddaovg: calls 30
nicos5502: calls 20
*** FLOP *** [4c 9c 3c]
boddaovg: checks 
nicos5502: checks 
Mahu2021: checks 
*** TURN *** [4c 9c 3c] [8s]
boddaovg: checks 
nicos5502: checks 
Mahu2021: checks 
*** RIVER *** [4c 9c 3c 8s] [8d]
boddaovg: checks 
nicos5502: bets 60
Mahu2021: folds 
boddaovg: folds 
Uncalled bet (60) returned to nicos5502
nicos5502 collected 120 from pot
*** SUMMARY ***
Total pot 120 | Rake 0 
Board [4c 9c 3c 8s 8d]
Seat 1: Mahu2021 (button) folded on the River
Seat 2: boddaovg (small blind) folded on the River
Seat 3: nicos5502 (big blind) collected (120)



PokerStars Hand #252675958210: Tournament #3806130131, $1.84+$0.16 USD Hold'em No Limit - Level I (10/20) - 2024/09/28 22:14:31 CET [2024/09/28 16:14:31 ET]
Table '3806130131 1' 3-max Seat #2 is the button
Seat 1: Mahu2021 (460 in chips) 
Seat 2: boddaovg (460 in chips) 
Seat 3: nicos5502 (580 in chips) 
nicos5502: posts small blind 10
Mahu2021: posts big blind 20
*** HOLE CARDS ***
Dealt to Mahu2021 [Tc 8s]
boddaovg: folds 
nicos5502: folds 
Uncalled bet (10) returned to Mahu2021
Mahu2021 collected 20 from pot
Mahu2021: doesn't show hand 
*** SUMMARY ***
Total pot 20 | Rake 0 
Seat 1: Mahu2021 (big blind) collected (20)
Seat 2: boddaovg (button) folded before Flop (didn't bet)
Seat 3: nicos5502 (small blind) folded before Flop



PokerStars Hand #252675959981: Tournament #3806130131, $1.84+$0.16 USD Hold'em No Limit - Level I (10/20) - 2024/09/28 22:14:37 CET [2024/09/28 16:14:37 ET]
Table '3806130131 1' 3-max Seat #3 is the button
Seat 1: Mahu2021 (470 in chips) 
Seat 2: boddaovg (460 in chips) 
Seat 3: nicos5502 (570 in chips) 
Mahu2021: posts small blind 10
boddaovg: posts big blind 20
*** HOLE CARDS ***
Dealt to Mahu2021 [Ac Qh]
nicos5502: folds 
Mahu2021: raises 20 to 40
boddaovg: calls 20
*** FLOP *** [Th 7h 8s]
Mahu2021: checks 
boddaovg: checks 
*** TURN *** [Th 7h 8s] [Td]
Mahu2021: checks 
boddaovg: checks 
*** RIVER *** [Th 7h 8s Td] [9c]
Mahu2021: bets 40
boddaovg: folds 
Uncalled bet (40) returned to Mahu2021
Mahu2021 collected 80 from pot
Mahu2021: doesn't show hand 
*** SUMMARY ***
Total pot 80 | Rake 0 
Board [Th 7h 8s Td 9c]
Seat 1: Mahu2021 (small blind) collected (80)
Seat 2: boddaovg (big blind) folded on the River
Seat 3: nicos5502 (button) folded before Flop (didn't bet)



PokerStars Hand #252675965324: Tournament #3806130131, $1.84+$0.16 USD Hold'em No Limit - Level I (10/20) - 2024/09/28 22:14:53 CET [2024/09/28 16:14:53 ET]
Table '3806130131 1' 3-max Seat #1 is the button
Seat 1: Mahu2021 (510 in chips) 
Seat 2: boddaovg (420 in chips) 
Seat 3: nicos5502 (570 in chips) 
boddaovg: posts small blind 10
nicos5502: posts big blind 20
*** HOLE CARDS ***
Dealt to Mahu2021 [9d 4d]
Mahu2021: folds 
boddaovg: raises 400 to 420 and is all-in
nicos5502: folds 
Uncalled bet (400) returned to boddaovg
boddaovg collected 40 from pot
boddaovg: doesn't show hand 
*** SUMMARY ***
Total pot 40 | Rake 0 
Seat 1: Mahu2021 (button) folded before Flop (didn't bet)
Seat 2: boddaovg (small blind) collected (40)
Seat 3: nicos5502 (big blind) folded before Flop



PokerStars Hand #252675967693: Tournament #3806130131, $1.84+$0.16 USD Hold'em No Limit - Level I (10/20) - 2024/09/28 22:15:01 CET [2024/09/28 16:15:01 ET]
Table '3806130131 1' 3-max Seat #2 is the button
Seat 1: Mahu2021 (510 in chips) 
Seat 2: boddaovg (440 in chips) 
Seat 3: nicos5502 (550 in chips) 
nicos5502: posts small blind 10
Mahu2021: posts big blind 20
*** HOLE CARDS ***
Dealt to Mahu2021 [Jd 7s]
boddaovg: calls 20
nicos5502: folds 
Mahu2021: checks 
*** FLOP *** [4s Kc Js]
Mahu2021: checks 
boddaovg: checks 
*** TURN *** [4s Kc Js] [2h]
Mahu2021: checks 
boddaovg: checks 
*** RIVER *** [4s Kc Js 2h] [3c]
Mahu2021: bets 40
boddaovg: calls 40
*** SHOW DOWN ***
Mahu2021: shows [Jd 7s] (a pair of Jacks)
boddaovg: mucks hand 
Mahu2021 collected 130 from pot
*** SUMMARY ***
Total pot 130 | Rake 0 
Board [4s Kc Js 2h 3c]
Seat 1: Mahu2021 (big blind) showed [Jd 7s] and won (130) with a pair of Jacks
Seat 2: boddaovg (button) mucked [Tc 7c]
Seat 3: nicos5502 (small blind) folded before Flop



PokerStars Hand #252675972321: Tournament #3806130131, $1.84+$0.16 USD Hold'em No Limit - Level I (10/20) - 2024/09/28 22:15:15 CET [2024/09/28 16:15:15 ET]
Table '3806130131 1' 3-max Seat #3 is the button
Seat 1: Mahu2021 (580 in chips) 
Seat 2: boddaovg (380 in chips) 
Seat 3: nicos5502 (540 in chips) 
Mahu2021: posts small blind 10
boddaovg: posts big blind 20
*** HOLE CARDS ***
Dealt to Mahu2021 [4h 2s]
nicos5502: raises 20 to 40
Mahu2021: folds 
boddaovg: calls 20
*** FLOP *** [Js 3c Qc]
boddaovg: checks 
nicos5502: bets 90
boddaovg: raises 250 to 340 and is all-in
nicos5502: folds 
Uncalled bet (250) returned to boddaovg
boddaovg collected 270 from pot
boddaovg: doesn't show hand 
*** SUMMARY ***
Total pot 270 | Rake 0 
Board [Js 3c Qc]
Seat 1: Mahu2021 (small blind) folded before Flop
Seat 2: boddaovg (big blind) collected (270)
Seat 3: nicos5502 (button) folded on the Flop



PokerStars Hand #252675977893: Tournament #3806130131, $1.84+$0.16 USD Hold'em No Limit - Level I (10/20) - 2024/09/28 22:15:33 CET [2024/09/28 16:15:33 ET]
Table '3806130131 1' 3-max Seat #1 is the button
Seat 1: Mahu2021 (570 in chips) 
Seat 2: boddaovg (520 in chips) 
Seat 3: nicos5502 (410 in chips) 
boddaovg: posts small blind 10
nicos5502: posts big blind 20
*** HOLE CARDS ***
Dealt to Mahu2021 [3c 7s]
Mahu2021: folds 
boddaovg: raises 500 to 520 and is all-in
nicos5502: calls 390 and is all-in
Uncalled bet (110) returned to boddaovg
*** FLOP *** [Qd 6h 2c]
*** TURN *** [Qd 6h 2c] [8h]
*** RIVER *** [Qd 6h 2c 8h] [4c]
*** SHOW DOWN ***
boddaovg: shows [Kh As] (high card Ace)
nicos5502: shows [Kc Ad] (high card Ace)
boddaovg collected 410 from pot
nicos5502 collected 410 from pot
*** SUMMARY ***
Total pot 820 | Rake 0 
Board [Qd 6h 2c 8h 4c]
Seat 1: Mahu2021 (button) folded before Flop (didn't bet)
Seat 2: boddaovg (small blind) showed [Kh As] and won (410) with high card Ace
Seat 3: nicos5502 (big blind) showed [Kc Ad] and won (410) with high card Ace



PokerStars Hand #252675982639: Tournament #3806130131, $1.84+$0.16 USD Hold'em No Limit - Level I (10/20) - 2024/09/28 22:15:48 CET [2024/09/28 16:15:48 ET]
Table '3806130131 1' 3-max Seat #2 is the button
Seat 1: Mahu2021 (570 in chips) 
Seat 2: boddaovg (520 in chips) 
Seat 3: nicos5502 (410 in chips) 
nicos5502: posts small blind 10
Mahu2021: posts big blind 20
*** HOLE CARDS ***
Dealt to Mahu2021 [Jd 7c]
boddaovg: folds 
nicos5502: raises 20 to 40
Mahu2021: calls 20
*** FLOP *** [4d As 5c]
nicos5502: bets 20
Mahu2021: folds 
Uncalled bet (20) returned to nicos5502
nicos5502 collected 80 from pot
nicos5502: doesn't show hand 
*** SUMMARY ***
Total pot 80 | Rake 0 
Board [4d As 5c]
Seat 1: Mahu2021 (big blind) folded on the Flop
Seat 2: boddaovg (button) folded before Flop (didn't bet)
Seat 3: nicos5502 (small blind) collected (80)



PokerStars Hand #252675986385: Tournament #3806130131, $1.84+$0.16 USD Hold'em No Limit - Level I (10/20) - 2024/09/28 22:15:59 CET [2024/09/28 16:15:59 ET]
Table '3806130131 1' 3-max Seat #3 is the button
Seat 1: Mahu2021 (530 in chips) 
Seat 2: boddaovg (520 in chips) 
Seat 3: nicos5502 (450 in chips) 
Mahu2021: posts small blind 10
boddaovg: posts big blind 20
*** HOLE CARDS ***
Dealt to Mahu2021 [Qs Ad]
nicos5502: folds 
Mahu2021: raises 20 to 40
boddaovg: raises 480 to 520 and is all-in
Mahu2021: calls 480
*** FLOP *** [7s 5h 5c]
*** TURN *** [7s 5h 5c] [5d]
*** RIVER *** [7s 5h 5c 5d] [Ks]
*** SHOW DOWN ***
Mahu2021: shows [Qs Ad] (three of a kind, Fives)
boddaovg: shows [Kd Jd] (a full house, Fives full of Kings)
boddaovg collected 1040 from pot
*** SUMMARY ***
Total pot 1040 | Rake 0 
Board [7s 5h 5c 5d Ks]
Seat 1: Mahu2021 (small blind) showed [Qs Ad] and lost with three of a kind, Fives
Seat 2: boddaovg (big blind) showed [Kd Jd] and won (1040) with a full house, Fives full of Kings
Seat 3: nicos5502 (button) folded before Flop (didn't bet)



PokerStars Hand #252675991274: Tournament #3806130131, $1.84+$0.16 USD Hold'em No Limit - Level I (10/20) - 2024/09/28 22:16:15 CET [2024/09/28 16:16:15 ET]
Table '3806130131 1' 3-max Seat #1 is the button
Seat 1: Mahu2021 (10 in chips) 
Seat 2: boddaovg (1040 in chips) 
Seat 3: nicos5502 (450 in chips) 
boddaovg: posts small blind 10
nicos5502: posts big blind 20
*** HOLE CARDS ***
Dealt to Mahu2021 [Ts Js]
Mahu2021: calls 10 and is all-in
boddaovg: calls 10
nicos5502: checks 
*** FLOP *** [8h 6d Td]
boddaovg: bets 20
nicos5502: folds 
Uncalled bet (20) returned to boddaovg
*** TURN *** [8h 6d Td] [Ah]
*** RIVER *** [8h 6d Td Ah] [2c]
*** SHOW DOWN ***
boddaovg: shows [3d Th] (a pair of Tens)
boddaovg collected 20 from side pot
Mahu2021: shows [Ts Js] (a pair of Tens - Ace+Jack kicker)
Mahu2021 collected 30 from main pot
*** SUMMARY ***
Total pot 50 Main pot 30. Side pot 20. | Rake 0 
Board [8h 6d Td Ah 2c]
Seat 1: Mahu2021 (button) showed [Ts Js] and won (30) with a pair of Tens
Seat 2: boddaovg (small blind) showed [3d Th] and won (20) with a pair of Tens
Seat 3: nicos5502 (big blind) folded on the Flop



PokerStars Hand #252675997162: Tournament #3806130131, $1.84+$0.16 USD Hold'em No Limit - Level I (10/20) - 2024/09/28 22:16:33 CET [2024/09/28 16:16:33 ET]
Table '3806130131 1' 3-max Seat #2 is the button
Seat 1: Mahu2021 (30 in chips) 
Seat 2: boddaovg (1040 in chips) 
Seat 3: nicos5502 (430 in chips) 
nicos5502: posts small blind 10
Mahu2021: posts big blind 20
*** HOLE CARDS ***
Dealt to Mahu2021 [6s 9s]
boddaovg: calls 20
nicos5502: raises 40 to 60
Mahu2021: calls 10 and is all-in
boddaovg: folds 
Uncalled bet (30) returned to nicos5502
*** FLOP *** [Ah 6h 5d]
*** TURN *** [Ah 6h 5d] [7s]
*** RIVER *** [Ah 6h 5d 7s] [Jh]
*** SHOW DOWN ***
nicos5502: shows [4c Jc] (a pair of Jacks)
Mahu2021: shows [6s 9s] (a pair of Sixes)
nicos5502 collected 80 from pot
Mahu2021 finished the tournament in 3rd place
*** SUMMARY ***
Total pot 80 | Rake 0 
Board [Ah 6h 5d 7s Jh]
Seat 1: Mahu2021 (big blind) showed [6s 9s] and lost with a pair of Sixes
Seat 2: boddaovg (button) folded before Flop
Seat 3: nicos5502 (small blind) showed [4c Jc] and won (80) with a pair of Jacks



