PokerStars Hand #254536312429: Tournament #3851213803, $4.60+$0.40 USD Hold'em No Limit - Level I (10/20) - 2025/01/24 22:43:49 CET [2025/01/24 16:43:49 ET]
Table '3851213803 1' 3-max Seat #1 is the button
Seat 1: Mahu2021 (500 in chips) 
Seat 2: 3Meras (500 in chips) 
Seat 3: stumpyjoe22 (500 in chips) 
3Meras: posts small blind 10
stumpyjoe22: posts big blind 20
*** HOLE CARDS ***
Dealt to Mahu2021 [7s 9c]
Mahu2021: folds 
3Meras: calls 10
stumpyjoe22: raises 40 to 60
3Meras: folds 
Uncalled bet (40) returned to stumpyjoe22
stumpyjoe22 collected 40 from pot
*** SUMMARY ***
Total pot 40 | Rake 0 
Seat 1: Mahu2021 (button) folded before Flop (didn't bet)
Seat 2: 3Meras (small blind) folded before Flop
Seat 3: stumpyjoe22 (big blind) collected (40)



PokerStars Hand #254536316396: Tournament #3851213803, $4.60+$0.40 USD Hold'em No Limit - Level I (10/20) - 2025/01/24 22:44:02 CET [2025/01/24 16:44:02 ET]
Table '3851213803 1' 3-max Seat #2 is the button
Seat 1: Mahu2021 (500 in chips) 
Seat 2: 3Meras (480 in chips) 
Seat 3: stumpyjoe22 (520 in chips) 
stumpyjoe22: posts small blind 10
Mahu2021: posts big blind 20
*** HOLE CARDS ***
Dealt to Mahu2021 [Jd Ad]
3Meras: folds 
stumpyjoe22: raises 20 to 40
Mahu2021: raises 80 to 120
stumpyjoe22: calls 80
*** FLOP *** [4h Th 2c]
stumpyjoe22: checks 
Mahu2021: checks 
*** TURN *** [4h Th 2c] [5c]
stumpyjoe22: checks 
Mahu2021: bets 100
stumpyjoe22: calls 100
*** RIVER *** [4h Th 2c 5c] [9c]
stumpyjoe22: checks 
Mahu2021: checks 
*** SHOW DOWN ***
stumpyjoe22: shows [5d Ac] (a pair of Fives)
Mahu2021: mucks hand 
stumpyjoe22 collected 440 from pot
*** SUMMARY ***
Total pot 440 | Rake 0 
Board [4h Th 2c 5c 9c]
Seat 1: Mahu2021 (big blind) mucked [Jd Ad]
Seat 2: 3Meras (button) folded before Flop (didn't bet)
Seat 3: stumpyjoe22 (small blind) showed [5d Ac] and won (440) with a pair of Fives



PokerStars Hand #254536326336: Tournament #3851213803, $4.60+$0.40 USD Hold'em No Limit - Level I (10/20) - 2025/01/24 22:44:35 CET [2025/01/24 16:44:35 ET]
Table '3851213803 1' 3-max Seat #3 is the button
Seat 1: Mahu2021 (280 in chips) 
Seat 2: 3Meras (480 in chips) 
Seat 3: stumpyjoe22 (740 in chips) 
Mahu2021: posts small blind 10
3Meras: posts big blind 20
*** HOLE CARDS ***
Dealt to Mahu2021 [Qh Js]
stumpyjoe22: folds 
Mahu2021: raises 40 to 60
3Meras: folds 
Uncalled bet (40) returned to Mahu2021
Mahu2021 collected 40 from pot
Mahu2021: doesn't show hand 
*** SUMMARY ***
Total pot 40 | Rake 0 
Seat 1: Mahu2021 (small blind) collected (40)
Seat 2: 3Meras (big blind) folded before Flop
Seat 3: stumpyjoe22 (button) folded before Flop (didn't bet)



PokerStars Hand #254536329154: Tournament #3851213803, $4.60+$0.40 USD Hold'em No Limit - Level I (10/20) - 2025/01/24 22:44:45 CET [2025/01/24 16:44:45 ET]
Table '3851213803 1' 3-max Seat #1 is the button
Seat 1: Mahu2021 (300 in chips) 
Seat 2: 3Meras (460 in chips) 
Seat 3: stumpyjoe22 (740 in chips) 
3Meras: posts small blind 10
stumpyjoe22: posts big blind 20
*** HOLE CARDS ***
Dealt to Mahu2021 [6d 4s]
Mahu2021: folds 
3Meras: calls 10
stumpyjoe22: checks 
*** FLOP *** [2d Js 2c]
3Meras: bets 20
stumpyjoe22: folds 
Uncalled bet (20) returned to 3Meras
3Meras collected 40 from pot
3Meras: doesn't show hand 
*** SUMMARY ***
Total pot 40 | Rake 0 
Board [2d Js 2c]
Seat 1: Mahu2021 (button) folded before Flop (didn't bet)
Seat 2: 3Meras (small blind) collected (40)
Seat 3: stumpyjoe22 (big blind) folded on the Flop



PokerStars Hand #254536334547: Tournament #3851213803, $4.60+$0.40 USD Hold'em No Limit - Level I (10/20) - 2025/01/24 22:45:02 CET [2025/01/24 16:45:02 ET]
Table '3851213803 1' 3-max Seat #2 is the button
Seat 1: Mahu2021 (300 in chips) 
Seat 2: 3Meras (480 in chips) 
Seat 3: stumpyjoe22 (720 in chips) 
stumpyjoe22: posts small blind 10
Mahu2021: posts big blind 20
*** HOLE CARDS ***
Dealt to Mahu2021 [9c 6s]
3Meras: folds 
stumpyjoe22: calls 10
Mahu2021: checks 
*** FLOP *** [Tc 4d 7d]
stumpyjoe22: bets 40
Mahu2021: folds 
Uncalled bet (40) returned to stumpyjoe22
stumpyjoe22 collected 40 from pot
*** SUMMARY ***
Total pot 40 | Rake 0 
Board [Tc 4d 7d]
Seat 1: Mahu2021 (big blind) folded on the Flop
Seat 2: 3Meras (button) folded before Flop (didn't bet)
Seat 3: stumpyjoe22 (small blind) collected (40)



PokerStars Hand #254536338476: Tournament #3851213803, $4.60+$0.40 USD Hold'em No Limit - Level I (10/20) - 2025/01/24 22:45:15 CET [2025/01/24 16:45:15 ET]
Table '3851213803 1' 3-max Seat #3 is the button
Seat 1: Mahu2021 (280 in chips) 
Seat 2: 3Meras (480 in chips) 
Seat 3: stumpyjoe22 (740 in chips) 
Mahu2021: posts small blind 10
3Meras: posts big blind 20
*** HOLE CARDS ***
Dealt to Mahu2021 [4d Kd]
stumpyjoe22: raises 20 to 40
Mahu2021: calls 30
3Meras: folds 
*** FLOP *** [9d 9s 4c]
Mahu2021: bets 240 and is all-in
stumpyjoe22: folds 
Uncalled bet (240) returned to Mahu2021
Mahu2021 collected 100 from pot
Mahu2021: doesn't show hand 
*** SUMMARY ***
Total pot 100 | Rake 0 
Board [9d 9s 4c]
Seat 1: Mahu2021 (small blind) collected (100)
Seat 2: 3Meras (big blind) folded before Flop
Seat 3: stumpyjoe22 (button) folded on the Flop



PokerStars Hand #254536343893: Tournament #3851213803, $4.60+$0.40 USD Hold'em No Limit - Level I (10/20) - 2025/01/24 22:45:32 CET [2025/01/24 16:45:32 ET]
Table '3851213803 1' 3-max Seat #1 is the button
Seat 1: Mahu2021 (340 in chips) 
Seat 2: 3Meras (460 in chips) 
Seat 3: stumpyjoe22 (700 in chips) 
3Meras: posts small blind 10
stumpyjoe22: posts big blind 20
*** HOLE CARDS ***
Dealt to Mahu2021 [6d 2s]
Mahu2021: folds 
3Meras: folds 
Uncalled bet (10) returned to stumpyjoe22
stumpyjoe22 collected 20 from pot
*** SUMMARY ***
Total pot 20 | Rake 0 
Seat 1: Mahu2021 (button) folded before Flop (didn't bet)
Seat 2: 3Meras (small blind) folded before Flop
Seat 3: stumpyjoe22 (big blind) collected (20)



PokerStars Hand #254536345942: Tournament #3851213803, $4.60+$0.40 USD Hold'em No Limit - Level I (10/20) - 2025/01/24 22:45:39 CET [2025/01/24 16:45:39 ET]
Table '3851213803 1' 3-max Seat #2 is the button
Seat 1: Mahu2021 (340 in chips) 
Seat 2: 3Meras (450 in chips) 
Seat 3: stumpyjoe22 (710 in chips) 
stumpyjoe22: posts small blind 10
Mahu2021: posts big blind 20
*** HOLE CARDS ***
Dealt to Mahu2021 [Qd As]
3Meras: raises 20 to 40
stumpyjoe22: calls 30
Mahu2021: calls 20
*** FLOP *** [2c 8h 6c]
stumpyjoe22: checks 
Mahu2021: checks 
3Meras: bets 60
stumpyjoe22: calls 60
Mahu2021: folds 
*** TURN *** [2c 8h 6c] [Th]
stumpyjoe22: checks 
3Meras: bets 140
stumpyjoe22: raises 470 to 610 and is all-in
3Meras: calls 210 and is all-in
Uncalled bet (260) returned to stumpyjoe22
*** RIVER *** [2c 8h 6c Th] [6s]
*** SHOW DOWN ***
stumpyjoe22: shows [Td Ac] (two pair, Tens and Sixes)
3Meras: shows [Ks Kd] (two pair, Kings and Sixes)
3Meras collected 940 from pot
*** SUMMARY ***
Total pot 940 | Rake 0 
Board [2c 8h 6c Th 6s]
Seat 1: Mahu2021 (big blind) folded on the Flop
Seat 2: 3Meras (button) showed [Ks Kd] and won (940) with two pair, Kings and Sixes
Seat 3: stumpyjoe22 (small blind) showed [Td Ac] and lost with two pair, Tens and Sixes



PokerStars Hand #254536358272: Tournament #3851213803, $4.60+$0.40 USD Hold'em No Limit - Level I (10/20) - 2025/01/24 22:46:19 CET [2025/01/24 16:46:19 ET]
Table '3851213803 1' 3-max Seat #3 is the button
Seat 1: Mahu2021 (300 in chips) 
Seat 2: 3Meras (940 in chips) 
Seat 3: stumpyjoe22 (260 in chips) 
Mahu2021: posts small blind 10
3Meras: posts big blind 20
*** HOLE CARDS ***
Dealt to Mahu2021 [As Jd]
stumpyjoe22: folds 
Mahu2021: raises 280 to 300 and is all-in
3Meras: folds 
Uncalled bet (280) returned to Mahu2021
Mahu2021 collected 40 from pot
Mahu2021: doesn't show hand 
*** SUMMARY ***
Total pot 40 | Rake 0 
Seat 1: Mahu2021 (small blind) collected (40)
Seat 2: 3Meras (big blind) folded before Flop
Seat 3: stumpyjoe22 (button) folded before Flop (didn't bet)



PokerStars Hand #254536361505: Tournament #3851213803, $4.60+$0.40 USD Hold'em No Limit - Level I (10/20) - 2025/01/24 22:46:29 CET [2025/01/24 16:46:29 ET]
Table '3851213803 1' 3-max Seat #1 is the button
Seat 1: Mahu2021 (320 in chips) 
Seat 2: 3Meras (920 in chips) 
Seat 3: stumpyjoe22 (260 in chips) 
3Meras: posts small blind 10
stumpyjoe22: posts big blind 20
*** HOLE CARDS ***
Dealt to Mahu2021 [2h Jh]
Mahu2021: folds 
3Meras: raises 40 to 60
stumpyjoe22: raises 200 to 260 and is all-in
3Meras: calls 200
*** FLOP *** [4h Ts 7s]
*** TURN *** [4h Ts 7s] [2s]
*** RIVER *** [4h Ts 7s 2s] [Kc]
*** SHOW DOWN ***
3Meras: shows [Ad Qh] (high card Ace)
stumpyjoe22: shows [8h Ac] (high card Ace - lower kicker)
3Meras collected 520 from pot
stumpyjoe22 finished the tournament in 3rd place
*** SUMMARY ***
Total pot 520 | Rake 0 
Board [4h Ts 7s 2s Kc]
Seat 1: Mahu2021 (button) folded before Flop (didn't bet)
Seat 2: 3Meras (small blind) showed [Ad Qh] and won (520) with high card Ace
Seat 3: stumpyjoe22 (big blind) showed [8h Ac] and lost with high card Ace



PokerStars Hand #254536367704: Tournament #3851213803, $4.60+$0.40 USD Hold'em No Limit - Level I (10/20) - 2025/01/24 22:46:49 CET [2025/01/24 16:46:49 ET]
Table '3851213803 1' 3-max Seat #2 is the button
Seat 1: Mahu2021 (320 in chips) 
Seat 2: 3Meras (1180 in chips) 
3Meras: posts small blind 10
Mahu2021: posts big blind 20
*** HOLE CARDS ***
Dealt to Mahu2021 [7d Kh]
3Meras: calls 10
Mahu2021: checks 
*** FLOP *** [Ad Jh 4c]
Mahu2021: checks 
3Meras: bets 20
Mahu2021: folds 
Uncalled bet (20) returned to 3Meras
3Meras collected 40 from pot
3Meras: doesn't show hand 
*** SUMMARY ***
Total pot 40 | Rake 0 
Board [Ad Jh 4c]
Seat 1: Mahu2021 (big blind) folded on the Flop
Seat 2: 3Meras (button) (small blind) collected (40)



PokerStars Hand #254536371518: Tournament #3851213803, $4.60+$0.40 USD Hold'em No Limit - Level II (15/30) - 2025/01/24 22:47:02 CET [2025/01/24 16:47:02 ET]
Table '3851213803 1' 3-max Seat #1 is the button
Seat 1: Mahu2021 (300 in chips) 
Seat 2: 3Meras (1200 in chips) 
Mahu2021: posts small blind 15
3Meras: posts big blind 30
*** HOLE CARDS ***
Dealt to Mahu2021 [Ks Qs]
Mahu2021: raises 60 to 90
3Meras: folds 
Uncalled bet (60) returned to Mahu2021
Mahu2021 collected 60 from pot
Mahu2021: doesn't show hand 
*** SUMMARY ***
Total pot 60 | Rake 0 
Seat 1: Mahu2021 (button) (small blind) collected (60)
Seat 2: 3Meras (big blind) folded before Flop



PokerStars Hand #254536373453: Tournament #3851213803, $4.60+$0.40 USD Hold'em No Limit - Level II (15/30) - 2025/01/24 22:47:08 CET [2025/01/24 16:47:08 ET]
Table '3851213803 1' 3-max Seat #2 is the button
Seat 1: Mahu2021 (330 in chips) 
Seat 2: 3Meras (1170 in chips) 
3Meras: posts small blind 15
Mahu2021: posts big blind 30
*** HOLE CARDS ***
Dealt to Mahu2021 [Kc 3h]
3Meras: calls 15
Mahu2021: checks 
*** FLOP *** [Kh Ks 7c]
Mahu2021: checks 
3Meras: bets 30
Mahu2021: calls 30
*** TURN *** [Kh Ks 7c] [7h]
Mahu2021: checks 
3Meras: bets 60
Mahu2021: raises 60 to 120
3Meras: folds 
Uncalled bet (60) returned to Mahu2021
Mahu2021 collected 240 from pot
Mahu2021: doesn't show hand 
*** SUMMARY ***
Total pot 240 | Rake 0 
Board [Kh Ks 7c 7h]
Seat 1: Mahu2021 (big blind) collected (240)
Seat 2: 3Meras (button) (small blind) folded on the Turn



PokerStars Hand #254536378901: Tournament #3851213803, $4.60+$0.40 USD Hold'em No Limit - Level II (15/30) - 2025/01/24 22:47:26 CET [2025/01/24 16:47:26 ET]
Table '3851213803 1' 3-max Seat #1 is the button
Seat 1: Mahu2021 (450 in chips) 
Seat 2: 3Meras (1050 in chips) 
Mahu2021: posts small blind 15
3Meras: posts big blind 30
*** HOLE CARDS ***
Dealt to Mahu2021 [4c Jh]
Mahu2021: calls 15
3Meras: raises 30 to 60
Mahu2021: calls 30
*** FLOP *** [8d 5h 5c]
3Meras: checks 
Mahu2021: checks 
*** TURN *** [8d 5h 5c] [6s]
3Meras: bets 90
Mahu2021: folds 
Uncalled bet (90) returned to 3Meras
3Meras collected 120 from pot
3Meras: doesn't show hand 
*** SUMMARY ***
Total pot 120 | Rake 0 
Board [8d 5h 5c 6s]
Seat 1: Mahu2021 (button) (small blind) folded on the Turn
Seat 2: 3Meras (big blind) collected (120)



PokerStars Hand #254536384378: Tournament #3851213803, $4.60+$0.40 USD Hold'em No Limit - Level II (15/30) - 2025/01/24 22:47:44 CET [2025/01/24 16:47:44 ET]
Table '3851213803 1' 3-max Seat #2 is the button
Seat 1: Mahu2021 (390 in chips) 
Seat 2: 3Meras (1110 in chips) 
3Meras: posts small blind 15
Mahu2021: posts big blind 30
*** HOLE CARDS ***
Dealt to Mahu2021 [5h 5c]
3Meras: raises 30 to 60
Mahu2021: raises 330 to 390 and is all-in
3Meras: calls 330
*** FLOP *** [9s 2c 7s]
*** TURN *** [9s 2c 7s] [2d]
*** RIVER *** [9s 2c 7s 2d] [3s]
*** SHOW DOWN ***
Mahu2021: shows [5h 5c] (two pair, Fives and Deuces)
3Meras: shows [4h Ah] (a pair of Deuces)
Mahu2021 collected 780 from pot
*** SUMMARY ***
Total pot 780 | Rake 0 
Board [9s 2c 7s 2d 3s]
Seat 1: Mahu2021 (big blind) showed [5h 5c] and won (780) with two pair, Fives and Deuces
Seat 2: 3Meras (button) (small blind) showed [4h Ah] and lost with a pair of Deuces



PokerStars Hand #254536388845: Tournament #3851213803, $4.60+$0.40 USD Hold'em No Limit - Level II (15/30) - 2025/01/24 22:47:58 CET [2025/01/24 16:47:58 ET]
Table '3851213803 1' 3-max Seat #1 is the button
Seat 1: Mahu2021 (780 in chips) 
Seat 2: 3Meras (720 in chips) 
Mahu2021: posts small blind 15
3Meras: posts big blind 30
*** HOLE CARDS ***
Dealt to Mahu2021 [Kd Qd]
Mahu2021: raises 60 to 90
3Meras: folds 
Uncalled bet (60) returned to Mahu2021
Mahu2021 collected 60 from pot
Mahu2021: doesn't show hand 
*** SUMMARY ***
Total pot 60 | Rake 0 
Seat 1: Mahu2021 (button) (small blind) collected (60)
Seat 2: 3Meras (big blind) folded before Flop



PokerStars Hand #254536391471: Tournament #3851213803, $4.60+$0.40 USD Hold'em No Limit - Level II (15/30) - 2025/01/24 22:48:07 CET [2025/01/24 16:48:07 ET]
Table '3851213803 1' 3-max Seat #2 is the button
Seat 1: Mahu2021 (810 in chips) 
Seat 2: 3Meras (690 in chips) 
3Meras: posts small blind 15
Mahu2021: posts big blind 30
*** HOLE CARDS ***
Dealt to Mahu2021 [Qh 8h]
3Meras: calls 15
Mahu2021: checks 
*** FLOP *** [6h 5c Td]
Mahu2021: checks 
3Meras: bets 30
Mahu2021: calls 30
*** TURN *** [6h 5c Td] [8d]
Mahu2021: checks 
3Meras: bets 30
Mahu2021: calls 30
*** RIVER *** [6h 5c Td 8d] [Kc]
Mahu2021: checks 
3Meras: checks 
*** SHOW DOWN ***
Mahu2021: shows [Qh 8h] (a pair of Eights)
3Meras: mucks hand 
Mahu2021 collected 180 from pot
*** SUMMARY ***
Total pot 180 | Rake 0 
Board [6h 5c Td 8d Kc]
Seat 1: Mahu2021 (big blind) showed [Qh 8h] and won (180) with a pair of Eights
Seat 2: 3Meras (button) (small blind) mucked [4h 5h]



PokerStars Hand #254536396164: Tournament #3851213803, $4.60+$0.40 USD Hold'em No Limit - Level II (15/30) - 2025/01/24 22:48:22 CET [2025/01/24 16:48:22 ET]
Table '3851213803 1' 3-max Seat #1 is the button
Seat 1: Mahu2021 (900 in chips) 
Seat 2: 3Meras (600 in chips) 
Mahu2021: posts small blind 15
3Meras: posts big blind 30
*** HOLE CARDS ***
Dealt to Mahu2021 [9d 6c]
Mahu2021: calls 15
3Meras: raises 60 to 90
Mahu2021: folds 
Uncalled bet (60) returned to 3Meras
3Meras collected 60 from pot
3Meras: doesn't show hand 
*** SUMMARY ***
Total pot 60 | Rake 0 
Seat 1: Mahu2021 (button) (small blind) folded before Flop
Seat 2: 3Meras (big blind) collected (60)



PokerStars Hand #254536398990: Tournament #3851213803, $4.60+$0.40 USD Hold'em No Limit - Level II (15/30) - 2025/01/24 22:48:32 CET [2025/01/24 16:48:32 ET]
Table '3851213803 1' 3-max Seat #2 is the button
Seat 1: Mahu2021 (870 in chips) 
Seat 2: 3Meras (630 in chips) 
3Meras: posts small blind 15
Mahu2021: posts big blind 30
*** HOLE CARDS ***
Dealt to Mahu2021 [4d Jd]
3Meras: calls 15
Mahu2021: checks 
*** FLOP *** [8h 3s 3d]
Mahu2021: checks 
3Meras: bets 30
Mahu2021: folds 
Uncalled bet (30) returned to 3Meras
3Meras collected 60 from pot
3Meras: doesn't show hand 
*** SUMMARY ***
Total pot 60 | Rake 0 
Board [8h 3s 3d]
Seat 1: Mahu2021 (big blind) folded on the Flop
Seat 2: 3Meras (button) (small blind) collected (60)



PokerStars Hand #254536402017: Tournament #3851213803, $4.60+$0.40 USD Hold'em No Limit - Level II (15/30) - 2025/01/24 22:48:41 CET [2025/01/24 16:48:41 ET]
Table '3851213803 1' 3-max Seat #1 is the button
Seat 1: Mahu2021 (840 in chips) 
Seat 2: 3Meras (660 in chips) 
Mahu2021: posts small blind 15
3Meras: posts big blind 30
*** HOLE CARDS ***
Dealt to Mahu2021 [7c 5h]
Mahu2021: calls 15
3Meras: checks 
*** FLOP *** [6d 3d 5s]
3Meras: checks 
Mahu2021: bets 30
3Meras: calls 30
*** TURN *** [6d 3d 5s] [Kh]
3Meras: checks 
Mahu2021: bets 120
3Meras: folds 
Uncalled bet (120) returned to Mahu2021
Mahu2021 collected 120 from pot
Mahu2021: doesn't show hand 
*** SUMMARY ***
Total pot 120 | Rake 0 
Board [6d 3d 5s Kh]
Seat 1: Mahu2021 (button) (small blind) collected (120)
Seat 2: 3Meras (big blind) folded on the Turn



PokerStars Hand #254536411292: Tournament #3851213803, $4.60+$0.40 USD Hold'em No Limit - Level II (15/30) - 2025/01/24 22:49:12 CET [2025/01/24 16:49:12 ET]
Table '3851213803 1' 3-max Seat #2 is the button
Seat 1: Mahu2021 (900 in chips) 
Seat 2: 3Meras (600 in chips) 
3Meras: posts small blind 15
Mahu2021: posts big blind 30
*** HOLE CARDS ***
Dealt to Mahu2021 [6s 4s]
3Meras: calls 15
Mahu2021: checks 
*** FLOP *** [Qh Qs As]
Mahu2021: checks 
3Meras: bets 30
Mahu2021: calls 30
*** TURN *** [Qh Qs As] [Kc]
Mahu2021: checks 
3Meras: checks 
*** RIVER *** [Qh Qs As Kc] [Ah]
Mahu2021: bets 120
3Meras: calls 120
*** SHOW DOWN ***
Mahu2021: shows [6s 4s] (two pair, Aces and Queens)
3Meras: shows [Td Ks] (two pair, Aces and Kings)
3Meras collected 360 from pot
*** SUMMARY ***
Total pot 360 | Rake 0 
Board [Qh Qs As Kc Ah]
Seat 1: Mahu2021 (big blind) showed [6s 4s] and lost with two pair, Aces and Queens
Seat 2: 3Meras (button) (small blind) showed [Td Ks] and won (360) with two pair, Aces and Kings



PokerStars Hand #254536416806: Tournament #3851213803, $4.60+$0.40 USD Hold'em No Limit - Level II (15/30) - 2025/01/24 22:49:30 CET [2025/01/24 16:49:30 ET]
Table '3851213803 1' 3-max Seat #1 is the button
Seat 1: Mahu2021 (720 in chips) 
Seat 2: 3Meras (780 in chips) 
Mahu2021: posts small blind 15
3Meras: posts big blind 30
*** HOLE CARDS ***
Dealt to Mahu2021 [Jc Kc]
Mahu2021: raises 60 to 90
3Meras: folds 
Uncalled bet (60) returned to Mahu2021
Mahu2021 collected 60 from pot
Mahu2021: doesn't show hand 
*** SUMMARY ***
Total pot 60 | Rake 0 
Seat 1: Mahu2021 (button) (small blind) collected (60)
Seat 2: 3Meras (big blind) folded before Flop



PokerStars Hand #254536419946: Tournament #3851213803, $4.60+$0.40 USD Hold'em No Limit - Level II (15/30) - 2025/01/24 22:49:40 CET [2025/01/24 16:49:40 ET]
Table '3851213803 1' 3-max Seat #2 is the button
Seat 1: Mahu2021 (750 in chips) 
Seat 2: 3Meras (750 in chips) 
3Meras: posts small blind 15
Mahu2021: posts big blind 30
*** HOLE CARDS ***
Dealt to Mahu2021 [5c 5h]
3Meras: calls 15
Mahu2021: raises 90 to 120
3Meras: folds 
Uncalled bet (90) returned to Mahu2021
Mahu2021 collected 60 from pot
Mahu2021: doesn't show hand 
*** SUMMARY ***
Total pot 60 | Rake 0 
Seat 1: Mahu2021 (big blind) collected (60)
Seat 2: 3Meras (button) (small blind) folded before Flop



PokerStars Hand #254536422821: Tournament #3851213803, $4.60+$0.40 USD Hold'em No Limit - Level II (15/30) - 2025/01/24 22:49:49 CET [2025/01/24 16:49:49 ET]
Table '3851213803 1' 3-max Seat #1 is the button
Seat 1: Mahu2021 (780 in chips) 
Seat 2: 3Meras (720 in chips) 
Mahu2021: posts small blind 15
3Meras: posts big blind 30
*** HOLE CARDS ***
Dealt to Mahu2021 [7h 2h]
Mahu2021: folds 
Uncalled bet (15) returned to 3Meras
3Meras collected 30 from pot
3Meras: doesn't show hand 
*** SUMMARY ***
Total pot 30 | Rake 0 
Seat 1: Mahu2021 (button) (small blind) folded before Flop
Seat 2: 3Meras (big blind) collected (30)



PokerStars Hand #254536425264: Tournament #3851213803, $4.60+$0.40 USD Hold'em No Limit - Level III (20/40) - 2025/01/24 22:49:57 CET [2025/01/24 16:49:57 ET]
Table '3851213803 1' 3-max Seat #2 is the button
Seat 1: Mahu2021 (765 in chips) 
Seat 2: 3Meras (735 in chips) 
3Meras: posts small blind 20
Mahu2021: posts big blind 40
*** HOLE CARDS ***
Dealt to Mahu2021 [Jd 9s]
3Meras: calls 20
Mahu2021: checks 
*** FLOP *** [6d 5c 4h]
Mahu2021: checks 
3Meras: bets 40
Mahu2021: folds 
Uncalled bet (40) returned to 3Meras
3Meras collected 80 from pot
3Meras: doesn't show hand 
*** SUMMARY ***
Total pot 80 | Rake 0 
Board [6d 5c 4h]
Seat 1: Mahu2021 (big blind) folded on the Flop
Seat 2: 3Meras (button) (small blind) collected (80)



PokerStars Hand #254536428046: Tournament #3851213803, $4.60+$0.40 USD Hold'em No Limit - Level III (20/40) - 2025/01/24 22:50:06 CET [2025/01/24 16:50:06 ET]
Table '3851213803 1' 3-max Seat #1 is the button
Seat 1: Mahu2021 (725 in chips) 
Seat 2: 3Meras (775 in chips) 
Mahu2021: posts small blind 20
3Meras: posts big blind 40
*** HOLE CARDS ***
Dealt to Mahu2021 [Ah 2h]
Mahu2021: raises 40 to 80
3Meras: folds 
Uncalled bet (40) returned to Mahu2021
Mahu2021 collected 80 from pot
Mahu2021: doesn't show hand 
*** SUMMARY ***
Total pot 80 | Rake 0 
Seat 1: Mahu2021 (button) (small blind) collected (80)
Seat 2: 3Meras (big blind) folded before Flop



PokerStars Hand #254536432369: Tournament #3851213803, $4.60+$0.40 USD Hold'em No Limit - Level III (20/40) - 2025/01/24 22:50:21 CET [2025/01/24 16:50:21 ET]
Table '3851213803 1' 3-max Seat #2 is the button
Seat 1: Mahu2021 (765 in chips) 
Seat 2: 3Meras (735 in chips) 
3Meras: posts small blind 20
Mahu2021: posts big blind 40
*** HOLE CARDS ***
Dealt to Mahu2021 [Ks 8s]
3Meras: calls 20
Mahu2021: raises 80 to 120
3Meras: folds 
Uncalled bet (80) returned to Mahu2021
Mahu2021 collected 80 from pot
Mahu2021: doesn't show hand 
*** SUMMARY ***
Total pot 80 | Rake 0 
Seat 1: Mahu2021 (big blind) collected (80)
Seat 2: 3Meras (button) (small blind) folded before Flop



PokerStars Hand #254536435301: Tournament #3851213803, $4.60+$0.40 USD Hold'em No Limit - Level III (20/40) - 2025/01/24 22:50:30 CET [2025/01/24 16:50:30 ET]
Table '3851213803 1' 3-max Seat #1 is the button
Seat 1: Mahu2021 (805 in chips) 
Seat 2: 3Meras (695 in chips) 
Mahu2021: posts small blind 20
3Meras: posts big blind 40
*** HOLE CARDS ***
Dealt to Mahu2021 [Th 6s]
Mahu2021: calls 20
3Meras: checks 
*** FLOP *** [7c 9s 7h]
3Meras: checks 
Mahu2021: checks 
*** TURN *** [7c 9s 7h] [Js]
3Meras: bets 80
Mahu2021: folds 
Uncalled bet (80) returned to 3Meras
3Meras collected 80 from pot
3Meras: doesn't show hand 
*** SUMMARY ***
Total pot 80 | Rake 0 
Board [7c 9s 7h Js]
Seat 1: Mahu2021 (button) (small blind) folded on the Turn
Seat 2: 3Meras (big blind) collected (80)



PokerStars Hand #254536440905: Tournament #3851213803, $4.60+$0.40 USD Hold'em No Limit - Level III (20/40) - 2025/01/24 22:50:48 CET [2025/01/24 16:50:48 ET]
Table '3851213803 1' 3-max Seat #2 is the button
Seat 1: Mahu2021 (765 in chips) 
Seat 2: 3Meras (735 in chips) 
3Meras: posts small blind 20
Mahu2021: posts big blind 40
*** HOLE CARDS ***
Dealt to Mahu2021 [Jd 8s]
3Meras: calls 20
Mahu2021: checks 
*** FLOP *** [3d Ah 5c]
Mahu2021: checks 
3Meras: bets 40
Mahu2021: folds 
Uncalled bet (40) returned to 3Meras
3Meras collected 80 from pot
3Meras: doesn't show hand 
*** SUMMARY ***
Total pot 80 | Rake 0 
Board [3d Ah 5c]
Seat 1: Mahu2021 (big blind) folded on the Flop
Seat 2: 3Meras (button) (small blind) collected (80)



PokerStars Hand #254536443835: Tournament #3851213803, $4.60+$0.40 USD Hold'em No Limit - Level III (20/40) - 2025/01/24 22:50:58 CET [2025/01/24 16:50:58 ET]
Table '3851213803 1' 3-max Seat #1 is the button
Seat 1: Mahu2021 (725 in chips) 
Seat 2: 3Meras (775 in chips) 
Mahu2021: posts small blind 20
3Meras: posts big blind 40
*** HOLE CARDS ***
Dealt to Mahu2021 [As Jc]
Mahu2021: raises 40 to 80
3Meras: folds 
Uncalled bet (40) returned to Mahu2021
Mahu2021 collected 80 from pot
Mahu2021: doesn't show hand 
*** SUMMARY ***
Total pot 80 | Rake 0 
Seat 1: Mahu2021 (button) (small blind) collected (80)
Seat 2: 3Meras (big blind) folded before Flop



PokerStars Hand #254536446641: Tournament #3851213803, $4.60+$0.40 USD Hold'em No Limit - Level III (20/40) - 2025/01/24 22:51:07 CET [2025/01/24 16:51:07 ET]
Table '3851213803 1' 3-max Seat #2 is the button
Seat 1: Mahu2021 (765 in chips) 
Seat 2: 3Meras (735 in chips) 
3Meras: posts small blind 20
Mahu2021: posts big blind 40
*** HOLE CARDS ***
Dealt to Mahu2021 [9c Js]
3Meras: calls 20
Mahu2021: checks 
*** FLOP *** [4s 7d 8s]
Mahu2021: checks 
3Meras: bets 40
Mahu2021: calls 40
*** TURN *** [4s 7d 8s] [8d]
Mahu2021: checks 
3Meras: checks 
*** RIVER *** [4s 7d 8s 8d] [7s]
Mahu2021: bets 80
3Meras: calls 80
*** SHOW DOWN ***
Mahu2021: shows [9c Js] (two pair, Eights and Sevens)
3Meras: shows [3h As] (two pair, Eights and Sevens - Ace kicker)
3Meras collected 320 from pot
*** SUMMARY ***
Total pot 320 | Rake 0 
Board [4s 7d 8s 8d 7s]
Seat 1: Mahu2021 (big blind) showed [9c Js] and lost with two pair, Eights and Sevens
Seat 2: 3Meras (button) (small blind) showed [3h As] and won (320) with two pair, Eights and Sevens



PokerStars Hand #254536451616: Tournament #3851213803, $4.60+$0.40 USD Hold'em No Limit - Level III (20/40) - 2025/01/24 22:51:24 CET [2025/01/24 16:51:24 ET]
Table '3851213803 1' 3-max Seat #1 is the button
Seat 1: Mahu2021 (605 in chips) 
Seat 2: 3Meras (895 in chips) 
Mahu2021: posts small blind 20
3Meras: posts big blind 40
*** HOLE CARDS ***
Dealt to Mahu2021 [4c Kh]
Mahu2021: calls 20
3Meras: checks 
*** FLOP *** [5c Qh 5d]
3Meras: checks 
Mahu2021: checks 
*** TURN *** [5c Qh 5d] [3h]
3Meras: bets 40
Mahu2021: calls 40
*** RIVER *** [5c Qh 5d 3h] [5s]
3Meras: checks 
Mahu2021: checks 
*** SHOW DOWN ***
3Meras: shows [6d 4d] (three of a kind, Fives)
Mahu2021: shows [4c Kh] (three of a kind, Fives - King kicker)
Mahu2021 collected 160 from pot
*** SUMMARY ***
Total pot 160 | Rake 0 
Board [5c Qh 5d 3h 5s]
Seat 1: Mahu2021 (button) (small blind) showed [4c Kh] and won (160) with three of a kind, Fives
Seat 2: 3Meras (big blind) showed [6d 4d] and lost with three of a kind, Fives



PokerStars Hand #254536457724: Tournament #3851213803, $4.60+$0.40 USD Hold'em No Limit - Level III (20/40) - 2025/01/24 22:51:44 CET [2025/01/24 16:51:44 ET]
Table '3851213803 1' 3-max Seat #2 is the button
Seat 1: Mahu2021 (685 in chips) 
Seat 2: 3Meras (815 in chips) 
3Meras: posts small blind 20
Mahu2021: posts big blind 40
*** HOLE CARDS ***
Dealt to Mahu2021 [7s 5c]
3Meras: calls 20
Mahu2021: checks 
*** FLOP *** [Qs 8h 7h]
Mahu2021: checks 
3Meras: bets 40
Mahu2021: calls 40
*** TURN *** [Qs 8h 7h] [9d]
Mahu2021: checks 
3Meras: bets 80
Mahu2021: folds 
Uncalled bet (80) returned to 3Meras
3Meras collected 160 from pot
3Meras: doesn't show hand 
*** SUMMARY ***
Total pot 160 | Rake 0 
Board [Qs 8h 7h 9d]
Seat 1: Mahu2021 (big blind) folded on the Turn
Seat 2: 3Meras (button) (small blind) collected (160)



PokerStars Hand #254536463921: Tournament #3851213803, $4.60+$0.40 USD Hold'em No Limit - Level III (20/40) - 2025/01/24 22:52:04 CET [2025/01/24 16:52:04 ET]
Table '3851213803 1' 3-max Seat #1 is the button
Seat 1: Mahu2021 (605 in chips) 
Seat 2: 3Meras (895 in chips) 
Mahu2021: posts small blind 20
3Meras: posts big blind 40
*** HOLE CARDS ***
Dealt to Mahu2021 [Qs 9d]
Mahu2021: raises 40 to 80
3Meras: calls 40
*** FLOP *** [5d 4s Ts]
3Meras: checks 
Mahu2021: checks 
*** TURN *** [5d 4s Ts] [Ks]
3Meras: bets 80
Mahu2021: calls 80
*** RIVER *** [5d 4s Ts Ks] [Ah]
3Meras: checks 
Mahu2021: bets 445 and is all-in
3Meras: folds 
Uncalled bet (445) returned to Mahu2021
Mahu2021 collected 320 from pot
Mahu2021: doesn't show hand 
*** SUMMARY ***
Total pot 320 | Rake 0 
Board [5d 4s Ts Ks Ah]
Seat 1: Mahu2021 (button) (small blind) collected (320)
Seat 2: 3Meras (big blind) folded on the River



PokerStars Hand #254536469793: Tournament #3851213803, $4.60+$0.40 USD Hold'em No Limit - Level III (20/40) - 2025/01/24 22:52:23 CET [2025/01/24 16:52:23 ET]
Table '3851213803 1' 3-max Seat #2 is the button
Seat 1: Mahu2021 (765 in chips) 
Seat 2: 3Meras (735 in chips) 
3Meras: posts small blind 20
Mahu2021: posts big blind 40
*** HOLE CARDS ***
Dealt to Mahu2021 [3s 2s]
3Meras: calls 20
Mahu2021: checks 
*** FLOP *** [7d Td 9h]
Mahu2021: checks 
3Meras: bets 40
Mahu2021: folds 
Uncalled bet (40) returned to 3Meras
3Meras collected 80 from pot
3Meras: doesn't show hand 
*** SUMMARY ***
Total pot 80 | Rake 0 
Board [7d Td 9h]
Seat 1: Mahu2021 (big blind) folded on the Flop
Seat 2: 3Meras (button) (small blind) collected (80)



PokerStars Hand #254536473139: Tournament #3851213803, $4.60+$0.40 USD Hold'em No Limit - Level III (20/40) - 2025/01/24 22:52:34 CET [2025/01/24 16:52:34 ET]
Table '3851213803 1' 3-max Seat #1 is the button
Seat 1: Mahu2021 (725 in chips) 
Seat 2: 3Meras (775 in chips) 
Mahu2021: posts small blind 20
3Meras: posts big blind 40
*** HOLE CARDS ***
Dealt to Mahu2021 [Kc 5d]
Mahu2021: raises 40 to 80
3Meras: calls 40
*** FLOP *** [6d 2h 5s]
3Meras: checks 
Mahu2021: bets 40
3Meras: calls 40
*** TURN *** [6d 2h 5s] [9d]
3Meras: checks 
Mahu2021: bets 40
3Meras: calls 40
*** RIVER *** [6d 2h 5s 9d] [5h]
3Meras: checks 
Mahu2021: bets 320
3Meras: folds 
Uncalled bet (320) returned to Mahu2021
Mahu2021 collected 320 from pot
Mahu2021: doesn't show hand 
*** SUMMARY ***
Total pot 320 | Rake 0 
Board [6d 2h 5s 9d 5h]
Seat 1: Mahu2021 (button) (small blind) collected (320)
Seat 2: 3Meras (big blind) folded on the River



PokerStars Hand #254536482891: Tournament #3851213803, $4.60+$0.40 USD Hold'em No Limit - Level IV (30/60) - 2025/01/24 22:53:06 CET [2025/01/24 16:53:06 ET]
Table '3851213803 1' 3-max Seat #2 is the button
Seat 1: Mahu2021 (885 in chips) 
Seat 2: 3Meras (615 in chips) 
3Meras: posts small blind 30
Mahu2021: posts big blind 60
*** HOLE CARDS ***
Dealt to Mahu2021 [3h 9s]
3Meras: raises 555 to 615 and is all-in
Mahu2021: folds 
Uncalled bet (555) returned to 3Meras
3Meras collected 120 from pot
3Meras: doesn't show hand 
*** SUMMARY ***
Total pot 120 | Rake 0 
Seat 1: Mahu2021 (big blind) folded before Flop
Seat 2: 3Meras (button) (small blind) collected (120)



PokerStars Hand #254536484652: Tournament #3851213803, $4.60+$0.40 USD Hold'em No Limit - Level IV (30/60) - 2025/01/24 22:53:12 CET [2025/01/24 16:53:12 ET]
Table '3851213803 1' 3-max Seat #1 is the button
Seat 1: Mahu2021 (825 in chips) 
Seat 2: 3Meras (675 in chips) 
Mahu2021: posts small blind 30
3Meras: posts big blind 60
*** HOLE CARDS ***
Dealt to Mahu2021 [5c 4c]
Mahu2021: calls 30
3Meras: raises 615 to 675 and is all-in
Mahu2021: folds 
Uncalled bet (615) returned to 3Meras
3Meras collected 120 from pot
3Meras: doesn't show hand 
*** SUMMARY ***
Total pot 120 | Rake 0 
Seat 1: Mahu2021 (button) (small blind) folded before Flop
Seat 2: 3Meras (big blind) collected (120)



PokerStars Hand #254536486865: Tournament #3851213803, $4.60+$0.40 USD Hold'em No Limit - Level IV (30/60) - 2025/01/24 22:53:19 CET [2025/01/24 16:53:19 ET]
Table '3851213803 1' 3-max Seat #2 is the button
Seat 1: Mahu2021 (765 in chips) 
Seat 2: 3Meras (735 in chips) 
3Meras: posts small blind 30
Mahu2021: posts big blind 60
*** HOLE CARDS ***
Dealt to Mahu2021 [9c 2c]
3Meras: calls 30
Mahu2021: checks 
*** FLOP *** [4d 5d 6d]
Mahu2021: checks 
3Meras: bets 60
Mahu2021: folds 
Uncalled bet (60) returned to 3Meras
3Meras collected 120 from pot
3Meras: doesn't show hand 
*** SUMMARY ***
Total pot 120 | Rake 0 
Board [4d 5d 6d]
Seat 1: Mahu2021 (big blind) folded on the Flop
Seat 2: 3Meras (button) (small blind) collected (120)



PokerStars Hand #254536490136: Tournament #3851213803, $4.60+$0.40 USD Hold'em No Limit - Level IV (30/60) - 2025/01/24 22:53:29 CET [2025/01/24 16:53:29 ET]
Table '3851213803 1' 3-max Seat #1 is the button
Seat 1: Mahu2021 (705 in chips) 
Seat 2: 3Meras (795 in chips) 
Mahu2021: posts small blind 30
3Meras: posts big blind 60
*** HOLE CARDS ***
Dealt to Mahu2021 [8h 6s]
Mahu2021: folds 
Uncalled bet (30) returned to 3Meras
3Meras collected 60 from pot
3Meras: doesn't show hand 
*** SUMMARY ***
Total pot 60 | Rake 0 
Seat 1: Mahu2021 (button) (small blind) folded before Flop
Seat 2: 3Meras (big blind) collected (60)



PokerStars Hand #254536491776: Tournament #3851213803, $4.60+$0.40 USD Hold'em No Limit - Level IV (30/60) - 2025/01/24 22:53:35 CET [2025/01/24 16:53:35 ET]
Table '3851213803 1' 3-max Seat #2 is the button
Seat 1: Mahu2021 (675 in chips) 
Seat 2: 3Meras (825 in chips) 
3Meras: posts small blind 30
Mahu2021: posts big blind 60
*** HOLE CARDS ***
Dealt to Mahu2021 [4s Jc]
3Meras: raises 60 to 120
Mahu2021: folds 
Uncalled bet (60) returned to 3Meras
3Meras collected 120 from pot
3Meras: doesn't show hand 
*** SUMMARY ***
Total pot 120 | Rake 0 
Seat 1: Mahu2021 (big blind) folded before Flop
Seat 2: 3Meras (button) (small blind) collected (120)



PokerStars Hand #254536493800: Tournament #3851213803, $4.60+$0.40 USD Hold'em No Limit - Level IV (30/60) - 2025/01/24 22:53:41 CET [2025/01/24 16:53:41 ET]
Table '3851213803 1' 3-max Seat #1 is the button
Seat 1: Mahu2021 (615 in chips) 
Seat 2: 3Meras (885 in chips) 
Mahu2021: posts small blind 30
3Meras: posts big blind 60
*** HOLE CARDS ***
Dealt to Mahu2021 [Qd Qs]
Mahu2021: calls 30
3Meras: raises 825 to 885 and is all-in
Mahu2021: calls 555 and is all-in
Uncalled bet (270) returned to 3Meras
*** FLOP *** [8c 7c 8h]
*** TURN *** [8c 7c 8h] [Kc]
*** RIVER *** [8c 7c 8h Kc] [2d]
*** SHOW DOWN ***
3Meras: shows [As 4c] (a pair of Eights)
Mahu2021: shows [Qd Qs] (two pair, Queens and Eights)
Mahu2021 collected 1230 from pot
*** SUMMARY ***
Total pot 1230 | Rake 0 
Board [8c 7c 8h Kc 2d]
Seat 1: Mahu2021 (button) (small blind) showed [Qd Qs] and won (1230) with two pair, Queens and Eights
Seat 2: 3Meras (big blind) showed [As 4c] and lost with a pair of Eights



PokerStars Hand #254536498454: Tournament #3851213803, $4.60+$0.40 USD Hold'em No Limit - Level IV (30/60) - 2025/01/24 22:53:56 CET [2025/01/24 16:53:56 ET]
Table '3851213803 1' 3-max Seat #2 is the button
Seat 1: Mahu2021 (1230 in chips) 
Seat 2: 3Meras (270 in chips) 
3Meras: posts small blind 30
Mahu2021: posts big blind 60
*** HOLE CARDS ***
Dealt to Mahu2021 [6c Jc]
3Meras: folds 
Uncalled bet (30) returned to Mahu2021
Mahu2021 collected 60 from pot
Mahu2021: doesn't show hand 
*** SUMMARY ***
Total pot 60 | Rake 0 
Seat 1: Mahu2021 (big blind) collected (60)
Seat 2: 3Meras (button) (small blind) folded before Flop



PokerStars Hand #254536500977: Tournament #3851213803, $4.60+$0.40 USD Hold'em No Limit - Level IV (30/60) - 2025/01/24 22:54:05 CET [2025/01/24 16:54:05 ET]
Table '3851213803 1' 3-max Seat #1 is the button
Seat 1: Mahu2021 (1260 in chips) 
Seat 2: 3Meras (240 in chips) 
Mahu2021: posts small blind 30
3Meras: posts big blind 60
*** HOLE CARDS ***
Dealt to Mahu2021 [6h As]
Mahu2021: raises 180 to 240
3Meras: folds 
Uncalled bet (180) returned to Mahu2021
Mahu2021 collected 120 from pot
Mahu2021: doesn't show hand 
*** SUMMARY ***
Total pot 120 | Rake 0 
Seat 1: Mahu2021 (button) (small blind) collected (120)
Seat 2: 3Meras (big blind) folded before Flop



PokerStars Hand #254536502980: Tournament #3851213803, $4.60+$0.40 USD Hold'em No Limit - Level IV (30/60) - 2025/01/24 22:54:11 CET [2025/01/24 16:54:11 ET]
Table '3851213803 1' 3-max Seat #2 is the button
Seat 1: Mahu2021 (1320 in chips) 
Seat 2: 3Meras (180 in chips) 
3Meras: posts small blind 30
Mahu2021: posts big blind 60
*** HOLE CARDS ***
Dealt to Mahu2021 [2h 7h]
3Meras: folds 
Uncalled bet (30) returned to Mahu2021
Mahu2021 collected 60 from pot
Mahu2021: doesn't show hand 
*** SUMMARY ***
Total pot 60 | Rake 0 
Seat 1: Mahu2021 (big blind) collected (60)
Seat 2: 3Meras (button) (small blind) folded before Flop



PokerStars Hand #254536504328: Tournament #3851213803, $4.60+$0.40 USD Hold'em No Limit - Level IV (30/60) - 2025/01/24 22:54:16 CET [2025/01/24 16:54:16 ET]
Table '3851213803 1' 3-max Seat #1 is the button
Seat 1: Mahu2021 (1350 in chips) 
Seat 2: 3Meras (150 in chips) 
Mahu2021: posts small blind 30
3Meras: posts big blind 60
*** HOLE CARDS ***
Dealt to Mahu2021 [Th Qs]
Mahu2021: raises 120 to 180
3Meras: calls 90 and is all-in
Uncalled bet (30) returned to Mahu2021
*** FLOP *** [4s 8s 9c]
*** TURN *** [4s 8s 9c] [Ad]
*** RIVER *** [4s 8s 9c Ad] [7s]
*** SHOW DOWN ***
3Meras: shows [Ks 8h] (a pair of Eights)
Mahu2021: shows [Th Qs] (high card Ace)
3Meras collected 300 from pot
*** SUMMARY ***
Total pot 300 | Rake 0 
Board [4s 8s 9c Ad 7s]
Seat 1: Mahu2021 (button) (small blind) showed [Th Qs] and lost with high card Ace
Seat 2: 3Meras (big blind) showed [Ks 8h] and won (300) with a pair of Eights



PokerStars Hand #254536508130: Tournament #3851213803, $4.60+$0.40 USD Hold'em No Limit - Level IV (30/60) - 2025/01/24 22:54:28 CET [2025/01/24 16:54:28 ET]
Table '3851213803 1' 3-max Seat #2 is the button
Seat 1: Mahu2021 (1200 in chips) 
Seat 2: 3Meras (300 in chips) 
3Meras: posts small blind 30
Mahu2021: posts big blind 60
*** HOLE CARDS ***
Dealt to Mahu2021 [Qs 3s]
3Meras: folds 
Uncalled bet (30) returned to Mahu2021
Mahu2021 collected 60 from pot
Mahu2021: doesn't show hand 
*** SUMMARY ***
Total pot 60 | Rake 0 
Seat 1: Mahu2021 (big blind) collected (60)
Seat 2: 3Meras (button) (small blind) folded before Flop



PokerStars Hand #254536510081: Tournament #3851213803, $4.60+$0.40 USD Hold'em No Limit - Level IV (30/60) - 2025/01/24 22:54:34 CET [2025/01/24 16:54:34 ET]
Table '3851213803 1' 3-max Seat #1 is the button
Seat 1: Mahu2021 (1230 in chips) 
Seat 2: 3Meras (270 in chips) 
Mahu2021: posts small blind 30
3Meras: posts big blind 60
*** HOLE CARDS ***
Dealt to Mahu2021 [Ts 3c]
Mahu2021: folds 
Uncalled bet (30) returned to 3Meras
3Meras collected 60 from pot
3Meras: doesn't show hand 
*** SUMMARY ***
Total pot 60 | Rake 0 
Seat 1: Mahu2021 (button) (small blind) folded before Flop
Seat 2: 3Meras (big blind) collected (60)



PokerStars Hand #254536512148: Tournament #3851213803, $4.60+$0.40 USD Hold'em No Limit - Level IV (30/60) - 2025/01/24 22:54:41 CET [2025/01/24 16:54:41 ET]
Table '3851213803 1' 3-max Seat #2 is the button
Seat 1: Mahu2021 (1200 in chips) 
Seat 2: 3Meras (300 in chips) 
3Meras: posts small blind 30
Mahu2021: posts big blind 60
*** HOLE CARDS ***
Dealt to Mahu2021 [Jd 7c]
3Meras: raises 240 to 300 and is all-in
Mahu2021: folds 
Uncalled bet (240) returned to 3Meras
3Meras collected 120 from pot
3Meras: doesn't show hand 
*** SUMMARY ***
Total pot 120 | Rake 0 
Seat 1: Mahu2021 (big blind) folded before Flop
Seat 2: 3Meras (button) (small blind) collected (120)



PokerStars Hand #254536514181: Tournament #3851213803, $4.60+$0.40 USD Hold'em No Limit - Level IV (30/60) - 2025/01/24 22:54:48 CET [2025/01/24 16:54:48 ET]
Table '3851213803 1' 3-max Seat #1 is the button
Seat 1: Mahu2021 (1140 in chips) 
Seat 2: 3Meras (360 in chips) 
Mahu2021: posts small blind 30
3Meras: posts big blind 60
*** HOLE CARDS ***
Dealt to Mahu2021 [Js 5c]
Mahu2021: calls 30
3Meras: checks 
*** FLOP *** [9c 5s Qd]
3Meras: checks 
Mahu2021: bets 60
3Meras: folds 
Uncalled bet (60) returned to Mahu2021
Mahu2021 collected 120 from pot
Mahu2021: doesn't show hand 
*** SUMMARY ***
Total pot 120 | Rake 0 
Board [9c 5s Qd]
Seat 1: Mahu2021 (button) (small blind) collected (120)
Seat 2: 3Meras (big blind) folded on the Flop



PokerStars Hand #254536517150: Tournament #3851213803, $4.60+$0.40 USD Hold'em No Limit - Level IV (30/60) - 2025/01/24 22:54:57 CET [2025/01/24 16:54:57 ET]
Table '3851213803 1' 3-max Seat #2 is the button
Seat 1: Mahu2021 (1200 in chips) 
Seat 2: 3Meras (300 in chips) 
3Meras: posts small blind 30
Mahu2021: posts big blind 60
*** HOLE CARDS ***
Dealt to Mahu2021 [Td 5h]
3Meras: folds 
Uncalled bet (30) returned to Mahu2021
Mahu2021 collected 60 from pot
Mahu2021: doesn't show hand 
*** SUMMARY ***
Total pot 60 | Rake 0 
Seat 1: Mahu2021 (big blind) collected (60)
Seat 2: 3Meras (button) (small blind) folded before Flop



PokerStars Hand #254536518681: Tournament #3851213803, $4.60+$0.40 USD Hold'em No Limit - Level IV (30/60) - 2025/01/24 22:55:02 CET [2025/01/24 16:55:02 ET]
Table '3851213803 1' 3-max Seat #1 is the button
Seat 1: Mahu2021 (1230 in chips) 
Seat 2: 3Meras (270 in chips) 
Mahu2021: posts small blind 30
3Meras: posts big blind 60
*** HOLE CARDS ***
Dealt to Mahu2021 [6c 4h]
Mahu2021: folds 
Uncalled bet (30) returned to 3Meras
3Meras collected 60 from pot
3Meras: doesn't show hand 
*** SUMMARY ***
Total pot 60 | Rake 0 
Seat 1: Mahu2021 (button) (small blind) folded before Flop
Seat 2: 3Meras (big blind) collected (60)



PokerStars Hand #254536520214: Tournament #3851213803, $4.60+$0.40 USD Hold'em No Limit - Level IV (30/60) - 2025/01/24 22:55:08 CET [2025/01/24 16:55:08 ET]
Table '3851213803 1' 3-max Seat #2 is the button
Seat 1: Mahu2021 (1200 in chips) 
Seat 2: 3Meras (300 in chips) 
3Meras: posts small blind 30
Mahu2021: posts big blind 60
*** HOLE CARDS ***
Dealt to Mahu2021 [6h 9h]
3Meras: raises 240 to 300 and is all-in
Mahu2021: folds 
Uncalled bet (240) returned to 3Meras
3Meras collected 120 from pot
3Meras: doesn't show hand 
*** SUMMARY ***
Total pot 120 | Rake 0 
Seat 1: Mahu2021 (big blind) folded before Flop
Seat 2: 3Meras (button) (small blind) collected (120)



PokerStars Hand #254536522088: Tournament #3851213803, $4.60+$0.40 USD Hold'em No Limit - Level IV (30/60) - 2025/01/24 22:55:14 CET [2025/01/24 16:55:14 ET]
Table '3851213803 1' 3-max Seat #1 is the button
Seat 1: Mahu2021 (1140 in chips) 
Seat 2: 3Meras (360 in chips) 
Mahu2021: posts small blind 30
3Meras: posts big blind 60
*** HOLE CARDS ***
Dealt to Mahu2021 [Ts 9d]
Mahu2021: calls 30
3Meras: raises 300 to 360 and is all-in
Mahu2021: folds 
Uncalled bet (300) returned to 3Meras
3Meras collected 120 from pot
3Meras: doesn't show hand 
*** SUMMARY ***
Total pot 120 | Rake 0 
Seat 1: Mahu2021 (button) (small blind) folded before Flop
Seat 2: 3Meras (big blind) collected (120)



PokerStars Hand #254536524819: Tournament #3851213803, $4.60+$0.40 USD Hold'em No Limit - Level IV (30/60) - 2025/01/24 22:55:26 CET [2025/01/24 16:55:26 ET]
Table '3851213803 1' 3-max Seat #2 is the button
Seat 1: Mahu2021 (1080 in chips) 
Seat 2: 3Meras (420 in chips) 
3Meras: posts small blind 30
Mahu2021: posts big blind 60
*** HOLE CARDS ***
Dealt to Mahu2021 [4h Qc]
3Meras: folds 
Uncalled bet (30) returned to Mahu2021
Mahu2021 collected 60 from pot
Mahu2021: doesn't show hand 
*** SUMMARY ***
Total pot 60 | Rake 0 
Seat 1: Mahu2021 (big blind) collected (60)
Seat 2: 3Meras (button) (small blind) folded before Flop



PokerStars Hand #254536525877: Tournament #3851213803, $4.60+$0.40 USD Hold'em No Limit - Level IV (30/60) - 2025/01/24 22:55:30 CET [2025/01/24 16:55:30 ET]
Table '3851213803 1' 3-max Seat #1 is the button
Seat 1: Mahu2021 (1110 in chips) 
Seat 2: 3Meras (390 in chips) 
Mahu2021: posts small blind 30
3Meras: posts big blind 60
*** HOLE CARDS ***
Dealt to Mahu2021 [4c Ks]
Mahu2021: calls 30
3Meras: checks 
*** FLOP *** [9c 5c 4d]
3Meras: checks 
Mahu2021: bets 60
3Meras: folds 
Uncalled bet (60) returned to Mahu2021
Mahu2021 collected 120 from pot
Mahu2021: doesn't show hand 
*** SUMMARY ***
Total pot 120 | Rake 0 
Board [9c 5c 4d]
Seat 1: Mahu2021 (button) (small blind) collected (120)
Seat 2: 3Meras (big blind) folded on the Flop



PokerStars Hand #254536528350: Tournament #3851213803, $4.60+$0.40 USD Hold'em No Limit - Level IV (30/60) - 2025/01/24 22:55:41 CET [2025/01/24 16:55:41 ET]
Table '3851213803 1' 3-max Seat #2 is the button
Seat 1: Mahu2021 (1170 in chips) 
Seat 2: 3Meras (330 in chips) 
3Meras: posts small blind 30
Mahu2021: posts big blind 60
*** HOLE CARDS ***
Dealt to Mahu2021 [6d Qc]
3Meras: folds 
Uncalled bet (30) returned to Mahu2021
Mahu2021 collected 60 from pot
Mahu2021: doesn't show hand 
*** SUMMARY ***
Total pot 60 | Rake 0 
Seat 1: Mahu2021 (big blind) collected (60)
Seat 2: 3Meras (button) (small blind) folded before Flop



PokerStars Hand #254536529657: Tournament #3851213803, $4.60+$0.40 USD Hold'em No Limit - Level IV (30/60) - 2025/01/24 22:55:47 CET [2025/01/24 16:55:47 ET]
Table '3851213803 1' 3-max Seat #1 is the button
Seat 1: Mahu2021 (1200 in chips) 
Seat 2: 3Meras (300 in chips) 
Mahu2021: posts small blind 30
3Meras: posts big blind 60
*** HOLE CARDS ***
Dealt to Mahu2021 [2h 3s]
Mahu2021: folds 
Uncalled bet (30) returned to 3Meras
3Meras collected 60 from pot
3Meras: doesn't show hand 
*** SUMMARY ***
Total pot 60 | Rake 0 
Seat 1: Mahu2021 (button) (small blind) folded before Flop
Seat 2: 3Meras (big blind) collected (60)



PokerStars Hand #254536531474: Tournament #3851213803, $4.60+$0.40 USD Hold'em No Limit - Level V (40/80) - 2025/01/24 22:55:55 CET [2025/01/24 16:55:55 ET]
Table '3851213803 1' 3-max Seat #2 is the button
Seat 1: Mahu2021 (1170 in chips) 
Seat 2: 3Meras (330 in chips) 
3Meras: posts small blind 40
Mahu2021: posts big blind 80
*** HOLE CARDS ***
Dealt to Mahu2021 [Kd As]
3Meras: folds 
Uncalled bet (40) returned to Mahu2021
Mahu2021 collected 80 from pot
Mahu2021: doesn't show hand 
*** SUMMARY ***
Total pot 80 | Rake 0 
Seat 1: Mahu2021 (big blind) collected (80)
Seat 2: 3Meras (button) (small blind) folded before Flop



PokerStars Hand #254536533307: Tournament #3851213803, $4.60+$0.40 USD Hold'em No Limit - Level V (40/80) - 2025/01/24 22:56:03 CET [2025/01/24 16:56:03 ET]
Table '3851213803 1' 3-max Seat #1 is the button
Seat 1: Mahu2021 (1210 in chips) 
Seat 2: 3Meras (290 in chips) 
Mahu2021: posts small blind 40
3Meras: posts big blind 80
*** HOLE CARDS ***
Dealt to Mahu2021 [6h Js]
Mahu2021: calls 40
3Meras: raises 210 to 290 and is all-in
Mahu2021: folds 
Uncalled bet (210) returned to 3Meras
3Meras collected 160 from pot
3Meras: doesn't show hand 
*** SUMMARY ***
Total pot 160 | Rake 0 
Seat 1: Mahu2021 (button) (small blind) folded before Flop
Seat 2: 3Meras (big blind) collected (160)



PokerStars Hand #254536535569: Tournament #3851213803, $4.60+$0.40 USD Hold'em No Limit - Level V (40/80) - 2025/01/24 22:56:13 CET [2025/01/24 16:56:13 ET]
Table '3851213803 1' 3-max Seat #2 is the button
Seat 1: Mahu2021 (1130 in chips) 
Seat 2: 3Meras (370 in chips) 
3Meras: posts small blind 40
Mahu2021: posts big blind 80
*** HOLE CARDS ***
Dealt to Mahu2021 [4h Tc]
3Meras: raises 290 to 370 and is all-in
Mahu2021: folds 
Uncalled bet (290) returned to 3Meras
3Meras collected 160 from pot
3Meras: doesn't show hand 
*** SUMMARY ***
Total pot 160 | Rake 0 
Seat 1: Mahu2021 (big blind) folded before Flop
Seat 2: 3Meras (button) (small blind) collected (160)



PokerStars Hand #254536536738: Tournament #3851213803, $4.60+$0.40 USD Hold'em No Limit - Level V (40/80) - 2025/01/24 22:56:18 CET [2025/01/24 16:56:18 ET]
Table '3851213803 1' 3-max Seat #1 is the button
Seat 1: Mahu2021 (1050 in chips) 
Seat 2: 3Meras (450 in chips) 
Mahu2021: posts small blind 40
3Meras: posts big blind 80
*** HOLE CARDS ***
Dealt to Mahu2021 [9s Qd]
Mahu2021: raises 80 to 160
3Meras: folds 
Uncalled bet (80) returned to Mahu2021
Mahu2021 collected 160 from pot
Mahu2021: doesn't show hand 
*** SUMMARY ***
Total pot 160 | Rake 0 
Seat 1: Mahu2021 (button) (small blind) collected (160)
Seat 2: 3Meras (big blind) folded before Flop



PokerStars Hand #254536538224: Tournament #3851213803, $4.60+$0.40 USD Hold'em No Limit - Level V (40/80) - 2025/01/24 22:56:25 CET [2025/01/24 16:56:25 ET]
Table '3851213803 1' 3-max Seat #2 is the button
Seat 1: Mahu2021 (1130 in chips) 
Seat 2: 3Meras (370 in chips) 
3Meras: posts small blind 40
Mahu2021: posts big blind 80
*** HOLE CARDS ***
Dealt to Mahu2021 [5c Qs]
3Meras: raises 290 to 370 and is all-in
Mahu2021: folds 
Uncalled bet (290) returned to 3Meras
3Meras collected 160 from pot
3Meras: doesn't show hand 
*** SUMMARY ***
Total pot 160 | Rake 0 
Seat 1: Mahu2021 (big blind) folded before Flop
Seat 2: 3Meras (button) (small blind) collected (160)



PokerStars Hand #254536539615: Tournament #3851213803, $4.60+$0.40 USD Hold'em No Limit - Level V (40/80) - 2025/01/24 22:56:31 CET [2025/01/24 16:56:31 ET]
Table '3851213803 1' 3-max Seat #1 is the button
Seat 1: Mahu2021 (1050 in chips) 
Seat 2: 3Meras (450 in chips) 
Mahu2021: posts small blind 40
3Meras: posts big blind 80
*** HOLE CARDS ***
Dealt to Mahu2021 [9h Ts]
Mahu2021: raises 80 to 160
3Meras: folds 
Uncalled bet (80) returned to Mahu2021
Mahu2021 collected 160 from pot
Mahu2021: doesn't show hand 
*** SUMMARY ***
Total pot 160 | Rake 0 
Seat 1: Mahu2021 (button) (small blind) collected (160)
Seat 2: 3Meras (big blind) folded before Flop



PokerStars Hand #254536541158: Tournament #3851213803, $4.60+$0.40 USD Hold'em No Limit - Level V (40/80) - 2025/01/24 22:56:37 CET [2025/01/24 16:56:37 ET]
Table '3851213803 1' 3-max Seat #2 is the button
Seat 1: Mahu2021 (1130 in chips) 
Seat 2: 3Meras (370 in chips) 
3Meras: posts small blind 40
Mahu2021: posts big blind 80
*** HOLE CARDS ***
Dealt to Mahu2021 [Ad 9d]
3Meras: folds 
Uncalled bet (40) returned to Mahu2021
Mahu2021 collected 80 from pot
Mahu2021: doesn't show hand 
*** SUMMARY ***
Total pot 80 | Rake 0 
Seat 1: Mahu2021 (big blind) collected (80)
Seat 2: 3Meras (button) (small blind) folded before Flop



PokerStars Hand #254536542223: Tournament #3851213803, $4.60+$0.40 USD Hold'em No Limit - Level V (40/80) - 2025/01/24 22:56:42 CET [2025/01/24 16:56:42 ET]
Table '3851213803 1' 3-max Seat #1 is the button
Seat 1: Mahu2021 (1170 in chips) 
Seat 2: 3Meras (330 in chips) 
Mahu2021: posts small blind 40
3Meras: posts big blind 80
*** HOLE CARDS ***
Dealt to Mahu2021 [Jd 6d]
Mahu2021: raises 80 to 160
3Meras: folds 
Uncalled bet (80) returned to Mahu2021
Mahu2021 collected 160 from pot
Mahu2021: doesn't show hand 
*** SUMMARY ***
Total pot 160 | Rake 0 
Seat 1: Mahu2021 (button) (small blind) collected (160)
Seat 2: 3Meras (big blind) folded before Flop



PokerStars Hand #254536543803: Tournament #3851213803, $4.60+$0.40 USD Hold'em No Limit - Level V (40/80) - 2025/01/24 22:56:49 CET [2025/01/24 16:56:49 ET]
Table '3851213803 1' 3-max Seat #2 is the button
Seat 1: Mahu2021 (1250 in chips) 
Seat 2: 3Meras (250 in chips) 
3Meras: posts small blind 40
Mahu2021: posts big blind 80
*** HOLE CARDS ***
Dealt to Mahu2021 [As 2h]
3Meras: raises 170 to 250 and is all-in
Mahu2021: calls 170
*** FLOP *** [3s Js 6d]
*** TURN *** [3s Js 6d] [2d]
*** RIVER *** [3s Js 6d 2d] [4s]
*** SHOW DOWN ***
Mahu2021: shows [As 2h] (a pair of Deuces)
3Meras: shows [Tc Jd] (a pair of Jacks)
3Meras collected 500 from pot
*** SUMMARY ***
Total pot 500 | Rake 0 
Board [3s Js 6d 2d 4s]
Seat 1: Mahu2021 (big blind) showed [As 2h] and lost with a pair of Deuces
Seat 2: 3Meras (button) (small blind) showed [Tc Jd] and won (500) with a pair of Jacks



PokerStars Hand #254536546444: Tournament #3851213803, $4.60+$0.40 USD Hold'em No Limit - Level V (40/80) - 2025/01/24 22:57:01 CET [2025/01/24 16:57:01 ET]
Table '3851213803 1' 3-max Seat #1 is the button
Seat 1: Mahu2021 (1000 in chips) 
Seat 2: 3Meras (500 in chips) 
Mahu2021: posts small blind 40
3Meras: posts big blind 80
*** HOLE CARDS ***
Dealt to Mahu2021 [Kd Kc]
Mahu2021: calls 40
3Meras: raises 420 to 500 and is all-in
Mahu2021: calls 420
*** FLOP *** [Qh Ts Ac]
*** TURN *** [Qh Ts Ac] [Th]
*** RIVER *** [Qh Ts Ac Th] [9s]
*** SHOW DOWN ***
3Meras: shows [8h 9d] (two pair, Tens and Nines)
Mahu2021: shows [Kd Kc] (two pair, Kings and Tens)
Mahu2021 collected 1000 from pot
3Meras finished the tournament in 2nd place
Mahu2021 wins the tournament and receives $15.00 - congratulations!
*** SUMMARY ***
Total pot 1000 | Rake 0 
Board [Qh Ts Ac Th 9s]
Seat 1: Mahu2021 (button) (small blind) showed [Kd Kc] and won (1000) with two pair, Kings and Tens
Seat 2: 3Meras (big blind) showed [8h 9d] and lost with two pair, Tens and Nines



