PokerStars Hand #249171205038: Tournament #3722985891, $1.84+$0.16 USD Hold'em No Limit - Level I (10/20) - 2024/03/01 8:03:53 CET [2024/03/01 2:03:53 ET]
Table '3722985891 1' 3-max Seat #1 is the button
Seat 1: Mahu2021 (500 in chips) 
Seat 2: JakattaN (500 in chips) 
Seat 3: Cjohan0711 (500 in chips) 
JakattaN: posts small blind 10
Cjohan0711: posts big blind 20
*** HOLE CARDS ***
Dealt to Mahu2021 [4s 8h]
Mahu2021: folds 
JakattaN: folds 
Uncalled bet (10) returned to Cjohan0711
Cjohan0711 collected 20 from pot
*** SUMMARY ***
Total pot 20 | Rake 0 
Seat 1: Mahu2021 (button) folded before Flop (didn't bet)
Seat 2: JakattaN (small blind) folded before Flop
Seat 3: Cjohan0711 (big blind) collected (20)



PokerStars Hand #249171205671: Tournament #3722985891, $1.84+$0.16 USD Hold'em No Limit - Level I (10/20) - 2024/03/01 8:04:00 CET [2024/03/01 2:04:00 ET]
Table '3722985891 1' 3-max Seat #2 is the button
Seat 1: Mahu2021 (500 in chips) 
Seat 2: JakattaN (490 in chips) 
Seat 3: Cjohan0711 (510 in chips) 
Cjohan0711: posts small blind 10
Mahu2021: posts big blind 20
*** HOLE CARDS ***
Dealt to Mahu2021 [Ts 9c]
JakattaN: raises 20 to 40
Cjohan0711: folds 
Mahu2021: calls 20
*** FLOP *** [7d 6c 8s]
Mahu2021: checks 
JakattaN: checks 
*** TURN *** [7d 6c 8s] [Jc]
Mahu2021: checks 
JakattaN: bets 45
Mahu2021: raises 55 to 100
JakattaN: calls 55
*** RIVER *** [7d 6c 8s Jc] [Ah]
Mahu2021: bets 290
JakattaN: calls 290
*** SHOW DOWN ***
Mahu2021: shows [Ts 9c] (a straight, Seven to Jack)
JakattaN: mucks hand 
Mahu2021 collected 870 from pot
*** SUMMARY ***
Total pot 870 | Rake 0 
Board [7d 6c 8s Jc Ah]
Seat 1: Mahu2021 (big blind) showed [Ts 9c] and won (870) with a straight, Seven to Jack
Seat 2: JakattaN (button) mucked [As Jd]
Seat 3: Cjohan0711 (small blind) folded before Flop



PokerStars Hand #249171208323: Tournament #3722985891, $1.84+$0.16 USD Hold'em No Limit - Level I (10/20) - 2024/03/01 8:04:28 CET [2024/03/01 2:04:28 ET]
Table '3722985891 1' 3-max Seat #3 is the button
Seat 1: Mahu2021 (940 in chips) 
Seat 2: JakattaN (60 in chips) 
Seat 3: Cjohan0711 (500 in chips) 
Mahu2021: posts small blind 10
JakattaN: posts big blind 20
*** HOLE CARDS ***
Dealt to Mahu2021 [9s Qc]
Cjohan0711: raises 40 to 60
Mahu2021: calls 50
JakattaN: calls 40 and is all-in
*** FLOP *** [4d Kc 9d]
Mahu2021: checks 
Cjohan0711: bets 440 and is all-in
Mahu2021: folds 
Uncalled bet (440) returned to Cjohan0711
*** TURN *** [4d Kc 9d] [Jd]
*** RIVER *** [4d Kc 9d Jd] [8d]
*** SHOW DOWN ***
JakattaN: shows [9c 4s] (two pair, Nines and Fours)
Cjohan0711: shows [Ah Ac] (a pair of Aces)
JakattaN collected 180 from pot
*** SUMMARY ***
Total pot 180 | Rake 0 
Board [4d Kc 9d Jd 8d]
Seat 1: Mahu2021 (small blind) folded on the Flop
Seat 2: JakattaN (big blind) showed [9c 4s] and won (180) with two pair, Nines and Fours
Seat 3: Cjohan0711 (button) showed [Ah Ac] and lost with a pair of Aces



PokerStars Hand #249171210378: Tournament #3722985891, $1.84+$0.16 USD Hold'em No Limit - Level I (10/20) - 2024/03/01 8:04:50 CET [2024/03/01 2:04:50 ET]
Table '3722985891 1' 3-max Seat #1 is the button
Seat 1: Mahu2021 (880 in chips) 
Seat 2: JakattaN (180 in chips) 
Seat 3: Cjohan0711 (440 in chips) 
JakattaN: posts small blind 10
Cjohan0711: posts big blind 20
*** HOLE CARDS ***
Dealt to Mahu2021 [7h As]
Mahu2021: calls 20
JakattaN: calls 10
Cjohan0711: raises 420 to 440 and is all-in
Mahu2021: folds 
JakattaN: folds 
Uncalled bet (420) returned to Cjohan0711
Cjohan0711 collected 60 from pot
*** SUMMARY ***
Total pot 60 | Rake 0 
Seat 1: Mahu2021 (button) folded before Flop
Seat 2: JakattaN (small blind) folded before Flop
Seat 3: Cjohan0711 (big blind) collected (60)



PokerStars Hand #249171211986: Tournament #3722985891, $1.84+$0.16 USD Hold'em No Limit - Level I (10/20) - 2024/03/01 8:05:07 CET [2024/03/01 2:05:07 ET]
Table '3722985891 1' 3-max Seat #2 is the button
Seat 1: Mahu2021 (860 in chips) 
Seat 2: JakattaN (160 in chips) 
Seat 3: Cjohan0711 (480 in chips) 
Cjohan0711: posts small blind 10
Mahu2021: posts big blind 20
*** HOLE CARDS ***
Dealt to Mahu2021 [Qc Ah]
JakattaN: folds 
Cjohan0711: calls 10
Mahu2021: raises 60 to 80
Cjohan0711: calls 60
*** FLOP *** [Kd 4d 2c]
Cjohan0711: checks 
Mahu2021: bets 80
Cjohan0711: raises 320 to 400 and is all-in
Mahu2021: folds 
Uncalled bet (320) returned to Cjohan0711
Cjohan0711 collected 320 from pot
*** SUMMARY ***
Total pot 320 | Rake 0 
Board [Kd 4d 2c]
Seat 1: Mahu2021 (big blind) folded on the Flop
Seat 2: JakattaN (button) folded before Flop (didn't bet)
Seat 3: Cjohan0711 (small blind) collected (320)



PokerStars Hand #249171214197: Tournament #3722985891, $1.84+$0.16 USD Hold'em No Limit - Level I (10/20) - 2024/03/01 8:05:31 CET [2024/03/01 2:05:31 ET]
Table '3722985891 1' 3-max Seat #3 is the button
Seat 1: Mahu2021 (700 in chips) 
Seat 2: JakattaN (160 in chips) 
Seat 3: Cjohan0711 (640 in chips) 
Mahu2021: posts small blind 10
JakattaN: posts big blind 20
*** HOLE CARDS ***
Dealt to Mahu2021 [9c 5s]
Cjohan0711: folds 
Mahu2021: folds 
Uncalled bet (10) returned to JakattaN
JakattaN collected 20 from pot
*** SUMMARY ***
Total pot 20 | Rake 0 
Seat 1: Mahu2021 (small blind) folded before Flop
Seat 2: JakattaN (big blind) collected (20)
Seat 3: Cjohan0711 (button) folded before Flop (didn't bet)



PokerStars Hand #249171214749: Tournament #3722985891, $1.84+$0.16 USD Hold'em No Limit - Level I (10/20) - 2024/03/01 8:05:37 CET [2024/03/01 2:05:37 ET]
Table '3722985891 1' 3-max Seat #1 is the button
Seat 1: Mahu2021 (690 in chips) 
Seat 2: JakattaN (170 in chips) 
Seat 3: Cjohan0711 (640 in chips) 
JakattaN: posts small blind 10
Cjohan0711: posts big blind 20
*** HOLE CARDS ***
Dealt to Mahu2021 [Jd Ac]
Mahu2021: calls 20
JakattaN: folds 
Cjohan0711: checks 
*** FLOP *** [4s 2d 8s]
Cjohan0711: checks 
Mahu2021: checks 
*** TURN *** [4s 2d 8s] [9c]
Cjohan0711: checks 
Mahu2021: checks 
*** RIVER *** [4s 2d 8s 9c] [3s]
Cjohan0711: checks 
Mahu2021: checks 
*** SHOW DOWN ***
Cjohan0711: shows [Td 7h] (high card Ten)
Mahu2021: shows [Jd Ac] (high card Ace)
Mahu2021 collected 50 from pot
*** SUMMARY ***
Total pot 50 | Rake 0 
Board [4s 2d 8s 9c 3s]
Seat 1: Mahu2021 (button) showed [Jd Ac] and won (50) with high card Ace
Seat 2: JakattaN (small blind) folded before Flop
Seat 3: Cjohan0711 (big blind) showed [Td 7h] and lost with high card Ten



PokerStars Hand #249171216945: Tournament #3722985891, $1.84+$0.16 USD Hold'em No Limit - Level II (15/30) - 2024/03/01 8:06:00 CET [2024/03/01 2:06:00 ET]
Table '3722985891 1' 3-max Seat #2 is the button
Seat 1: Mahu2021 (720 in chips) 
Seat 2: JakattaN (160 in chips) 
Seat 3: Cjohan0711 (620 in chips) 
Cjohan0711: posts small blind 15
Mahu2021: posts big blind 30
*** HOLE CARDS ***
Dealt to Mahu2021 [7d 9h]
JakattaN: folds 
Cjohan0711: calls 15
Mahu2021: checks 
*** FLOP *** [Ah 8h Tc]
Cjohan0711: checks 
Mahu2021: bets 60
Cjohan0711: folds 
Uncalled bet (60) returned to Mahu2021
Mahu2021 collected 60 from pot
Mahu2021: doesn't show hand 
*** SUMMARY ***
Total pot 60 | Rake 0 
Board [Ah 8h Tc]
Seat 1: Mahu2021 (big blind) collected (60)
Seat 2: JakattaN (button) folded before Flop (didn't bet)
Seat 3: Cjohan0711 (small blind) folded on the Flop



PokerStars Hand #249171218517: Tournament #3722985891, $1.84+$0.16 USD Hold'em No Limit - Level II (15/30) - 2024/03/01 8:06:17 CET [2024/03/01 2:06:17 ET]
Table '3722985891 1' 3-max Seat #3 is the button
Seat 1: Mahu2021 (750 in chips) 
Seat 2: JakattaN (160 in chips) 
Seat 3: Cjohan0711 (590 in chips) 
Mahu2021: posts small blind 15
JakattaN: posts big blind 30
*** HOLE CARDS ***
Dealt to Mahu2021 [7h 7d]
Cjohan0711: folds 
Mahu2021: raises 720 to 750 and is all-in
JakattaN: calls 130 and is all-in
Uncalled bet (590) returned to Mahu2021
*** FLOP *** [3h Ts 2h]
*** TURN *** [3h Ts 2h] [4c]
*** RIVER *** [3h Ts 2h 4c] [9c]
*** SHOW DOWN ***
Mahu2021: shows [7h 7d] (a pair of Sevens)
JakattaN: shows [As 6c] (high card Ace)
Mahu2021 collected 320 from pot
JakattaN finished the tournament in 3rd place
*** SUMMARY ***
Total pot 320 | Rake 0 
Board [3h Ts 2h 4c 9c]
Seat 1: Mahu2021 (small blind) showed [7h 7d] and won (320) with a pair of Sevens
Seat 2: JakattaN (big blind) showed [As 6c] and lost with high card Ace
Seat 3: Cjohan0711 (button) folded before Flop (didn't bet)



PokerStars Hand #249171220294: Tournament #3722985891, $1.84+$0.16 USD Hold'em No Limit - Level II (15/30) - 2024/03/01 8:06:36 CET [2024/03/01 2:06:36 ET]
Table '3722985891 1' 3-max Seat #1 is the button
Seat 1: Mahu2021 (910 in chips) 
Seat 3: Cjohan0711 (590 in chips) 
Mahu2021: posts small blind 15
Cjohan0711: posts big blind 30
*** HOLE CARDS ***
Dealt to Mahu2021 [Jd 8d]
Mahu2021: calls 15
Cjohan0711: checks 
*** FLOP *** [Kc Kh 9d]
Cjohan0711: checks 
Mahu2021: checks 
*** TURN *** [Kc Kh 9d] [5c]
Cjohan0711: checks 
Mahu2021: checks 
*** RIVER *** [Kc Kh 9d 5c] [Jh]
Cjohan0711: checks 
Mahu2021: bets 60
Cjohan0711: folds 
Uncalled bet (60) returned to Mahu2021
Mahu2021 collected 60 from pot
Mahu2021: doesn't show hand 
*** SUMMARY ***
Total pot 60 | Rake 0 
Board [Kc Kh 9d 5c Jh]
Seat 1: Mahu2021 (button) (small blind) collected (60)
Seat 3: Cjohan0711 (big blind) folded on the River



PokerStars Hand #249171223138: Tournament #3722985891, $1.84+$0.16 USD Hold'em No Limit - Level II (15/30) - 2024/03/01 8:07:07 CET [2024/03/01 2:07:07 ET]
Table '3722985891 1' 3-max Seat #3 is the button
Seat 1: Mahu2021 (940 in chips) 
Seat 3: Cjohan0711 (560 in chips) 
Cjohan0711: posts small blind 15
Mahu2021: posts big blind 30
*** HOLE CARDS ***
Dealt to Mahu2021 [5c Tc]
Cjohan0711: folds 
Uncalled bet (15) returned to Mahu2021
Mahu2021 collected 30 from pot
Mahu2021: doesn't show hand 
*** SUMMARY ***
Total pot 30 | Rake 0 
Seat 1: Mahu2021 (big blind) collected (30)
Seat 3: Cjohan0711 (button) (small blind) folded before Flop



PokerStars Hand #249171223650: Tournament #3722985891, $1.84+$0.16 USD Hold'em No Limit - Level II (15/30) - 2024/03/01 8:07:12 CET [2024/03/01 2:07:12 ET]
Table '3722985891 1' 3-max Seat #1 is the button
Seat 1: Mahu2021 (955 in chips) 
Seat 3: Cjohan0711 (545 in chips) 
Mahu2021: posts small blind 15
Cjohan0711: posts big blind 30
*** HOLE CARDS ***
Dealt to Mahu2021 [Kd Ad]
Mahu2021: calls 15
Cjohan0711: checks 
*** FLOP *** [6h Jh Js]
Cjohan0711: checks 
Mahu2021: checks 
*** TURN *** [6h Jh Js] [8s]
Cjohan0711: checks 
Mahu2021: checks 
*** RIVER *** [6h Jh Js 8s] [2d]
Cjohan0711: checks 
Mahu2021: bets 60
Cjohan0711: folds 
Uncalled bet (60) returned to Mahu2021
Mahu2021 collected 60 from pot
Mahu2021: doesn't show hand 
*** SUMMARY ***
Total pot 60 | Rake 0 
Board [6h Jh Js 8s 2d]
Seat 1: Mahu2021 (button) (small blind) collected (60)
Seat 3: Cjohan0711 (big blind) folded on the River



PokerStars Hand #249171225499: Tournament #3722985891, $1.84+$0.16 USD Hold'em No Limit - Level II (15/30) - 2024/03/01 8:07:32 CET [2024/03/01 2:07:32 ET]
Table '3722985891 1' 3-max Seat #3 is the button
Seat 1: Mahu2021 (985 in chips) 
Seat 3: Cjohan0711 (515 in chips) 
Cjohan0711: posts small blind 15
Mahu2021: posts big blind 30
*** HOLE CARDS ***
Dealt to Mahu2021 [Qs Ad]
Cjohan0711: raises 30 to 60
Mahu2021: raises 90 to 150
Cjohan0711: folds 
Uncalled bet (90) returned to Mahu2021
Mahu2021 collected 120 from pot
Mahu2021: doesn't show hand 
*** SUMMARY ***
Total pot 120 | Rake 0 
Seat 1: Mahu2021 (big blind) collected (120)
Seat 3: Cjohan0711 (button) (small blind) folded before Flop



PokerStars Hand #249171226748: Tournament #3722985891, $1.84+$0.16 USD Hold'em No Limit - Level II (15/30) - 2024/03/01 8:07:45 CET [2024/03/01 2:07:45 ET]
Table '3722985891 1' 3-max Seat #1 is the button
Seat 1: Mahu2021 (1045 in chips) 
Seat 3: Cjohan0711 (455 in chips) 
Mahu2021: posts small blind 15
Cjohan0711: posts big blind 30
*** HOLE CARDS ***
Dealt to Mahu2021 [2c Js]
Mahu2021: calls 15
Cjohan0711: raises 425 to 455 and is all-in
Mahu2021: folds 
Uncalled bet (425) returned to Cjohan0711
Cjohan0711 collected 60 from pot
*** SUMMARY ***
Total pot 60 | Rake 0 
Seat 1: Mahu2021 (button) (small blind) folded before Flop
Seat 3: Cjohan0711 (big blind) collected (60)



PokerStars Hand #249171227553: Tournament #3722985891, $1.84+$0.16 USD Hold'em No Limit - Level II (15/30) - 2024/03/01 8:07:53 CET [2024/03/01 2:07:53 ET]
Table '3722985891 1' 3-max Seat #3 is the button
Seat 1: Mahu2021 (1015 in chips) 
Seat 3: Cjohan0711 (485 in chips) 
Cjohan0711: posts small blind 15
Mahu2021: posts big blind 30
*** HOLE CARDS ***
Dealt to Mahu2021 [7h 3d]
Cjohan0711: folds 
Uncalled bet (15) returned to Mahu2021
Mahu2021 collected 30 from pot
Mahu2021: doesn't show hand 
*** SUMMARY ***
Total pot 30 | Rake 0 
Seat 1: Mahu2021 (big blind) collected (30)
Seat 3: Cjohan0711 (button) (small blind) folded before Flop



PokerStars Hand #249171228272: Tournament #3722985891, $1.84+$0.16 USD Hold'em No Limit - Level III (20/40) - 2024/03/01 8:08:01 CET [2024/03/01 2:08:01 ET]
Table '3722985891 1' 3-max Seat #1 is the button
Seat 1: Mahu2021 (1030 in chips) 
Seat 3: Cjohan0711 (470 in chips) 
Mahu2021: posts small blind 20
Cjohan0711: posts big blind 40
*** HOLE CARDS ***
Dealt to Mahu2021 [Tc 6c]
Mahu2021: calls 20
Cjohan0711: checks 
*** FLOP *** [2d 6s 9c]
Cjohan0711: checks 
Mahu2021: bets 40
Cjohan0711: calls 40
*** TURN *** [2d 6s 9c] [7c]
Cjohan0711: checks 
Mahu2021: bets 160
Cjohan0711: folds 
Uncalled bet (160) returned to Mahu2021
Mahu2021 collected 160 from pot
Mahu2021: doesn't show hand 
*** SUMMARY ***
Total pot 160 | Rake 0 
Board [2d 6s 9c 7c]
Seat 1: Mahu2021 (button) (small blind) collected (160)
Seat 3: Cjohan0711 (big blind) folded on the Turn



PokerStars Hand #249171230225: Tournament #3722985891, $1.84+$0.16 USD Hold'em No Limit - Level III (20/40) - 2024/03/01 8:08:22 CET [2024/03/01 2:08:22 ET]
Table '3722985891 1' 3-max Seat #3 is the button
Seat 1: Mahu2021 (1110 in chips) 
Seat 3: Cjohan0711 (390 in chips) 
Cjohan0711: posts small blind 20
Mahu2021: posts big blind 40
*** HOLE CARDS ***
Dealt to Mahu2021 [8h Jd]
Cjohan0711: folds 
Uncalled bet (20) returned to Mahu2021
Mahu2021 collected 40 from pot
Mahu2021: doesn't show hand 
*** SUMMARY ***
Total pot 40 | Rake 0 
Seat 1: Mahu2021 (big blind) collected (40)
Seat 3: Cjohan0711 (button) (small blind) folded before Flop



PokerStars Hand #249171230737: Tournament #3722985891, $1.84+$0.16 USD Hold'em No Limit - Level III (20/40) - 2024/03/01 8:08:27 CET [2024/03/01 2:08:27 ET]
Table '3722985891 1' 3-max Seat #1 is the button
Seat 1: Mahu2021 (1130 in chips) 
Seat 3: Cjohan0711 (370 in chips) 
Mahu2021: posts small blind 20
Cjohan0711: posts big blind 40
*** HOLE CARDS ***
Dealt to Mahu2021 [Ah Kc]
Mahu2021: calls 20
Cjohan0711: checks 
*** FLOP *** [Ks 9h Qs]
Cjohan0711: checks 
Mahu2021: checks 
*** TURN *** [Ks 9h Qs] [8h]
Cjohan0711: checks 
Mahu2021: checks 
*** RIVER *** [Ks 9h Qs 8h] [4d]
Cjohan0711: checks 
Mahu2021: bets 80
Cjohan0711: folds 
Uncalled bet (80) returned to Mahu2021
Mahu2021 collected 80 from pot
Mahu2021: doesn't show hand 
*** SUMMARY ***
Total pot 80 | Rake 0 
Board [Ks 9h Qs 8h 4d]
Seat 1: Mahu2021 (button) (small blind) collected (80)
Seat 3: Cjohan0711 (big blind) folded on the River



PokerStars Hand #249171232955: Tournament #3722985891, $1.84+$0.16 USD Hold'em No Limit - Level III (20/40) - 2024/03/01 8:08:51 CET [2024/03/01 2:08:51 ET]
Table '3722985891 1' 3-max Seat #3 is the button
Seat 1: Mahu2021 (1170 in chips) 
Seat 3: Cjohan0711 (330 in chips) 
Cjohan0711: posts small blind 20
Mahu2021: posts big blind 40
*** HOLE CARDS ***
Dealt to Mahu2021 [8h 7s]
Cjohan0711: raises 290 to 330 and is all-in
Mahu2021: folds 
Uncalled bet (290) returned to Cjohan0711
Cjohan0711 collected 80 from pot
*** SUMMARY ***
Total pot 80 | Rake 0 
Seat 1: Mahu2021 (big blind) folded before Flop
Seat 3: Cjohan0711 (button) (small blind) collected (80)



PokerStars Hand #249171233705: Tournament #3722985891, $1.84+$0.16 USD Hold'em No Limit - Level III (20/40) - 2024/03/01 8:08:59 CET [2024/03/01 2:08:59 ET]
Table '3722985891 1' 3-max Seat #1 is the button
Seat 1: Mahu2021 (1130 in chips) 
Seat 3: Cjohan0711 (370 in chips) 
Mahu2021: posts small blind 20
Cjohan0711: posts big blind 40
*** HOLE CARDS ***
Dealt to Mahu2021 [4c 4d]
Mahu2021: raises 1090 to 1130 and is all-in
Cjohan0711: calls 330 and is all-in
Uncalled bet (760) returned to Mahu2021
*** FLOP *** [Qs Ad 5c]
*** TURN *** [Qs Ad 5c] [Qc]
*** RIVER *** [Qs Ad 5c Qc] [5d]
*** SHOW DOWN ***
Cjohan0711: shows [Kd 8h] (two pair, Queens and Fives)
Mahu2021: shows [4c 4d] (two pair, Queens and Fives)
Cjohan0711 collected 370 from pot
Mahu2021 collected 370 from pot
*** SUMMARY ***
Total pot 740 | Rake 0 
Board [Qs Ad 5c Qc 5d]
Seat 1: Mahu2021 (button) (small blind) showed [4c 4d] and won (370) with two pair, Queens and Fives
Seat 3: Cjohan0711 (big blind) showed [Kd 8h] and won (370) with two pair, Queens and Fives



PokerStars Hand #249171235142: Tournament #3722985891, $1.84+$0.16 USD Hold'em No Limit - Level III (20/40) - 2024/03/01 8:09:14 CET [2024/03/01 2:09:14 ET]
Table '3722985891 1' 3-max Seat #3 is the button
Seat 1: Mahu2021 (1130 in chips) 
Seat 3: Cjohan0711 (370 in chips) 
Cjohan0711: posts small blind 20
Mahu2021: posts big blind 40
*** HOLE CARDS ***
Dealt to Mahu2021 [5d As]
Cjohan0711: folds 
Uncalled bet (20) returned to Mahu2021
Mahu2021 collected 40 from pot
Mahu2021: doesn't show hand 
*** SUMMARY ***
Total pot 40 | Rake 0 
Seat 1: Mahu2021 (big blind) collected (40)
Seat 3: Cjohan0711 (button) (small blind) folded before Flop



PokerStars Hand #249171235592: Tournament #3722985891, $1.84+$0.16 USD Hold'em No Limit - Level III (20/40) - 2024/03/01 8:09:18 CET [2024/03/01 2:09:18 ET]
Table '3722985891 1' 3-max Seat #1 is the button
Seat 1: Mahu2021 (1150 in chips) 
Seat 3: Cjohan0711 (350 in chips) 
Mahu2021: posts small blind 20
Cjohan0711: posts big blind 40
*** HOLE CARDS ***
Dealt to Mahu2021 [3h Ks]
Mahu2021: calls 20
Cjohan0711: checks 
*** FLOP *** [2s 7d Qd]
Cjohan0711: checks 
Mahu2021: checks 
*** TURN *** [2s 7d Qd] [Ts]
Cjohan0711: checks 
Mahu2021: checks 
*** RIVER *** [2s 7d Qd Ts] [Jd]
Cjohan0711: bets 310 and is all-in
Mahu2021: folds 
Uncalled bet (310) returned to Cjohan0711
Cjohan0711 collected 80 from pot
*** SUMMARY ***
Total pot 80 | Rake 0 
Board [2s 7d Qd Ts Jd]
Seat 1: Mahu2021 (button) (small blind) folded on the River
Seat 3: Cjohan0711 (big blind) collected (80)



PokerStars Hand #249171237785: Tournament #3722985891, $1.84+$0.16 USD Hold'em No Limit - Level III (20/40) - 2024/03/01 8:09:41 CET [2024/03/01 2:09:41 ET]
Table '3722985891 1' 3-max Seat #3 is the button
Seat 1: Mahu2021 (1110 in chips) 
Seat 3: Cjohan0711 (390 in chips) 
Cjohan0711: posts small blind 20
Mahu2021: posts big blind 40
*** HOLE CARDS ***
Dealt to Mahu2021 [9c Kh]
Cjohan0711: folds 
Uncalled bet (20) returned to Mahu2021
Mahu2021 collected 40 from pot
Mahu2021: doesn't show hand 
*** SUMMARY ***
Total pot 40 | Rake 0 
Seat 1: Mahu2021 (big blind) collected (40)
Seat 3: Cjohan0711 (button) (small blind) folded before Flop



PokerStars Hand #249171238878: Tournament #3722985891, $1.84+$0.16 USD Hold'em No Limit - Level III (20/40) - 2024/03/01 8:09:53 CET [2024/03/01 2:09:53 ET]
Table '3722985891 1' 3-max Seat #1 is the button
Seat 1: Mahu2021 (1130 in chips) 
Seat 3: Cjohan0711 (370 in chips) 
Mahu2021: posts small blind 20
Cjohan0711: posts big blind 40
*** HOLE CARDS ***
Dealt to Mahu2021 [8h 3h]
Mahu2021: calls 20
Cjohan0711: checks 
*** FLOP *** [5d 4d Qh]
Cjohan0711: checks 
Mahu2021: bets 40
Cjohan0711: folds 
Uncalled bet (40) returned to Mahu2021
Mahu2021 collected 80 from pot
Mahu2021: doesn't show hand 
*** SUMMARY ***
Total pot 80 | Rake 0 
Board [5d 4d Qh]
Seat 1: Mahu2021 (button) (small blind) collected (80)
Seat 3: Cjohan0711 (big blind) folded on the Flop



PokerStars Hand #249171240506: Tournament #3722985891, $1.84+$0.16 USD Hold'em No Limit - Level IV (30/60) - 2024/03/01 8:10:10 CET [2024/03/01 2:10:10 ET]
Table '3722985891 1' 3-max Seat #3 is the button
Seat 1: Mahu2021 (1170 in chips) 
Seat 3: Cjohan0711 (330 in chips) 
Cjohan0711: posts small blind 30
Mahu2021: posts big blind 60
*** HOLE CARDS ***
Dealt to Mahu2021 [Td 6c]
Cjohan0711: folds 
Uncalled bet (30) returned to Mahu2021
Mahu2021 collected 60 from pot
Mahu2021: doesn't show hand 
*** SUMMARY ***
Total pot 60 | Rake 0 
Seat 1: Mahu2021 (big blind) collected (60)
Seat 3: Cjohan0711 (button) (small blind) folded before Flop



PokerStars Hand #249171241017: Tournament #3722985891, $1.84+$0.16 USD Hold'em No Limit - Level IV (30/60) - 2024/03/01 8:10:15 CET [2024/03/01 2:10:15 ET]
Table '3722985891 1' 3-max Seat #1 is the button
Seat 1: Mahu2021 (1200 in chips) 
Seat 3: Cjohan0711 (300 in chips) 
Mahu2021: posts small blind 30
Cjohan0711: posts big blind 60
*** HOLE CARDS ***
Dealt to Mahu2021 [Ts 4h]
Mahu2021: calls 30
Cjohan0711: checks 
*** FLOP *** [2h 4d 4c]
Cjohan0711: checks 
Mahu2021: checks 
*** TURN *** [2h 4d 4c] [9s]
Cjohan0711: checks 
Mahu2021: checks 
*** RIVER *** [2h 4d 4c 9s] [Qd]
Cjohan0711: bets 240 and is all-in
Mahu2021: calls 240
*** SHOW DOWN ***
Cjohan0711: shows [8c Qh] (two pair, Queens and Fours)
Mahu2021: shows [Ts 4h] (three of a kind, Fours)
Mahu2021 collected 600 from pot
Cjohan0711 finished the tournament in 2nd place
Mahu2021 wins the tournament and receives $4.00 - congratulations!
*** SUMMARY ***
Total pot 600 | Rake 0 
Board [2h 4d 4c 9s Qd]
Seat 1: Mahu2021 (button) (small blind) showed [Ts 4h] and won (600) with three of a kind, Fours
Seat 3: Cjohan0711 (big blind) showed [8c Qh] and lost with two pair, Queens and Fours



