PokerStars Hand #247511309457: Tournament #3682845961, $1.84+$0.16 USD Hold'em No Limit - Level I (10/20) - 2023/12/06 18:20:58 CET [2023/12/06 12:20:58 ET]
Table '3682845961 1' 3-max Seat #1 is the button
Seat 1: AleBartolome (500 in chips) 
Seat 2: R-tem*306 (500 in chips) 
Seat 3: Mahu2021 (500 in chips) 
R-tem*306: posts small blind 10
Mahu2021: posts big blind 20
*** HOLE CARDS ***
Dealt to Mahu2021 [7c 5d]
AleBartolome: raises 20 to 40
R-tem*306: raises 20 to 60
Mahu2021: folds 
AleBartolome: calls 20
*** FLOP *** [8h Qd As]
R-tem*306: bets 100
AleBartolome: raises 340 to 440 and is all-in
R-tem*306: folds 
Uncalled bet (340) returned to AleBartolome
AleBartolome collected 340 from pot
*** SUMMARY ***
Total pot 340 | Rake 0 
Board [8h Qd As]
Seat 1: AleBartolome (button) collected (340)
Seat 2: R-tem*306 (small blind) folded on the Flop
Seat 3: Mahu2021 (big blind) folded before Flop



PokerStars Hand #247511317062: Tournament #3682845961, $1.84+$0.16 USD Hold'em No Limit - Level I (10/20) - 2023/12/06 18:21:24 CET [2023/12/06 12:21:24 ET]
Table '3682845961 1' 3-max Seat #2 is the button
Seat 1: AleBartolome (680 in chips) 
Seat 2: R-tem*306 (340 in chips) 
Seat 3: Mahu2021 (480 in chips) 
Mahu2021: posts small blind 10
AleBartolome: posts big blind 20
*** HOLE CARDS ***
Dealt to Mahu2021 [5c Th]
R-tem*306: raises 80 to 100
Mahu2021: folds 
AleBartolome: folds 
Uncalled bet (80) returned to R-tem*306
R-tem*306 collected 50 from pot
R-tem*306: doesn't show hand 
*** SUMMARY ***
Total pot 50 | Rake 0 
Seat 1: AleBartolome (big blind) folded before Flop
Seat 2: R-tem*306 (button) collected (50)
Seat 3: Mahu2021 (small blind) folded before Flop



PokerStars Hand #247511320017: Tournament #3682845961, $1.84+$0.16 USD Hold'em No Limit - Level I (10/20) - 2023/12/06 18:21:34 CET [2023/12/06 12:21:34 ET]
Table '3682845961 1' 3-max Seat #3 is the button
Seat 1: AleBartolome (660 in chips) 
Seat 2: R-tem*306 (370 in chips) 
Seat 3: Mahu2021 (470 in chips) 
AleBartolome: posts small blind 10
R-tem*306: posts big blind 20
*** HOLE CARDS ***
Dealt to Mahu2021 [Jc 7s]
Mahu2021: folds 
AleBartolome: folds 
Uncalled bet (10) returned to R-tem*306
R-tem*306 collected 20 from pot
R-tem*306: doesn't show hand 
*** SUMMARY ***
Total pot 20 | Rake 0 
Seat 1: AleBartolome (small blind) folded before Flop
Seat 2: R-tem*306 (big blind) collected (20)
Seat 3: Mahu2021 (button) folded before Flop (didn't bet)



PokerStars Hand #247511322504: Tournament #3682845961, $1.84+$0.16 USD Hold'em No Limit - Level I (10/20) - 2023/12/06 18:21:43 CET [2023/12/06 12:21:43 ET]
Table '3682845961 1' 3-max Seat #1 is the button
Seat 1: AleBartolome (650 in chips) 
Seat 2: R-tem*306 (380 in chips) 
Seat 3: Mahu2021 (470 in chips) 
R-tem*306: posts small blind 10
Mahu2021: posts big blind 20
*** HOLE CARDS ***
Dealt to Mahu2021 [8c 2d]
AleBartolome: folds 
R-tem*306: raises 20 to 40
Mahu2021: folds 
Uncalled bet (20) returned to R-tem*306
R-tem*306 collected 40 from pot
R-tem*306: doesn't show hand 
*** SUMMARY ***
Total pot 40 | Rake 0 
Seat 1: AleBartolome (button) folded before Flop (didn't bet)
Seat 2: R-tem*306 (small blind) collected (40)
Seat 3: Mahu2021 (big blind) folded before Flop



PokerStars Hand #247511324154: Tournament #3682845961, $1.84+$0.16 USD Hold'em No Limit - Level I (10/20) - 2023/12/06 18:21:49 CET [2023/12/06 12:21:49 ET]
Table '3682845961 1' 3-max Seat #2 is the button
Seat 1: AleBartolome (650 in chips) 
Seat 2: R-tem*306 (400 in chips) 
Seat 3: Mahu2021 (450 in chips) 
Mahu2021: posts small blind 10
AleBartolome: posts big blind 20
*** HOLE CARDS ***
Dealt to Mahu2021 [8s Ks]
R-tem*306: folds 
Mahu2021: raises 20 to 40
AleBartolome: calls 20
*** FLOP *** [9s 6c 2h]
Mahu2021: checks 
AleBartolome: bets 20
Mahu2021: calls 20
*** TURN *** [9s 6c 2h] [Ac]
Mahu2021: checks 
AleBartolome: checks 
*** RIVER *** [9s 6c 2h Ac] [Ah]
Mahu2021: bets 80
AleBartolome: folds 
Uncalled bet (80) returned to Mahu2021
Mahu2021 collected 120 from pot
Mahu2021: doesn't show hand 
*** SUMMARY ***
Total pot 120 | Rake 0 
Board [9s 6c 2h Ac Ah]
Seat 1: AleBartolome (big blind) folded on the River
Seat 2: R-tem*306 (button) folded before Flop (didn't bet)
Seat 3: Mahu2021 (small blind) collected (120)



PokerStars Hand #247511334889: Tournament #3682845961, $1.84+$0.16 USD Hold'em No Limit - Level I (10/20) - 2023/12/06 18:22:25 CET [2023/12/06 12:22:25 ET]
Table '3682845961 1' 3-max Seat #3 is the button
Seat 1: AleBartolome (590 in chips) 
Seat 2: R-tem*306 (400 in chips) 
Seat 3: Mahu2021 (510 in chips) 
AleBartolome: posts small blind 10
R-tem*306: posts big blind 20
*** HOLE CARDS ***
Dealt to Mahu2021 [4c 5s]
Mahu2021: folds 
AleBartolome: folds 
Uncalled bet (10) returned to R-tem*306
R-tem*306 collected 20 from pot
*** SUMMARY ***
Total pot 20 | Rake 0 
Seat 1: AleBartolome (small blind) folded before Flop
Seat 2: R-tem*306 (big blind) collected (20)
Seat 3: Mahu2021 (button) folded before Flop (didn't bet)



PokerStars Hand #247511336779: Tournament #3682845961, $1.84+$0.16 USD Hold'em No Limit - Level I (10/20) - 2023/12/06 18:22:32 CET [2023/12/06 12:22:32 ET]
Table '3682845961 1' 3-max Seat #1 is the button
Seat 1: AleBartolome (580 in chips) 
Seat 2: R-tem*306 (410 in chips) 
Seat 3: Mahu2021 (510 in chips) 
R-tem*306: posts small blind 10
Mahu2021: posts big blind 20
*** HOLE CARDS ***
Dealt to Mahu2021 [8h Qc]
AleBartolome: folds 
R-tem*306: raises 20 to 40
Mahu2021: calls 20
*** FLOP *** [4d Js Kd]
R-tem*306: bets 20
Mahu2021: folds 
Uncalled bet (20) returned to R-tem*306
R-tem*306 collected 80 from pot
R-tem*306: doesn't show hand 
*** SUMMARY ***
Total pot 80 | Rake 0 
Board [4d Js Kd]
Seat 1: AleBartolome (button) folded before Flop (didn't bet)
Seat 2: R-tem*306 (small blind) collected (80)
Seat 3: Mahu2021 (big blind) folded on the Flop



PokerStars Hand #247511341265: Tournament #3682845961, $1.84+$0.16 USD Hold'em No Limit - Level I (10/20) - 2023/12/06 18:22:47 CET [2023/12/06 12:22:47 ET]
Table '3682845961 1' 3-max Seat #2 is the button
Seat 1: AleBartolome (580 in chips) 
Seat 2: R-tem*306 (450 in chips) 
Seat 3: Mahu2021 (470 in chips) 
Mahu2021: posts small blind 10
AleBartolome: posts big blind 20
*** HOLE CARDS ***
Dealt to Mahu2021 [6c 6d]
R-tem*306: folds 
Mahu2021: calls 10
AleBartolome: checks 
*** FLOP *** [2s 3s Kh]
Mahu2021: checks 
AleBartolome: checks 
*** TURN *** [2s 3s Kh] [Th]
Mahu2021: checks 
AleBartolome: bets 40
Mahu2021: folds 
Uncalled bet (40) returned to AleBartolome
AleBartolome collected 40 from pot
*** SUMMARY ***
Total pot 40 | Rake 0 
Board [2s 3s Kh Th]
Seat 1: AleBartolome (big blind) collected (40)
Seat 2: R-tem*306 (button) folded before Flop (didn't bet)
Seat 3: Mahu2021 (small blind) folded on the Turn



PokerStars Hand #247511348015: Tournament #3682845961, $1.84+$0.16 USD Hold'em No Limit - Level II (15/30) - 2023/12/06 18:23:11 CET [2023/12/06 12:23:11 ET]
Table '3682845961 1' 3-max Seat #3 is the button
Seat 1: AleBartolome (600 in chips) 
Seat 2: R-tem*306 (450 in chips) 
Seat 3: Mahu2021 (450 in chips) 
AleBartolome: posts small blind 15
R-tem*306: posts big blind 30
*** HOLE CARDS ***
Dealt to Mahu2021 [2c Qd]
Mahu2021: folds 
AleBartolome: raises 45 to 75
R-tem*306: raises 45 to 120
AleBartolome: raises 480 to 600 and is all-in
R-tem*306: calls 330 and is all-in
Uncalled bet (150) returned to AleBartolome
*** FLOP *** [Ah 9s 2s]
*** TURN *** [Ah 9s 2s] [Tc]
*** RIVER *** [Ah 9s 2s Tc] [Ad]
*** SHOW DOWN ***
AleBartolome: shows [Qs Qc] (two pair, Aces and Queens)
R-tem*306: shows [3h 7c] (a pair of Aces)
AleBartolome collected 900 from pot
R-tem*306 finished the tournament in 3rd place
*** SUMMARY ***
Total pot 900 | Rake 0 
Board [Ah 9s 2s Tc Ad]
Seat 1: AleBartolome (small blind) showed [Qs Qc] and won (900) with two pair, Aces and Queens
Seat 2: R-tem*306 (big blind) showed [3h 7c] and lost with a pair of Aces
Seat 3: Mahu2021 (button) folded before Flop (didn't bet)



PokerStars Hand #247511354434: Tournament #3682845961, $1.84+$0.16 USD Hold'em No Limit - Level II (15/30) - 2023/12/06 18:23:33 CET [2023/12/06 12:23:33 ET]
Table '3682845961 1' 3-max Seat #1 is the button
Seat 1: AleBartolome (1050 in chips) 
Seat 3: Mahu2021 (450 in chips) 
AleBartolome: posts small blind 15
Mahu2021: posts big blind 30
*** HOLE CARDS ***
Dealt to Mahu2021 [8h 6h]
AleBartolome: calls 15
Mahu2021: checks 
*** FLOP *** [7h Jh 9c]
Mahu2021: checks 
AleBartolome: checks 
*** TURN *** [7h Jh 9c] [5h]
Mahu2021: bets 60
AleBartolome: folds 
Uncalled bet (60) returned to Mahu2021
Mahu2021 collected 60 from pot
Mahu2021: doesn't show hand 
*** SUMMARY ***
Total pot 60 | Rake 0 
Board [7h Jh 9c 5h]
Seat 1: AleBartolome (button) (small blind) folded on the Turn
Seat 3: Mahu2021 (big blind) collected (60)



PokerStars Hand #247511363205: Tournament #3682845961, $1.84+$0.16 USD Hold'em No Limit - Level II (15/30) - 2023/12/06 18:24:03 CET [2023/12/06 12:24:03 ET]
Table '3682845961 1' 3-max Seat #3 is the button
Seat 1: AleBartolome (1020 in chips) 
Seat 3: Mahu2021 (480 in chips) 
Mahu2021: posts small blind 15
AleBartolome: posts big blind 30
*** HOLE CARDS ***
Dealt to Mahu2021 [As Jh]
Mahu2021: raises 60 to 90
AleBartolome: folds 
Uncalled bet (60) returned to Mahu2021
Mahu2021 collected 60 from pot
Mahu2021: doesn't show hand 
*** SUMMARY ***
Total pot 60 | Rake 0 
Seat 1: AleBartolome (big blind) folded before Flop
Seat 3: Mahu2021 (button) (small blind) collected (60)



PokerStars Hand #247511365251: Tournament #3682845961, $1.84+$0.16 USD Hold'em No Limit - Level II (15/30) - 2023/12/06 18:24:10 CET [2023/12/06 12:24:10 ET]
Table '3682845961 1' 3-max Seat #1 is the button
Seat 1: AleBartolome (990 in chips) 
Seat 3: Mahu2021 (510 in chips) 
AleBartolome: posts small blind 15
Mahu2021: posts big blind 30
*** HOLE CARDS ***
Dealt to Mahu2021 [6h Jc]
AleBartolome: calls 15
Mahu2021: checks 
*** FLOP *** [7s 2d 9c]
Mahu2021: checks 
AleBartolome: checks 
*** TURN *** [7s 2d 9c] [4s]
Mahu2021: checks 
AleBartolome: checks 
*** RIVER *** [7s 2d 9c 4s] [As]
Mahu2021: checks 
AleBartolome: checks 
*** SHOW DOWN ***
Mahu2021: shows [6h Jc] (high card Ace)
AleBartolome: mucks hand 
Mahu2021 collected 60 from pot
*** SUMMARY ***
Total pot 60 | Rake 0 
Board [7s 2d 9c 4s As]
Seat 1: AleBartolome (button) (small blind) mucked [Tc 5c]
Seat 3: Mahu2021 (big blind) showed [6h Jc] and won (60) with high card Ace



PokerStars Hand #247511371645: Tournament #3682845961, $1.84+$0.16 USD Hold'em No Limit - Level II (15/30) - 2023/12/06 18:24:32 CET [2023/12/06 12:24:32 ET]
Table '3682845961 1' 3-max Seat #3 is the button
Seat 1: AleBartolome (960 in chips) 
Seat 3: Mahu2021 (540 in chips) 
Mahu2021: posts small blind 15
AleBartolome: posts big blind 30
*** HOLE CARDS ***
Dealt to Mahu2021 [Th Jd]
Mahu2021: raises 30 to 60
AleBartolome: calls 30
*** FLOP *** [Ad Ts 2d]
AleBartolome: checks 
Mahu2021: checks 
*** TURN *** [Ad Ts 2d] [8c]
AleBartolome: checks 
Mahu2021: checks 
*** RIVER *** [Ad Ts 2d 8c] [Ac]
AleBartolome: checks 
Mahu2021: bets 120
AleBartolome: folds 
Uncalled bet (120) returned to Mahu2021
Mahu2021 collected 120 from pot
Mahu2021: doesn't show hand 
*** SUMMARY ***
Total pot 120 | Rake 0 
Board [Ad Ts 2d 8c Ac]
Seat 1: AleBartolome (big blind) folded on the River
Seat 3: Mahu2021 (button) (small blind) collected (120)



PokerStars Hand #247511381350: Tournament #3682845961, $1.84+$0.16 USD Hold'em No Limit - Level III (20/40) - 2023/12/06 18:25:05 CET [2023/12/06 12:25:05 ET]
Table '3682845961 1' 3-max Seat #1 is the button
Seat 1: AleBartolome (900 in chips) 
Seat 3: Mahu2021 (600 in chips) 
AleBartolome: posts small blind 20
Mahu2021: posts big blind 40
*** HOLE CARDS ***
Dealt to Mahu2021 [6c 8d]
AleBartolome: raises 40 to 80
Mahu2021: folds 
Uncalled bet (40) returned to AleBartolome
AleBartolome collected 80 from pot
*** SUMMARY ***
Total pot 80 | Rake 0 
Seat 1: AleBartolome (button) (small blind) collected (80)
Seat 3: Mahu2021 (big blind) folded before Flop



PokerStars Hand #247511384452: Tournament #3682845961, $1.84+$0.16 USD Hold'em No Limit - Level III (20/40) - 2023/12/06 18:25:16 CET [2023/12/06 12:25:16 ET]
Table '3682845961 1' 3-max Seat #3 is the button
Seat 1: AleBartolome (940 in chips) 
Seat 3: Mahu2021 (560 in chips) 
Mahu2021: posts small blind 20
AleBartolome: posts big blind 40
*** HOLE CARDS ***
Dealt to Mahu2021 [Th 8d]
Mahu2021: calls 20
AleBartolome: raises 900 to 940 and is all-in
Mahu2021: folds 
Uncalled bet (900) returned to AleBartolome
AleBartolome collected 80 from pot
*** SUMMARY ***
Total pot 80 | Rake 0 
Seat 1: AleBartolome (big blind) collected (80)
Seat 3: Mahu2021 (button) (small blind) folded before Flop



PokerStars Hand #247511388179: Tournament #3682845961, $1.84+$0.16 USD Hold'em No Limit - Level III (20/40) - 2023/12/06 18:25:28 CET [2023/12/06 12:25:28 ET]
Table '3682845961 1' 3-max Seat #1 is the button
Seat 1: AleBartolome (980 in chips) 
Seat 3: Mahu2021 (520 in chips) 
AleBartolome: posts small blind 20
Mahu2021: posts big blind 40
*** HOLE CARDS ***
Dealt to Mahu2021 [2c Kh]
AleBartolome: raises 940 to 980 and is all-in
Mahu2021: folds 
Uncalled bet (940) returned to AleBartolome
AleBartolome collected 80 from pot
*** SUMMARY ***
Total pot 80 | Rake 0 
Seat 1: AleBartolome (button) (small blind) collected (80)
Seat 3: Mahu2021 (big blind) folded before Flop



PokerStars Hand #247511393903: Tournament #3682845961, $1.84+$0.16 USD Hold'em No Limit - Level III (20/40) - 2023/12/06 18:25:48 CET [2023/12/06 12:25:48 ET]
Table '3682845961 1' 3-max Seat #3 is the button
Seat 1: AleBartolome (1020 in chips) 
Seat 3: Mahu2021 (480 in chips) 
Mahu2021: posts small blind 20
AleBartolome: posts big blind 40
*** HOLE CARDS ***
Dealt to Mahu2021 [3c Th]
Mahu2021: folds 
Uncalled bet (20) returned to AleBartolome
AleBartolome collected 40 from pot
*** SUMMARY ***
Total pot 40 | Rake 0 
Seat 1: AleBartolome (big blind) collected (40)
Seat 3: Mahu2021 (button) (small blind) folded before Flop



PokerStars Hand #247511395300: Tournament #3682845961, $1.84+$0.16 USD Hold'em No Limit - Level III (20/40) - 2023/12/06 18:25:53 CET [2023/12/06 12:25:53 ET]
Table '3682845961 1' 3-max Seat #1 is the button
Seat 1: AleBartolome (1040 in chips) 
Seat 3: Mahu2021 (460 in chips) 
AleBartolome: posts small blind 20
Mahu2021: posts big blind 40
*** HOLE CARDS ***
Dealt to Mahu2021 [8s 5h]
AleBartolome: calls 20
Mahu2021: checks 
*** FLOP *** [Qd Js 3h]
Mahu2021: checks 
AleBartolome: bets 40
Mahu2021: folds 
Uncalled bet (40) returned to AleBartolome
AleBartolome collected 80 from pot
*** SUMMARY ***
Total pot 80 | Rake 0 
Board [Qd Js 3h]
Seat 1: AleBartolome (button) (small blind) collected (80)
Seat 3: Mahu2021 (big blind) folded on the Flop



PokerStars Hand #247511398575: Tournament #3682845961, $1.84+$0.16 USD Hold'em No Limit - Level III (20/40) - 2023/12/06 18:26:04 CET [2023/12/06 12:26:04 ET]
Table '3682845961 1' 3-max Seat #3 is the button
Seat 1: AleBartolome (1080 in chips) 
Seat 3: Mahu2021 (420 in chips) 
Mahu2021: posts small blind 20
AleBartolome: posts big blind 40
*** HOLE CARDS ***
Dealt to Mahu2021 [Qh 2s]
Mahu2021: folds 
Uncalled bet (20) returned to AleBartolome
AleBartolome collected 40 from pot
*** SUMMARY ***
Total pot 40 | Rake 0 
Seat 1: AleBartolome (big blind) collected (40)
Seat 3: Mahu2021 (button) (small blind) folded before Flop



PokerStars Hand #247511399989: Tournament #3682845961, $1.84+$0.16 USD Hold'em No Limit - Level III (20/40) - 2023/12/06 18:26:09 CET [2023/12/06 12:26:09 ET]
Table '3682845961 1' 3-max Seat #1 is the button
Seat 1: AleBartolome (1100 in chips) 
Seat 3: Mahu2021 (400 in chips) 
AleBartolome: posts small blind 20
Mahu2021: posts big blind 40
*** HOLE CARDS ***
Dealt to Mahu2021 [Qc 3s]
AleBartolome: calls 20
Mahu2021: checks 
*** FLOP *** [Ts 4d 4h]
Mahu2021: checks 
AleBartolome: checks 
*** TURN *** [Ts 4d 4h] [Ks]
Mahu2021: checks 
AleBartolome: bets 40
Mahu2021: folds 
Uncalled bet (40) returned to AleBartolome
AleBartolome collected 80 from pot
*** SUMMARY ***
Total pot 80 | Rake 0 
Board [Ts 4d 4h Ks]
Seat 1: AleBartolome (button) (small blind) collected (80)
Seat 3: Mahu2021 (big blind) folded on the Turn



PokerStars Hand #247511407353: Tournament #3682845961, $1.84+$0.16 USD Hold'em No Limit - Level III (20/40) - 2023/12/06 18:26:34 CET [2023/12/06 12:26:34 ET]
Table '3682845961 1' 3-max Seat #3 is the button
Seat 1: AleBartolome (1140 in chips) 
Seat 3: Mahu2021 (360 in chips) 
Mahu2021: posts small blind 20
AleBartolome: posts big blind 40
*** HOLE CARDS ***
Dealt to Mahu2021 [9d 9c]
Mahu2021: raises 320 to 360 and is all-in
AleBartolome: calls 320
*** FLOP *** [9h 7d Jc]
*** TURN *** [9h 7d Jc] [Jh]
*** RIVER *** [9h 7d Jc Jh] [Ac]
*** SHOW DOWN ***
AleBartolome: shows [Kc Qh] (a pair of Jacks)
Mahu2021: shows [9d 9c] (a full house, Nines full of Jacks)
Mahu2021 collected 720 from pot
*** SUMMARY ***
Total pot 720 | Rake 0 
Board [9h 7d Jc Jh Ac]
Seat 1: AleBartolome (big blind) showed [Kc Qh] and lost with a pair of Jacks
Seat 3: Mahu2021 (button) (small blind) showed [9d 9c] and won (720) with a full house, Nines full of Jacks



PokerStars Hand #247511411713: Tournament #3682845961, $1.84+$0.16 USD Hold'em No Limit - Level III (20/40) - 2023/12/06 18:26:48 CET [2023/12/06 12:26:48 ET]
Table '3682845961 1' 3-max Seat #1 is the button
Seat 1: AleBartolome (780 in chips) 
Seat 3: Mahu2021 (720 in chips) 
AleBartolome: posts small blind 20
Mahu2021: posts big blind 40
*** HOLE CARDS ***
Dealt to Mahu2021 [7c 9h]
AleBartolome: calls 20
Mahu2021: checks 
*** FLOP *** [8c Js 6c]
Mahu2021: bets 80
AleBartolome: calls 80
*** TURN *** [8c Js 6c] [Ac]
Mahu2021: checks 
AleBartolome: bets 180
Mahu2021: folds 
Uncalled bet (180) returned to AleBartolome
AleBartolome collected 240 from pot
*** SUMMARY ***
Total pot 240 | Rake 0 
Board [8c Js 6c Ac]
Seat 1: AleBartolome (button) (small blind) collected (240)
Seat 3: Mahu2021 (big blind) folded on the Turn



PokerStars Hand #247511421996: Tournament #3682845961, $1.84+$0.16 USD Hold'em No Limit - Level IV (30/60) - 2023/12/06 18:27:24 CET [2023/12/06 12:27:24 ET]
Table '3682845961 1' 3-max Seat #3 is the button
Seat 1: AleBartolome (900 in chips) 
Seat 3: Mahu2021 (600 in chips) 
Mahu2021: posts small blind 30
AleBartolome: posts big blind 60
*** HOLE CARDS ***
Dealt to Mahu2021 [Qh Kc]
Mahu2021: raises 120 to 180
AleBartolome: folds 
Uncalled bet (120) returned to Mahu2021
Mahu2021 collected 120 from pot
Mahu2021: doesn't show hand 
*** SUMMARY ***
Total pot 120 | Rake 0 
Seat 1: AleBartolome (big blind) folded before Flop
Seat 3: Mahu2021 (button) (small blind) collected (120)



PokerStars Hand #247511424696: Tournament #3682845961, $1.84+$0.16 USD Hold'em No Limit - Level IV (30/60) - 2023/12/06 18:27:33 CET [2023/12/06 12:27:33 ET]
Table '3682845961 1' 3-max Seat #1 is the button
Seat 1: AleBartolome (840 in chips) 
Seat 3: Mahu2021 (660 in chips) 
AleBartolome: posts small blind 30
Mahu2021: posts big blind 60
*** HOLE CARDS ***
Dealt to Mahu2021 [Td 4d]
AleBartolome: raises 780 to 840 and is all-in
Mahu2021: folds 
Uncalled bet (780) returned to AleBartolome
AleBartolome collected 120 from pot
*** SUMMARY ***
Total pot 120 | Rake 0 
Seat 1: AleBartolome (button) (small blind) collected (120)
Seat 3: Mahu2021 (big blind) folded before Flop



PokerStars Hand #247511427247: Tournament #3682845961, $1.84+$0.16 USD Hold'em No Limit - Level IV (30/60) - 2023/12/06 18:27:41 CET [2023/12/06 12:27:41 ET]
Table '3682845961 1' 3-max Seat #3 is the button
Seat 1: AleBartolome (900 in chips) 
Seat 3: Mahu2021 (600 in chips) 
Mahu2021: posts small blind 30
AleBartolome: posts big blind 60
*** HOLE CARDS ***
Dealt to Mahu2021 [9d Ks]
Mahu2021: raises 60 to 120
AleBartolome: calls 60
*** FLOP *** [4h Qh 7d]
AleBartolome: checks 
Mahu2021: bets 180
AleBartolome: raises 600 to 780 and is all-in
Mahu2021: folds 
Uncalled bet (600) returned to AleBartolome
AleBartolome collected 600 from pot
*** SUMMARY ***
Total pot 600 | Rake 0 
Board [4h Qh 7d]
Seat 1: AleBartolome (big blind) collected (600)
Seat 3: Mahu2021 (button) (small blind) folded on the Flop



PokerStars Hand #247511434129: Tournament #3682845961, $1.84+$0.16 USD Hold'em No Limit - Level IV (30/60) - 2023/12/06 18:28:04 CET [2023/12/06 12:28:04 ET]
Table '3682845961 1' 3-max Seat #1 is the button
Seat 1: AleBartolome (1200 in chips) 
Seat 3: Mahu2021 (300 in chips) 
AleBartolome: posts small blind 30
Mahu2021: posts big blind 60
*** HOLE CARDS ***
Dealt to Mahu2021 [Qc 4c]
AleBartolome: raises 1140 to 1200 and is all-in
Mahu2021: calls 240 and is all-in
Uncalled bet (900) returned to AleBartolome
*** FLOP *** [Ad 9c Th]
*** TURN *** [Ad 9c Th] [Ts]
*** RIVER *** [Ad 9c Th Ts] [4d]
*** SHOW DOWN ***
Mahu2021: shows [Qc 4c] (two pair, Tens and Fours)
AleBartolome: shows [Jc Qd] (a pair of Tens)
Mahu2021 collected 600 from pot
*** SUMMARY ***
Total pot 600 | Rake 0 
Board [Ad 9c Th Ts 4d]
Seat 1: AleBartolome (button) (small blind) showed [Jc Qd] and lost with a pair of Tens
Seat 3: Mahu2021 (big blind) showed [Qc 4c] and won (600) with two pair, Tens and Fours



PokerStars Hand #247511438518: Tournament #3682845961, $1.84+$0.16 USD Hold'em No Limit - Level IV (30/60) - 2023/12/06 18:28:20 CET [2023/12/06 12:28:20 ET]
Table '3682845961 1' 3-max Seat #3 is the button
Seat 1: AleBartolome (900 in chips) 
Seat 3: Mahu2021 (600 in chips) 
Mahu2021: posts small blind 30
AleBartolome: posts big blind 60
*** HOLE CARDS ***
Dealt to Mahu2021 [8s 9d]
Mahu2021: calls 30
AleBartolome: raises 120 to 180
Mahu2021: folds 
Uncalled bet (120) returned to AleBartolome
AleBartolome collected 120 from pot
*** SUMMARY ***
Total pot 120 | Rake 0 
Seat 1: AleBartolome (big blind) collected (120)
Seat 3: Mahu2021 (button) (small blind) folded before Flop



PokerStars Hand #247511441653: Tournament #3682845961, $1.84+$0.16 USD Hold'em No Limit - Level IV (30/60) - 2023/12/06 18:28:30 CET [2023/12/06 12:28:30 ET]
Table '3682845961 1' 3-max Seat #1 is the button
Seat 1: AleBartolome (960 in chips) 
Seat 3: Mahu2021 (540 in chips) 
AleBartolome: posts small blind 30
Mahu2021: posts big blind 60
*** HOLE CARDS ***
Dealt to Mahu2021 [5c 4c]
AleBartolome: raises 900 to 960 and is all-in
Mahu2021: folds 
Uncalled bet (900) returned to AleBartolome
AleBartolome collected 120 from pot
*** SUMMARY ***
Total pot 120 | Rake 0 
Seat 1: AleBartolome (button) (small blind) collected (120)
Seat 3: Mahu2021 (big blind) folded before Flop



PokerStars Hand #247511443335: Tournament #3682845961, $1.84+$0.16 USD Hold'em No Limit - Level IV (30/60) - 2023/12/06 18:28:36 CET [2023/12/06 12:28:36 ET]
Table '3682845961 1' 3-max Seat #3 is the button
Seat 1: AleBartolome (1020 in chips) 
Seat 3: Mahu2021 (480 in chips) 
Mahu2021: posts small blind 30
AleBartolome: posts big blind 60
*** HOLE CARDS ***
Dealt to Mahu2021 [7h 4h]
Mahu2021: folds 
Uncalled bet (30) returned to AleBartolome
AleBartolome collected 60 from pot
*** SUMMARY ***
Total pot 60 | Rake 0 
Seat 1: AleBartolome (big blind) collected (60)
Seat 3: Mahu2021 (button) (small blind) folded before Flop



PokerStars Hand #247511444777: Tournament #3682845961, $1.84+$0.16 USD Hold'em No Limit - Level IV (30/60) - 2023/12/06 18:28:41 CET [2023/12/06 12:28:41 ET]
Table '3682845961 1' 3-max Seat #1 is the button
Seat 1: AleBartolome (1050 in chips) 
Seat 3: Mahu2021 (450 in chips) 
AleBartolome: posts small blind 30
Mahu2021: posts big blind 60
*** HOLE CARDS ***
Dealt to Mahu2021 [Qh 5s]
AleBartolome: folds 
Uncalled bet (30) returned to Mahu2021
Mahu2021 collected 60 from pot
Mahu2021: doesn't show hand 
*** SUMMARY ***
Total pot 60 | Rake 0 
Seat 1: AleBartolome (button) (small blind) folded before Flop
Seat 3: Mahu2021 (big blind) collected (60)



PokerStars Hand #247511445867: Tournament #3682845961, $1.84+$0.16 USD Hold'em No Limit - Level IV (30/60) - 2023/12/06 18:28:45 CET [2023/12/06 12:28:45 ET]
Table '3682845961 1' 3-max Seat #3 is the button
Seat 1: AleBartolome (1020 in chips) 
Seat 3: Mahu2021 (480 in chips) 
Mahu2021: posts small blind 30
AleBartolome: posts big blind 60
*** HOLE CARDS ***
Dealt to Mahu2021 [Kc Th]
Mahu2021: raises 120 to 180
AleBartolome: folds 
Uncalled bet (120) returned to Mahu2021
Mahu2021 collected 120 from pot
Mahu2021: doesn't show hand 
*** SUMMARY ***
Total pot 120 | Rake 0 
Seat 1: AleBartolome (big blind) folded before Flop
Seat 3: Mahu2021 (button) (small blind) collected (120)



PokerStars Hand #247511451156: Tournament #3682845961, $1.84+$0.16 USD Hold'em No Limit - Level V (40/80) - 2023/12/06 18:29:03 CET [2023/12/06 12:29:03 ET]
Table '3682845961 1' 3-max Seat #1 is the button
Seat 1: AleBartolome (960 in chips) 
Seat 3: Mahu2021 (540 in chips) 
AleBartolome: posts small blind 40
Mahu2021: posts big blind 80
*** HOLE CARDS ***
Dealt to Mahu2021 [2h 7h]
AleBartolome: folds 
Uncalled bet (40) returned to Mahu2021
Mahu2021 collected 80 from pot
Mahu2021: doesn't show hand 
*** SUMMARY ***
Total pot 80 | Rake 0 
Seat 1: AleBartolome (button) (small blind) folded before Flop
Seat 3: Mahu2021 (big blind) collected (80)



PokerStars Hand #247511452391: Tournament #3682845961, $1.84+$0.16 USD Hold'em No Limit - Level V (40/80) - 2023/12/06 18:29:07 CET [2023/12/06 12:29:07 ET]
Table '3682845961 1' 3-max Seat #3 is the button
Seat 1: AleBartolome (920 in chips) 
Seat 3: Mahu2021 (580 in chips) 
Mahu2021: posts small blind 40
AleBartolome: posts big blind 80
*** HOLE CARDS ***
Dealt to Mahu2021 [Ac 7c]
Mahu2021: raises 240 to 320
AleBartolome: folds 
Uncalled bet (240) returned to Mahu2021
Mahu2021 collected 160 from pot
Mahu2021: doesn't show hand 
*** SUMMARY ***
Total pot 160 | Rake 0 
Seat 1: AleBartolome (big blind) folded before Flop
Seat 3: Mahu2021 (button) (small blind) collected (160)



PokerStars Hand #247511455624: Tournament #3682845961, $1.84+$0.16 USD Hold'em No Limit - Level V (40/80) - 2023/12/06 18:29:18 CET [2023/12/06 12:29:18 ET]
Table '3682845961 1' 3-max Seat #1 is the button
Seat 1: AleBartolome (840 in chips) 
Seat 3: Mahu2021 (660 in chips) 
AleBartolome: posts small blind 40
Mahu2021: posts big blind 80
*** HOLE CARDS ***
Dealt to Mahu2021 [8d 9d]
AleBartolome: raises 760 to 840 and is all-in
Mahu2021: folds 
Uncalled bet (760) returned to AleBartolome
AleBartolome collected 160 from pot
*** SUMMARY ***
Total pot 160 | Rake 0 
Seat 1: AleBartolome (button) (small blind) collected (160)
Seat 3: Mahu2021 (big blind) folded before Flop



PokerStars Hand #247511457942: Tournament #3682845961, $1.84+$0.16 USD Hold'em No Limit - Level V (40/80) - 2023/12/06 18:29:26 CET [2023/12/06 12:29:26 ET]
Table '3682845961 1' 3-max Seat #3 is the button
Seat 1: AleBartolome (920 in chips) 
Seat 3: Mahu2021 (580 in chips) 
Mahu2021: posts small blind 40
AleBartolome: posts big blind 80
*** HOLE CARDS ***
Dealt to Mahu2021 [Kh 4c]
Mahu2021: raises 500 to 580 and is all-in
AleBartolome: calls 500
*** FLOP *** [2d Tc 5h]
*** TURN *** [2d Tc 5h] [As]
*** RIVER *** [2d Tc 5h As] [Qd]
*** SHOW DOWN ***
AleBartolome: shows [Kd Ac] (a pair of Aces)
Mahu2021: shows [Kh 4c] (high card Ace)
AleBartolome collected 1160 from pot
Mahu2021 finished the tournament in 2nd place
AleBartolome wins the tournament and receives $4.00 - congratulations!
*** SUMMARY ***
Total pot 1160 | Rake 0 
Board [2d Tc 5h As Qd]
Seat 1: AleBartolome (big blind) showed [Kd Ac] and won (1160) with a pair of Aces
Seat 3: Mahu2021 (button) (small blind) showed [Kh 4c] and lost with high card Ace



