PokerStars Hand #249404373558: Tournament #3728426055, $1.84+$0.16 USD Hold'em No Limit - Level I (10/20) - 2024/03/13 21:50:49 CET [2024/03/13 16:50:49 ET]
Table '3728426055 1' 3-max Seat #1 is the button
Seat 1: 09jose422 (500 in chips) 
Seat 2: Mahu2021 (500 in chips) 
Seat 3: dragos botea (500 in chips) 
Mahu2021: posts small blind 10
dragos botea: posts big blind 20
*** HOLE CARDS ***
Dealt to Mahu2021 [Qs As]
09jose422: calls 20
Mahu2021: calls 10
dragos botea: raises 480 to 500 and is all-in
09jose422: folds 
Mahu2021: calls 480 and is all-in
*** FLOP *** [4d 9s Td]
*** TURN *** [4d 9s Td] [6s]
*** RIVER *** [4d 9s Td 6s] [2c]
*** SHOW DOWN ***
Mahu2021: shows [Qs As] (high card Ace)
dragos botea: shows [7d 7s] (a pair of Sevens)
dragos botea collected 1020 from pot
Mahu2021 finished the tournament in 3rd place
*** SUMMARY ***
Total pot 1020 | Rake 0 
Board [4d 9s Td 6s 2c]
Seat 1: 09jose422 (button) folded before Flop
Seat 2: Mahu2021 (small blind) showed [Qs As] and lost with high card Ace
Seat 3: dragos botea (big blind) showed [7d 7s] and won (1020) with a pair of Sevens



