PokerStars Hand #245680461632: Tournament #3638253521, $0.92+$0.08 USD Hold'em No Limit - Level I (10/20) - 2023/08/30 21:35:55 CET [2023/08/30 15:35:55 ET]
Table '3638253521 1' 3-max Seat #1 is the button
Seat 1: Riavi8 (500 in chips) 
Seat 2: Mahu2021 (500 in chips) 
Seat 3: JDWillliams (500 in chips) 
Mahu2021: posts small blind 10
JDWillliams: posts big blind 20
*** HOLE CARDS ***
Dealt to Mahu2021 [8h Th]
Riavi8: folds 
Mahu2021: calls 10
JDWillliams: raises 20 to 40
Mahu2021: calls 20
*** FLOP *** [4s 9h Ts]
Mahu2021: checks 
JDWillliams: bets 60
Mahu2021: calls 60
*** TURN *** [4s 9h Ts] [7c]
Mahu2021: checks 
JDWillliams: bets 60
Mahu2021: raises 340 to 400 and is all-in
JDWillliams: folds 
Uncalled bet (340) returned to Mahu2021
Mahu2021 collected 320 from pot
Mahu2021: doesn't show hand 
*** SUMMARY ***
Total pot 320 | Rake 0 
Board [4s 9h Ts 7c]
Seat 1: Riavi8 (button) folded before Flop (didn't bet)
Seat 2: Mahu2021 (small blind) collected (320)
Seat 3: JDWillliams (big blind) folded on the Turn



PokerStars Hand #245680475103: Tournament #3638253521, $0.92+$0.08 USD Hold'em No Limit - Level I (10/20) - 2023/08/30 21:36:32 CET [2023/08/30 15:36:32 ET]
Table '3638253521 1' 3-max Seat #2 is the button
Seat 1: Riavi8 (500 in chips) 
Seat 2: Mahu2021 (660 in chips) 
Seat 3: JDWillliams (340 in chips) 
JDWillliams: posts small blind 10
Riavi8: posts big blind 20
*** HOLE CARDS ***
Dealt to Mahu2021 [2h 2s]
Mahu2021: folds 
JDWillliams: raises 20 to 40
Riavi8: folds 
Uncalled bet (20) returned to JDWillliams
JDWillliams collected 40 from pot
JDWillliams: doesn't show hand 
*** SUMMARY ***
Total pot 40 | Rake 0 
Seat 1: Riavi8 (big blind) folded before Flop
Seat 2: Mahu2021 (button) folded before Flop (didn't bet)
Seat 3: JDWillliams (small blind) collected (40)



PokerStars Hand #245680478536: Tournament #3638253521, $0.92+$0.08 USD Hold'em No Limit - Level I (10/20) - 2023/08/30 21:36:42 CET [2023/08/30 15:36:42 ET]
Table '3638253521 1' 3-max Seat #3 is the button
Seat 1: Riavi8 (480 in chips) 
Seat 2: Mahu2021 (660 in chips) 
Seat 3: JDWillliams (360 in chips) 
Riavi8: posts small blind 10
Mahu2021: posts big blind 20
*** HOLE CARDS ***
Dealt to Mahu2021 [9s Kd]
JDWillliams: raises 20 to 40
Riavi8: raises 440 to 480 and is all-in
Mahu2021: folds 
JDWillliams: folds 
Uncalled bet (440) returned to Riavi8
Riavi8 collected 100 from pot
Riavi8: doesn't show hand 
*** SUMMARY ***
Total pot 100 | Rake 0 
Seat 1: Riavi8 (small blind) collected (100)
Seat 2: Mahu2021 (big blind) folded before Flop
Seat 3: JDWillliams (button) folded before Flop



PokerStars Hand #245680485200: Tournament #3638253521, $0.92+$0.08 USD Hold'em No Limit - Level I (10/20) - 2023/08/30 21:37:00 CET [2023/08/30 15:37:00 ET]
Table '3638253521 1' 3-max Seat #1 is the button
Seat 1: Riavi8 (540 in chips) 
Seat 2: Mahu2021 (640 in chips) 
Seat 3: JDWillliams (320 in chips) 
Mahu2021: posts small blind 10
JDWillliams: posts big blind 20
*** HOLE CARDS ***
Dealt to Mahu2021 [3h Jh]
Riavi8: folds 
Mahu2021: folds 
Uncalled bet (10) returned to JDWillliams
JDWillliams collected 20 from pot
JDWillliams: doesn't show hand 
*** SUMMARY ***
Total pot 20 | Rake 0 
Seat 1: Riavi8 (button) folded before Flop (didn't bet)
Seat 2: Mahu2021 (small blind) folded before Flop
Seat 3: JDWillliams (big blind) collected (20)



PokerStars Hand #245680487144: Tournament #3638253521, $0.92+$0.08 USD Hold'em No Limit - Level I (10/20) - 2023/08/30 21:37:06 CET [2023/08/30 15:37:06 ET]
Table '3638253521 1' 3-max Seat #2 is the button
Seat 1: Riavi8 (540 in chips) 
Seat 2: Mahu2021 (630 in chips) 
Seat 3: JDWillliams (330 in chips) 
JDWillliams: posts small blind 10
Riavi8: posts big blind 20
*** HOLE CARDS ***
Dealt to Mahu2021 [4d 4h]
Mahu2021: raises 20 to 40
JDWillliams: calls 30
Riavi8: calls 20
*** FLOP *** [Jc Qs 2h]
JDWillliams: bets 60
Riavi8: raises 440 to 500 and is all-in
Mahu2021: folds 
JDWillliams: calls 230 and is all-in
Uncalled bet (210) returned to Riavi8
*** TURN *** [Jc Qs 2h] [3d]
*** RIVER *** [Jc Qs 2h 3d] [5d]
*** SHOW DOWN ***
JDWillliams: shows [7d Ad] (high card Ace)
Riavi8: shows [Qc Kh] (a pair of Queens)
Riavi8 collected 700 from pot
JDWillliams finished the tournament in 3rd place
*** SUMMARY ***
Total pot 700 | Rake 0 
Board [Jc Qs 2h 3d 5d]
Seat 1: Riavi8 (big blind) showed [Qc Kh] and won (700) with a pair of Queens
Seat 2: Mahu2021 (button) folded on the Flop
Seat 3: JDWillliams (small blind) showed [7d Ad] and lost with high card Ace



PokerStars Hand #245680499695: Tournament #3638253521, $0.92+$0.08 USD Hold'em No Limit - Level I (10/20) - 2023/08/30 21:37:41 CET [2023/08/30 15:37:41 ET]
Table '3638253521 1' 3-max Seat #1 is the button
Seat 1: Riavi8 (910 in chips) 
Seat 2: Mahu2021 (590 in chips) 
Riavi8: posts small blind 10
Mahu2021: posts big blind 20
*** HOLE CARDS ***
Dealt to Mahu2021 [5s Ks]
Riavi8: calls 10
Mahu2021: checks 
*** FLOP *** [Qd 3h 8c]
Mahu2021: checks 
Riavi8: bets 20
Mahu2021: folds 
Uncalled bet (20) returned to Riavi8
Riavi8 collected 40 from pot
Riavi8: doesn't show hand 
*** SUMMARY ***
Total pot 40 | Rake 0 
Board [Qd 3h 8c]
Seat 1: Riavi8 (button) (small blind) collected (40)
Seat 2: Mahu2021 (big blind) folded on the Flop



PokerStars Hand #245680504625: Tournament #3638253521, $0.92+$0.08 USD Hold'em No Limit - Level I (10/20) - 2023/08/30 21:37:55 CET [2023/08/30 15:37:55 ET]
Table '3638253521 1' 3-max Seat #2 is the button
Seat 1: Riavi8 (930 in chips) 
Seat 2: Mahu2021 (570 in chips) 
Mahu2021: posts small blind 10
Riavi8: posts big blind 20
*** HOLE CARDS ***
Dealt to Mahu2021 [4c 9s]
Mahu2021: folds 
Uncalled bet (10) returned to Riavi8
Riavi8 collected 20 from pot
Riavi8: doesn't show hand 
*** SUMMARY ***
Total pot 20 | Rake 0 
Seat 1: Riavi8 (big blind) collected (20)
Seat 2: Mahu2021 (button) (small blind) folded before Flop



PokerStars Hand #245680507161: Tournament #3638253521, $0.92+$0.08 USD Hold'em No Limit - Level II (15/30) - 2023/08/30 21:38:02 CET [2023/08/30 15:38:02 ET]
Table '3638253521 1' 3-max Seat #1 is the button
Seat 1: Riavi8 (940 in chips) 
Seat 2: Mahu2021 (560 in chips) 
Riavi8: posts small blind 15
Mahu2021: posts big blind 30
*** HOLE CARDS ***
Dealt to Mahu2021 [Qs 4c]
Riavi8: folds 
Uncalled bet (15) returned to Mahu2021
Mahu2021 collected 30 from pot
Mahu2021: doesn't show hand 
*** SUMMARY ***
Total pot 30 | Rake 0 
Seat 1: Riavi8 (button) (small blind) folded before Flop
Seat 2: Mahu2021 (big blind) collected (30)



PokerStars Hand #245680509399: Tournament #3638253521, $0.92+$0.08 USD Hold'em No Limit - Level II (15/30) - 2023/08/30 21:38:08 CET [2023/08/30 15:38:08 ET]
Table '3638253521 1' 3-max Seat #2 is the button
Seat 1: Riavi8 (925 in chips) 
Seat 2: Mahu2021 (575 in chips) 
Mahu2021: posts small blind 15
Riavi8: posts big blind 30
*** HOLE CARDS ***
Dealt to Mahu2021 [8h 8d]
Mahu2021: raises 60 to 90
Riavi8: folds 
Uncalled bet (60) returned to Mahu2021
Mahu2021 collected 60 from pot
Mahu2021: doesn't show hand 
*** SUMMARY ***
Total pot 60 | Rake 0 
Seat 1: Riavi8 (big blind) folded before Flop
Seat 2: Mahu2021 (button) (small blind) collected (60)



PokerStars Hand #245680512560: Tournament #3638253521, $0.92+$0.08 USD Hold'em No Limit - Level II (15/30) - 2023/08/30 21:38:17 CET [2023/08/30 15:38:17 ET]
Table '3638253521 1' 3-max Seat #1 is the button
Seat 1: Riavi8 (895 in chips) 
Seat 2: Mahu2021 (605 in chips) 
Riavi8: posts small blind 15
Mahu2021: posts big blind 30
*** HOLE CARDS ***
Dealt to Mahu2021 [Ks 8h]
Riavi8: raises 865 to 895 and is all-in
Mahu2021: folds 
Uncalled bet (865) returned to Riavi8
Riavi8 collected 60 from pot
Riavi8: doesn't show hand 
*** SUMMARY ***
Total pot 60 | Rake 0 
Seat 1: Riavi8 (button) (small blind) collected (60)
Seat 2: Mahu2021 (big blind) folded before Flop



PokerStars Hand #245680515261: Tournament #3638253521, $0.92+$0.08 USD Hold'em No Limit - Level II (15/30) - 2023/08/30 21:38:24 CET [2023/08/30 15:38:24 ET]
Table '3638253521 1' 3-max Seat #2 is the button
Seat 1: Riavi8 (925 in chips) 
Seat 2: Mahu2021 (575 in chips) 
Mahu2021: posts small blind 15
Riavi8: posts big blind 30
*** HOLE CARDS ***
Dealt to Mahu2021 [5c 3s]
Mahu2021: calls 15
Riavi8: checks 
*** FLOP *** [Qd As 3c]
Riavi8: checks 
Mahu2021: bets 30
Riavi8: calls 30
*** TURN *** [Qd As 3c] [6s]
Riavi8: checks 
Mahu2021: checks 
*** RIVER *** [Qd As 3c 6s] [7d]
Riavi8: checks 
Mahu2021: checks 
*** SHOW DOWN ***
Riavi8: shows [9c 3h] (a pair of Threes)
Mahu2021: mucks hand 
Riavi8 collected 120 from pot
*** SUMMARY ***
Total pot 120 | Rake 0 
Board [Qd As 3c 6s 7d]
Seat 1: Riavi8 (big blind) showed [9c 3h] and won (120) with a pair of Threes
Seat 2: Mahu2021 (button) (small blind) mucked [5c 3s]



PokerStars Hand #245680522192: Tournament #3638253521, $0.92+$0.08 USD Hold'em No Limit - Level II (15/30) - 2023/08/30 21:38:43 CET [2023/08/30 15:38:43 ET]
Table '3638253521 1' 3-max Seat #1 is the button
Seat 1: Riavi8 (985 in chips) 
Seat 2: Mahu2021 (515 in chips) 
Riavi8: posts small blind 15
Mahu2021: posts big blind 30
*** HOLE CARDS ***
Dealt to Mahu2021 [Ad 6c]
Riavi8: calls 15
Mahu2021: checks 
*** FLOP *** [8h Kd 9d]
Mahu2021: checks 
Riavi8: checks 
*** TURN *** [8h Kd 9d] [4d]
Mahu2021: bets 30
Riavi8: calls 30
*** RIVER *** [8h Kd 9d 4d] [2c]
Mahu2021: bets 120
Riavi8: folds 
Uncalled bet (120) returned to Mahu2021
Mahu2021 collected 120 from pot
Mahu2021: doesn't show hand 
*** SUMMARY ***
Total pot 120 | Rake 0 
Board [8h Kd 9d 4d 2c]
Seat 1: Riavi8 (button) (small blind) folded on the River
Seat 2: Mahu2021 (big blind) collected (120)



PokerStars Hand #245680528452: Tournament #3638253521, $0.92+$0.08 USD Hold'em No Limit - Level II (15/30) - 2023/08/30 21:39:01 CET [2023/08/30 15:39:01 ET]
Table '3638253521 1' 3-max Seat #2 is the button
Seat 1: Riavi8 (925 in chips) 
Seat 2: Mahu2021 (575 in chips) 
Mahu2021: posts small blind 15
Riavi8: posts big blind 30
*** HOLE CARDS ***
Dealt to Mahu2021 [6c 8d]
Mahu2021: folds 
Uncalled bet (15) returned to Riavi8
Riavi8 collected 30 from pot
Riavi8: doesn't show hand 
*** SUMMARY ***
Total pot 30 | Rake 0 
Seat 1: Riavi8 (big blind) collected (30)
Seat 2: Mahu2021 (button) (small blind) folded before Flop



PokerStars Hand #245680529960: Tournament #3638253521, $0.92+$0.08 USD Hold'em No Limit - Level II (15/30) - 2023/08/30 21:39:05 CET [2023/08/30 15:39:05 ET]
Table '3638253521 1' 3-max Seat #1 is the button
Seat 1: Riavi8 (940 in chips) 
Seat 2: Mahu2021 (560 in chips) 
Riavi8: posts small blind 15
Mahu2021: posts big blind 30
*** HOLE CARDS ***
Dealt to Mahu2021 [9h 5c]
Riavi8: raises 910 to 940 and is all-in
Mahu2021: folds 
Uncalled bet (910) returned to Riavi8
Riavi8 collected 60 from pot
Riavi8: doesn't show hand 
*** SUMMARY ***
Total pot 60 | Rake 0 
Seat 1: Riavi8 (button) (small blind) collected (60)
Seat 2: Mahu2021 (big blind) folded before Flop



PokerStars Hand #245680531597: Tournament #3638253521, $0.92+$0.08 USD Hold'em No Limit - Level II (15/30) - 2023/08/30 21:39:10 CET [2023/08/30 15:39:10 ET]
Table '3638253521 1' 3-max Seat #2 is the button
Seat 1: Riavi8 (970 in chips) 
Seat 2: Mahu2021 (530 in chips) 
Mahu2021: posts small blind 15
Riavi8: posts big blind 30
*** HOLE CARDS ***
Dealt to Mahu2021 [9h 6s]
Mahu2021: folds 
Uncalled bet (15) returned to Riavi8
Riavi8 collected 30 from pot
Riavi8: doesn't show hand 
*** SUMMARY ***
Total pot 30 | Rake 0 
Seat 1: Riavi8 (big blind) collected (30)
Seat 2: Mahu2021 (button) (small blind) folded before Flop



PokerStars Hand #245680533220: Tournament #3638253521, $0.92+$0.08 USD Hold'em No Limit - Level II (15/30) - 2023/08/30 21:39:14 CET [2023/08/30 15:39:14 ET]
Table '3638253521 1' 3-max Seat #1 is the button
Seat 1: Riavi8 (985 in chips) 
Seat 2: Mahu2021 (515 in chips) 
Riavi8: posts small blind 15
Mahu2021: posts big blind 30
*** HOLE CARDS ***
Dealt to Mahu2021 [Ks As]
Riavi8: raises 955 to 985 and is all-in
Mahu2021: calls 485 and is all-in
Uncalled bet (470) returned to Riavi8
*** FLOP *** [4s 6d 8d]
*** TURN *** [4s 6d 8d] [3h]
*** RIVER *** [4s 6d 8d 3h] [Qh]
*** SHOW DOWN ***
Mahu2021: shows [Ks As] (high card Ace)
Riavi8: shows [Jd Qs] (a pair of Queens)
Riavi8 collected 1030 from pot
Mahu2021 finished the tournament in 2nd place
Riavi8 wins the tournament and receives $2.00 - congratulations!
*** SUMMARY ***
Total pot 1030 | Rake 0 
Board [4s 6d 8d 3h Qh]
Seat 1: Riavi8 (button) (small blind) showed [Jd Qs] and won (1030) with a pair of Queens
Seat 2: Mahu2021 (big blind) showed [Ks As] and lost with high card Ace



