PokerStars Zoom Hand #253702401385:  Hold'em No Limit ($0.05/$0.10) - 2024/12/04 20:21:07 CET [2024/12/04 14:21:07 ET]
Table 'Aludra' 6-max Seat #1 is the button
Seat 1: Mahu2021 ($9.85 in chips) 
Seat 2: matos777997 ($10.01 in chips) 
Seat 3: sorokin21 ($11.06 in chips) 
Seat 4: VitorArj ($10 in chips) 
Seat 5: ingenfantasi ($9.76 in chips) 
Seat 6: viking_ro ($24.29 in chips) 
matos777997: posts small blind $0.05
sorokin21: posts big blind $0.10
*** HOLE CARDS ***
Dealt to Mahu2021 [5c 9h]
VitorArj: raises $0.15 to $0.25
ingenfantasi: folds 
viking_ro: folds 
Mahu2021: folds 
matos777997: folds 
sorokin21: folds 
Uncalled bet ($0.15) returned to VitorArj
VitorArj collected $0.25 from pot
VitorArj: doesn't show hand 
*** SUMMARY ***
Total pot $0.25 | Rake $0 
Seat 1: Mahu2021 (button) folded before Flop (didn't bet)
Seat 2: matos777997 (small blind) folded before Flop
Seat 3: sorokin21 (big blind) folded before Flop
Seat 4: VitorArj collected ($0.25)
Seat 5: ingenfantasi folded before Flop (didn't bet)
Seat 6: viking_ro folded before Flop (didn't bet)



PokerStars Zoom Hand #253702402052:  Hold'em No Limit ($0.05/$0.10) - 2024/12/04 20:21:09 CET [2024/12/04 14:21:09 ET]
Table 'Aludra' 6-max Seat #1 is the button
Seat 1: weedeen ($18.48 in chips) 
Seat 2: GrozovaIra ($27.72 in chips) 
Seat 3: Fakasaki ($27.62 in chips) 
Seat 4: hocheri ($11.77 in chips) 
Seat 5: 8IVAN6 ($13.96 in chips) 
Seat 6: Mahu2021 ($9.85 in chips) 
GrozovaIra: posts small blind $0.05
Fakasaki: posts big blind $0.10
*** HOLE CARDS ***
Dealt to Mahu2021 [Kc 6h]
hocheri: folds 
8IVAN6: folds 
Mahu2021: folds 
weedeen: folds 
GrozovaIra: folds 
Uncalled bet ($0.05) returned to Fakasaki
Fakasaki collected $0.10 from pot
Fakasaki: doesn't show hand 
*** SUMMARY ***
Total pot $0.10 | Rake $0 
Seat 1: weedeen (button) folded before Flop (didn't bet)
Seat 2: GrozovaIra (small blind) folded before Flop
Seat 3: Fakasaki (big blind) collected ($0.10)
Seat 4: hocheri folded before Flop (didn't bet)
Seat 5: 8IVAN6 folded before Flop (didn't bet)
Seat 6: Mahu2021 folded before Flop (didn't bet)



PokerStars Zoom Hand #253702400034:  Hold'em No Limit ($0.05/$0.10) - 2024/12/04 20:21:02 CET [2024/12/04 14:21:02 ET]
Table 'Aludra' 6-max Seat #1 is the button
Seat 1: ErnieBel ($10 in chips) 
Seat 2: Mahu2021 ($9.90 in chips) 
Seat 3: Lady-Giegie ($8.81 in chips) 
Seat 4: tehrobe ($27.69 in chips) 
Seat 5: jun9077 ($10 in chips) 
Seat 6: artur-filya ($11.14 in chips) 
Mahu2021: posts small blind $0.05
Lady-Giegie: posts big blind $0.10
*** HOLE CARDS ***
Dealt to Mahu2021 [5s Ac]
tehrobe: raises $0.20 to $0.30
jun9077: folds 
artur-filya: folds 
ErnieBel: folds 
Mahu2021: folds 
Lady-Giegie: calls $0.20
*** FLOP *** [6h 8c Jh]
Lady-Giegie: checks 
tehrobe: checks 
*** TURN *** [6h 8c Jh] [9d]
Lady-Giegie: bets $0.10
tehrobe: calls $0.10
*** RIVER *** [6h 8c Jh 9d] [4d]
Lady-Giegie: bets $0.10
tehrobe: calls $0.10
*** SHOW DOWN ***
Lady-Giegie: shows [Ks Kc] (a pair of Kings)
tehrobe: mucks hand 
Lady-Giegie collected $0.99 from pot
*** SUMMARY ***
Total pot $1.05 | Rake $0.06 
Board [6h 8c Jh 9d 4d]
Seat 1: ErnieBel (button) folded before Flop (didn't bet)
Seat 2: Mahu2021 (small blind) folded before Flop
Seat 3: Lady-Giegie (big blind) showed [Ks Kc] and won ($0.99) with a pair of Kings
Seat 4: tehrobe mucked [3s 6s]
Seat 5: jun9077 folded before Flop (didn't bet)
Seat 6: artur-filya folded before Flop (didn't bet)



PokerStars Zoom Hand #253702394954:  Hold'em No Limit ($0.05/$0.10) - 2024/12/04 20:20:43 CET [2024/12/04 14:20:43 ET]
Table 'Aludra' 6-max Seat #1 is the button
Seat 1: lutr1923 ($5.22 in chips) 
Seat 2: VitorArj ($10 in chips) 
Seat 3: Mahu2021 ($10 in chips) 
Seat 4: Guten3213 ($10.10 in chips) 
Seat 5: weedeen ($18.98 in chips) 
Seat 6: viking_ro ($12.73 in chips) 
VitorArj: posts small blind $0.05
Mahu2021: posts big blind $0.10
*** HOLE CARDS ***
Dealt to Mahu2021 [4d Qh]
Guten3213: folds 
weedeen: calls $0.10
viking_ro: folds 
lutr1923: calls $0.10
VitorArj: raises $0.40 to $0.50
Mahu2021: folds 
weedeen: calls $0.40
lutr1923: calls $0.40
*** FLOP *** [2s Tc 6h]
VitorArj: bets $0.38
weedeen: folds 
lutr1923: calls $0.38
*** TURN *** [2s Tc 6h] [7c]
VitorArj: checks 
lutr1923: checks 
*** RIVER *** [2s Tc 6h 7c] [6c]
VitorArj: checks 
lutr1923: bets $0.80
VitorArj: folds 
Uncalled bet ($0.80) returned to lutr1923
lutr1923 collected $2.22 from pot
lutr1923: doesn't show hand 
*** SUMMARY ***
Total pot $2.36 | Rake $0.14 
Board [2s Tc 6h 7c 6c]
Seat 1: lutr1923 (button) collected ($2.22)
Seat 2: VitorArj (small blind) folded on the River
Seat 3: Mahu2021 (big blind) folded before Flop
Seat 4: Guten3213 folded before Flop (didn't bet)
Seat 5: weedeen folded on the Flop
Seat 6: viking_ro folded before Flop (didn't bet)



PokerStars Zoom Hand #253702398850:  Hold'em No Limit ($0.05/$0.10) - 2024/12/04 20:20:57 CET [2024/12/04 14:20:57 ET]
Table 'Aludra' 6-max Seat #1 is the button
Seat 1: SuperAlex23 ($7.86 in chips) 
Seat 2: aacteck ($5.82 in chips) 
Seat 3: ingenfantasi ($9.86 in chips) 
Seat 4: Mahu2021 ($9.90 in chips) 
Seat 5: argyenfant ($10.62 in chips) 
Seat 6: Dbentleyy ($18.74 in chips) 
aacteck: posts small blind $0.05
ingenfantasi: posts big blind $0.10
*** HOLE CARDS ***
Dealt to Mahu2021 [Qh 8s]
Mahu2021: folds 
argyenfant: calls $0.10
Dbentleyy: raises $0.40 to $0.50
SuperAlex23: folds 
aacteck: calls $0.45
ingenfantasi: folds 
argyenfant: calls $0.40
*** FLOP *** [Qc Ks 5d]
aacteck: checks 
argyenfant: checks 
Dbentleyy: bets $0.50
aacteck: calls $0.50
argyenfant: calls $0.50
*** TURN *** [Qc Ks 5d] [Ts]
aacteck: checks 
argyenfant: bets $1.48
Dbentleyy: calls $1.48
aacteck: folds 
*** RIVER *** [Qc Ks 5d Ts] [As]
argyenfant: checks 
Dbentleyy: checks 
*** SHOW DOWN ***
argyenfant: shows [Tc 5c] (two pair, Tens and Fives)
Dbentleyy: mucks hand 
argyenfant collected $5.79 from pot
*** SUMMARY ***
Total pot $6.06 | Rake $0.27 
Board [Qc Ks 5d Ts As]
Seat 1: SuperAlex23 (button) folded before Flop (didn't bet)
Seat 2: aacteck (small blind) folded on the Turn
Seat 3: ingenfantasi (big blind) folded before Flop
Seat 4: Mahu2021 folded before Flop (didn't bet)
Seat 5: argyenfant showed [Tc 5c] and won ($5.79) with two pair, Tens and Fives
Seat 6: Dbentleyy mucked [Kc 9d]



PokerStars Zoom Hand #253702402959:  Hold'em No Limit ($0.05/$0.10) - 2024/12/04 20:21:12 CET [2024/12/04 14:21:12 ET]
Table 'Aludra' 6-max Seat #1 is the button
Seat 1: TheDraysonator ($7.92 in chips) 
Seat 2: TanaM78 ($11.94 in chips) 
Seat 3: matos777997 ($9.96 in chips) 
Seat 4: Romantik881 ($5.14 in chips) 
Seat 5: Mahu2021 ($9.85 in chips) 
Seat 6: Microdust ($11.24 in chips) 
TanaM78: posts small blind $0.05
matos777997: posts big blind $0.10
*** HOLE CARDS ***
Dealt to Mahu2021 [Qc Js]
Romantik881: folds 
Mahu2021: raises $0.20 to $0.30
Microdust: folds 
TheDraysonator: folds 
TanaM78: calls $0.25
matos777997: calls $0.20
*** FLOP *** [Kh 3d 7h]
TanaM78: checks 
matos777997: checks 
Mahu2021: checks 
*** TURN *** [Kh 3d 7h] [Td]
TanaM78: checks 
matos777997: bets $0.43
Mahu2021: calls $0.43
TanaM78: raises $1.83 to $2.26
matos777997: calls $1.83
Mahu2021: calls $1.83
*** RIVER *** [Kh 3d 7h Td] [8h]
TanaM78: checks 
matos777997: checks 
Mahu2021: checks 
*** SHOW DOWN ***
TanaM78: shows [Kc Tc] (two pair, Kings and Tens)
matos777997: mucks hand 
Mahu2021: mucks hand 
TanaM78 collected $7.33 from pot
*** SUMMARY ***
Total pot $7.68 | Rake $0.35 
Board [Kh 3d 7h Td 8h]
Seat 1: TheDraysonator (button) folded before Flop (didn't bet)
Seat 2: TanaM78 (small blind) showed [Kc Tc] and won ($7.33) with two pair, Kings and Tens
Seat 3: matos777997 (big blind) mucked [2d Kd]
Seat 4: Romantik881 folded before Flop (didn't bet)
Seat 5: Mahu2021 mucked [Qc Js]
Seat 6: Microdust folded before Flop (didn't bet)



PokerStars Zoom Hand #253702426127:  Hold'em No Limit ($0.05/$0.10) - 2024/12/04 20:22:39 CET [2024/12/04 14:22:39 ET]
Table 'Aludra' 6-max Seat #1 is the button
Seat 1: israelff85 ($2.50 in chips) 
Seat 2: Mahu2021 ($7.29 in chips) 
Seat 3: Chakman1990 ($22.90 in chips) 
Seat 4: tofuvik ($5.46 in chips) 
Seat 5: matos777997 ($7.40 in chips) 
Seat 6: 8IVAN6 ($10.85 in chips) 
Mahu2021: posts small blind $0.05
Chakman1990: posts big blind $0.10
*** HOLE CARDS ***
Dealt to Mahu2021 [Ts 2s]
tofuvik: folds 
matos777997: folds 
8IVAN6: folds 
israelff85: folds 
Mahu2021: folds 
Uncalled bet ($0.05) returned to Chakman1990
Chakman1990 collected $0.10 from pot
Chakman1990: doesn't show hand 
*** SUMMARY ***
Total pot $0.10 | Rake $0 
Seat 1: israelff85 (button) folded before Flop (didn't bet)
Seat 2: Mahu2021 (small blind) folded before Flop
Seat 3: Chakman1990 (big blind) collected ($0.10)
Seat 4: tofuvik folded before Flop (didn't bet)
Seat 5: matos777997 folded before Flop (didn't bet)
Seat 6: 8IVAN6 folded before Flop (didn't bet)



PokerStars Zoom Hand #253702427416:  Hold'em No Limit ($0.05/$0.10) - 2024/12/04 20:22:44 CET [2024/12/04 14:22:44 ET]
Table 'Aludra' 6-max Seat #1 is the button
Seat 1: Romantik881 ($10.95 in chips) 
Seat 2: charlesws25 ($16.15 in chips) 
Seat 3: Mahu2021 ($7.24 in chips) 
Seat 4: despot17 ($15.65 in chips) 
Seat 5: hocheri ($10 in chips) 
Seat 6: kadecik ($12.84 in chips) 
charlesws25: posts small blind $0.05
Mahu2021: posts big blind $0.10
*** HOLE CARDS ***
Dealt to Mahu2021 [Tc Kc]
despot17: raises $0.15 to $0.25
hocheri: folds 
kadecik: folds 
Romantik881: folds 
charlesws25: folds 
Mahu2021: calls $0.15
*** FLOP *** [3d 8h 8s]
Mahu2021: checks 
despot17: bets $0.30
Mahu2021: calls $0.30
*** TURN *** [3d 8h 8s] [3s]
Mahu2021: checks 
despot17: bets $0.36
Mahu2021: folds 
Uncalled bet ($0.36) returned to despot17
despot17 collected $1.10 from pot
despot17: doesn't show hand 
*** SUMMARY ***
Total pot $1.15 | Rake $0.05 
Board [3d 8h 8s 3s]
Seat 1: Romantik881 (button) folded before Flop (didn't bet)
Seat 2: charlesws25 (small blind) folded before Flop
Seat 3: Mahu2021 (big blind) folded on the Turn
Seat 4: despot17 collected ($1.10)
Seat 5: hocheri folded before Flop (didn't bet)
Seat 6: kadecik folded before Flop (didn't bet)



PokerStars Zoom Hand #253702436018:  Hold'em No Limit ($0.05/$0.10) - 2024/12/04 20:23:16 CET [2024/12/04 14:23:16 ET]
Table 'Aludra' 6-max Seat #1 is the button
Seat 1: Mahu2021 ($6.69 in chips) 
Seat 2: boki4aaa ($10.71 in chips) 
Seat 3: memewoob ($10 in chips) 
Seat 4: auraph333 ($6.80 in chips) 
Seat 5: ErnieBel ($10.10 in chips) 
Seat 6: minimalistAA ($9.85 in chips) 
boki4aaa: posts small blind $0.05
memewoob: posts big blind $0.10
*** HOLE CARDS ***
Dealt to Mahu2021 [Tc Kc]
auraph333: folds 
ErnieBel: folds 
minimalistAA: folds 
Mahu2021: raises $0.20 to $0.30
boki4aaa: folds 
memewoob: folds 
Uncalled bet ($0.20) returned to Mahu2021
Mahu2021 collected $0.25 from pot
Mahu2021: doesn't show hand 
*** SUMMARY ***
Total pot $0.25 | Rake $0 
Seat 1: Mahu2021 (button) collected ($0.25)
Seat 2: boki4aaa (small blind) folded before Flop
Seat 3: memewoob (big blind) folded before Flop
Seat 4: auraph333 folded before Flop (didn't bet)
Seat 5: ErnieBel folded before Flop (didn't bet)
Seat 6: minimalistAA folded before Flop (didn't bet)



PokerStars Zoom Hand #253702440038:  Hold'em No Limit ($0.05/$0.10) - 2024/12/04 20:23:31 CET [2024/12/04 14:23:31 ET]
Table 'Aludra' 6-max Seat #1 is the button
Seat 1: Cdmarola ($23.25 in chips) 
Seat 2: Guten3213 ($10 in chips) 
Seat 3: charlesws25 ($11.66 in chips) 
Seat 4: zarpapis ($10 in chips) 
Seat 5: Ger Cortes ($11.10 in chips) 
Seat 6: Mahu2021 ($6.84 in chips) 
Guten3213: posts small blind $0.05
charlesws25: posts big blind $0.10
*** HOLE CARDS ***
Dealt to Mahu2021 [3h 5d]
zarpapis: folds 
Ger Cortes: folds 
Mahu2021: folds 
Cdmarola: folds 
Guten3213: raises $0.20 to $0.30
charlesws25: folds 
Uncalled bet ($0.20) returned to Guten3213
Guten3213 collected $0.20 from pot
Guten3213: doesn't show hand 
*** SUMMARY ***
Total pot $0.20 | Rake $0 
Seat 1: Cdmarola (button) folded before Flop (didn't bet)
Seat 2: Guten3213 (small blind) collected ($0.20)
Seat 3: charlesws25 (big blind) folded before Flop
Seat 4: zarpapis folded before Flop (didn't bet)
Seat 5: Ger Cortes folded before Flop (didn't bet)
Seat 6: Mahu2021 folded before Flop (didn't bet)



PokerStars Zoom Hand #253702441098:  Hold'em No Limit ($0.05/$0.10) - 2024/12/04 20:23:35 CET [2024/12/04 14:23:35 ET]
Table 'Aludra' 6-max Seat #1 is the button
Seat 1: gimmiurstack ($10.35 in chips) 
Seat 2: EmilTheRaccoon ($10.60 in chips) 
Seat 3: Ger Cortes ($11.10 in chips) 
Seat 4: weedeen ($18.19 in chips) 
Seat 5: Mahu2021 ($6.84 in chips) 
Seat 6: Chestiefol ($10 in chips) 
EmilTheRaccoon: posts small blind $0.05
Ger Cortes: posts big blind $0.10
*** HOLE CARDS ***
Dealt to Mahu2021 [Tc 4c]
weedeen: folds 
Mahu2021: folds 
Chestiefol: folds 
gimmiurstack: folds 
EmilTheRaccoon: raises $0.20 to $0.30
Ger Cortes: folds 
Uncalled bet ($0.20) returned to EmilTheRaccoon
EmilTheRaccoon collected $0.20 from pot
EmilTheRaccoon: doesn't show hand 
*** SUMMARY ***
Total pot $0.20 | Rake $0 
Seat 1: gimmiurstack (button) folded before Flop (didn't bet)
Seat 2: EmilTheRaccoon (small blind) collected ($0.20)
Seat 3: Ger Cortes (big blind) folded before Flop
Seat 4: weedeen folded before Flop (didn't bet)
Seat 5: Mahu2021 folded before Flop (didn't bet)
Seat 6: Chestiefol folded before Flop (didn't bet)



PokerStars Zoom Hand #253702443378:  Hold'em No Limit ($0.05/$0.10) - 2024/12/04 20:23:44 CET [2024/12/04 14:23:44 ET]
Table 'Aludra' 6-max Seat #1 is the button
Seat 1: larimoisha ($14.36 in chips) 
Seat 2: Ger Cortes ($10.25 in chips) 
Seat 3: zarpapis ($10 in chips) 
Seat 4: 8IVAN6 ($13.80 in chips) 
Seat 5: aacteck ($9.09 in chips) 
Seat 6: Mahu2021 ($6.84 in chips) 
Ger Cortes: posts small blind $0.05
zarpapis: posts big blind $0.10
*** HOLE CARDS ***
Dealt to Mahu2021 [7h 5d]
8IVAN6: raises $0.12 to $0.22
aacteck: folds 
Mahu2021: folds 
larimoisha: calls $0.22
Ger Cortes: folds 
zarpapis: folds 
*** FLOP *** [3h Kc Ks]
8IVAN6: checks 
larimoisha: checks 
*** TURN *** [3h Kc Ks] [Kh]
8IVAN6: checks 
larimoisha: checks 
*** RIVER *** [3h Kc Ks Kh] [Qd]
8IVAN6: checks 
larimoisha: checks 
*** SHOW DOWN ***
8IVAN6: shows [9s As] (three of a kind, Kings)
larimoisha: mucks hand 
8IVAN6 collected $0.56 from pot
*** SUMMARY ***
Total pot $0.59 | Rake $0.03 
Board [3h Kc Ks Kh Qd]
Seat 1: larimoisha (button) mucked [9c Tc]
Seat 2: Ger Cortes (small blind) folded before Flop
Seat 3: zarpapis (big blind) folded before Flop
Seat 4: 8IVAN6 showed [9s As] and won ($0.56) with three of a kind, Kings
Seat 5: aacteck folded before Flop (didn't bet)
Seat 6: Mahu2021 folded before Flop (didn't bet)



PokerStars Zoom Hand #253702442434:  Hold'em No Limit ($0.05/$0.10) - 2024/12/04 20:23:40 CET [2024/12/04 14:23:40 ET]
Table 'Aludra' 6-max Seat #1 is the button
Seat 1: andrew.startup4 ($13.24 in chips) 
Seat 2: Fakasaki ($31.38 in chips) 
Seat 3: kkotae ($11.18 in chips) 
Seat 4: Mahu2021 ($6.84 in chips) 
Seat 5: Cdmarola ($23.25 in chips) 
Seat 6: Guten3213 ($13.07 in chips) 
Fakasaki: posts small blind $0.05
kkotae: posts big blind $0.10
*** HOLE CARDS ***
Dealt to Mahu2021 [Kh 8s]
Mahu2021: folds 
Cdmarola: folds 
Guten3213: folds 
andrew.startup4: raises $0.20 to $0.30
Fakasaki: folds 
kkotae: calls $0.20
*** FLOP *** [8c 5s Ah]
kkotae: checks 
andrew.startup4: bets $0.40
kkotae: folds 
Uncalled bet ($0.40) returned to andrew.startup4
andrew.startup4 collected $0.62 from pot
andrew.startup4: doesn't show hand 
*** SUMMARY ***
Total pot $0.65 | Rake $0.03 
Board [8c 5s Ah]
Seat 1: andrew.startup4 (button) collected ($0.62)
Seat 2: Fakasaki (small blind) folded before Flop
Seat 3: kkotae (big blind) folded on the Flop
Seat 4: Mahu2021 folded before Flop (didn't bet)
Seat 5: Cdmarola folded before Flop (didn't bet)
Seat 6: Guten3213 folded before Flop (didn't bet)



PokerStars Zoom Hand #253702444432:  Hold'em No Limit ($0.05/$0.10) - 2024/12/04 20:23:47 CET [2024/12/04 14:23:47 ET]
Table 'Aludra' 6-max Seat #1 is the button
Seat 1: aacteck ($9.09 in chips) 
Seat 2: Mahu2021 ($6.84 in chips) 
Seat 3: leonidas31415 ($9.04 in chips) 
Seat 4: iza_doria ($5.29 in chips) 
Seat 5: LuckyVivi29 ($14.37 in chips) 
Seat 6: charlesws25 ($20.70 in chips) 
Mahu2021: posts small blind $0.05
leonidas31415: posts big blind $0.10
*** HOLE CARDS ***
Dealt to Mahu2021 [As 7h]
iza_doria: folds 
LuckyVivi29: calls $0.10
charlesws25: folds 
aacteck: calls $0.10
Mahu2021: calls $0.05
leonidas31415: checks 
*** FLOP *** [3s 2s Kd]
Mahu2021: checks 
leonidas31415: checks 
LuckyVivi29: bets $0.38
aacteck: calls $0.38
Mahu2021: folds 
leonidas31415: folds 
*** TURN *** [3s 2s Kd] [Jc]
LuckyVivi29: bets $0.56
aacteck: raises $0.56 to $1.12
LuckyVivi29: folds 
Uncalled bet ($0.56) returned to aacteck
aacteck collected $2.18 from pot
aacteck: doesn't show hand 
*** SUMMARY ***
Total pot $2.28 | Rake $0.10 
Board [3s 2s Kd Jc]
Seat 1: aacteck (button) collected ($2.18)
Seat 2: Mahu2021 (small blind) folded on the Flop
Seat 3: leonidas31415 (big blind) folded on the Flop
Seat 4: iza_doria folded before Flop (didn't bet)
Seat 5: LuckyVivi29 folded on the Turn
Seat 6: charlesws25 folded before Flop (didn't bet)



PokerStars Zoom Hand #253702454609:  Hold'em No Limit ($0.05/$0.10) - 2024/12/04 20:24:26 CET [2024/12/04 14:24:26 ET]
Table 'Aludra' 6-max Seat #1 is the button
Seat 1: ingenfantasi ($23.42 in chips) 
Seat 2: Chakman1990 ($22.70 in chips) 
Seat 3: sorokin21 ($10.27 in chips) 
Seat 4: Mahu2021 ($6.64 in chips) 
Seat 5: SuperAlex23 ($8.92 in chips) 
Seat 6: Cdmarola ($14.37 in chips) 
Chakman1990: posts small blind $0.05
sorokin21: posts big blind $0.10
*** HOLE CARDS ***
Dealt to Mahu2021 [Jh Td]
Mahu2021: folds 
SuperAlex23: folds 
Cdmarola: folds 
ingenfantasi: folds 
Chakman1990: folds 
Uncalled bet ($0.05) returned to sorokin21
sorokin21 collected $0.10 from pot
sorokin21: doesn't show hand 
*** SUMMARY ***
Total pot $0.10 | Rake $0 
Seat 1: ingenfantasi (button) folded before Flop (didn't bet)
Seat 2: Chakman1990 (small blind) folded before Flop
Seat 3: sorokin21 (big blind) collected ($0.10)
Seat 4: Mahu2021 folded before Flop (didn't bet)
Seat 5: SuperAlex23 folded before Flop (didn't bet)
Seat 6: Cdmarola folded before Flop (didn't bet)



PokerStars Zoom Hand #253702450919:  Hold'em No Limit ($0.05/$0.10) - 2024/12/04 20:24:12 CET [2024/12/04 14:24:12 ET]
Table 'Aludra' 6-max Seat #1 is the button
Seat 1: add no lol ($12.81 in chips) 
Seat 2: DonkeyKong1960 ($10 in chips) 
Seat 3: Mahu2021 ($6.74 in chips) 
Seat 4: larimoisha ($14.14 in chips) 
Seat 5: viking_ro ($12.28 in chips) 
Seat 6: melissaco ($20.37 in chips) 
DonkeyKong1960: posts small blind $0.05
Mahu2021: posts big blind $0.10
*** HOLE CARDS ***
Dealt to Mahu2021 [4d Kc]
larimoisha: folds 
viking_ro: folds 
melissaco: raises $0.15 to $0.25
add no lol: raises $0.50 to $0.75
DonkeyKong1960: folds 
Mahu2021: folds 
melissaco: raises $1.50 to $2.25
add no lol: folds 
Uncalled bet ($1.50) returned to melissaco
melissaco collected $1.65 from pot
melissaco: doesn't show hand 
*** SUMMARY ***
Total pot $1.65 | Rake $0 
Seat 1: add no lol (button) folded before Flop
Seat 2: DonkeyKong1960 (small blind) folded before Flop
Seat 3: Mahu2021 (big blind) folded before Flop
Seat 4: larimoisha folded before Flop (didn't bet)
Seat 5: viking_ro folded before Flop (didn't bet)
Seat 6: melissaco collected ($1.65)



PokerStars Zoom Hand #253702452729:  Hold'em No Limit ($0.05/$0.10) - 2024/12/04 20:24:19 CET [2024/12/04 14:24:19 ET]
Table 'Aludra' 6-max Seat #1 is the button
Seat 1: Mahu2021 ($6.64 in chips) 
Seat 2: gimmiurstack ($11.54 in chips) 
Seat 3: zarpapis ($13.25 in chips) 
Seat 4: Guten3213 ($10.10 in chips) 
Seat 5: gresscrack ($12.90 in chips) 
Seat 6: viking_ro ($22.45 in chips) 
gimmiurstack: posts small blind $0.05
zarpapis: posts big blind $0.10
*** HOLE CARDS ***
Dealt to Mahu2021 [Ks 5d]
Guten3213: folds 
gresscrack: raises $0.20 to $0.30
viking_ro: folds 
Mahu2021: folds 
gimmiurstack: folds 
zarpapis: folds 
Uncalled bet ($0.20) returned to gresscrack
gresscrack collected $0.25 from pot
gresscrack: doesn't show hand 
*** SUMMARY ***
Total pot $0.25 | Rake $0 
Seat 1: Mahu2021 (button) folded before Flop (didn't bet)
Seat 2: gimmiurstack (small blind) folded before Flop
Seat 3: zarpapis (big blind) folded before Flop
Seat 4: Guten3213 folded before Flop (didn't bet)
Seat 5: gresscrack collected ($0.25)
Seat 6: viking_ro folded before Flop (didn't bet)



PokerStars Zoom Hand #253702457031:  Hold'em No Limit ($0.05/$0.10) - 2024/12/04 20:24:35 CET [2024/12/04 14:24:35 ET]
Table 'Aludra' 6-max Seat #1 is the button
Seat 1: barrista76 ($16.79 in chips) 
Seat 2: add no lol ($13.94 in chips) 
Seat 3: Mahu2021 ($6.64 in chips) 
Seat 4: Cdmarola ($23.57 in chips) 
Seat 5: Lux007804 ($11.79 in chips) 
Seat 6: VitorArj ($10.71 in chips) 
add no lol: posts small blind $0.05
Mahu2021: posts big blind $0.10
*** HOLE CARDS ***
Dealt to Mahu2021 [Kc 6h]
Cdmarola: folds 
Lux007804: folds 
VitorArj: raises $0.15 to $0.25
barrista76: folds 
add no lol: folds 
Mahu2021: folds 
Uncalled bet ($0.15) returned to VitorArj
VitorArj collected $0.25 from pot
VitorArj: doesn't show hand 
*** SUMMARY ***
Total pot $0.25 | Rake $0 
Seat 1: barrista76 (button) folded before Flop (didn't bet)
Seat 2: add no lol (small blind) folded before Flop
Seat 3: Mahu2021 (big blind) folded before Flop
Seat 4: Cdmarola folded before Flop (didn't bet)
Seat 5: Lux007804 folded before Flop (didn't bet)
Seat 6: VitorArj collected ($0.25)



PokerStars Zoom Hand #253702459668:  Hold'em No Limit ($0.05/$0.10) - 2024/12/04 20:24:45 CET [2024/12/04 14:24:45 ET]
Table 'Aludra' 6-max Seat #1 is the button
Seat 1: vogiatzis97 ($11.53 in chips) 
Seat 2: Mahu2021 ($6.54 in chips) 
Seat 3: cybik945 ($10.50 in chips) 
Seat 4: gresscrack ($13.05 in chips) 
Seat 5: kkotae ($10.83 in chips) 
Seat 6: gimmiurstack ($11.64 in chips) 
Mahu2021: posts small blind $0.05
cybik945: posts big blind $0.10
*** HOLE CARDS ***
Dealt to Mahu2021 [As Kh]
gresscrack: folds 
kkotae: folds 
gimmiurstack: folds 
vogiatzis97: raises $0.10 to $0.20
Mahu2021: raises $0.50 to $0.70
cybik945: folds 
vogiatzis97: folds 
Uncalled bet ($0.50) returned to Mahu2021
Mahu2021 collected $0.50 from pot
Mahu2021: doesn't show hand 
*** SUMMARY ***
Total pot $0.50 | Rake $0 
Seat 1: vogiatzis97 (button) folded before Flop
Seat 2: Mahu2021 (small blind) collected ($0.50)
Seat 3: cybik945 (big blind) folded before Flop
Seat 4: gresscrack folded before Flop (didn't bet)
Seat 5: kkotae folded before Flop (didn't bet)
Seat 6: gimmiurstack folded before Flop (didn't bet)



PokerStars Zoom Hand #253702453763:  Hold'em No Limit ($0.05/$0.10) - 2024/12/04 20:24:23 CET [2024/12/04 14:24:23 ET]
Table 'Aludra' 6-max Seat #1 is the button
Seat 1: GrozovaIra ($16.52 in chips) 
Seat 2: azndude8 ($10.05 in chips) 
Seat 3: Carrorc87 ($10.95 in chips) 
Seat 4: Mahu2021 ($6.64 in chips) 
Seat 5: Tangros ($13.31 in chips) 
Seat 6: sorokin21 ($10.27 in chips) 
azndude8: posts small blind $0.05
Carrorc87: posts big blind $0.10
*** HOLE CARDS ***
Dealt to Mahu2021 [Kd 4s]
Mahu2021: folds 
Tangros: raises $0.15 to $0.25
sorokin21: folds 
GrozovaIra: folds 
azndude8: folds 
Carrorc87: calls $0.15
*** FLOP *** [2d 3c 5h]
Carrorc87: checks 
Tangros: checks 
*** TURN *** [2d 3c 5h] [8d]
Carrorc87: bets $0.20
Tangros: raises $0.85 to $1.05
Carrorc87: raises $1.45 to $2.50
Tangros: calls $1.45
*** RIVER *** [2d 3c 5h 8d] [2s]
Carrorc87: checks 
Tangros: bets $10.56 and is all-in
Carrorc87: calls $8.20 and is all-in
Uncalled bet ($2.36) returned to Tangros
*** SHOW DOWN ***
Tangros: shows [Qs Kc] (a pair of Deuces)
Carrorc87: shows [Ac 4d] (a straight, Ace to Five)
Carrorc87 collected $20.96 from pot
*** SUMMARY ***
Total pot $21.95 | Rake $0.99 
Board [2d 3c 5h 8d 2s]
Seat 1: GrozovaIra (button) folded before Flop (didn't bet)
Seat 2: azndude8 (small blind) folded before Flop
Seat 3: Carrorc87 (big blind) showed [Ac 4d] and won ($20.96) with a straight, Ace to Five
Seat 4: Mahu2021 folded before Flop (didn't bet)
Seat 5: Tangros showed [Qs Kc] and lost with a pair of Deuces
Seat 6: sorokin21 folded before Flop (didn't bet)



PokerStars Zoom Hand #253702465171:  Hold'em No Limit ($0.05/$0.10) - 2024/12/04 20:25:06 CET [2024/12/04 14:25:06 ET]
Table 'Aludra' 6-max Seat #1 is the button
Seat 1: Mahu2021 ($6.84 in chips) 
Seat 2: davidalejag ($10 in chips) 
Seat 3: xNinja23 ($10 in chips) 
Seat 4: viking_ro ($22.30 in chips) 
Seat 5: add no lol ($18.57 in chips) 
Seat 6: durugica10 ($18.84 in chips) 
davidalejag: posts small blind $0.05
xNinja23: posts big blind $0.10
*** HOLE CARDS ***
Dealt to Mahu2021 [5d 5c]
viking_ro: folds 
add no lol: folds 
durugica10: folds 
Mahu2021: raises $0.20 to $0.30
davidalejag: folds 
xNinja23: calls $0.20
*** FLOP *** [5s 4d 9s]
xNinja23: checks 
Mahu2021: checks 
*** TURN *** [5s 4d 9s] [Qh]
xNinja23: checks 
Mahu2021: checks 
*** RIVER *** [5s 4d 9s Qh] [Jc]
xNinja23: bets $0.45
Mahu2021: calls $0.45
*** SHOW DOWN ***
xNinja23: shows [2h 8h] (high card Queen)
Mahu2021: shows [5d 5c] (three of a kind, Fives)
Mahu2021 collected $1.48 from pot
*** SUMMARY ***
Total pot $1.55 | Rake $0.07 
Board [5s 4d 9s Qh Jc]
Seat 1: Mahu2021 (button) showed [5d 5c] and won ($1.48) with three of a kind, Fives
Seat 2: davidalejag (small blind) folded before Flop
Seat 3: xNinja23 (big blind) showed [2h 8h] and lost with high card Queen
Seat 4: viking_ro folded before Flop (didn't bet)
Seat 5: add no lol folded before Flop (didn't bet)
Seat 6: durugica10 folded before Flop (didn't bet)



PokerStars Zoom Hand #253702455731:  Hold'em No Limit ($0.05/$0.10) - 2024/12/04 20:24:30 CET [2024/12/04 14:24:30 ET]
Table 'Aludra' 6-max Seat #1 is the button
Seat 1: 8IVAN6 ($13.67 in chips) 
Seat 2: RC_Veloz ($6.92 in chips) 
Seat 3: aacteck ($10.23 in chips) 
Seat 4: LuckyVivi29 ($13.33 in chips) 
Seat 5: SuperAlex23 ($8.92 in chips) 
Seat 6: Mahu2021 ($6.64 in chips) 
RC_Veloz: posts small blind $0.05
aacteck: posts big blind $0.10
*** HOLE CARDS ***
Dealt to Mahu2021 [5c 9c]
LuckyVivi29: folds 
SuperAlex23: folds 
Mahu2021: folds 
8IVAN6: raises $0.15 to $0.25
RC_Veloz: calls $0.20
aacteck: folds 
*** FLOP *** [6d 6s Ks]
RC_Veloz: checks 
8IVAN6: bets $0.19
RC_Veloz: calls $0.19
*** TURN *** [6d 6s Ks] [5h]
RC_Veloz: checks 
8IVAN6: bets $0.71
RC_Veloz: folds 
Uncalled bet ($0.71) returned to 8IVAN6
8IVAN6 collected $0.94 from pot
8IVAN6: doesn't show hand 
*** SUMMARY ***
Total pot $0.98 | Rake $0.04 
Board [6d 6s Ks 5h]
Seat 1: 8IVAN6 (button) collected ($0.94)
Seat 2: RC_Veloz (small blind) folded on the Turn
Seat 3: aacteck (big blind) folded before Flop
Seat 4: LuckyVivi29 folded before Flop (didn't bet)
Seat 5: SuperAlex23 folded before Flop (didn't bet)
Seat 6: Mahu2021 folded before Flop (didn't bet)



PokerStars Zoom Hand #253702471781:  Hold'em No Limit ($0.05/$0.10) - 2024/12/04 20:25:31 CET [2024/12/04 14:25:31 ET]
Table 'Aludra' 6-max Seat #1 is the button
Seat 1: azndude8 ($10 in chips) 
Seat 2: Cdmarola ($14.76 in chips) 
Seat 3: Baratrum777 ($10 in chips) 
Seat 4: jun9077 ($10 in chips) 
Seat 5: Mahu2021 ($7.57 in chips) 
Seat 6: lutr1923 ($7.75 in chips) 
Cdmarola: posts small blind $0.05
Baratrum777: posts big blind $0.10
*** HOLE CARDS ***
Dealt to Mahu2021 [4c 5d]
jun9077: folds 
Mahu2021: folds 
lutr1923: folds 
azndude8: folds 
Cdmarola: raises $0.20 to $0.30
Baratrum777: folds 
Uncalled bet ($0.20) returned to Cdmarola
Cdmarola collected $0.20 from pot
Cdmarola: doesn't show hand 
*** SUMMARY ***
Total pot $0.20 | Rake $0 
Seat 1: azndude8 (button) folded before Flop (didn't bet)
Seat 2: Cdmarola (small blind) collected ($0.20)
Seat 3: Baratrum777 (big blind) folded before Flop
Seat 4: jun9077 folded before Flop (didn't bet)
Seat 5: Mahu2021 folded before Flop (didn't bet)
Seat 6: lutr1923 folded before Flop (didn't bet)



PokerStars Zoom Hand #253702473079:  Hold'em No Limit ($0.05/$0.10) - 2024/12/04 20:25:36 CET [2024/12/04 14:25:36 ET]
Table 'Aludra' 6-max Seat #1 is the button
Seat 1: Fakasaki ($14.47 in chips) 
Seat 2: JacDs ($29.92 in chips) 
Seat 3: add no lol ($11.76 in chips) 
Seat 4: Mahu2021 ($7.57 in chips) 
Seat 5: RC_Veloz ($6.48 in chips) 
Seat 6: azndude8 ($10 in chips) 
JacDs: posts small blind $0.05
add no lol: posts big blind $0.10
*** HOLE CARDS ***
Dealt to Mahu2021 [8d Jh]
Mahu2021: folds 
RC_Veloz: folds 
azndude8: raises $0.15 to $0.25
Fakasaki: raises $0.55 to $0.80
JacDs: folds 
add no lol: folds 
azndude8: calls $0.55
*** FLOP *** [Tc 2c 8h]
azndude8: checks 
Fakasaki: checks 
*** TURN *** [Tc 2c 8h] [5c]
azndude8: checks 
Fakasaki: checks 
*** RIVER *** [Tc 2c 8h 5c] [2d]
azndude8: bets $1.20
Fakasaki: folds 
Uncalled bet ($1.20) returned to azndude8
azndude8 collected $1.67 from pot
azndude8: doesn't show hand 
*** SUMMARY ***
Total pot $1.75 | Rake $0.08 
Board [Tc 2c 8h 5c 2d]
Seat 1: Fakasaki (button) folded on the River
Seat 2: JacDs (small blind) folded before Flop
Seat 3: add no lol (big blind) folded before Flop
Seat 4: Mahu2021 folded before Flop (didn't bet)
Seat 5: RC_Veloz folded before Flop (didn't bet)
Seat 6: azndude8 collected ($1.67)



PokerStars Zoom Hand #253702473933:  Hold'em No Limit ($0.05/$0.10) - 2024/12/04 20:25:39 CET [2024/12/04 14:25:39 ET]
Table 'Aludra' 6-max Seat #1 is the button
Seat 1: gimmiurstack ($10.19 in chips) 
Seat 2: Cdmarola ($23.47 in chips) 
Seat 3: GrozovaIra ($28.14 in chips) 
Seat 4: argyenfant ($12.92 in chips) 
Seat 5: Mahu2021 ($7.57 in chips) 
Seat 6: kkotae ($11.08 in chips) 
Cdmarola: posts small blind $0.05
GrozovaIra: posts big blind $0.10
*** HOLE CARDS ***
Dealt to Mahu2021 [Ah 3h]
argyenfant: calls $0.10
Mahu2021: calls $0.10
kkotae: calls $0.10
gimmiurstack: folds 
Cdmarola: folds 
GrozovaIra: checks 
*** FLOP *** [Th Qs 8h]
GrozovaIra: checks 
argyenfant: checks 
Mahu2021: checks 
kkotae: checks 
*** TURN *** [Th Qs 8h] [Qd]
GrozovaIra: checks 
argyenfant: checks 
Mahu2021: checks 
kkotae: checks 
*** RIVER *** [Th Qs 8h Qd] [As]
GrozovaIra: checks 
argyenfant: checks 
Mahu2021: bets $0.43
kkotae: folds 
GrozovaIra: folds 
argyenfant: folds 
Uncalled bet ($0.43) returned to Mahu2021
Mahu2021 collected $0.43 from pot
Mahu2021: doesn't show hand 
*** SUMMARY ***
Total pot $0.45 | Rake $0.02 
Board [Th Qs 8h Qd As]
Seat 1: gimmiurstack (button) folded before Flop (didn't bet)
Seat 2: Cdmarola (small blind) folded before Flop
Seat 3: GrozovaIra (big blind) folded on the River
Seat 4: argyenfant folded on the River
Seat 5: Mahu2021 collected ($0.43)
Seat 6: kkotae folded on the River



PokerStars Zoom Hand #253702488396:  Hold'em No Limit ($0.05/$0.10) - 2024/12/04 20:26:34 CET [2024/12/04 14:26:34 ET]
Table 'Aludra' 6-max Seat #1 is the button
Seat 1: Cdmarola ($23.32 in chips) 
Seat 2: viking_ro ($12.54 in chips) 
Seat 3: Mahu2021 ($7.90 in chips) 
Seat 4: kkotae ($10.98 in chips) 
Seat 5: cybik945 ($11.22 in chips) 
Seat 6: IburnUnow ($10.45 in chips) 
viking_ro: posts small blind $0.05
Mahu2021: posts big blind $0.10
*** HOLE CARDS ***
Dealt to Mahu2021 [Jc 4h]
kkotae: folds 
cybik945: folds 
IburnUnow: raises $0.20 to $0.30
Cdmarola: folds 
viking_ro: folds 
Mahu2021: folds 
Uncalled bet ($0.20) returned to IburnUnow
IburnUnow collected $0.25 from pot
IburnUnow: doesn't show hand 
*** SUMMARY ***
Total pot $0.25 | Rake $0 
Seat 1: Cdmarola (button) folded before Flop (didn't bet)
Seat 2: viking_ro (small blind) folded before Flop
Seat 3: Mahu2021 (big blind) folded before Flop
Seat 4: kkotae folded before Flop (didn't bet)
Seat 5: cybik945 folded before Flop (didn't bet)
Seat 6: IburnUnow collected ($0.25)



PokerStars Zoom Hand #253702490518:  Hold'em No Limit ($0.05/$0.10) - 2024/12/04 20:26:42 CET [2024/12/04 14:26:42 ET]
Table 'Aludra' 6-max Seat #1 is the button
Seat 1: vogiatzis97 ($13.70 in chips) 
Seat 2: Mahu2021 ($7.80 in chips) 
Seat 3: xafaki13 ($10 in chips) 
Seat 4: VitorArj ($10 in chips) 
Seat 5: jun9077 ($11 in chips) 
Seat 6: iza_doria ($4.59 in chips) 
Mahu2021: posts small blind $0.05
xafaki13: posts big blind $0.10
*** HOLE CARDS ***
Dealt to Mahu2021 [Kh 3h]
VitorArj: folds 
jun9077: folds 
iza_doria: folds 
vogiatzis97: raises $0.15 to $0.25
Mahu2021: calls $0.20
xafaki13: folds 
*** FLOP *** [3s 2c 5h]
Mahu2021: checks 
vogiatzis97: checks 
*** TURN *** [3s 2c 5h] [8c]
Mahu2021: bets $0.30
vogiatzis97: folds 
Uncalled bet ($0.30) returned to Mahu2021
Mahu2021 collected $0.57 from pot
Mahu2021: doesn't show hand 
*** SUMMARY ***
Total pot $0.60 | Rake $0.03 
Board [3s 2c 5h 8c]
Seat 1: vogiatzis97 (button) folded on the Turn
Seat 2: Mahu2021 (small blind) collected ($0.57)
Seat 3: xafaki13 (big blind) folded before Flop
Seat 4: VitorArj folded before Flop (didn't bet)
Seat 5: jun9077 folded before Flop (didn't bet)
Seat 6: iza_doria folded before Flop (didn't bet)



PokerStars Zoom Hand #253702497088:  Hold'em No Limit ($0.05/$0.10) - 2024/12/04 20:27:07 CET [2024/12/04 14:27:07 ET]
Table 'Aludra' 6-max Seat #1 is the button
Seat 1: Bumbulbee_G ($22.11 in chips) 
Seat 2: iza_doria ($4.70 in chips) 
Seat 3: hocheri ($9.75 in chips) 
Seat 4: jayhackx ($10.05 in chips) 
Seat 5: gimmiurstack ($11.67 in chips) 
Seat 6: Mahu2021 ($8.12 in chips) 
iza_doria: posts small blind $0.05
hocheri: posts big blind $0.10
*** HOLE CARDS ***
Dealt to Mahu2021 [6c 5h]
jayhackx: folds 
gimmiurstack: folds 
Mahu2021: folds 
Bumbulbee_G: raises $0.12 to $0.22
iza_doria: folds 
hocheri: calls $0.12
*** FLOP *** [Jh 7d 8h]
hocheri: bets $0.47
Bumbulbee_G: calls $0.47
*** TURN *** [Jh 7d 8h] [Qc]
hocheri: checks 
Bumbulbee_G: bets $1.07
hocheri: folds 
Uncalled bet ($1.07) returned to Bumbulbee_G
Bumbulbee_G collected $1.37 from pot
Bumbulbee_G: doesn't show hand 
*** SUMMARY ***
Total pot $1.43 | Rake $0.06 
Board [Jh 7d 8h Qc]
Seat 1: Bumbulbee_G (button) collected ($1.37)
Seat 2: iza_doria (small blind) folded before Flop
Seat 3: hocheri (big blind) folded on the Turn
Seat 4: jayhackx folded before Flop (didn't bet)
Seat 5: gimmiurstack folded before Flop (didn't bet)
Seat 6: Mahu2021 folded before Flop (didn't bet)



