PokerStars Hand #247107646249: Tournament #3673173832, $1.84+$0.16 USD Hold'em No Limit - Level I (10/20) - 2023/11/14 19:03:35 CET [2023/11/14 13:03:35 ET]
Table '3673173832 1' 3-max Seat #1 is the button
Seat 1: JosueAlberto (500 in chips) 
Seat 2: lackypik47 (500 in chips) 
Seat 3: Mahu2021 (500 in chips) 
lackypik47: posts small blind 10
Mahu2021: posts big blind 20
*** HOLE CARDS ***
Dealt to Mahu2021 [2s 8c]
JosueAlberto: folds 
lackypik47: calls 10
Mahu2021: checks 
*** FLOP *** [5d 6d Tc]
lackypik47: checks 
Mahu2021: checks 
*** TURN *** [5d 6d Tc] [6c]
lackypik47: checks 
Mahu2021: checks 
*** RIVER *** [5d 6d Tc 6c] [9s]
lackypik47: checks 
Mahu2021: checks 
*** SHOW DOWN ***
lackypik47: shows [7d Ks] (a pair of Sixes)
Mahu2021: mucks hand 
lackypik47 collected 40 from pot
*** SUMMARY ***
Total pot 40 | Rake 0 
Board [5d 6d Tc 6c 9s]
Seat 1: JosueAlberto (button) folded before Flop (didn't bet)
Seat 2: lackypik47 (small blind) showed [7d Ks] and won (40) with a pair of Sixes
Seat 3: Mahu2021 (big blind) mucked [2s 8c]



PokerStars Hand #247107652776: Tournament #3673173832, $1.84+$0.16 USD Hold'em No Limit - Level I (10/20) - 2023/11/14 19:03:57 CET [2023/11/14 13:03:57 ET]
Table '3673173832 1' 3-max Seat #2 is the button
Seat 1: JosueAlberto (500 in chips) 
Seat 2: lackypik47 (520 in chips) 
Seat 3: Mahu2021 (480 in chips) 
Mahu2021: posts small blind 10
JosueAlberto: posts big blind 20
*** HOLE CARDS ***
Dealt to Mahu2021 [6d 8h]
lackypik47: folds 
Mahu2021: folds 
Uncalled bet (10) returned to JosueAlberto
JosueAlberto collected 20 from pot
JosueAlberto: doesn't show hand 
*** SUMMARY ***
Total pot 20 | Rake 0 
Seat 1: JosueAlberto (big blind) collected (20)
Seat 2: lackypik47 (button) folded before Flop (didn't bet)
Seat 3: Mahu2021 (small blind) folded before Flop



PokerStars Hand #247107654299: Tournament #3673173832, $1.84+$0.16 USD Hold'em No Limit - Level I (10/20) - 2023/11/14 19:04:02 CET [2023/11/14 13:04:02 ET]
Table '3673173832 1' 3-max Seat #3 is the button
Seat 1: JosueAlberto (510 in chips) 
Seat 2: lackypik47 (520 in chips) 
Seat 3: Mahu2021 (470 in chips) 
JosueAlberto: posts small blind 10
lackypik47: posts big blind 20
*** HOLE CARDS ***
Dealt to Mahu2021 [2s 6h]
Mahu2021: folds 
JosueAlberto: raises 40 to 60
lackypik47: calls 40
*** FLOP *** [Jh 6s 6d]
JosueAlberto: bets 30
lackypik47: folds 
Uncalled bet (30) returned to JosueAlberto
JosueAlberto collected 120 from pot
JosueAlberto: doesn't show hand 
*** SUMMARY ***
Total pot 120 | Rake 0 
Board [Jh 6s 6d]
Seat 1: JosueAlberto (small blind) collected (120)
Seat 2: lackypik47 (big blind) folded on the Flop
Seat 3: Mahu2021 (button) folded before Flop (didn't bet)



PokerStars Hand #247107659183: Tournament #3673173832, $1.84+$0.16 USD Hold'em No Limit - Level I (10/20) - 2023/11/14 19:04:18 CET [2023/11/14 13:04:18 ET]
Table '3673173832 1' 3-max Seat #1 is the button
Seat 1: JosueAlberto (570 in chips) 
Seat 2: lackypik47 (460 in chips) 
Seat 3: Mahu2021 (470 in chips) 
lackypik47: posts small blind 10
Mahu2021: posts big blind 20
*** HOLE CARDS ***
Dealt to Mahu2021 [5c 3c]
JosueAlberto: raises 20 to 40
lackypik47: folds 
Mahu2021: calls 20
*** FLOP *** [5h 8s Jh]
Mahu2021: checks 
JosueAlberto: bets 30
Mahu2021: calls 30
*** TURN *** [5h 8s Jh] [7d]
Mahu2021: checks 
JosueAlberto: checks 
*** RIVER *** [5h 8s Jh 7d] [Td]
Mahu2021: checks 
JosueAlberto: checks 
*** SHOW DOWN ***
Mahu2021: shows [5c 3c] (a pair of Fives)
JosueAlberto: mucks hand 
Mahu2021 collected 150 from pot
*** SUMMARY ***
Total pot 150 | Rake 0 
Board [5h 8s Jh 7d Td]
Seat 1: JosueAlberto (button) mucked [6c Ad]
Seat 2: lackypik47 (small blind) folded before Flop
Seat 3: Mahu2021 (big blind) showed [5c 3c] and won (150) with a pair of Fives



PokerStars Hand #247107670206: Tournament #3673173832, $1.84+$0.16 USD Hold'em No Limit - Level I (10/20) - 2023/11/14 19:04:56 CET [2023/11/14 13:04:56 ET]
Table '3673173832 1' 3-max Seat #2 is the button
Seat 1: JosueAlberto (500 in chips) 
Seat 2: lackypik47 (450 in chips) 
Seat 3: Mahu2021 (550 in chips) 
Mahu2021: posts small blind 10
JosueAlberto: posts big blind 20
*** HOLE CARDS ***
Dealt to Mahu2021 [5c As]
lackypik47: calls 20
Mahu2021: calls 10
JosueAlberto: raises 60 to 80
lackypik47: calls 60
Mahu2021: folds 
*** FLOP *** [6c 2h Kd]
JosueAlberto: bets 60
lackypik47: raises 310 to 370 and is all-in
JosueAlberto: folds 
Uncalled bet (310) returned to lackypik47
lackypik47 collected 300 from pot
lackypik47: doesn't show hand 
*** SUMMARY ***
Total pot 300 | Rake 0 
Board [6c 2h Kd]
Seat 1: JosueAlberto (big blind) folded on the Flop
Seat 2: lackypik47 (button) collected (300)
Seat 3: Mahu2021 (small blind) folded before Flop



PokerStars Hand #247107680905: Tournament #3673173832, $1.84+$0.16 USD Hold'em No Limit - Level I (10/20) - 2023/11/14 19:05:31 CET [2023/11/14 13:05:31 ET]
Table '3673173832 1' 3-max Seat #3 is the button
Seat 1: JosueAlberto (360 in chips) 
Seat 2: lackypik47 (610 in chips) 
Seat 3: Mahu2021 (530 in chips) 
JosueAlberto: posts small blind 10
lackypik47: posts big blind 20
*** HOLE CARDS ***
Dealt to Mahu2021 [6c Js]
Mahu2021: folds 
JosueAlberto: folds 
Uncalled bet (10) returned to lackypik47
lackypik47 collected 20 from pot
lackypik47: doesn't show hand 
*** SUMMARY ***
Total pot 20 | Rake 0 
Seat 1: JosueAlberto (small blind) folded before Flop
Seat 2: lackypik47 (big blind) collected (20)
Seat 3: Mahu2021 (button) folded before Flop (didn't bet)



PokerStars Hand #247107683515: Tournament #3673173832, $1.84+$0.16 USD Hold'em No Limit - Level II (15/30) - 2023/11/14 19:05:40 CET [2023/11/14 13:05:40 ET]
Table '3673173832 1' 3-max Seat #1 is the button
Seat 1: JosueAlberto (350 in chips) 
Seat 2: lackypik47 (620 in chips) 
Seat 3: Mahu2021 (530 in chips) 
lackypik47: posts small blind 15
Mahu2021: posts big blind 30
*** HOLE CARDS ***
Dealt to Mahu2021 [Jc 3s]
JosueAlberto: folds 
lackypik47: calls 15
Mahu2021: checks 
*** FLOP *** [Ad Jh 2h]
lackypik47: checks 
Mahu2021: bets 30
lackypik47: folds 
Uncalled bet (30) returned to Mahu2021
Mahu2021 collected 60 from pot
Mahu2021: doesn't show hand 
*** SUMMARY ***
Total pot 60 | Rake 0 
Board [Ad Jh 2h]
Seat 1: JosueAlberto (button) folded before Flop (didn't bet)
Seat 2: lackypik47 (small blind) folded on the Flop
Seat 3: Mahu2021 (big blind) collected (60)



PokerStars Hand #247107688585: Tournament #3673173832, $1.84+$0.16 USD Hold'em No Limit - Level II (15/30) - 2023/11/14 19:05:57 CET [2023/11/14 13:05:57 ET]
Table '3673173832 1' 3-max Seat #2 is the button
Seat 1: JosueAlberto (350 in chips) 
Seat 2: lackypik47 (590 in chips) 
Seat 3: Mahu2021 (560 in chips) 
Mahu2021: posts small blind 15
JosueAlberto: posts big blind 30
*** HOLE CARDS ***
Dealt to Mahu2021 [2c 7c]
lackypik47: calls 30
Mahu2021: folds 
JosueAlberto: checks 
*** FLOP *** [2d 5d Qd]
JosueAlberto: checks 
lackypik47: bets 30
JosueAlberto: folds 
Uncalled bet (30) returned to lackypik47
lackypik47 collected 75 from pot
lackypik47: doesn't show hand 
*** SUMMARY ***
Total pot 75 | Rake 0 
Board [2d 5d Qd]
Seat 1: JosueAlberto (big blind) folded on the Flop
Seat 2: lackypik47 (button) collected (75)
Seat 3: Mahu2021 (small blind) folded before Flop



PokerStars Hand #247107694188: Tournament #3673173832, $1.84+$0.16 USD Hold'em No Limit - Level II (15/30) - 2023/11/14 19:06:15 CET [2023/11/14 13:06:15 ET]
Table '3673173832 1' 3-max Seat #3 is the button
Seat 1: JosueAlberto (320 in chips) 
Seat 2: lackypik47 (635 in chips) 
Seat 3: Mahu2021 (545 in chips) 
JosueAlberto: posts small blind 15
lackypik47: posts big blind 30
*** HOLE CARDS ***
Dealt to Mahu2021 [Ts Th]
Mahu2021: raises 30 to 60
JosueAlberto: folds 
lackypik47: calls 30
*** FLOP *** [9c Qs As]
lackypik47: bets 30
Mahu2021: calls 30
*** TURN *** [9c Qs As] [Jc]
lackypik47: bets 30
Mahu2021: calls 30
*** RIVER *** [9c Qs As Jc] [3d]
lackypik47: bets 30
Mahu2021: raises 120 to 150
lackypik47: calls 120
*** SHOW DOWN ***
Mahu2021: shows [Ts Th] (a pair of Tens)
lackypik47: shows [Qd 7d] (a pair of Queens)
lackypik47 collected 555 from pot
*** SUMMARY ***
Total pot 555 | Rake 0 
Board [9c Qs As Jc 3d]
Seat 1: JosueAlberto (small blind) folded before Flop
Seat 2: lackypik47 (big blind) showed [Qd 7d] and won (555) with a pair of Queens
Seat 3: Mahu2021 (button) showed [Ts Th] and lost with a pair of Tens



PokerStars Hand #247107704287: Tournament #3673173832, $1.84+$0.16 USD Hold'em No Limit - Level II (15/30) - 2023/11/14 19:06:49 CET [2023/11/14 13:06:49 ET]
Table '3673173832 1' 3-max Seat #1 is the button
Seat 1: JosueAlberto (305 in chips) 
Seat 2: lackypik47 (920 in chips) 
Seat 3: Mahu2021 (275 in chips) 
lackypik47: posts small blind 15
Mahu2021: posts big blind 30
*** HOLE CARDS ***
Dealt to Mahu2021 [9s 6h]
JosueAlberto: folds 
lackypik47: calls 15
Mahu2021: checks 
*** FLOP *** [Th 9h 5c]
lackypik47: checks 
Mahu2021: bets 30
lackypik47: folds 
Uncalled bet (30) returned to Mahu2021
Mahu2021 collected 60 from pot
Mahu2021: doesn't show hand 
*** SUMMARY ***
Total pot 60 | Rake 0 
Board [Th 9h 5c]
Seat 1: JosueAlberto (button) folded before Flop (didn't bet)
Seat 2: lackypik47 (small blind) folded on the Flop
Seat 3: Mahu2021 (big blind) collected (60)



PokerStars Hand #247107709045: Tournament #3673173832, $1.84+$0.16 USD Hold'em No Limit - Level II (15/30) - 2023/11/14 19:07:04 CET [2023/11/14 13:07:04 ET]
Table '3673173832 1' 3-max Seat #2 is the button
Seat 1: JosueAlberto (305 in chips) 
Seat 2: lackypik47 (890 in chips) 
Seat 3: Mahu2021 (305 in chips) 
Mahu2021: posts small blind 15
JosueAlberto: posts big blind 30
*** HOLE CARDS ***
Dealt to Mahu2021 [5h Ah]
lackypik47: calls 30
Mahu2021: calls 15
JosueAlberto: checks 
*** FLOP *** [2s Qh 3d]
Mahu2021: checks 
JosueAlberto: checks 
lackypik47: checks 
*** TURN *** [2s Qh 3d] [6s]
Mahu2021: checks 
JosueAlberto: checks 
lackypik47: checks 
*** RIVER *** [2s Qh 3d 6s] [Jh]
Mahu2021: checks 
JosueAlberto: checks 
lackypik47: checks 
*** SHOW DOWN ***
Mahu2021: shows [5h Ah] (high card Ace)
JosueAlberto: shows [3s 8d] (a pair of Threes)
lackypik47: mucks hand 
JosueAlberto collected 90 from pot
*** SUMMARY ***
Total pot 90 | Rake 0 
Board [2s Qh 3d 6s Jh]
Seat 1: JosueAlberto (big blind) showed [3s 8d] and won (90) with a pair of Threes
Seat 2: lackypik47 (button) mucked [Th 9c]
Seat 3: Mahu2021 (small blind) showed [5h Ah] and lost with high card Ace



PokerStars Hand #247107721140: Tournament #3673173832, $1.84+$0.16 USD Hold'em No Limit - Level III (20/40) - 2023/11/14 19:07:44 CET [2023/11/14 13:07:44 ET]
Table '3673173832 1' 3-max Seat #3 is the button
Seat 1: JosueAlberto (365 in chips) 
Seat 2: lackypik47 (860 in chips) 
Seat 3: Mahu2021 (275 in chips) 
JosueAlberto: posts small blind 20
lackypik47: posts big blind 40
*** HOLE CARDS ***
Dealt to Mahu2021 [Qd As]
Mahu2021: raises 40 to 80
JosueAlberto: folds 
lackypik47: calls 40
*** FLOP *** [6s 8s Ac]
lackypik47: checks 
Mahu2021: bets 80
lackypik47: calls 80
*** TURN *** [6s 8s Ac] [Tc]
lackypik47: checks 
Mahu2021: bets 115 and is all-in
lackypik47: folds 
Uncalled bet (115) returned to Mahu2021
Mahu2021 collected 340 from pot
Mahu2021: doesn't show hand 
*** SUMMARY ***
Total pot 340 | Rake 0 
Board [6s 8s Ac Tc]
Seat 1: JosueAlberto (small blind) folded before Flop
Seat 2: lackypik47 (big blind) folded on the Turn
Seat 3: Mahu2021 (button) collected (340)



PokerStars Hand #247107730019: Tournament #3673173832, $1.84+$0.16 USD Hold'em No Limit - Level III (20/40) - 2023/11/14 19:08:14 CET [2023/11/14 13:08:14 ET]
Table '3673173832 1' 3-max Seat #1 is the button
Seat 1: JosueAlberto (345 in chips) 
Seat 2: lackypik47 (700 in chips) 
Seat 3: Mahu2021 (455 in chips) 
lackypik47: posts small blind 20
Mahu2021: posts big blind 40
*** HOLE CARDS ***
Dealt to Mahu2021 [3s Ks]
JosueAlberto: folds 
lackypik47: calls 20
Mahu2021: checks 
*** FLOP *** [Qd Ah Td]
lackypik47: checks 
Mahu2021: checks 
*** TURN *** [Qd Ah Td] [2d]
lackypik47: checks 
Mahu2021: checks 
*** RIVER *** [Qd Ah Td 2d] [6d]
lackypik47: checks 
Mahu2021: checks 
*** SHOW DOWN ***
lackypik47: shows [8h 4s] (high card Ace)
Mahu2021: shows [3s Ks] (high card Ace - King kicker)
Mahu2021 collected 80 from pot
*** SUMMARY ***
Total pot 80 | Rake 0 
Board [Qd Ah Td 2d 6d]
Seat 1: JosueAlberto (button) folded before Flop (didn't bet)
Seat 2: lackypik47 (small blind) showed [8h 4s] and lost with high card Ace
Seat 3: Mahu2021 (big blind) showed [3s Ks] and won (80) with high card Ace



PokerStars Hand #247107734783: Tournament #3673173832, $1.84+$0.16 USD Hold'em No Limit - Level III (20/40) - 2023/11/14 19:08:30 CET [2023/11/14 13:08:30 ET]
Table '3673173832 1' 3-max Seat #2 is the button
Seat 1: JosueAlberto (345 in chips) 
Seat 2: lackypik47 (660 in chips) 
Seat 3: Mahu2021 (495 in chips) 
Mahu2021: posts small blind 20
JosueAlberto: posts big blind 40
*** HOLE CARDS ***
Dealt to Mahu2021 [4h Ah]
lackypik47: calls 40
Mahu2021: calls 20
JosueAlberto: raises 305 to 345 and is all-in
lackypik47: calls 305
Mahu2021: folds 
*** FLOP *** [Jd 6s 8h]
*** TURN *** [Jd 6s 8h] [Qh]
*** RIVER *** [Jd 6s 8h Qh] [4d]
*** SHOW DOWN ***
JosueAlberto: shows [3c 3h] (a pair of Threes)
lackypik47: shows [Qc Th] (a pair of Queens)
lackypik47 collected 730 from pot
JosueAlberto finished the tournament in 3rd place
*** SUMMARY ***
Total pot 730 | Rake 0 
Board [Jd 6s 8h Qh 4d]
Seat 1: JosueAlberto (big blind) showed [3c 3h] and lost with a pair of Threes
Seat 2: lackypik47 (button) showed [Qc Th] and won (730) with a pair of Queens
Seat 3: Mahu2021 (small blind) folded before Flop



PokerStars Hand #247107741049: Tournament #3673173832, $1.84+$0.16 USD Hold'em No Limit - Level III (20/40) - 2023/11/14 19:08:50 CET [2023/11/14 13:08:50 ET]
Table '3673173832 1' 3-max Seat #3 is the button
Seat 2: lackypik47 (1045 in chips) 
Seat 3: Mahu2021 (455 in chips) 
Mahu2021: posts small blind 20
lackypik47: posts big blind 40
*** HOLE CARDS ***
Dealt to Mahu2021 [7d 7h]
Mahu2021: raises 415 to 455 and is all-in
lackypik47: calls 415
*** FLOP *** [Ah Jh 3s]
*** TURN *** [Ah Jh 3s] [3c]
*** RIVER *** [Ah Jh 3s 3c] [Jd]
*** SHOW DOWN ***
lackypik47: shows [Kd Qh] (two pair, Jacks and Threes)
Mahu2021: shows [7d 7h] (two pair, Jacks and Sevens)
Mahu2021 collected 910 from pot
*** SUMMARY ***
Total pot 910 | Rake 0 
Board [Ah Jh 3s 3c Jd]
Seat 2: lackypik47 (big blind) showed [Kd Qh] and lost with two pair, Jacks and Threes
Seat 3: Mahu2021 (button) (small blind) showed [7d 7h] and won (910) with two pair, Jacks and Sevens



PokerStars Hand #247107745034: Tournament #3673173832, $1.84+$0.16 USD Hold'em No Limit - Level III (20/40) - 2023/11/14 19:09:04 CET [2023/11/14 13:09:04 ET]
Table '3673173832 1' 3-max Seat #2 is the button
Seat 2: lackypik47 (590 in chips) 
Seat 3: Mahu2021 (910 in chips) 
lackypik47: posts small blind 20
Mahu2021: posts big blind 40
*** HOLE CARDS ***
Dealt to Mahu2021 [Kd Kc]
lackypik47: raises 80 to 120
Mahu2021: raises 790 to 910 and is all-in
lackypik47: calls 470 and is all-in
Uncalled bet (320) returned to Mahu2021
*** FLOP *** [9h 2s 8d]
*** TURN *** [9h 2s 8d] [4h]
*** RIVER *** [9h 2s 8d 4h] [7c]
*** SHOW DOWN ***
Mahu2021: shows [Kd Kc] (a pair of Kings)
lackypik47: shows [4c 4s] (three of a kind, Fours)
lackypik47 collected 1180 from pot
*** SUMMARY ***
Total pot 1180 | Rake 0 
Board [9h 2s 8d 4h 7c]
Seat 2: lackypik47 (button) (small blind) showed [4c 4s] and won (1180) with three of a kind, Fours
Seat 3: Mahu2021 (big blind) showed [Kd Kc] and lost with a pair of Kings



PokerStars Hand #247107749825: Tournament #3673173832, $1.84+$0.16 USD Hold'em No Limit - Level III (20/40) - 2023/11/14 19:09:19 CET [2023/11/14 13:09:19 ET]
Table '3673173832 1' 3-max Seat #3 is the button
Seat 2: lackypik47 (1180 in chips) 
Seat 3: Mahu2021 (320 in chips) 
Mahu2021: posts small blind 20
lackypik47: posts big blind 40
*** HOLE CARDS ***
Dealt to Mahu2021 [5c 3d]
Mahu2021: folds 
Uncalled bet (20) returned to lackypik47
lackypik47 collected 40 from pot
lackypik47: doesn't show hand 
*** SUMMARY ***
Total pot 40 | Rake 0 
Seat 2: lackypik47 (big blind) collected (40)
Seat 3: Mahu2021 (button) (small blind) folded before Flop



PokerStars Hand #247107751033: Tournament #3673173832, $1.84+$0.16 USD Hold'em No Limit - Level III (20/40) - 2023/11/14 19:09:23 CET [2023/11/14 13:09:23 ET]
Table '3673173832 1' 3-max Seat #2 is the button
Seat 2: lackypik47 (1200 in chips) 
Seat 3: Mahu2021 (300 in chips) 
lackypik47: posts small blind 20
Mahu2021: posts big blind 40
*** HOLE CARDS ***
Dealt to Mahu2021 [6s Jd]
lackypik47: calls 20
Mahu2021: checks 
*** FLOP *** [Jc 6d 2c]
Mahu2021: checks 
lackypik47: checks 
*** TURN *** [Jc 6d 2c] [9d]
Mahu2021: checks 
lackypik47: checks 
*** RIVER *** [Jc 6d 2c 9d] [Tc]
Mahu2021: bets 80
lackypik47: folds 
Uncalled bet (80) returned to Mahu2021
Mahu2021 collected 80 from pot
Mahu2021: doesn't show hand 
*** SUMMARY ***
Total pot 80 | Rake 0 
Board [Jc 6d 2c 9d Tc]
Seat 2: lackypik47 (button) (small blind) folded on the River
Seat 3: Mahu2021 (big blind) collected (80)



PokerStars Hand #247107756931: Tournament #3673173832, $1.84+$0.16 USD Hold'em No Limit - Level IV (30/60) - 2023/11/14 19:09:43 CET [2023/11/14 13:09:43 ET]
Table '3673173832 1' 3-max Seat #3 is the button
Seat 2: lackypik47 (1160 in chips) 
Seat 3: Mahu2021 (340 in chips) 
Mahu2021: posts small blind 30
lackypik47: posts big blind 60
*** HOLE CARDS ***
Dealt to Mahu2021 [9c 3s]
Mahu2021: folds 
Uncalled bet (30) returned to lackypik47
lackypik47 collected 60 from pot
lackypik47: doesn't show hand 
*** SUMMARY ***
Total pot 60 | Rake 0 
Seat 2: lackypik47 (big blind) collected (60)
Seat 3: Mahu2021 (button) (small blind) folded before Flop



PokerStars Hand #247107758214: Tournament #3673173832, $1.84+$0.16 USD Hold'em No Limit - Level IV (30/60) - 2023/11/14 19:09:47 CET [2023/11/14 13:09:47 ET]
Table '3673173832 1' 3-max Seat #2 is the button
Seat 2: lackypik47 (1190 in chips) 
Seat 3: Mahu2021 (310 in chips) 
lackypik47: posts small blind 30
Mahu2021: posts big blind 60
*** HOLE CARDS ***
Dealt to Mahu2021 [3h Ah]
lackypik47: raises 60 to 120
Mahu2021: raises 190 to 310 and is all-in
lackypik47: calls 190
*** FLOP *** [Qh 2h 9c]
*** TURN *** [Qh 2h 9c] [Qs]
*** RIVER *** [Qh 2h 9c Qs] [Kh]
*** SHOW DOWN ***
Mahu2021: shows [3h Ah] (a flush, Ace high)
lackypik47: shows [Qc Jh] (three of a kind, Queens)
Mahu2021 collected 620 from pot
*** SUMMARY ***
Total pot 620 | Rake 0 
Board [Qh 2h 9c Qs Kh]
Seat 2: lackypik47 (button) (small blind) showed [Qc Jh] and lost with three of a kind, Queens
Seat 3: Mahu2021 (big blind) showed [3h Ah] and won (620) with a flush, Ace high



PokerStars Hand #247107762764: Tournament #3673173832, $1.84+$0.16 USD Hold'em No Limit - Level IV (30/60) - 2023/11/14 19:10:02 CET [2023/11/14 13:10:02 ET]
Table '3673173832 1' 3-max Seat #3 is the button
Seat 2: lackypik47 (880 in chips) 
Seat 3: Mahu2021 (620 in chips) 
Mahu2021: posts small blind 30
lackypik47: posts big blind 60
*** HOLE CARDS ***
Dealt to Mahu2021 [4c Ac]
Mahu2021: calls 30
lackypik47: checks 
*** FLOP *** [Ad Td 2d]
lackypik47: bets 60
Mahu2021: calls 60
*** TURN *** [Ad Td 2d] [Kc]
lackypik47: bets 60
Mahu2021: calls 60
*** RIVER *** [Ad Td 2d Kc] [9d]
lackypik47: bets 60
Mahu2021: calls 60
*** SHOW DOWN ***
lackypik47: shows [Ks 5d] (a flush, Ace high)
Mahu2021: mucks hand 
lackypik47 collected 480 from pot
*** SUMMARY ***
Total pot 480 | Rake 0 
Board [Ad Td 2d Kc 9d]
Seat 2: lackypik47 (big blind) showed [Ks 5d] and won (480) with a flush, Ace high
Seat 3: Mahu2021 (button) (small blind) mucked [4c Ac]



PokerStars Hand #247107769222: Tournament #3673173832, $1.84+$0.16 USD Hold'em No Limit - Level IV (30/60) - 2023/11/14 19:10:23 CET [2023/11/14 13:10:23 ET]
Table '3673173832 1' 3-max Seat #2 is the button
Seat 2: lackypik47 (1120 in chips) 
Seat 3: Mahu2021 (380 in chips) 
lackypik47: posts small blind 30
Mahu2021: posts big blind 60
*** HOLE CARDS ***
Dealt to Mahu2021 [Jd 7d]
lackypik47: calls 30
Mahu2021: checks 
*** FLOP *** [Qc 6c Th]
Mahu2021: checks 
lackypik47: bets 60
Mahu2021: folds 
Uncalled bet (60) returned to lackypik47
lackypik47 collected 120 from pot
lackypik47: doesn't show hand 
*** SUMMARY ***
Total pot 120 | Rake 0 
Board [Qc 6c Th]
Seat 2: lackypik47 (button) (small blind) collected (120)
Seat 3: Mahu2021 (big blind) folded on the Flop



PokerStars Hand #247107772536: Tournament #3673173832, $1.84+$0.16 USD Hold'em No Limit - Level IV (30/60) - 2023/11/14 19:10:34 CET [2023/11/14 13:10:34 ET]
Table '3673173832 1' 3-max Seat #3 is the button
Seat 2: lackypik47 (1180 in chips) 
Seat 3: Mahu2021 (320 in chips) 
Mahu2021: posts small blind 30
lackypik47: posts big blind 60
*** HOLE CARDS ***
Dealt to Mahu2021 [8s As]
Mahu2021: raises 260 to 320 and is all-in
lackypik47: folds 
Uncalled bet (260) returned to Mahu2021
Mahu2021 collected 120 from pot
Mahu2021: doesn't show hand 
*** SUMMARY ***
Total pot 120 | Rake 0 
Seat 2: lackypik47 (big blind) folded before Flop
Seat 3: Mahu2021 (button) (small blind) collected (120)



PokerStars Hand #247107774864: Tournament #3673173832, $1.84+$0.16 USD Hold'em No Limit - Level IV (30/60) - 2023/11/14 19:10:41 CET [2023/11/14 13:10:41 ET]
Table '3673173832 1' 3-max Seat #2 is the button
Seat 2: lackypik47 (1120 in chips) 
Seat 3: Mahu2021 (380 in chips) 
lackypik47: posts small blind 30
Mahu2021: posts big blind 60
*** HOLE CARDS ***
Dealt to Mahu2021 [3s 8h]
lackypik47: calls 30
Mahu2021: checks 
*** FLOP *** [9d Qd 8d]
Mahu2021: bets 320 and is all-in
lackypik47: folds 
Uncalled bet (320) returned to Mahu2021
Mahu2021 collected 120 from pot
Mahu2021: doesn't show hand 
*** SUMMARY ***
Total pot 120 | Rake 0 
Board [9d Qd 8d]
Seat 2: lackypik47 (button) (small blind) folded on the Flop
Seat 3: Mahu2021 (big blind) collected (120)



PokerStars Hand #247107778377: Tournament #3673173832, $1.84+$0.16 USD Hold'em No Limit - Level IV (30/60) - 2023/11/14 19:10:53 CET [2023/11/14 13:10:53 ET]
Table '3673173832 1' 3-max Seat #3 is the button
Seat 2: lackypik47 (1060 in chips) 
Seat 3: Mahu2021 (440 in chips) 
Mahu2021: posts small blind 30
lackypik47: posts big blind 60
*** HOLE CARDS ***
Dealt to Mahu2021 [4c 3h]
Mahu2021: folds 
Uncalled bet (30) returned to lackypik47
lackypik47 collected 60 from pot
lackypik47: doesn't show hand 
*** SUMMARY ***
Total pot 60 | Rake 0 
Seat 2: lackypik47 (big blind) collected (60)
Seat 3: Mahu2021 (button) (small blind) folded before Flop



PokerStars Hand #247107779888: Tournament #3673173832, $1.84+$0.16 USD Hold'em No Limit - Level IV (30/60) - 2023/11/14 19:10:58 CET [2023/11/14 13:10:58 ET]
Table '3673173832 1' 3-max Seat #2 is the button
Seat 2: lackypik47 (1090 in chips) 
Seat 3: Mahu2021 (410 in chips) 
lackypik47: posts small blind 30
Mahu2021: posts big blind 60
*** HOLE CARDS ***
Dealt to Mahu2021 [Jd Ad]
lackypik47: calls 30
Mahu2021: raises 120 to 180
lackypik47: calls 120
*** FLOP *** [2d Kc 6h]
Mahu2021: bets 230 and is all-in
lackypik47: folds 
Uncalled bet (230) returned to Mahu2021
Mahu2021 collected 360 from pot
Mahu2021: doesn't show hand 
*** SUMMARY ***
Total pot 360 | Rake 0 
Board [2d Kc 6h]
Seat 2: lackypik47 (button) (small blind) folded on the Flop
Seat 3: Mahu2021 (big blind) collected (360)



PokerStars Hand #247107784100: Tournament #3673173832, $1.84+$0.16 USD Hold'em No Limit - Level IV (30/60) - 2023/11/14 19:11:12 CET [2023/11/14 13:11:12 ET]
Table '3673173832 1' 3-max Seat #3 is the button
Seat 2: lackypik47 (910 in chips) 
Seat 3: Mahu2021 (590 in chips) 
Mahu2021: posts small blind 30
lackypik47: posts big blind 60
*** HOLE CARDS ***
Dealt to Mahu2021 [Ks 8d]
Mahu2021: calls 30
lackypik47: checks 
*** FLOP *** [Tc Kc 3d]
lackypik47: checks 
Mahu2021: bets 60
lackypik47: folds 
Uncalled bet (60) returned to Mahu2021
Mahu2021 collected 120 from pot
Mahu2021: doesn't show hand 
*** SUMMARY ***
Total pot 120 | Rake 0 
Board [Tc Kc 3d]
Seat 2: lackypik47 (big blind) folded on the Flop
Seat 3: Mahu2021 (button) (small blind) collected (120)



PokerStars Hand #247107788349: Tournament #3673173832, $1.84+$0.16 USD Hold'em No Limit - Level IV (30/60) - 2023/11/14 19:11:26 CET [2023/11/14 13:11:26 ET]
Table '3673173832 1' 3-max Seat #2 is the button
Seat 2: lackypik47 (850 in chips) 
Seat 3: Mahu2021 (650 in chips) 
lackypik47: posts small blind 30
Mahu2021: posts big blind 60
*** HOLE CARDS ***
Dealt to Mahu2021 [4c Th]
lackypik47: calls 30
Mahu2021: checks 
*** FLOP *** [Kh Jh Qs]
Mahu2021: checks 
lackypik47: bets 120
Mahu2021: calls 120
*** TURN *** [Kh Jh Qs] [6h]
Mahu2021: checks 
lackypik47: bets 180
Mahu2021: calls 180
*** RIVER *** [Kh Jh Qs 6h] [9h]
Mahu2021: bets 290 and is all-in
lackypik47: folds 
Uncalled bet (290) returned to Mahu2021
Mahu2021 collected 720 from pot
Mahu2021: doesn't show hand 
*** SUMMARY ***
Total pot 720 | Rake 0 
Board [Kh Jh Qs 6h 9h]
Seat 2: lackypik47 (button) (small blind) folded on the River
Seat 3: Mahu2021 (big blind) collected (720)



PokerStars Hand #247107797299: Tournament #3673173832, $1.84+$0.16 USD Hold'em No Limit - Level V (40/80) - 2023/11/14 19:11:55 CET [2023/11/14 13:11:55 ET]
Table '3673173832 1' 3-max Seat #3 is the button
Seat 2: lackypik47 (490 in chips) 
Seat 3: Mahu2021 (1010 in chips) 
Mahu2021: posts small blind 40
lackypik47: posts big blind 80
*** HOLE CARDS ***
Dealt to Mahu2021 [4s Ad]
Mahu2021: calls 40
lackypik47: checks 
*** FLOP *** [4c 7h 9h]
lackypik47: checks 
Mahu2021: bets 80
lackypik47: folds 
Uncalled bet (80) returned to Mahu2021
Mahu2021 collected 160 from pot
Mahu2021: doesn't show hand 
*** SUMMARY ***
Total pot 160 | Rake 0 
Board [4c 7h 9h]
Seat 2: lackypik47 (big blind) folded on the Flop
Seat 3: Mahu2021 (button) (small blind) collected (160)



PokerStars Hand #247107801429: Tournament #3673173832, $1.84+$0.16 USD Hold'em No Limit - Level V (40/80) - 2023/11/14 19:12:08 CET [2023/11/14 13:12:08 ET]
Table '3673173832 1' 3-max Seat #2 is the button
Seat 2: lackypik47 (410 in chips) 
Seat 3: Mahu2021 (1090 in chips) 
lackypik47: posts small blind 40
Mahu2021: posts big blind 80
*** HOLE CARDS ***
Dealt to Mahu2021 [Ad 5c]
lackypik47: calls 40
Mahu2021: checks 
*** FLOP *** [9h 4d 4c]
Mahu2021: checks 
lackypik47: checks 
*** TURN *** [9h 4d 4c] [Qc]
Mahu2021: checks 
lackypik47: checks 
*** RIVER *** [9h 4d 4c Qc] [Ts]
Mahu2021: checks 
lackypik47: checks 
*** SHOW DOWN ***
Mahu2021: shows [Ad 5c] (a pair of Fours)
lackypik47: mucks hand 
Mahu2021 collected 160 from pot
*** SUMMARY ***
Total pot 160 | Rake 0 
Board [9h 4d 4c Qc Ts]
Seat 2: lackypik47 (button) (small blind) mucked [Ks 8h]
Seat 3: Mahu2021 (big blind) showed [Ad 5c] and won (160) with a pair of Fours



PokerStars Hand #247107806112: Tournament #3673173832, $1.84+$0.16 USD Hold'em No Limit - Level V (40/80) - 2023/11/14 19:12:24 CET [2023/11/14 13:12:24 ET]
Table '3673173832 1' 3-max Seat #3 is the button
Seat 2: lackypik47 (330 in chips) 
Seat 3: Mahu2021 (1170 in chips) 
Mahu2021: posts small blind 40
lackypik47: posts big blind 80
*** HOLE CARDS ***
Dealt to Mahu2021 [6d 5c]
Mahu2021: calls 40
lackypik47: checks 
*** FLOP *** [9c Th 8d]
lackypik47: bets 80
Mahu2021: folds 
Uncalled bet (80) returned to lackypik47
lackypik47 collected 160 from pot
lackypik47: doesn't show hand 
*** SUMMARY ***
Total pot 160 | Rake 0 
Board [9c Th 8d]
Seat 2: lackypik47 (big blind) collected (160)
Seat 3: Mahu2021 (button) (small blind) folded on the Flop



PokerStars Hand #247107809188: Tournament #3673173832, $1.84+$0.16 USD Hold'em No Limit - Level V (40/80) - 2023/11/14 19:12:34 CET [2023/11/14 13:12:34 ET]
Table '3673173832 1' 3-max Seat #2 is the button
Seat 2: lackypik47 (410 in chips) 
Seat 3: Mahu2021 (1090 in chips) 
lackypik47: posts small blind 40
Mahu2021: posts big blind 80
*** HOLE CARDS ***
Dealt to Mahu2021 [9d 5s]
lackypik47: calls 40
Mahu2021: checks 
*** FLOP *** [5d Js 8s]
Mahu2021: checks 
lackypik47: checks 
*** TURN *** [5d Js 8s] [Kh]
Mahu2021: checks 
lackypik47: checks 
*** RIVER *** [5d Js 8s Kh] [As]
Mahu2021: checks 
lackypik47: bets 80
Mahu2021: calls 80
*** SHOW DOWN ***
lackypik47: shows [7c 6c] (high card Ace)
Mahu2021: shows [9d 5s] (a pair of Fives)
Mahu2021 collected 320 from pot
*** SUMMARY ***
Total pot 320 | Rake 0 
Board [5d Js 8s Kh As]
Seat 2: lackypik47 (button) (small blind) showed [7c 6c] and lost with high card Ace
Seat 3: Mahu2021 (big blind) showed [9d 5s] and won (320) with a pair of Fives



PokerStars Hand #247107814596: Tournament #3673173832, $1.84+$0.16 USD Hold'em No Limit - Level V (40/80) - 2023/11/14 19:12:52 CET [2023/11/14 13:12:52 ET]
Table '3673173832 1' 3-max Seat #3 is the button
Seat 2: lackypik47 (250 in chips) 
Seat 3: Mahu2021 (1250 in chips) 
Mahu2021: posts small blind 40
lackypik47: posts big blind 80
*** HOLE CARDS ***
Dealt to Mahu2021 [7h Td]
Mahu2021: folds 
Uncalled bet (40) returned to lackypik47
lackypik47 collected 80 from pot
lackypik47: doesn't show hand 
*** SUMMARY ***
Total pot 80 | Rake 0 
Seat 2: lackypik47 (big blind) collected (80)
Seat 3: Mahu2021 (button) (small blind) folded before Flop



PokerStars Hand #247107816241: Tournament #3673173832, $1.84+$0.16 USD Hold'em No Limit - Level V (40/80) - 2023/11/14 19:12:57 CET [2023/11/14 13:12:57 ET]
Table '3673173832 1' 3-max Seat #2 is the button
Seat 2: lackypik47 (290 in chips) 
Seat 3: Mahu2021 (1210 in chips) 
lackypik47: posts small blind 40
Mahu2021: posts big blind 80
*** HOLE CARDS ***
Dealt to Mahu2021 [Kh 5h]
lackypik47: calls 40
Mahu2021: raises 1130 to 1210 and is all-in
lackypik47: calls 210 and is all-in
Uncalled bet (920) returned to Mahu2021
*** FLOP *** [8h Jd 3d]
*** TURN *** [8h Jd 3d] [Kc]
*** RIVER *** [8h Jd 3d Kc] [Qh]
*** SHOW DOWN ***
Mahu2021: shows [Kh 5h] (a pair of Kings)
lackypik47: shows [5c Tc] (high card King)
Mahu2021 collected 580 from pot
lackypik47 finished the tournament in 2nd place
Mahu2021 wins the tournament and receives $4.00 - congratulations!
*** SUMMARY ***
Total pot 580 | Rake 0 
Board [8h Jd 3d Kc Qh]
Seat 2: lackypik47 (button) (small blind) showed [5c Tc] and lost with high card King
Seat 3: Mahu2021 (big blind) showed [Kh 5h] and won (580) with a pair of Kings



