PokerStars Hand #247144087959: Tournament #3674083517, $9.30+$0.70 USD Hold'em No Limit - Level I (10/20) - 2023/11/16 19:35:59 CET [2023/11/16 13:35:59 ET]
Table '3674083517 1' 3-max Seat #1 is the button
Seat 1: sarpele1984 (500 in chips) 
Seat 2: Sr_Mersmault (500 in chips) 
Seat 3: Mahu2021 (500 in chips) 
Sr_Mersmault: posts small blind 10
Mahu2021: posts big blind 20
*** HOLE CARDS ***
Dealt to Mahu2021 [8c 9h]
sarpele1984: folds 
Sr_Mersmault: raises 40 to 60
Mahu2021: calls 40
*** FLOP *** [3d 9c 2s]
Sr_Mersmault: checks 
Mahu2021: bets 440 and is all-in
Sr_Mersmault: folds 
Uncalled bet (440) returned to Mahu2021
Mahu2021 collected 120 from pot
Mahu2021: doesn't show hand 
*** SUMMARY ***
Total pot 120 | Rake 0 
Board [3d 9c 2s]
Seat 1: sarpele1984 (button) folded before Flop (didn't bet)
Seat 2: Sr_Mersmault (small blind) folded on the Flop
Seat 3: Mahu2021 (big blind) collected (120)



PokerStars Hand #247144094953: Tournament #3674083517, $9.30+$0.70 USD Hold'em No Limit - Level I (10/20) - 2023/11/16 19:36:20 CET [2023/11/16 13:36:20 ET]
Table '3674083517 1' 3-max Seat #2 is the button
Seat 1: sarpele1984 (500 in chips) 
Seat 2: Sr_Mersmault (440 in chips) 
Seat 3: Mahu2021 (560 in chips) 
Mahu2021: posts small blind 10
sarpele1984: posts big blind 20
*** HOLE CARDS ***
Dealt to Mahu2021 [2c Jh]
Sr_Mersmault: raises 20 to 40
Mahu2021: folds 
sarpele1984: calls 20
*** FLOP *** [Qd 8h 4s]
sarpele1984: checks 
Sr_Mersmault: bets 24
sarpele1984: calls 24
*** TURN *** [Qd 8h 4s] [Jc]
sarpele1984: checks 
Sr_Mersmault: bets 104
sarpele1984: calls 104
*** RIVER *** [Qd 8h 4s Jc] [4c]
sarpele1984: checks 
Sr_Mersmault: bets 272 and is all-in
sarpele1984: folds 
Uncalled bet (272) returned to Sr_Mersmault
Sr_Mersmault collected 346 from pot
Sr_Mersmault: doesn't show hand 
*** SUMMARY ***
Total pot 346 | Rake 0 
Board [Qd 8h 4s Jc 4c]
Seat 1: sarpele1984 (big blind) folded on the River
Seat 2: Sr_Mersmault (button) collected (346)
Seat 3: Mahu2021 (small blind) folded before Flop



PokerStars Hand #247144109098: Tournament #3674083517, $9.30+$0.70 USD Hold'em No Limit - Level I (10/20) - 2023/11/16 19:37:04 CET [2023/11/16 13:37:04 ET]
Table '3674083517 1' 3-max Seat #3 is the button
Seat 1: sarpele1984 (332 in chips) 
Seat 2: Sr_Mersmault (618 in chips) 
Seat 3: Mahu2021 (550 in chips) 
sarpele1984: posts small blind 10
Sr_Mersmault: posts big blind 20
*** HOLE CARDS ***
Dealt to Mahu2021 [Ts Qc]
Mahu2021: raises 40 to 60
sarpele1984: folds 
Sr_Mersmault: folds 
Uncalled bet (40) returned to Mahu2021
Mahu2021 collected 50 from pot
Mahu2021: doesn't show hand 
*** SUMMARY ***
Total pot 50 | Rake 0 
Seat 1: sarpele1984 (small blind) folded before Flop
Seat 2: Sr_Mersmault (big blind) folded before Flop
Seat 3: Mahu2021 (button) collected (50)



PokerStars Hand #247144113490: Tournament #3674083517, $9.30+$0.70 USD Hold'em No Limit - Level I (10/20) - 2023/11/16 19:37:18 CET [2023/11/16 13:37:18 ET]
Table '3674083517 1' 3-max Seat #1 is the button
Seat 1: sarpele1984 (322 in chips) 
Seat 2: Sr_Mersmault (598 in chips) 
Seat 3: Mahu2021 (580 in chips) 
Sr_Mersmault: posts small blind 10
Mahu2021: posts big blind 20
*** HOLE CARDS ***
Dealt to Mahu2021 [9h 2d]
sarpele1984: raises 20 to 40
Sr_Mersmault: raises 558 to 598 and is all-in
Mahu2021: folds 
sarpele1984: calls 282 and is all-in
Uncalled bet (276) returned to Sr_Mersmault
*** FLOP *** [7s 3s 7c]
*** TURN *** [7s 3s 7c] [Td]
*** RIVER *** [7s 3s 7c Td] [Kc]
*** SHOW DOWN ***
Sr_Mersmault: shows [Ac Qc] (a pair of Sevens)
sarpele1984: shows [Ks Qd] (two pair, Kings and Sevens)
sarpele1984 collected 664 from pot
*** SUMMARY ***
Total pot 664 | Rake 0 
Board [7s 3s 7c Td Kc]
Seat 1: sarpele1984 (button) showed [Ks Qd] and won (664) with two pair, Kings and Sevens
Seat 2: Sr_Mersmault (small blind) showed [Ac Qc] and lost with a pair of Sevens
Seat 3: Mahu2021 (big blind) folded before Flop



PokerStars Hand #247144119071: Tournament #3674083517, $9.30+$0.70 USD Hold'em No Limit - Level I (10/20) - 2023/11/16 19:37:35 CET [2023/11/16 13:37:35 ET]
Table '3674083517 1' 3-max Seat #2 is the button
Seat 1: sarpele1984 (664 in chips) 
Seat 2: Sr_Mersmault (276 in chips) 
Seat 3: Mahu2021 (560 in chips) 
Mahu2021: posts small blind 10
sarpele1984: posts big blind 20
*** HOLE CARDS ***
Dealt to Mahu2021 [6h 5c]
Sr_Mersmault: folds 
Mahu2021: calls 10
sarpele1984: checks 
*** FLOP *** [Ks Ts 2c]
Mahu2021: checks 
sarpele1984: bets 20
Mahu2021: folds 
Uncalled bet (20) returned to sarpele1984
sarpele1984 collected 40 from pot
sarpele1984: doesn't show hand 
*** SUMMARY ***
Total pot 40 | Rake 0 
Board [Ks Ts 2c]
Seat 1: sarpele1984 (big blind) collected (40)
Seat 2: Sr_Mersmault (button) folded before Flop (didn't bet)
Seat 3: Mahu2021 (small blind) folded on the Flop



PokerStars Hand #247144123558: Tournament #3674083517, $9.30+$0.70 USD Hold'em No Limit - Level I (10/20) - 2023/11/16 19:37:49 CET [2023/11/16 13:37:49 ET]
Table '3674083517 1' 3-max Seat #3 is the button
Seat 1: sarpele1984 (684 in chips) 
Seat 2: Sr_Mersmault (276 in chips) 
Seat 3: Mahu2021 (540 in chips) 
sarpele1984: posts small blind 10
Sr_Mersmault: posts big blind 20
*** HOLE CARDS ***
Dealt to Mahu2021 [Kd 6s]
Mahu2021: folds 
sarpele1984: raises 664 to 684 and is all-in
Sr_Mersmault: folds 
Uncalled bet (664) returned to sarpele1984
sarpele1984 collected 40 from pot
sarpele1984: doesn't show hand 
*** SUMMARY ***
Total pot 40 | Rake 0 
Seat 1: sarpele1984 (small blind) collected (40)
Seat 2: Sr_Mersmault (big blind) folded before Flop
Seat 3: Mahu2021 (button) folded before Flop (didn't bet)



PokerStars Hand #247144128573: Tournament #3674083517, $9.30+$0.70 USD Hold'em No Limit - Level II (15/30) - 2023/11/16 19:38:05 CET [2023/11/16 13:38:05 ET]
Table '3674083517 1' 3-max Seat #1 is the button
Seat 1: sarpele1984 (704 in chips) 
Seat 2: Sr_Mersmault (256 in chips) 
Seat 3: Mahu2021 (540 in chips) 
Sr_Mersmault: posts small blind 15
Mahu2021: posts big blind 30
*** HOLE CARDS ***
Dealt to Mahu2021 [Jc 7h]
sarpele1984: folds 
Sr_Mersmault: raises 226 to 256 and is all-in
Mahu2021: folds 
Uncalled bet (226) returned to Sr_Mersmault
Sr_Mersmault collected 60 from pot
Sr_Mersmault: doesn't show hand 
*** SUMMARY ***
Total pot 60 | Rake 0 
Seat 1: sarpele1984 (button) folded before Flop (didn't bet)
Seat 2: Sr_Mersmault (small blind) collected (60)
Seat 3: Mahu2021 (big blind) folded before Flop



PokerStars Hand #247144131804: Tournament #3674083517, $9.30+$0.70 USD Hold'em No Limit - Level II (15/30) - 2023/11/16 19:38:15 CET [2023/11/16 13:38:15 ET]
Table '3674083517 1' 3-max Seat #2 is the button
Seat 1: sarpele1984 (704 in chips) 
Seat 2: Sr_Mersmault (286 in chips) 
Seat 3: Mahu2021 (510 in chips) 
Mahu2021: posts small blind 15
sarpele1984: posts big blind 30
*** HOLE CARDS ***
Dealt to Mahu2021 [4c Jh]
Sr_Mersmault: folds 
Mahu2021: folds 
Uncalled bet (15) returned to sarpele1984
sarpele1984 collected 30 from pot
sarpele1984: doesn't show hand 
*** SUMMARY ***
Total pot 30 | Rake 0 
Seat 1: sarpele1984 (big blind) collected (30)
Seat 2: Sr_Mersmault (button) folded before Flop (didn't bet)
Seat 3: Mahu2021 (small blind) folded before Flop



PokerStars Hand #247144133924: Tournament #3674083517, $9.30+$0.70 USD Hold'em No Limit - Level II (15/30) - 2023/11/16 19:38:22 CET [2023/11/16 13:38:22 ET]
Table '3674083517 1' 3-max Seat #3 is the button
Seat 1: sarpele1984 (719 in chips) 
Seat 2: Sr_Mersmault (286 in chips) 
Seat 3: Mahu2021 (495 in chips) 
sarpele1984: posts small blind 15
Sr_Mersmault: posts big blind 30
*** HOLE CARDS ***
Dealt to Mahu2021 [Tc Qc]
Mahu2021: raises 60 to 90
sarpele1984: folds 
Sr_Mersmault: folds 
Uncalled bet (60) returned to Mahu2021
Mahu2021 collected 75 from pot
Mahu2021: doesn't show hand 
*** SUMMARY ***
Total pot 75 | Rake 0 
Seat 1: sarpele1984 (small blind) folded before Flop
Seat 2: Sr_Mersmault (big blind) folded before Flop
Seat 3: Mahu2021 (button) collected (75)



PokerStars Hand #247144138816: Tournament #3674083517, $9.30+$0.70 USD Hold'em No Limit - Level II (15/30) - 2023/11/16 19:38:37 CET [2023/11/16 13:38:37 ET]
Table '3674083517 1' 3-max Seat #1 is the button
Seat 1: sarpele1984 (704 in chips) 
Seat 2: Sr_Mersmault (256 in chips) 
Seat 3: Mahu2021 (540 in chips) 
Sr_Mersmault: posts small blind 15
Mahu2021: posts big blind 30
*** HOLE CARDS ***
Dealt to Mahu2021 [2d 9c]
sarpele1984: folds 
Sr_Mersmault: folds 
Uncalled bet (15) returned to Mahu2021
Mahu2021 collected 30 from pot
Mahu2021: doesn't show hand 
*** SUMMARY ***
Total pot 30 | Rake 0 
Seat 1: sarpele1984 (button) folded before Flop (didn't bet)
Seat 2: Sr_Mersmault (small blind) folded before Flop
Seat 3: Mahu2021 (big blind) collected (30)



PokerStars Hand #247144145131: Tournament #3674083517, $9.30+$0.70 USD Hold'em No Limit - Level II (15/30) - 2023/11/16 19:38:56 CET [2023/11/16 13:38:56 ET]
Table '3674083517 1' 3-max Seat #2 is the button
Seat 1: sarpele1984 (704 in chips) 
Seat 2: Sr_Mersmault (241 in chips) 
Seat 3: Mahu2021 (555 in chips) 
Mahu2021: posts small blind 15
sarpele1984: posts big blind 30
*** HOLE CARDS ***
Dealt to Mahu2021 [6c Ah]
Sr_Mersmault: folds 
Mahu2021: raises 60 to 90
sarpele1984: calls 60
*** FLOP *** [4h 8c 4d]
Mahu2021: checks 
sarpele1984: checks 
*** TURN *** [4h 8c 4d] [4s]
Mahu2021: bets 90
sarpele1984: folds 
Uncalled bet (90) returned to Mahu2021
Mahu2021 collected 180 from pot
Mahu2021: doesn't show hand 
*** SUMMARY ***
Total pot 180 | Rake 0 
Board [4h 8c 4d 4s]
Seat 1: sarpele1984 (big blind) folded on the Turn
Seat 2: Sr_Mersmault (button) folded before Flop (didn't bet)
Seat 3: Mahu2021 (small blind) collected (180)



PokerStars Hand #247144151649: Tournament #3674083517, $9.30+$0.70 USD Hold'em No Limit - Level II (15/30) - 2023/11/16 19:39:17 CET [2023/11/16 13:39:17 ET]
Table '3674083517 1' 3-max Seat #3 is the button
Seat 1: sarpele1984 (614 in chips) 
Seat 2: Sr_Mersmault (241 in chips) 
Seat 3: Mahu2021 (645 in chips) 
sarpele1984: posts small blind 15
Sr_Mersmault: posts big blind 30
*** HOLE CARDS ***
Dealt to Mahu2021 [9c Jc]
Mahu2021: folds 
sarpele1984: raises 30 to 60
Sr_Mersmault: calls 30
*** FLOP *** [8c 4d 6s]
sarpele1984: bets 72
Sr_Mersmault: calls 72
*** TURN *** [8c 4d 6s] [Ks]
sarpele1984: bets 264
Sr_Mersmault: calls 109 and is all-in
Uncalled bet (155) returned to sarpele1984
*** RIVER *** [8c 4d 6s Ks] [3s]
*** SHOW DOWN ***
sarpele1984: shows [Jd Jh] (a pair of Jacks)
Sr_Mersmault: shows [3d 6d] (two pair, Sixes and Threes)
Sr_Mersmault collected 482 from pot
*** SUMMARY ***
Total pot 482 | Rake 0 
Board [8c 4d 6s Ks 3s]
Seat 1: sarpele1984 (small blind) showed [Jd Jh] and lost with a pair of Jacks
Seat 2: Sr_Mersmault (big blind) showed [3d 6d] and won (482) with two pair, Sixes and Threes
Seat 3: Mahu2021 (button) folded before Flop (didn't bet)



PokerStars Hand #247144158848: Tournament #3674083517, $9.30+$0.70 USD Hold'em No Limit - Level II (15/30) - 2023/11/16 19:39:39 CET [2023/11/16 13:39:39 ET]
Table '3674083517 1' 3-max Seat #1 is the button
Seat 1: sarpele1984 (373 in chips) 
Seat 2: Sr_Mersmault (482 in chips) 
Seat 3: Mahu2021 (645 in chips) 
Sr_Mersmault: posts small blind 15
Mahu2021: posts big blind 30
*** HOLE CARDS ***
Dealt to Mahu2021 [8c Jd]
sarpele1984: folds 
Sr_Mersmault: raises 30 to 60
Mahu2021: calls 30
*** FLOP *** [2h 8h 3s]
Sr_Mersmault: checks 
Mahu2021: bets 120
Sr_Mersmault: folds 
Uncalled bet (120) returned to Mahu2021
Mahu2021 collected 120 from pot
Mahu2021: doesn't show hand 
*** SUMMARY ***
Total pot 120 | Rake 0 
Board [2h 8h 3s]
Seat 1: sarpele1984 (button) folded before Flop (didn't bet)
Seat 2: Sr_Mersmault (small blind) folded on the Flop
Seat 3: Mahu2021 (big blind) collected (120)



PokerStars Hand #247144168322: Tournament #3674083517, $9.30+$0.70 USD Hold'em No Limit - Level III (20/40) - 2023/11/16 19:40:08 CET [2023/11/16 13:40:08 ET]
Table '3674083517 1' 3-max Seat #2 is the button
Seat 1: sarpele1984 (373 in chips) 
Seat 2: Sr_Mersmault (422 in chips) 
Seat 3: Mahu2021 (705 in chips) 
Mahu2021: posts small blind 20
sarpele1984: posts big blind 40
*** HOLE CARDS ***
Dealt to Mahu2021 [Qh 8h]
Sr_Mersmault: raises 382 to 422 and is all-in
Mahu2021: folds 
sarpele1984: folds 
Uncalled bet (382) returned to Sr_Mersmault
Sr_Mersmault collected 100 from pot
Sr_Mersmault: doesn't show hand 
*** SUMMARY ***
Total pot 100 | Rake 0 
Seat 1: sarpele1984 (big blind) folded before Flop
Seat 2: Sr_Mersmault (button) collected (100)
Seat 3: Mahu2021 (small blind) folded before Flop



PokerStars Hand #247144171620: Tournament #3674083517, $9.30+$0.70 USD Hold'em No Limit - Level III (20/40) - 2023/11/16 19:40:18 CET [2023/11/16 13:40:18 ET]
Table '3674083517 1' 3-max Seat #3 is the button
Seat 1: sarpele1984 (333 in chips) 
Seat 2: Sr_Mersmault (482 in chips) 
Seat 3: Mahu2021 (685 in chips) 
sarpele1984: posts small blind 20
Sr_Mersmault: posts big blind 40
*** HOLE CARDS ***
Dealt to Mahu2021 [Qh 9d]
Mahu2021: folds 
sarpele1984: calls 20
Sr_Mersmault: checks 
*** FLOP *** [Kd 8h 2d]
sarpele1984: bets 40
Sr_Mersmault: folds 
Uncalled bet (40) returned to sarpele1984
sarpele1984 collected 80 from pot
sarpele1984: doesn't show hand 
*** SUMMARY ***
Total pot 80 | Rake 0 
Board [Kd 8h 2d]
Seat 1: sarpele1984 (small blind) collected (80)
Seat 2: Sr_Mersmault (big blind) folded on the Flop
Seat 3: Mahu2021 (button) folded before Flop (didn't bet)



PokerStars Hand #247144178198: Tournament #3674083517, $9.30+$0.70 USD Hold'em No Limit - Level III (20/40) - 2023/11/16 19:40:39 CET [2023/11/16 13:40:39 ET]
Table '3674083517 1' 3-max Seat #1 is the button
Seat 1: sarpele1984 (373 in chips) 
Seat 2: Sr_Mersmault (442 in chips) 
Seat 3: Mahu2021 (685 in chips) 
Sr_Mersmault: posts small blind 20
Mahu2021: posts big blind 40
*** HOLE CARDS ***
Dealt to Mahu2021 [6h 3c]
sarpele1984: raises 333 to 373 and is all-in
Sr_Mersmault: folds 
Mahu2021: folds 
Uncalled bet (333) returned to sarpele1984
sarpele1984 collected 100 from pot
sarpele1984: doesn't show hand 
*** SUMMARY ***
Total pot 100 | Rake 0 
Seat 1: sarpele1984 (button) collected (100)
Seat 2: Sr_Mersmault (small blind) folded before Flop
Seat 3: Mahu2021 (big blind) folded before Flop



PokerStars Hand #247144180907: Tournament #3674083517, $9.30+$0.70 USD Hold'em No Limit - Level III (20/40) - 2023/11/16 19:40:47 CET [2023/11/16 13:40:47 ET]
Table '3674083517 1' 3-max Seat #2 is the button
Seat 1: sarpele1984 (433 in chips) 
Seat 2: Sr_Mersmault (422 in chips) 
Seat 3: Mahu2021 (645 in chips) 
Mahu2021: posts small blind 20
sarpele1984: posts big blind 40
*** HOLE CARDS ***
Dealt to Mahu2021 [3d 2d]
Sr_Mersmault: raises 382 to 422 and is all-in
Mahu2021: folds 
sarpele1984: folds 
Uncalled bet (382) returned to Sr_Mersmault
Sr_Mersmault collected 100 from pot
Sr_Mersmault: doesn't show hand 
*** SUMMARY ***
Total pot 100 | Rake 0 
Seat 1: sarpele1984 (big blind) folded before Flop
Seat 2: Sr_Mersmault (button) collected (100)
Seat 3: Mahu2021 (small blind) folded before Flop



PokerStars Hand #247144183762: Tournament #3674083517, $9.30+$0.70 USD Hold'em No Limit - Level III (20/40) - 2023/11/16 19:40:56 CET [2023/11/16 13:40:56 ET]
Table '3674083517 1' 3-max Seat #3 is the button
Seat 1: sarpele1984 (393 in chips) 
Seat 2: Sr_Mersmault (482 in chips) 
Seat 3: Mahu2021 (625 in chips) 
sarpele1984: posts small blind 20
Sr_Mersmault: posts big blind 40
*** HOLE CARDS ***
Dealt to Mahu2021 [7h 3s]
Mahu2021: folds 
sarpele1984: raises 353 to 393 and is all-in
Sr_Mersmault: folds 
Uncalled bet (353) returned to sarpele1984
sarpele1984 collected 80 from pot
sarpele1984: doesn't show hand 
*** SUMMARY ***
Total pot 80 | Rake 0 
Seat 1: sarpele1984 (small blind) collected (80)
Seat 2: Sr_Mersmault (big blind) folded before Flop
Seat 3: Mahu2021 (button) folded before Flop (didn't bet)



PokerStars Hand #247144187972: Tournament #3674083517, $9.30+$0.70 USD Hold'em No Limit - Level III (20/40) - 2023/11/16 19:41:09 CET [2023/11/16 13:41:09 ET]
Table '3674083517 1' 3-max Seat #1 is the button
Seat 1: sarpele1984 (433 in chips) 
Seat 2: Sr_Mersmault (442 in chips) 
Seat 3: Mahu2021 (625 in chips) 
Sr_Mersmault: posts small blind 20
Mahu2021: posts big blind 40
*** HOLE CARDS ***
Dealt to Mahu2021 [Jd 7d]
sarpele1984: raises 393 to 433 and is all-in
Sr_Mersmault: folds 
Mahu2021: folds 
Uncalled bet (393) returned to sarpele1984
sarpele1984 collected 100 from pot
sarpele1984: doesn't show hand 
*** SUMMARY ***
Total pot 100 | Rake 0 
Seat 1: sarpele1984 (button) collected (100)
Seat 2: Sr_Mersmault (small blind) folded before Flop
Seat 3: Mahu2021 (big blind) folded before Flop



PokerStars Hand #247144191018: Tournament #3674083517, $9.30+$0.70 USD Hold'em No Limit - Level III (20/40) - 2023/11/16 19:41:18 CET [2023/11/16 13:41:18 ET]
Table '3674083517 1' 3-max Seat #2 is the button
Seat 1: sarpele1984 (493 in chips) 
Seat 2: Sr_Mersmault (422 in chips) 
Seat 3: Mahu2021 (585 in chips) 
Mahu2021: posts small blind 20
sarpele1984: posts big blind 40
*** HOLE CARDS ***
Dealt to Mahu2021 [Ts 6d]
Sr_Mersmault: folds 
Mahu2021: folds 
Uncalled bet (20) returned to sarpele1984
sarpele1984 collected 40 from pot
sarpele1984: doesn't show hand 
*** SUMMARY ***
Total pot 40 | Rake 0 
Seat 1: sarpele1984 (big blind) collected (40)
Seat 2: Sr_Mersmault (button) folded before Flop (didn't bet)
Seat 3: Mahu2021 (small blind) folded before Flop



PokerStars Hand #247144192788: Tournament #3674083517, $9.30+$0.70 USD Hold'em No Limit - Level III (20/40) - 2023/11/16 19:41:24 CET [2023/11/16 13:41:24 ET]
Table '3674083517 1' 3-max Seat #3 is the button
Seat 1: sarpele1984 (513 in chips) 
Seat 2: Sr_Mersmault (422 in chips) 
Seat 3: Mahu2021 (565 in chips) 
sarpele1984: posts small blind 20
Sr_Mersmault: posts big blind 40
*** HOLE CARDS ***
Dealt to Mahu2021 [9d 3h]
Mahu2021: folds 
sarpele1984: raises 473 to 513 and is all-in
Sr_Mersmault: folds 
Uncalled bet (473) returned to sarpele1984
sarpele1984 collected 80 from pot
sarpele1984: doesn't show hand 
*** SUMMARY ***
Total pot 80 | Rake 0 
Seat 1: sarpele1984 (small blind) collected (80)
Seat 2: Sr_Mersmault (big blind) folded before Flop
Seat 3: Mahu2021 (button) folded before Flop (didn't bet)



PokerStars Hand #247144195425: Tournament #3674083517, $9.30+$0.70 USD Hold'em No Limit - Level III (20/40) - 2023/11/16 19:41:32 CET [2023/11/16 13:41:32 ET]
Table '3674083517 1' 3-max Seat #1 is the button
Seat 1: sarpele1984 (553 in chips) 
Seat 2: Sr_Mersmault (382 in chips) 
Seat 3: Mahu2021 (565 in chips) 
Sr_Mersmault: posts small blind 20
Mahu2021: posts big blind 40
*** HOLE CARDS ***
Dealt to Mahu2021 [2c 9s]
sarpele1984: folds 
Sr_Mersmault: raises 342 to 382 and is all-in
Mahu2021: folds 
Uncalled bet (342) returned to Sr_Mersmault
Sr_Mersmault collected 80 from pot
Sr_Mersmault: doesn't show hand 
*** SUMMARY ***
Total pot 80 | Rake 0 
Seat 1: sarpele1984 (button) folded before Flop (didn't bet)
Seat 2: Sr_Mersmault (small blind) collected (80)
Seat 3: Mahu2021 (big blind) folded before Flop



PokerStars Hand #247144198170: Tournament #3674083517, $9.30+$0.70 USD Hold'em No Limit - Level III (20/40) - 2023/11/16 19:41:41 CET [2023/11/16 13:41:41 ET]
Table '3674083517 1' 3-max Seat #2 is the button
Seat 1: sarpele1984 (553 in chips) 
Seat 2: Sr_Mersmault (422 in chips) 
Seat 3: Mahu2021 (525 in chips) 
Mahu2021: posts small blind 20
sarpele1984: posts big blind 40
*** HOLE CARDS ***
Dealt to Mahu2021 [Qh 3h]
Sr_Mersmault: folds 
Mahu2021: calls 20
sarpele1984: checks 
*** FLOP *** [6d Ks Qs]
Mahu2021: bets 40
sarpele1984: folds 
Uncalled bet (40) returned to Mahu2021
Mahu2021 collected 80 from pot
Mahu2021: doesn't show hand 
*** SUMMARY ***
Total pot 80 | Rake 0 
Board [6d Ks Qs]
Seat 1: sarpele1984 (big blind) folded on the Flop
Seat 2: Sr_Mersmault (button) folded before Flop (didn't bet)
Seat 3: Mahu2021 (small blind) collected (80)



PokerStars Hand #247144201841: Tournament #3674083517, $9.30+$0.70 USD Hold'em No Limit - Level III (20/40) - 2023/11/16 19:41:52 CET [2023/11/16 13:41:52 ET]
Table '3674083517 1' 3-max Seat #3 is the button
Seat 1: sarpele1984 (513 in chips) 
Seat 2: Sr_Mersmault (422 in chips) 
Seat 3: Mahu2021 (565 in chips) 
sarpele1984: posts small blind 20
Sr_Mersmault: posts big blind 40
*** HOLE CARDS ***
Dealt to Mahu2021 [Js 9h]
Mahu2021: folds 
sarpele1984: raises 473 to 513 and is all-in
Sr_Mersmault: folds 
Uncalled bet (473) returned to sarpele1984
sarpele1984 collected 80 from pot
sarpele1984: doesn't show hand 
*** SUMMARY ***
Total pot 80 | Rake 0 
Seat 1: sarpele1984 (small blind) collected (80)
Seat 2: Sr_Mersmault (big blind) folded before Flop
Seat 3: Mahu2021 (button) folded before Flop (didn't bet)



PokerStars Hand #247144206666: Tournament #3674083517, $9.30+$0.70 USD Hold'em No Limit - Level IV (30/60) - 2023/11/16 19:42:07 CET [2023/11/16 13:42:07 ET]
Table '3674083517 1' 3-max Seat #1 is the button
Seat 1: sarpele1984 (553 in chips) 
Seat 2: Sr_Mersmault (382 in chips) 
Seat 3: Mahu2021 (565 in chips) 
Sr_Mersmault: posts small blind 30
Mahu2021: posts big blind 60
*** HOLE CARDS ***
Dealt to Mahu2021 [2h Th]
sarpele1984: folds 
Sr_Mersmault: raises 322 to 382 and is all-in
Mahu2021: folds 
Uncalled bet (322) returned to Sr_Mersmault
Sr_Mersmault collected 120 from pot
Sr_Mersmault: doesn't show hand 
*** SUMMARY ***
Total pot 120 | Rake 0 
Seat 1: sarpele1984 (button) folded before Flop (didn't bet)
Seat 2: Sr_Mersmault (small blind) collected (120)
Seat 3: Mahu2021 (big blind) folded before Flop



PokerStars Hand #247144208820: Tournament #3674083517, $9.30+$0.70 USD Hold'em No Limit - Level IV (30/60) - 2023/11/16 19:42:13 CET [2023/11/16 13:42:13 ET]
Table '3674083517 1' 3-max Seat #2 is the button
Seat 1: sarpele1984 (553 in chips) 
Seat 2: Sr_Mersmault (442 in chips) 
Seat 3: Mahu2021 (505 in chips) 
Mahu2021: posts small blind 30
sarpele1984: posts big blind 60
*** HOLE CARDS ***
Dealt to Mahu2021 [3h 6s]
Sr_Mersmault: raises 382 to 442 and is all-in
Mahu2021: folds 
sarpele1984: calls 382
*** FLOP *** [8c Qd 2s]
*** TURN *** [8c Qd 2s] [Th]
*** RIVER *** [8c Qd 2s Th] [9d]
*** SHOW DOWN ***
sarpele1984: shows [Ac Qs] (a pair of Queens)
Sr_Mersmault: shows [Td Qc] (two pair, Queens and Tens)
Sr_Mersmault collected 914 from pot
*** SUMMARY ***
Total pot 914 | Rake 0 
Board [8c Qd 2s Th 9d]
Seat 1: sarpele1984 (big blind) showed [Ac Qs] and lost with a pair of Queens
Seat 2: Sr_Mersmault (button) showed [Td Qc] and won (914) with two pair, Queens and Tens
Seat 3: Mahu2021 (small blind) folded before Flop



PokerStars Hand #247144213903: Tournament #3674083517, $9.30+$0.70 USD Hold'em No Limit - Level IV (30/60) - 2023/11/16 19:42:29 CET [2023/11/16 13:42:29 ET]
Table '3674083517 1' 3-max Seat #3 is the button
Seat 1: sarpele1984 (111 in chips) 
Seat 2: Sr_Mersmault (914 in chips) 
Seat 3: Mahu2021 (475 in chips) 
sarpele1984: posts small blind 30
Sr_Mersmault: posts big blind 60
*** HOLE CARDS ***
Dealt to Mahu2021 [7s 2h]
Mahu2021: folds 
sarpele1984: raises 51 to 111 and is all-in
Sr_Mersmault: calls 51
*** FLOP *** [Ah 4d 8h]
*** TURN *** [Ah 4d 8h] [9c]
*** RIVER *** [Ah 4d 8h 9c] [Ts]
*** SHOW DOWN ***
sarpele1984: shows [Qd Kc] (high card Ace)
Sr_Mersmault: shows [Jc 3h] (high card Ace - lower kicker)
sarpele1984 collected 222 from pot
*** SUMMARY ***
Total pot 222 | Rake 0 
Board [Ah 4d 8h 9c Ts]
Seat 1: sarpele1984 (small blind) showed [Qd Kc] and won (222) with high card Ace
Seat 2: Sr_Mersmault (big blind) showed [Jc 3h] and lost with high card Ace
Seat 3: Mahu2021 (button) folded before Flop (didn't bet)



PokerStars Hand #247144220040: Tournament #3674083517, $9.30+$0.70 USD Hold'em No Limit - Level IV (30/60) - 2023/11/16 19:42:48 CET [2023/11/16 13:42:48 ET]
Table '3674083517 1' 3-max Seat #1 is the button
Seat 1: sarpele1984 (222 in chips) 
Seat 2: Sr_Mersmault (803 in chips) 
Seat 3: Mahu2021 (475 in chips) 
Sr_Mersmault: posts small blind 30
Mahu2021: posts big blind 60
*** HOLE CARDS ***
Dealt to Mahu2021 [6h Kc]
sarpele1984: folds 
Sr_Mersmault: folds 
Uncalled bet (30) returned to Mahu2021
Mahu2021 collected 60 from pot
Mahu2021: doesn't show hand 
*** SUMMARY ***
Total pot 60 | Rake 0 
Seat 1: sarpele1984 (button) folded before Flop (didn't bet)
Seat 2: Sr_Mersmault (small blind) folded before Flop
Seat 3: Mahu2021 (big blind) collected (60)



PokerStars Hand #247144226630: Tournament #3674083517, $9.30+$0.70 USD Hold'em No Limit - Level IV (30/60) - 2023/11/16 19:43:09 CET [2023/11/16 13:43:09 ET]
Table '3674083517 1' 3-max Seat #2 is the button
Seat 1: sarpele1984 (222 in chips) 
Seat 2: Sr_Mersmault (773 in chips) 
Seat 3: Mahu2021 (505 in chips) 
Mahu2021: posts small blind 30
sarpele1984: posts big blind 60
*** HOLE CARDS ***
Dealt to Mahu2021 [6c Qs]
Sr_Mersmault: raises 713 to 773 and is all-in
Mahu2021: folds 
sarpele1984: calls 162 and is all-in
Uncalled bet (551) returned to Sr_Mersmault
*** FLOP *** [9c 5d 2d]
*** TURN *** [9c 5d 2d] [Kd]
*** RIVER *** [9c 5d 2d Kd] [3h]
*** SHOW DOWN ***
sarpele1984: shows [Qc Ac] (high card Ace)
Sr_Mersmault: shows [9d Td] (a flush, King high)
Sr_Mersmault collected 474 from pot
sarpele1984 finished the tournament in 3rd place
*** SUMMARY ***
Total pot 474 | Rake 0 
Board [9c 5d 2d Kd 3h]
Seat 1: sarpele1984 (big blind) showed [Qc Ac] and lost with high card Ace
Seat 2: Sr_Mersmault (button) showed [9d Td] and won (474) with a flush, King high
Seat 3: Mahu2021 (small blind) folded before Flop



PokerStars Hand #247144232253: Tournament #3674083517, $9.30+$0.70 USD Hold'em No Limit - Level IV (30/60) - 2023/11/16 19:43:26 CET [2023/11/16 13:43:26 ET]
Table '3674083517 1' 3-max Seat #3 is the button
Seat 2: Sr_Mersmault (1025 in chips) 
Seat 3: Mahu2021 (475 in chips) 
Mahu2021: posts small blind 30
Sr_Mersmault: posts big blind 60
*** HOLE CARDS ***
Dealt to Mahu2021 [6s 9d]
Mahu2021: folds 
Uncalled bet (30) returned to Sr_Mersmault
Sr_Mersmault collected 60 from pot
Sr_Mersmault: doesn't show hand 
*** SUMMARY ***
Total pot 60 | Rake 0 
Seat 2: Sr_Mersmault (big blind) collected (60)
Seat 3: Mahu2021 (button) (small blind) folded before Flop



PokerStars Hand #247144233643: Tournament #3674083517, $9.30+$0.70 USD Hold'em No Limit - Level IV (30/60) - 2023/11/16 19:43:30 CET [2023/11/16 13:43:30 ET]
Table '3674083517 1' 3-max Seat #2 is the button
Seat 2: Sr_Mersmault (1055 in chips) 
Seat 3: Mahu2021 (445 in chips) 
Sr_Mersmault: posts small blind 30
Mahu2021: posts big blind 60
*** HOLE CARDS ***
Dealt to Mahu2021 [5d 9c]
Sr_Mersmault: raises 995 to 1055 and is all-in
Mahu2021: folds 
Uncalled bet (995) returned to Sr_Mersmault
Sr_Mersmault collected 120 from pot
Sr_Mersmault: doesn't show hand 
*** SUMMARY ***
Total pot 120 | Rake 0 
Seat 2: Sr_Mersmault (button) (small blind) collected (120)
Seat 3: Mahu2021 (big blind) folded before Flop



PokerStars Hand #247144235527: Tournament #3674083517, $9.30+$0.70 USD Hold'em No Limit - Level IV (30/60) - 2023/11/16 19:43:36 CET [2023/11/16 13:43:36 ET]
Table '3674083517 1' 3-max Seat #3 is the button
Seat 2: Sr_Mersmault (1115 in chips) 
Seat 3: Mahu2021 (385 in chips) 
Mahu2021: posts small blind 30
Sr_Mersmault: posts big blind 60
*** HOLE CARDS ***
Dealt to Mahu2021 [9h 3h]
Mahu2021: folds 
Uncalled bet (30) returned to Sr_Mersmault
Sr_Mersmault collected 60 from pot
Sr_Mersmault: doesn't show hand 
*** SUMMARY ***
Total pot 60 | Rake 0 
Seat 2: Sr_Mersmault (big blind) collected (60)
Seat 3: Mahu2021 (button) (small blind) folded before Flop



PokerStars Hand #247144236894: Tournament #3674083517, $9.30+$0.70 USD Hold'em No Limit - Level IV (30/60) - 2023/11/16 19:43:40 CET [2023/11/16 13:43:40 ET]
Table '3674083517 1' 3-max Seat #2 is the button
Seat 2: Sr_Mersmault (1145 in chips) 
Seat 3: Mahu2021 (355 in chips) 
Sr_Mersmault: posts small blind 30
Mahu2021: posts big blind 60
*** HOLE CARDS ***
Dealt to Mahu2021 [As Ad]
Sr_Mersmault: folds 
Uncalled bet (30) returned to Mahu2021
Mahu2021 collected 60 from pot
Mahu2021: doesn't show hand 
*** SUMMARY ***
Total pot 60 | Rake 0 
Seat 2: Sr_Mersmault (button) (small blind) folded before Flop
Seat 3: Mahu2021 (big blind) collected (60)



PokerStars Hand #247144238617: Tournament #3674083517, $9.30+$0.70 USD Hold'em No Limit - Level IV (30/60) - 2023/11/16 19:43:46 CET [2023/11/16 13:43:46 ET]
Table '3674083517 1' 3-max Seat #3 is the button
Seat 2: Sr_Mersmault (1115 in chips) 
Seat 3: Mahu2021 (385 in chips) 
Mahu2021: posts small blind 30
Sr_Mersmault: posts big blind 60
*** HOLE CARDS ***
Dealt to Mahu2021 [3c 3d]
Mahu2021: raises 325 to 385 and is all-in
Sr_Mersmault: folds 
Uncalled bet (325) returned to Mahu2021
Mahu2021 collected 120 from pot
Mahu2021: doesn't show hand 
*** SUMMARY ***
Total pot 120 | Rake 0 
Seat 2: Sr_Mersmault (big blind) folded before Flop
Seat 3: Mahu2021 (button) (small blind) collected (120)



PokerStars Hand #247144245796: Tournament #3674083517, $9.30+$0.70 USD Hold'em No Limit - Level V (40/80) - 2023/11/16 19:44:08 CET [2023/11/16 13:44:08 ET]
Table '3674083517 1' 3-max Seat #2 is the button
Seat 2: Sr_Mersmault (1055 in chips) 
Seat 3: Mahu2021 (445 in chips) 
Sr_Mersmault: posts small blind 40
Mahu2021: posts big blind 80
*** HOLE CARDS ***
Dealt to Mahu2021 [9s Kc]
Sr_Mersmault: raises 975 to 1055 and is all-in
Mahu2021: calls 365 and is all-in
Uncalled bet (610) returned to Sr_Mersmault
*** FLOP *** [Th 6h Jh]
*** TURN *** [Th 6h Jh] [Ts]
*** RIVER *** [Th 6h Jh Ts] [Ah]
*** SHOW DOWN ***
Mahu2021: shows [9s Kc] (a pair of Tens)
Sr_Mersmault: shows [4s As] (two pair, Aces and Tens)
Sr_Mersmault collected 890 from pot
Mahu2021 finished the tournament in 2nd place
Sr_Mersmault wins the tournament and receives $20.00 - congratulations!
*** SUMMARY ***
Total pot 890 | Rake 0 
Board [Th 6h Jh Ts Ah]
Seat 2: Sr_Mersmault (button) (small blind) showed [4s As] and won (890) with two pair, Aces and Tens
Seat 3: Mahu2021 (big blind) showed [9s Kc] and lost with a pair of Tens



