PokerStars Hand #253092143355: Tournament #3816247586, $1.84+$0.16 USD Hold'em No Limit - Level I (10/20) - 2024/10/25 11:22:53 CET [2024/10/25 5:22:53 ET]
Table '3816247586 1' 3-max Seat #1 is the button
Seat 1: Mahu2021 (500 in chips) 
Seat 2: Avenger12889 (500 in chips) 
Seat 3: BJ72 (500 in chips) 
Avenger12889: posts small blind 10
BJ72: posts big blind 20
*** HOLE CARDS ***
Dealt to Mahu2021 [9d 6d]
Mahu2021: folds 
Avenger12889: raises 20 to 40
BJ72: calls 20
*** FLOP *** [Qh 7s 4s]
Avenger12889: bets 24
BJ72: folds 
Uncalled bet (24) returned to Avenger12889
Avenger12889 collected 80 from pot
*** SUMMARY ***
Total pot 80 | Rake 0 
Board [Qh 7s 4s]
Seat 1: Mahu2021 (button) folded before Flop (didn't bet)
Seat 2: Avenger12889 (small blind) collected (80)
Seat 3: BJ72 (big blind) folded on the Flop



PokerStars Hand #253092145455: Tournament #3816247586, $1.84+$0.16 USD Hold'em No Limit - Level I (10/20) - 2024/10/25 11:23:12 CET [2024/10/25 5:23:12 ET]
Table '3816247586 1' 3-max Seat #2 is the button
Seat 1: Mahu2021 (500 in chips) 
Seat 2: Avenger12889 (540 in chips) 
Seat 3: BJ72 (460 in chips) 
BJ72: posts small blind 10
Mahu2021: posts big blind 20
*** HOLE CARDS ***
Dealt to Mahu2021 [8d 2h]
Avenger12889: folds 
BJ72: raises 40 to 60
Mahu2021: folds 
Uncalled bet (40) returned to BJ72
BJ72 collected 40 from pot
BJ72: doesn't show hand 
*** SUMMARY ***
Total pot 40 | Rake 0 
Seat 1: Mahu2021 (big blind) folded before Flop
Seat 2: Avenger12889 (button) folded before Flop (didn't bet)
Seat 3: BJ72 (small blind) collected (40)



PokerStars Hand #253092146470: Tournament #3816247586, $1.84+$0.16 USD Hold'em No Limit - Level I (10/20) - 2024/10/25 11:23:21 CET [2024/10/25 5:23:21 ET]
Table '3816247586 1' 3-max Seat #3 is the button
Seat 1: Mahu2021 (480 in chips) 
Seat 2: Avenger12889 (540 in chips) 
Seat 3: BJ72 (480 in chips) 
Mahu2021: posts small blind 10
Avenger12889: posts big blind 20
*** HOLE CARDS ***
Dealt to Mahu2021 [2h 2d]
BJ72: folds 
Mahu2021: raises 20 to 40
Avenger12889: calls 20
*** FLOP *** [8d Kd Qd]
Mahu2021: bets 40
Avenger12889: calls 40
*** TURN *** [8d Kd Qd] [3s]
Mahu2021: bets 40
Avenger12889: calls 40
*** RIVER *** [8d Kd Qd 3s] [Kh]
Mahu2021: bets 360 and is all-in
Avenger12889: folds 
Uncalled bet (360) returned to Mahu2021
Mahu2021 collected 240 from pot
Mahu2021: doesn't show hand 
*** SUMMARY ***
Total pot 240 | Rake 0 
Board [8d Kd Qd 3s Kh]
Seat 1: Mahu2021 (small blind) collected (240)
Seat 2: Avenger12889 (big blind) folded on the River
Seat 3: BJ72 (button) folded before Flop (didn't bet)



PokerStars Hand #253092148579: Tournament #3816247586, $1.84+$0.16 USD Hold'em No Limit - Level I (10/20) - 2024/10/25 11:23:41 CET [2024/10/25 5:23:41 ET]
Table '3816247586 1' 3-max Seat #1 is the button
Seat 1: Mahu2021 (600 in chips) 
Seat 2: Avenger12889 (420 in chips) 
Seat 3: BJ72 (480 in chips) 
Avenger12889: posts small blind 10
BJ72: posts big blind 20
*** HOLE CARDS ***
Dealt to Mahu2021 [Jd 6d]
Mahu2021: raises 20 to 40
Avenger12889: folds 
BJ72: raises 440 to 480 and is all-in
Mahu2021: folds 
Uncalled bet (440) returned to BJ72
BJ72 collected 90 from pot
BJ72: doesn't show hand 
*** SUMMARY ***
Total pot 90 | Rake 0 
Seat 1: Mahu2021 (button) folded before Flop
Seat 2: Avenger12889 (small blind) folded before Flop
Seat 3: BJ72 (big blind) collected (90)



PokerStars Hand #253092150005: Tournament #3816247586, $1.84+$0.16 USD Hold'em No Limit - Level I (10/20) - 2024/10/25 11:23:53 CET [2024/10/25 5:23:53 ET]
Table '3816247586 1' 3-max Seat #2 is the button
Seat 1: Mahu2021 (560 in chips) 
Seat 2: Avenger12889 (410 in chips) 
Seat 3: BJ72 (530 in chips) 
BJ72: posts small blind 10
Mahu2021: posts big blind 20
*** HOLE CARDS ***
Dealt to Mahu2021 [Qs 7h]
Avenger12889: raises 20 to 40
BJ72: folds 
Mahu2021: calls 20
*** FLOP *** [6d 8c As]
Mahu2021: checks 
Avenger12889: bets 50
Mahu2021: folds 
Uncalled bet (50) returned to Avenger12889
Avenger12889 collected 90 from pot
*** SUMMARY ***
Total pot 90 | Rake 0 
Board [6d 8c As]
Seat 1: Mahu2021 (big blind) folded on the Flop
Seat 2: Avenger12889 (button) collected (90)
Seat 3: BJ72 (small blind) folded before Flop



PokerStars Hand #253092151501: Tournament #3816247586, $1.84+$0.16 USD Hold'em No Limit - Level I (10/20) - 2024/10/25 11:24:07 CET [2024/10/25 5:24:07 ET]
Table '3816247586 1' 3-max Seat #3 is the button
Seat 1: Mahu2021 (520 in chips) 
Seat 2: Avenger12889 (460 in chips) 
Seat 3: BJ72 (520 in chips) 
Mahu2021: posts small blind 10
Avenger12889: posts big blind 20
*** HOLE CARDS ***
Dealt to Mahu2021 [7d 4s]
BJ72: raises 20 to 40
Mahu2021: folds 
Avenger12889: calls 20
*** FLOP *** [5c Ah Tc]
Avenger12889: checks 
BJ72: checks 
*** TURN *** [5c Ah Tc] [5d]
Avenger12889: bets 72
BJ72: calls 72
*** RIVER *** [5c Ah Tc 5d] [8c]
Avenger12889: bets 187
BJ72: calls 187
*** SHOW DOWN ***
Avenger12889: shows [5s 6s] (three of a kind, Fives)
BJ72: mucks hand 
Avenger12889 collected 608 from pot
*** SUMMARY ***
Total pot 608 | Rake 0 
Board [5c Ah Tc 5d 8c]
Seat 1: Mahu2021 (small blind) folded before Flop
Seat 2: Avenger12889 (big blind) showed [5s 6s] and won (608) with three of a kind, Fives
Seat 3: BJ72 (button) mucked [Ts 7s]



PokerStars Hand #253092154045: Tournament #3816247586, $1.84+$0.16 USD Hold'em No Limit - Level I (10/20) - 2024/10/25 11:24:30 CET [2024/10/25 5:24:30 ET]
Table '3816247586 1' 3-max Seat #1 is the button
Seat 1: Mahu2021 (510 in chips) 
Seat 2: Avenger12889 (769 in chips) 
Seat 3: BJ72 (221 in chips) 
Avenger12889: posts small blind 10
BJ72: posts big blind 20
*** HOLE CARDS ***
Dealt to Mahu2021 [Jh 8h]
Mahu2021: folds 
Avenger12889: calls 10
BJ72: raises 201 to 221 and is all-in
Avenger12889: folds 
Uncalled bet (201) returned to BJ72
BJ72 collected 40 from pot
BJ72: doesn't show hand 
*** SUMMARY ***
Total pot 40 | Rake 0 
Seat 1: Mahu2021 (button) folded before Flop (didn't bet)
Seat 2: Avenger12889 (small blind) folded before Flop
Seat 3: BJ72 (big blind) collected (40)



PokerStars Hand #253092155961: Tournament #3816247586, $1.84+$0.16 USD Hold'em No Limit - Level I (10/20) - 2024/10/25 11:24:47 CET [2024/10/25 5:24:47 ET]
Table '3816247586 1' 3-max Seat #2 is the button
Seat 1: Mahu2021 (510 in chips) 
Seat 2: Avenger12889 (749 in chips) 
Seat 3: BJ72 (241 in chips) 
BJ72: posts small blind 10
Mahu2021: posts big blind 20
*** HOLE CARDS ***
Dealt to Mahu2021 [5s Jc]
Avenger12889: folds 
BJ72: raises 221 to 241 and is all-in
Mahu2021: folds 
Uncalled bet (221) returned to BJ72
BJ72 collected 40 from pot
BJ72: doesn't show hand 
*** SUMMARY ***
Total pot 40 | Rake 0 
Seat 1: Mahu2021 (big blind) folded before Flop
Seat 2: Avenger12889 (button) folded before Flop (didn't bet)
Seat 3: BJ72 (small blind) collected (40)



PokerStars Hand #253092158053: Tournament #3816247586, $1.84+$0.16 USD Hold'em No Limit - Level I (10/20) - 2024/10/25 11:25:06 CET [2024/10/25 5:25:06 ET]
Table '3816247586 1' 3-max Seat #3 is the button
Seat 1: Mahu2021 (490 in chips) 
Seat 2: Avenger12889 (749 in chips) 
Seat 3: BJ72 (261 in chips) 
Mahu2021: posts small blind 10
Avenger12889: posts big blind 20
*** HOLE CARDS ***
Dealt to Mahu2021 [Tc 6s]
BJ72: calls 20
Mahu2021: calls 10
Avenger12889: raises 729 to 749 and is all-in
BJ72: calls 241 and is all-in
Mahu2021: folds 
Uncalled bet (488) returned to Avenger12889
*** FLOP *** [4c 9s 6h]
*** TURN *** [4c 9s 6h] [9h]
*** RIVER *** [4c 9s 6h 9h] [9c]
*** SHOW DOWN ***
Avenger12889: shows [2d As] (three of a kind, Nines)
BJ72: shows [Td Kc] (three of a kind, Nines - lower kicker)
Avenger12889 collected 542 from pot
BJ72 finished the tournament in 3rd place
*** SUMMARY ***
Total pot 542 | Rake 0 
Board [4c 9s 6h 9h 9c]
Seat 1: Mahu2021 (small blind) folded before Flop
Seat 2: Avenger12889 (big blind) showed [2d As] and won (542) with three of a kind, Nines
Seat 3: BJ72 (button) showed [Td Kc] and lost with three of a kind, Nines



PokerStars Hand #253092160306: Tournament #3816247586, $1.84+$0.16 USD Hold'em No Limit - Level I (10/20) - 2024/10/25 11:25:27 CET [2024/10/25 5:25:27 ET]
Table '3816247586 1' 3-max Seat #2 is the button
Seat 1: Mahu2021 (470 in chips) 
Seat 2: Avenger12889 (1030 in chips) 
Avenger12889: posts small blind 10
Mahu2021: posts big blind 20
*** HOLE CARDS ***
Dealt to Mahu2021 [Qc 2s]
Avenger12889: raises 20 to 40
Mahu2021: calls 20
*** FLOP *** [7s 3s Jd]
Mahu2021: checks 
Avenger12889: bets 44
Mahu2021: folds 
Uncalled bet (44) returned to Avenger12889
Avenger12889 collected 80 from pot
*** SUMMARY ***
Total pot 80 | Rake 0 
Board [7s 3s Jd]
Seat 1: Mahu2021 (big blind) folded on the Flop
Seat 2: Avenger12889 (button) (small blind) collected (80)



PokerStars Hand #253092161478: Tournament #3816247586, $1.84+$0.16 USD Hold'em No Limit - Level I (10/20) - 2024/10/25 11:25:37 CET [2024/10/25 5:25:37 ET]
Table '3816247586 1' 3-max Seat #1 is the button
Seat 1: Mahu2021 (430 in chips) 
Seat 2: Avenger12889 (1070 in chips) 
Mahu2021: posts small blind 10
Avenger12889: posts big blind 20
*** HOLE CARDS ***
Dealt to Mahu2021 [Ad Ac]
Mahu2021: raises 20 to 40
Avenger12889: calls 20
*** FLOP *** [Ks 8d 4d]
Avenger12889: checks 
Mahu2021: bets 40
Avenger12889: folds 
Uncalled bet (40) returned to Mahu2021
Mahu2021 collected 80 from pot
Mahu2021: doesn't show hand 
*** SUMMARY ***
Total pot 80 | Rake 0 
Board [Ks 8d 4d]
Seat 1: Mahu2021 (button) (small blind) collected (80)
Seat 2: Avenger12889 (big blind) folded on the Flop



PokerStars Hand #253092163963: Tournament #3816247586, $1.84+$0.16 USD Hold'em No Limit - Level II (15/30) - 2024/10/25 11:26:00 CET [2024/10/25 5:26:00 ET]
Table '3816247586 1' 3-max Seat #2 is the button
Seat 1: Mahu2021 (470 in chips) 
Seat 2: Avenger12889 (1030 in chips) 
Avenger12889: posts small blind 15
Mahu2021: posts big blind 30
*** HOLE CARDS ***
Dealt to Mahu2021 [Jd 4d]
Avenger12889: calls 15
Mahu2021: checks 
*** FLOP *** [2h 5h 7c]
Mahu2021: checks 
Avenger12889: bets 30
Mahu2021: folds 
Uncalled bet (30) returned to Avenger12889
Avenger12889 collected 60 from pot
*** SUMMARY ***
Total pot 60 | Rake 0 
Board [2h 5h 7c]
Seat 1: Mahu2021 (big blind) folded on the Flop
Seat 2: Avenger12889 (button) (small blind) collected (60)



PokerStars Hand #253092166063: Tournament #3816247586, $1.84+$0.16 USD Hold'em No Limit - Level II (15/30) - 2024/10/25 11:26:19 CET [2024/10/25 5:26:19 ET]
Table '3816247586 1' 3-max Seat #1 is the button
Seat 1: Mahu2021 (440 in chips) 
Seat 2: Avenger12889 (1060 in chips) 
Mahu2021: posts small blind 15
Avenger12889: posts big blind 30
*** HOLE CARDS ***
Dealt to Mahu2021 [5d Td]
Mahu2021: calls 15
Avenger12889: checks 
*** FLOP *** [8s 4s 3h]
Avenger12889: bets 30
Mahu2021: folds 
Uncalled bet (30) returned to Avenger12889
Avenger12889 collected 60 from pot
*** SUMMARY ***
Total pot 60 | Rake 0 
Board [8s 4s 3h]
Seat 1: Mahu2021 (button) (small blind) folded on the Flop
Seat 2: Avenger12889 (big blind) collected (60)



PokerStars Hand #253092167973: Tournament #3816247586, $1.84+$0.16 USD Hold'em No Limit - Level II (15/30) - 2024/10/25 11:26:36 CET [2024/10/25 5:26:36 ET]
Table '3816247586 1' 3-max Seat #2 is the button
Seat 1: Mahu2021 (410 in chips) 
Seat 2: Avenger12889 (1090 in chips) 
Avenger12889: posts small blind 15
Mahu2021: posts big blind 30
*** HOLE CARDS ***
Dealt to Mahu2021 [5c Ad]
Avenger12889: calls 15
Mahu2021: checks 
*** FLOP *** [Jc 5d Qs]
Mahu2021: checks 
Avenger12889: checks 
*** TURN *** [Jc 5d Qs] [6c]
Mahu2021: bets 60
Avenger12889: calls 60
*** RIVER *** [Jc 5d Qs 6c] [Kc]
Mahu2021: bets 180
Avenger12889: folds 
Uncalled bet (180) returned to Mahu2021
Mahu2021 collected 180 from pot
Mahu2021: doesn't show hand 
*** SUMMARY ***
Total pot 180 | Rake 0 
Board [Jc 5d Qs 6c Kc]
Seat 1: Mahu2021 (big blind) collected (180)
Seat 2: Avenger12889 (button) (small blind) folded on the River



PokerStars Hand #253092170936: Tournament #3816247586, $1.84+$0.16 USD Hold'em No Limit - Level II (15/30) - 2024/10/25 11:27:03 CET [2024/10/25 5:27:03 ET]
Table '3816247586 1' 3-max Seat #1 is the button
Seat 1: Mahu2021 (500 in chips) 
Seat 2: Avenger12889 (1000 in chips) 
Mahu2021: posts small blind 15
Avenger12889: posts big blind 30
*** HOLE CARDS ***
Dealt to Mahu2021 [9h Qh]
Mahu2021: raises 30 to 60
Avenger12889: folds 
Uncalled bet (30) returned to Mahu2021
Mahu2021 collected 60 from pot
Mahu2021: doesn't show hand 
*** SUMMARY ***
Total pot 60 | Rake 0 
Seat 1: Mahu2021 (button) (small blind) collected (60)
Seat 2: Avenger12889 (big blind) folded before Flop



PokerStars Hand #253092172019: Tournament #3816247586, $1.84+$0.16 USD Hold'em No Limit - Level II (15/30) - 2024/10/25 11:27:12 CET [2024/10/25 5:27:12 ET]
Table '3816247586 1' 3-max Seat #2 is the button
Seat 1: Mahu2021 (530 in chips) 
Seat 2: Avenger12889 (970 in chips) 
Avenger12889: posts small blind 15
Mahu2021: posts big blind 30
*** HOLE CARDS ***
Dealt to Mahu2021 [Qs Kd]
Avenger12889: calls 15
Mahu2021: raises 90 to 120
Avenger12889: folds 
Uncalled bet (90) returned to Mahu2021
Mahu2021 collected 60 from pot
Mahu2021: doesn't show hand 
*** SUMMARY ***
Total pot 60 | Rake 0 
Seat 1: Mahu2021 (big blind) collected (60)
Seat 2: Avenger12889 (button) (small blind) folded before Flop



PokerStars Hand #253092175256: Tournament #3816247586, $1.84+$0.16 USD Hold'em No Limit - Level II (15/30) - 2024/10/25 11:27:41 CET [2024/10/25 5:27:41 ET]
Table '3816247586 1' 3-max Seat #1 is the button
Seat 1: Mahu2021 (560 in chips) 
Seat 2: Avenger12889 (940 in chips) 
Mahu2021: posts small blind 15
Avenger12889: posts big blind 30
*** HOLE CARDS ***
Dealt to Mahu2021 [4s 8d]
Mahu2021: folds 
Uncalled bet (15) returned to Avenger12889
Avenger12889 collected 30 from pot
*** SUMMARY ***
Total pot 30 | Rake 0 
Seat 1: Mahu2021 (button) (small blind) folded before Flop
Seat 2: Avenger12889 (big blind) collected (30)



PokerStars Hand #253092175821: Tournament #3816247586, $1.84+$0.16 USD Hold'em No Limit - Level II (15/30) - 2024/10/25 11:27:46 CET [2024/10/25 5:27:46 ET]
Table '3816247586 1' 3-max Seat #2 is the button
Seat 1: Mahu2021 (545 in chips) 
Seat 2: Avenger12889 (955 in chips) 
Avenger12889: posts small blind 15
Mahu2021: posts big blind 30
*** HOLE CARDS ***
Dealt to Mahu2021 [Ac 6h]
Avenger12889: calls 15
Mahu2021: raises 90 to 120
Avenger12889: folds 
Uncalled bet (90) returned to Mahu2021
Mahu2021 collected 60 from pot
Mahu2021: doesn't show hand 
*** SUMMARY ***
Total pot 60 | Rake 0 
Seat 1: Mahu2021 (big blind) collected (60)
Seat 2: Avenger12889 (button) (small blind) folded before Flop



PokerStars Hand #253092177289: Tournament #3816247586, $1.84+$0.16 USD Hold'em No Limit - Level II (15/30) - 2024/10/25 11:27:58 CET [2024/10/25 5:27:58 ET]
Table '3816247586 1' 3-max Seat #1 is the button
Seat 1: Mahu2021 (575 in chips) 
Seat 2: Avenger12889 (925 in chips) 
Mahu2021: posts small blind 15
Avenger12889: posts big blind 30
*** HOLE CARDS ***
Dealt to Mahu2021 [Jc 4h]
Mahu2021: raises 30 to 60
Avenger12889: calls 30
*** FLOP *** [Js 5h 4d]
Avenger12889: checks 
Mahu2021: checks 
*** TURN *** [Js 5h 4d] [Ks]
Avenger12889: checks 
Mahu2021: checks 
*** RIVER *** [Js 5h 4d Ks] [6h]
Avenger12889: checks 
Mahu2021: bets 515 and is all-in
Avenger12889: folds 
Uncalled bet (515) returned to Mahu2021
Mahu2021 collected 120 from pot
Mahu2021: doesn't show hand 
*** SUMMARY ***
Total pot 120 | Rake 0 
Board [Js 5h 4d Ks 6h]
Seat 1: Mahu2021 (button) (small blind) collected (120)
Seat 2: Avenger12889 (big blind) folded on the River



PokerStars Hand #253092179945: Tournament #3816247586, $1.84+$0.16 USD Hold'em No Limit - Level II (15/30) - 2024/10/25 11:28:21 CET [2024/10/25 5:28:21 ET]
Table '3816247586 1' 3-max Seat #2 is the button
Seat 1: Mahu2021 (635 in chips) 
Seat 2: Avenger12889 (865 in chips) 
Avenger12889: posts small blind 15
Mahu2021: posts big blind 30
*** HOLE CARDS ***
Dealt to Mahu2021 [8s 2s]
Avenger12889: calls 15
Mahu2021: checks 
*** FLOP *** [3c 3d 5d]
Mahu2021: checks 
Avenger12889: bets 30
Mahu2021: folds 
Uncalled bet (30) returned to Avenger12889
Avenger12889 collected 60 from pot
*** SUMMARY ***
Total pot 60 | Rake 0 
Board [3c 3d 5d]
Seat 1: Mahu2021 (big blind) folded on the Flop
Seat 2: Avenger12889 (button) (small blind) collected (60)



PokerStars Hand #253092180994: Tournament #3816247586, $1.84+$0.16 USD Hold'em No Limit - Level II (15/30) - 2024/10/25 11:28:30 CET [2024/10/25 5:28:30 ET]
Table '3816247586 1' 3-max Seat #1 is the button
Seat 1: Mahu2021 (605 in chips) 
Seat 2: Avenger12889 (895 in chips) 
Mahu2021: posts small blind 15
Avenger12889: posts big blind 30
*** HOLE CARDS ***
Dealt to Mahu2021 [3h 9c]
Mahu2021: folds 
Uncalled bet (15) returned to Avenger12889
Avenger12889 collected 30 from pot
*** SUMMARY ***
Total pot 30 | Rake 0 
Seat 1: Mahu2021 (button) (small blind) folded before Flop
Seat 2: Avenger12889 (big blind) collected (30)



PokerStars Hand #253092181538: Tournament #3816247586, $1.84+$0.16 USD Hold'em No Limit - Level II (15/30) - 2024/10/25 11:28:35 CET [2024/10/25 5:28:35 ET]
Table '3816247586 1' 3-max Seat #2 is the button
Seat 1: Mahu2021 (590 in chips) 
Seat 2: Avenger12889 (910 in chips) 
Avenger12889: posts small blind 15
Mahu2021: posts big blind 30
*** HOLE CARDS ***
Dealt to Mahu2021 [Qs Ad]
Avenger12889: calls 15
Mahu2021: raises 90 to 120
Avenger12889: folds 
Uncalled bet (90) returned to Mahu2021
Mahu2021 collected 60 from pot
Mahu2021: doesn't show hand 
*** SUMMARY ***
Total pot 60 | Rake 0 
Seat 1: Mahu2021 (big blind) collected (60)
Seat 2: Avenger12889 (button) (small blind) folded before Flop



PokerStars Hand #253092182610: Tournament #3816247586, $1.84+$0.16 USD Hold'em No Limit - Level II (15/30) - 2024/10/25 11:28:45 CET [2024/10/25 5:28:45 ET]
Table '3816247586 1' 3-max Seat #1 is the button
Seat 1: Mahu2021 (620 in chips) 
Seat 2: Avenger12889 (880 in chips) 
Mahu2021: posts small blind 15
Avenger12889: posts big blind 30
*** HOLE CARDS ***
Dealt to Mahu2021 [7c Jc]
Mahu2021: raises 30 to 60
Avenger12889: folds 
Uncalled bet (30) returned to Mahu2021
Mahu2021 collected 60 from pot
Mahu2021: doesn't show hand 
*** SUMMARY ***
Total pot 60 | Rake 0 
Seat 1: Mahu2021 (button) (small blind) collected (60)
Seat 2: Avenger12889 (big blind) folded before Flop



PokerStars Hand #253092183187: Tournament #3816247586, $1.84+$0.16 USD Hold'em No Limit - Level II (15/30) - 2024/10/25 11:28:50 CET [2024/10/25 5:28:50 ET]
Table '3816247586 1' 3-max Seat #2 is the button
Seat 1: Mahu2021 (650 in chips) 
Seat 2: Avenger12889 (850 in chips) 
Avenger12889: posts small blind 15
Mahu2021: posts big blind 30
*** HOLE CARDS ***
Dealt to Mahu2021 [3d 8d]
Avenger12889: calls 15
Mahu2021: checks 
*** FLOP *** [5d Ah 2s]
Mahu2021: checks 
Avenger12889: bets 30
Mahu2021: calls 30
*** TURN *** [5d Ah 2s] [Td]
Mahu2021: checks 
Avenger12889: bets 96
Mahu2021: calls 96
*** RIVER *** [5d Ah 2s Td] [Js]
Mahu2021: checks 
Avenger12889: bets 694 and is all-in
Mahu2021: folds 
Uncalled bet (694) returned to Avenger12889
Avenger12889 collected 312 from pot
*** SUMMARY ***
Total pot 312 | Rake 0 
Board [5d Ah 2s Td Js]
Seat 1: Mahu2021 (big blind) folded on the River
Seat 2: Avenger12889 (button) (small blind) collected (312)



PokerStars Hand #253092185485: Tournament #3816247586, $1.84+$0.16 USD Hold'em No Limit - Level III (20/40) - 2024/10/25 11:29:10 CET [2024/10/25 5:29:10 ET]
Table '3816247586 1' 3-max Seat #1 is the button
Seat 1: Mahu2021 (494 in chips) 
Seat 2: Avenger12889 (1006 in chips) 
Mahu2021: posts small blind 20
Avenger12889: posts big blind 40
*** HOLE CARDS ***
Dealt to Mahu2021 [2c 9h]
Mahu2021: folds 
Uncalled bet (20) returned to Avenger12889
Avenger12889 collected 40 from pot
*** SUMMARY ***
Total pot 40 | Rake 0 
Seat 1: Mahu2021 (button) (small blind) folded before Flop
Seat 2: Avenger12889 (big blind) collected (40)



PokerStars Hand #253092186003: Tournament #3816247586, $1.84+$0.16 USD Hold'em No Limit - Level III (20/40) - 2024/10/25 11:29:14 CET [2024/10/25 5:29:14 ET]
Table '3816247586 1' 3-max Seat #2 is the button
Seat 1: Mahu2021 (474 in chips) 
Seat 2: Avenger12889 (1026 in chips) 
Avenger12889: posts small blind 20
Mahu2021: posts big blind 40
*** HOLE CARDS ***
Dealt to Mahu2021 [4d 3s]
Avenger12889: calls 20
Mahu2021: checks 
*** FLOP *** [Qs Tc 8s]
Mahu2021: checks 
Avenger12889: bets 40
Mahu2021: folds 
Uncalled bet (40) returned to Avenger12889
Avenger12889 collected 80 from pot
*** SUMMARY ***
Total pot 80 | Rake 0 
Board [Qs Tc 8s]
Seat 1: Mahu2021 (big blind) folded on the Flop
Seat 2: Avenger12889 (button) (small blind) collected (80)



PokerStars Hand #253092187460: Tournament #3816247586, $1.84+$0.16 USD Hold'em No Limit - Level III (20/40) - 2024/10/25 11:29:27 CET [2024/10/25 5:29:27 ET]
Table '3816247586 1' 3-max Seat #1 is the button
Seat 1: Mahu2021 (434 in chips) 
Seat 2: Avenger12889 (1066 in chips) 
Mahu2021: posts small blind 20
Avenger12889: posts big blind 40
*** HOLE CARDS ***
Dealt to Mahu2021 [As 9s]
Mahu2021: raises 40 to 80
Avenger12889: folds 
Uncalled bet (40) returned to Mahu2021
Mahu2021 collected 80 from pot
Mahu2021: doesn't show hand 
*** SUMMARY ***
Total pot 80 | Rake 0 
Seat 1: Mahu2021 (button) (small blind) collected (80)
Seat 2: Avenger12889 (big blind) folded before Flop



PokerStars Hand #253092188086: Tournament #3816247586, $1.84+$0.16 USD Hold'em No Limit - Level III (20/40) - 2024/10/25 11:29:33 CET [2024/10/25 5:29:33 ET]
Table '3816247586 1' 3-max Seat #2 is the button
Seat 1: Mahu2021 (474 in chips) 
Seat 2: Avenger12889 (1026 in chips) 
Avenger12889: posts small blind 20
Mahu2021: posts big blind 40
*** HOLE CARDS ***
Dealt to Mahu2021 [9s 9c]
Avenger12889: raises 986 to 1026 and is all-in
Mahu2021: calls 434 and is all-in
Uncalled bet (552) returned to Avenger12889
*** FLOP *** [7s Th Jh]
*** TURN *** [7s Th Jh] [6h]
*** RIVER *** [7s Th Jh 6h] [7d]
*** SHOW DOWN ***
Mahu2021: shows [9s 9c] (two pair, Nines and Sevens)
Avenger12889: shows [Kd Js] (two pair, Jacks and Sevens)
Avenger12889 collected 948 from pot
Mahu2021 finished the tournament in 2nd place
Avenger12889 wins the tournament and receives $6.00 - congratulations!
*** SUMMARY ***
Total pot 948 | Rake 0 
Board [7s Th Jh 6h 7d]
Seat 1: Mahu2021 (big blind) showed [9s 9c] and lost with two pair, Nines and Sevens
Seat 2: Avenger12889 (button) (small blind) showed [Kd Js] and won (948) with two pair, Jacks and Sevens



