PokerStars Hand #253475291060: Tournament #3825175025, $1.84+$0.16 USD Hold'em No Limit - Level I (10/20) - 2024/11/19 14:47:33 CET [2024/11/19 8:47:33 ET]
Table '3825175025 1' 3-max Seat #1 is the button
Seat 1: alex_m_b89 (500 in chips) 
Seat 2: Mahu2021 (500 in chips) 
Seat 3: singureu25 (500 in chips) 
Mahu2021: posts small blind 10
singureu25: posts big blind 20
*** HOLE CARDS ***
Dealt to Mahu2021 [As 8c]
alex_m_b89: folds 
Mahu2021: raises 20 to 40
singureu25: folds 
Uncalled bet (20) returned to Mahu2021
Mahu2021 collected 40 from pot
Mahu2021: doesn't show hand 
*** SUMMARY ***
Total pot 40 | Rake 0 
Seat 1: alex_m_b89 (button) folded before Flop (didn't bet)
Seat 2: Mahu2021 (small blind) collected (40)
Seat 3: singureu25 (big blind) folded before Flop



PokerStars Hand #253475293143: Tournament #3825175025, $1.84+$0.16 USD Hold'em No Limit - Level I (10/20) - 2024/11/19 14:47:46 CET [2024/11/19 8:47:46 ET]
Table '3825175025 1' 3-max Seat #2 is the button
Seat 1: alex_m_b89 (500 in chips) 
Seat 2: Mahu2021 (520 in chips) 
Seat 3: singureu25 (480 in chips) 
singureu25: posts small blind 10
alex_m_b89: posts big blind 20
*** HOLE CARDS ***
Dealt to Mahu2021 [2d As]
Mahu2021: folds 
singureu25: calls 10
alex_m_b89: raises 43 to 63
singureu25: folds 
Uncalled bet (43) returned to alex_m_b89
alex_m_b89 collected 40 from pot
alex_m_b89: doesn't show hand 
*** SUMMARY ***
Total pot 40 | Rake 0 
Seat 1: alex_m_b89 (big blind) collected (40)
Seat 2: Mahu2021 (button) folded before Flop (didn't bet)
Seat 3: singureu25 (small blind) folded before Flop



PokerStars Hand #253475295663: Tournament #3825175025, $1.84+$0.16 USD Hold'em No Limit - Level I (10/20) - 2024/11/19 14:48:02 CET [2024/11/19 8:48:02 ET]
Table '3825175025 1' 3-max Seat #3 is the button
Seat 1: alex_m_b89 (520 in chips) 
Seat 2: Mahu2021 (520 in chips) 
Seat 3: singureu25 (460 in chips) 
alex_m_b89: posts small blind 10
Mahu2021: posts big blind 20
*** HOLE CARDS ***
Dealt to Mahu2021 [Qs Ad]
singureu25: raises 20 to 40
alex_m_b89: folds 
Mahu2021: raises 60 to 100
singureu25: calls 60
*** FLOP *** [Jc Qh 9h]
Mahu2021: bets 210
singureu25: calls 210
*** TURN *** [Jc Qh 9h] [2c]
Mahu2021: bets 210 and is all-in
singureu25: calls 150 and is all-in
Uncalled bet (60) returned to Mahu2021
*** RIVER *** [Jc Qh 9h 2c] [8d]
*** SHOW DOWN ***
Mahu2021: shows [Qs Ad] (a pair of Queens)
singureu25: shows [Ah 2h] (a pair of Deuces)
Mahu2021 collected 930 from pot
singureu25 finished the tournament in 3rd place
*** SUMMARY ***
Total pot 930 | Rake 0 
Board [Jc Qh 9h 2c 8d]
Seat 1: alex_m_b89 (small blind) folded before Flop
Seat 2: Mahu2021 (big blind) showed [Qs Ad] and won (930) with a pair of Queens
Seat 3: singureu25 (button) showed [Ah 2h] and lost with a pair of Deuces



PokerStars Hand #253475299468: Tournament #3825175025, $1.84+$0.16 USD Hold'em No Limit - Level I (10/20) - 2024/11/19 14:48:26 CET [2024/11/19 8:48:26 ET]
Table '3825175025 1' 3-max Seat #2 is the button
Seat 1: alex_m_b89 (510 in chips) 
Seat 2: Mahu2021 (990 in chips) 
Mahu2021: posts small blind 10
alex_m_b89: posts big blind 20
*** HOLE CARDS ***
Dealt to Mahu2021 [Th 7c]
Mahu2021: calls 10
alex_m_b89: raises 60 to 80
Mahu2021: folds 
Uncalled bet (60) returned to alex_m_b89
alex_m_b89 collected 40 from pot
alex_m_b89: doesn't show hand 
*** SUMMARY ***
Total pot 40 | Rake 0 
Seat 1: alex_m_b89 (big blind) collected (40)
Seat 2: Mahu2021 (button) (small blind) folded before Flop



PokerStars Hand #253475301245: Tournament #3825175025, $1.84+$0.16 USD Hold'em No Limit - Level I (10/20) - 2024/11/19 14:48:37 CET [2024/11/19 8:48:37 ET]
Table '3825175025 1' 3-max Seat #1 is the button
Seat 1: alex_m_b89 (530 in chips) 
Seat 2: Mahu2021 (970 in chips) 
alex_m_b89: posts small blind 10
Mahu2021: posts big blind 20
*** HOLE CARDS ***
Dealt to Mahu2021 [4h 6d]
alex_m_b89: calls 10
Mahu2021: checks 
*** FLOP *** [As 7c 2s]
Mahu2021: checks 
alex_m_b89: bets 20
Mahu2021: raises 40 to 60
alex_m_b89: raises 80 to 140
Mahu2021: folds 
Uncalled bet (80) returned to alex_m_b89
alex_m_b89 collected 160 from pot
alex_m_b89: doesn't show hand 
*** SUMMARY ***
Total pot 160 | Rake 0 
Board [As 7c 2s]
Seat 1: alex_m_b89 (button) (small blind) collected (160)
Seat 2: Mahu2021 (big blind) folded on the Flop



PokerStars Hand #253475304100: Tournament #3825175025, $1.84+$0.16 USD Hold'em No Limit - Level I (10/20) - 2024/11/19 14:48:54 CET [2024/11/19 8:48:54 ET]
Table '3825175025 1' 3-max Seat #2 is the button
Seat 1: alex_m_b89 (610 in chips) 
Seat 2: Mahu2021 (890 in chips) 
Mahu2021: posts small blind 10
alex_m_b89: posts big blind 20
*** HOLE CARDS ***
Dealt to Mahu2021 [Qs Kc]
Mahu2021: raises 20 to 40
alex_m_b89: calls 20
*** FLOP *** [5d 5h 7c]
alex_m_b89: checks 
Mahu2021: checks 
*** TURN *** [5d 5h 7c] [8c]
alex_m_b89: checks 
Mahu2021: checks 
*** RIVER *** [5d 5h 7c 8c] [8h]
alex_m_b89: checks 
Mahu2021: checks 
*** SHOW DOWN ***
alex_m_b89: shows [Ts 4s] (two pair, Eights and Fives)
Mahu2021: shows [Qs Kc] (two pair, Eights and Fives - King kicker)
Mahu2021 collected 80 from pot
*** SUMMARY ***
Total pot 80 | Rake 0 
Board [5d 5h 7c 8c 8h]
Seat 1: alex_m_b89 (big blind) showed [Ts 4s] and lost with two pair, Eights and Fives
Seat 2: Mahu2021 (button) (small blind) showed [Qs Kc] and won (80) with two pair, Eights and Fives



PokerStars Hand #253475306937: Tournament #3825175025, $1.84+$0.16 USD Hold'em No Limit - Level I (10/20) - 2024/11/19 14:49:12 CET [2024/11/19 8:49:12 ET]
Table '3825175025 1' 3-max Seat #1 is the button
Seat 1: alex_m_b89 (570 in chips) 
Seat 2: Mahu2021 (930 in chips) 
alex_m_b89: posts small blind 10
Mahu2021: posts big blind 20
*** HOLE CARDS ***
Dealt to Mahu2021 [2h As]
alex_m_b89: raises 20 to 40
Mahu2021: calls 20
*** FLOP *** [Tc 6d 8d]
Mahu2021: checks 
alex_m_b89: bets 30
Mahu2021: calls 30
*** TURN *** [Tc 6d 8d] [Jc]
Mahu2021: checks 
alex_m_b89: checks 
*** RIVER *** [Tc 6d 8d Jc] [8h]
Mahu2021: checks 
alex_m_b89: checks 
*** SHOW DOWN ***
Mahu2021: shows [2h As] (a pair of Eights)
alex_m_b89: mucks hand 
Mahu2021 collected 140 from pot
*** SUMMARY ***
Total pot 140 | Rake 0 
Board [Tc 6d 8d Jc 8h]
Seat 1: alex_m_b89 (button) (small blind) mucked [7s 4h]
Seat 2: Mahu2021 (big blind) showed [2h As] and won (140) with a pair of Eights



PokerStars Hand #253475311390: Tournament #3825175025, $1.84+$0.16 USD Hold'em No Limit - Level I (10/20) - 2024/11/19 14:49:39 CET [2024/11/19 8:49:39 ET]
Table '3825175025 1' 3-max Seat #2 is the button
Seat 1: alex_m_b89 (500 in chips) 
Seat 2: Mahu2021 (1000 in chips) 
Mahu2021: posts small blind 10
alex_m_b89: posts big blind 20
*** HOLE CARDS ***
Dealt to Mahu2021 [Kc 5h]
Mahu2021: raises 20 to 40
alex_m_b89: raises 460 to 500 and is all-in
Mahu2021: folds 
Uncalled bet (460) returned to alex_m_b89
alex_m_b89 collected 80 from pot
alex_m_b89: doesn't show hand 
*** SUMMARY ***
Total pot 80 | Rake 0 
Seat 1: alex_m_b89 (big blind) collected (80)
Seat 2: Mahu2021 (button) (small blind) folded before Flop



PokerStars Hand #253475313674: Tournament #3825175025, $1.84+$0.16 USD Hold'em No Limit - Level I (10/20) - 2024/11/19 14:49:53 CET [2024/11/19 8:49:53 ET]
Table '3825175025 1' 3-max Seat #1 is the button
Seat 1: alex_m_b89 (540 in chips) 
Seat 2: Mahu2021 (960 in chips) 
alex_m_b89: posts small blind 10
Mahu2021: posts big blind 20
*** HOLE CARDS ***
Dealt to Mahu2021 [2s 3d]
alex_m_b89: raises 20 to 40
Mahu2021: folds 
Uncalled bet (20) returned to alex_m_b89
alex_m_b89 collected 40 from pot
alex_m_b89: doesn't show hand 
*** SUMMARY ***
Total pot 40 | Rake 0 
Seat 1: alex_m_b89 (button) (small blind) collected (40)
Seat 2: Mahu2021 (big blind) folded before Flop



PokerStars Hand #253475314643: Tournament #3825175025, $1.84+$0.16 USD Hold'em No Limit - Level I (10/20) - 2024/11/19 14:49:59 CET [2024/11/19 8:49:59 ET]
Table '3825175025 1' 3-max Seat #2 is the button
Seat 1: alex_m_b89 (560 in chips) 
Seat 2: Mahu2021 (940 in chips) 
Mahu2021: posts small blind 10
alex_m_b89: posts big blind 20
*** HOLE CARDS ***
Dealt to Mahu2021 [9h Ac]
Mahu2021: raises 20 to 40
alex_m_b89: raises 80 to 120
Mahu2021: raises 820 to 940 and is all-in
alex_m_b89: calls 440 and is all-in
Uncalled bet (380) returned to Mahu2021
*** FLOP *** [Jd 6d 5h]
*** TURN *** [Jd 6d 5h] [5c]
*** RIVER *** [Jd 6d 5h 5c] [4s]
*** SHOW DOWN ***
alex_m_b89: shows [Kd Ad] (a pair of Fives)
Mahu2021: shows [9h Ac] (a pair of Fives - lower kicker)
alex_m_b89 collected 1120 from pot
*** SUMMARY ***
Total pot 1120 | Rake 0 
Board [Jd 6d 5h 5c 4s]
Seat 1: alex_m_b89 (big blind) showed [Kd Ad] and won (1120) with a pair of Fives
Seat 2: Mahu2021 (button) (small blind) showed [9h Ac] and lost with a pair of Fives



PokerStars Hand #253475317815: Tournament #3825175025, $1.84+$0.16 USD Hold'em No Limit - Level I (10/20) - 2024/11/19 14:50:19 CET [2024/11/19 8:50:19 ET]
Table '3825175025 1' 3-max Seat #1 is the button
Seat 1: alex_m_b89 (1120 in chips) 
Seat 2: Mahu2021 (380 in chips) 
alex_m_b89: posts small blind 10
Mahu2021: posts big blind 20
*** HOLE CARDS ***
Dealt to Mahu2021 [6s 2s]
alex_m_b89: calls 10
Mahu2021: checks 
*** FLOP *** [9d Jc 5s]
Mahu2021: checks 
alex_m_b89: checks 
*** TURN *** [9d Jc 5s] [Qc]
Mahu2021: checks 
alex_m_b89: checks 
*** RIVER *** [9d Jc 5s Qc] [2d]
Mahu2021: checks 
alex_m_b89: checks 
*** SHOW DOWN ***
Mahu2021: shows [6s 2s] (a pair of Deuces)
alex_m_b89: mucks hand 
Mahu2021 collected 40 from pot
*** SUMMARY ***
Total pot 40 | Rake 0 
Board [9d Jc 5s Qc 2d]
Seat 1: alex_m_b89 (button) (small blind) mucked [3s Ah]
Seat 2: Mahu2021 (big blind) showed [6s 2s] and won (40) with a pair of Deuces



PokerStars Hand #253475321632: Tournament #3825175025, $1.84+$0.16 USD Hold'em No Limit - Level II (15/30) - 2024/11/19 14:50:43 CET [2024/11/19 8:50:43 ET]
Table '3825175025 1' 3-max Seat #2 is the button
Seat 1: alex_m_b89 (1100 in chips) 
Seat 2: Mahu2021 (400 in chips) 
Mahu2021: posts small blind 15
alex_m_b89: posts big blind 30
*** HOLE CARDS ***
Dealt to Mahu2021 [3c 2s]
Mahu2021: folds 
Uncalled bet (15) returned to alex_m_b89
alex_m_b89 collected 30 from pot
alex_m_b89: doesn't show hand 
*** SUMMARY ***
Total pot 30 | Rake 0 
Seat 1: alex_m_b89 (big blind) collected (30)
Seat 2: Mahu2021 (button) (small blind) folded before Flop



PokerStars Hand #253475322315: Tournament #3825175025, $1.84+$0.16 USD Hold'em No Limit - Level II (15/30) - 2024/11/19 14:50:47 CET [2024/11/19 8:50:47 ET]
Table '3825175025 1' 3-max Seat #1 is the button
Seat 1: alex_m_b89 (1115 in chips) 
Seat 2: Mahu2021 (385 in chips) 
alex_m_b89: posts small blind 15
Mahu2021: posts big blind 30
*** HOLE CARDS ***
Dealt to Mahu2021 [9h 7c]
alex_m_b89: calls 15
Mahu2021: checks 
*** FLOP *** [Th Tc 3d]
Mahu2021: checks 
alex_m_b89: bets 30
Mahu2021: folds 
Uncalled bet (30) returned to alex_m_b89
alex_m_b89 collected 60 from pot
alex_m_b89: doesn't show hand 
*** SUMMARY ***
Total pot 60 | Rake 0 
Board [Th Tc 3d]
Seat 1: alex_m_b89 (button) (small blind) collected (60)
Seat 2: Mahu2021 (big blind) folded on the Flop



PokerStars Hand #253475324355: Tournament #3825175025, $1.84+$0.16 USD Hold'em No Limit - Level II (15/30) - 2024/11/19 14:51:00 CET [2024/11/19 8:51:00 ET]
Table '3825175025 1' 3-max Seat #2 is the button
Seat 1: alex_m_b89 (1145 in chips) 
Seat 2: Mahu2021 (355 in chips) 
Mahu2021: posts small blind 15
alex_m_b89: posts big blind 30
*** HOLE CARDS ***
Dealt to Mahu2021 [7h 3h]
Mahu2021: calls 15
alex_m_b89: checks 
*** FLOP *** [Qd Ad 2s]
alex_m_b89: checks 
Mahu2021: checks 
*** TURN *** [Qd Ad 2s] [Kh]
alex_m_b89: checks 
Mahu2021: bets 30
alex_m_b89: folds 
Uncalled bet (30) returned to Mahu2021
Mahu2021 collected 60 from pot
Mahu2021: doesn't show hand 
*** SUMMARY ***
Total pot 60 | Rake 0 
Board [Qd Ad 2s Kh]
Seat 1: alex_m_b89 (big blind) folded on the Turn
Seat 2: Mahu2021 (button) (small blind) collected (60)



PokerStars Hand #253475327973: Tournament #3825175025, $1.84+$0.16 USD Hold'em No Limit - Level II (15/30) - 2024/11/19 14:51:22 CET [2024/11/19 8:51:22 ET]
Table '3825175025 1' 3-max Seat #1 is the button
Seat 1: alex_m_b89 (1115 in chips) 
Seat 2: Mahu2021 (385 in chips) 
alex_m_b89: posts small blind 15
Mahu2021: posts big blind 30
*** HOLE CARDS ***
Dealt to Mahu2021 [8h Td]
alex_m_b89: raises 1085 to 1115 and is all-in
Mahu2021: folds 
Uncalled bet (1085) returned to alex_m_b89
alex_m_b89 collected 60 from pot
alex_m_b89: doesn't show hand 
*** SUMMARY ***
Total pot 60 | Rake 0 
Seat 1: alex_m_b89 (button) (small blind) collected (60)
Seat 2: Mahu2021 (big blind) folded before Flop



PokerStars Hand #253475329073: Tournament #3825175025, $1.84+$0.16 USD Hold'em No Limit - Level II (15/30) - 2024/11/19 14:51:29 CET [2024/11/19 8:51:29 ET]
Table '3825175025 1' 3-max Seat #2 is the button
Seat 1: alex_m_b89 (1145 in chips) 
Seat 2: Mahu2021 (355 in chips) 
Mahu2021: posts small blind 15
alex_m_b89: posts big blind 30
*** HOLE CARDS ***
Dealt to Mahu2021 [2h Ah]
Mahu2021: raises 30 to 60
alex_m_b89: folds 
Uncalled bet (30) returned to Mahu2021
Mahu2021 collected 60 from pot
Mahu2021: doesn't show hand 
*** SUMMARY ***
Total pot 60 | Rake 0 
Seat 1: alex_m_b89 (big blind) folded before Flop
Seat 2: Mahu2021 (button) (small blind) collected (60)



PokerStars Hand #253475329960: Tournament #3825175025, $1.84+$0.16 USD Hold'em No Limit - Level II (15/30) - 2024/11/19 14:51:35 CET [2024/11/19 8:51:35 ET]
Table '3825175025 1' 3-max Seat #1 is the button
Seat 1: alex_m_b89 (1115 in chips) 
Seat 2: Mahu2021 (385 in chips) 
alex_m_b89: posts small blind 15
Mahu2021: posts big blind 30
*** HOLE CARDS ***
Dealt to Mahu2021 [Kh 5d]
alex_m_b89: folds 
Uncalled bet (15) returned to Mahu2021
Mahu2021 collected 30 from pot
Mahu2021: doesn't show hand 
*** SUMMARY ***
Total pot 30 | Rake 0 
Seat 1: alex_m_b89 (button) (small blind) folded before Flop
Seat 2: Mahu2021 (big blind) collected (30)



PokerStars Hand #253475330751: Tournament #3825175025, $1.84+$0.16 USD Hold'em No Limit - Level II (15/30) - 2024/11/19 14:51:40 CET [2024/11/19 8:51:40 ET]
Table '3825175025 1' 3-max Seat #2 is the button
Seat 1: alex_m_b89 (1100 in chips) 
Seat 2: Mahu2021 (400 in chips) 
Mahu2021: posts small blind 15
alex_m_b89: posts big blind 30
*** HOLE CARDS ***
Dealt to Mahu2021 [6h 9c]
Mahu2021: folds 
Uncalled bet (15) returned to alex_m_b89
alex_m_b89 collected 30 from pot
alex_m_b89: doesn't show hand 
*** SUMMARY ***
Total pot 30 | Rake 0 
Seat 1: alex_m_b89 (big blind) collected (30)
Seat 2: Mahu2021 (button) (small blind) folded before Flop



PokerStars Hand #253475331530: Tournament #3825175025, $1.84+$0.16 USD Hold'em No Limit - Level II (15/30) - 2024/11/19 14:51:44 CET [2024/11/19 8:51:44 ET]
Table '3825175025 1' 3-max Seat #1 is the button
Seat 1: alex_m_b89 (1115 in chips) 
Seat 2: Mahu2021 (385 in chips) 
alex_m_b89: posts small blind 15
Mahu2021: posts big blind 30
*** HOLE CARDS ***
Dealt to Mahu2021 [9c 6d]
alex_m_b89: calls 15
Mahu2021: checks 
*** FLOP *** [4h As Td]
Mahu2021: checks 
alex_m_b89: bets 30
Mahu2021: folds 
Uncalled bet (30) returned to alex_m_b89
alex_m_b89 collected 60 from pot
alex_m_b89: doesn't show hand 
*** SUMMARY ***
Total pot 60 | Rake 0 
Board [4h As Td]
Seat 1: alex_m_b89 (button) (small blind) collected (60)
Seat 2: Mahu2021 (big blind) folded on the Flop



PokerStars Hand #253475333155: Tournament #3825175025, $1.84+$0.16 USD Hold'em No Limit - Level II (15/30) - 2024/11/19 14:51:55 CET [2024/11/19 8:51:55 ET]
Table '3825175025 1' 3-max Seat #2 is the button
Seat 1: alex_m_b89 (1145 in chips) 
Seat 2: Mahu2021 (355 in chips) 
Mahu2021: posts small blind 15
alex_m_b89: posts big blind 30
*** HOLE CARDS ***
Dealt to Mahu2021 [Th 7h]
Mahu2021: calls 15
alex_m_b89: checks 
*** FLOP *** [5s Qs Kh]
alex_m_b89: checks 
Mahu2021: checks 
*** TURN *** [5s Qs Kh] [7d]
alex_m_b89: bets 50
Mahu2021: calls 50
*** RIVER *** [5s Qs Kh 7d] [3d]
alex_m_b89: bets 120
Mahu2021: folds 
Uncalled bet (120) returned to alex_m_b89
alex_m_b89 collected 160 from pot
alex_m_b89: doesn't show hand 
*** SUMMARY ***
Total pot 160 | Rake 0 
Board [5s Qs Kh 7d 3d]
Seat 1: alex_m_b89 (big blind) collected (160)
Seat 2: Mahu2021 (button) (small blind) folded on the River



PokerStars Hand #253475336801: Tournament #3825175025, $1.84+$0.16 USD Hold'em No Limit - Level II (15/30) - 2024/11/19 14:52:18 CET [2024/11/19 8:52:18 ET]
Table '3825175025 1' 3-max Seat #1 is the button
Seat 1: alex_m_b89 (1225 in chips) 
Seat 2: Mahu2021 (275 in chips) 
alex_m_b89: posts small blind 15
Mahu2021: posts big blind 30
*** HOLE CARDS ***
Dealt to Mahu2021 [7d 4c]
alex_m_b89: folds 
Uncalled bet (15) returned to Mahu2021
Mahu2021 collected 30 from pot
Mahu2021: doesn't show hand 
*** SUMMARY ***
Total pot 30 | Rake 0 
Seat 1: alex_m_b89 (button) (small blind) folded before Flop
Seat 2: Mahu2021 (big blind) collected (30)



PokerStars Hand #253475337623: Tournament #3825175025, $1.84+$0.16 USD Hold'em No Limit - Level II (15/30) - 2024/11/19 14:52:23 CET [2024/11/19 8:52:23 ET]
Table '3825175025 1' 3-max Seat #2 is the button
Seat 1: alex_m_b89 (1210 in chips) 
Seat 2: Mahu2021 (290 in chips) 
Mahu2021: posts small blind 15
alex_m_b89: posts big blind 30
*** HOLE CARDS ***
Dealt to Mahu2021 [7h 2c]
Mahu2021: folds 
Uncalled bet (15) returned to alex_m_b89
alex_m_b89 collected 30 from pot
alex_m_b89: doesn't show hand 
*** SUMMARY ***
Total pot 30 | Rake 0 
Seat 1: alex_m_b89 (big blind) collected (30)
Seat 2: Mahu2021 (button) (small blind) folded before Flop



PokerStars Hand #253475338302: Tournament #3825175025, $1.84+$0.16 USD Hold'em No Limit - Level II (15/30) - 2024/11/19 14:52:28 CET [2024/11/19 8:52:28 ET]
Table '3825175025 1' 3-max Seat #1 is the button
Seat 1: alex_m_b89 (1225 in chips) 
Seat 2: Mahu2021 (275 in chips) 
alex_m_b89: posts small blind 15
Mahu2021: posts big blind 30
*** HOLE CARDS ***
Dealt to Mahu2021 [4s 3s]
alex_m_b89: raises 1195 to 1225 and is all-in
Mahu2021: folds 
Uncalled bet (1195) returned to alex_m_b89
alex_m_b89 collected 60 from pot
alex_m_b89: doesn't show hand 
*** SUMMARY ***
Total pot 60 | Rake 0 
Seat 1: alex_m_b89 (button) (small blind) collected (60)
Seat 2: Mahu2021 (big blind) folded before Flop



PokerStars Hand #253475339671: Tournament #3825175025, $1.84+$0.16 USD Hold'em No Limit - Level II (15/30) - 2024/11/19 14:52:36 CET [2024/11/19 8:52:36 ET]
Table '3825175025 1' 3-max Seat #2 is the button
Seat 1: alex_m_b89 (1255 in chips) 
Seat 2: Mahu2021 (245 in chips) 
Mahu2021: posts small blind 15
alex_m_b89: posts big blind 30
*** HOLE CARDS ***
Dealt to Mahu2021 [8c 7d]
Mahu2021: calls 15
alex_m_b89: raises 1225 to 1255 and is all-in
Mahu2021: folds 
Uncalled bet (1225) returned to alex_m_b89
alex_m_b89 collected 60 from pot
alex_m_b89: doesn't show hand 
*** SUMMARY ***
Total pot 60 | Rake 0 
Seat 1: alex_m_b89 (big blind) collected (60)
Seat 2: Mahu2021 (button) (small blind) folded before Flop



PokerStars Hand #253475341055: Tournament #3825175025, $1.84+$0.16 USD Hold'em No Limit - Level II (15/30) - 2024/11/19 14:52:45 CET [2024/11/19 8:52:45 ET]
Table '3825175025 1' 3-max Seat #1 is the button
Seat 1: alex_m_b89 (1285 in chips) 
Seat 2: Mahu2021 (215 in chips) 
alex_m_b89: posts small blind 15
Mahu2021: posts big blind 30
*** HOLE CARDS ***
Dealt to Mahu2021 [9s 5c]
alex_m_b89: raises 1255 to 1285 and is all-in
Mahu2021: folds 
Uncalled bet (1255) returned to alex_m_b89
alex_m_b89 collected 60 from pot
alex_m_b89: doesn't show hand 
*** SUMMARY ***
Total pot 60 | Rake 0 
Seat 1: alex_m_b89 (button) (small blind) collected (60)
Seat 2: Mahu2021 (big blind) folded before Flop



PokerStars Hand #253475342241: Tournament #3825175025, $1.84+$0.16 USD Hold'em No Limit - Level II (15/30) - 2024/11/19 14:52:52 CET [2024/11/19 8:52:52 ET]
Table '3825175025 1' 3-max Seat #2 is the button
Seat 1: alex_m_b89 (1315 in chips) 
Seat 2: Mahu2021 (185 in chips) 
Mahu2021: posts small blind 15
alex_m_b89: posts big blind 30
*** HOLE CARDS ***
Dealt to Mahu2021 [6c 6h]
Mahu2021: calls 15
alex_m_b89: checks 
*** FLOP *** [7s Qd 4c]
alex_m_b89: checks 
Mahu2021: bets 30
alex_m_b89: folds 
Uncalled bet (30) returned to Mahu2021
Mahu2021 collected 60 from pot
Mahu2021: doesn't show hand 
*** SUMMARY ***
Total pot 60 | Rake 0 
Board [7s Qd 4c]
Seat 1: alex_m_b89 (big blind) folded on the Flop
Seat 2: Mahu2021 (button) (small blind) collected (60)



PokerStars Hand #253475344894: Tournament #3825175025, $1.84+$0.16 USD Hold'em No Limit - Level II (15/30) - 2024/11/19 14:53:09 CET [2024/11/19 8:53:09 ET]
Table '3825175025 1' 3-max Seat #1 is the button
Seat 1: alex_m_b89 (1285 in chips) 
Seat 2: Mahu2021 (215 in chips) 
alex_m_b89: posts small blind 15
Mahu2021: posts big blind 30
*** HOLE CARDS ***
Dealt to Mahu2021 [9s 7d]
alex_m_b89: raises 1255 to 1285 and is all-in
Mahu2021: folds 
Uncalled bet (1255) returned to alex_m_b89
alex_m_b89 collected 60 from pot
alex_m_b89: doesn't show hand 
*** SUMMARY ***
Total pot 60 | Rake 0 
Seat 1: alex_m_b89 (button) (small blind) collected (60)
Seat 2: Mahu2021 (big blind) folded before Flop



PokerStars Hand #253475346008: Tournament #3825175025, $1.84+$0.16 USD Hold'em No Limit - Level II (15/30) - 2024/11/19 14:53:16 CET [2024/11/19 8:53:16 ET]
Table '3825175025 1' 3-max Seat #2 is the button
Seat 1: alex_m_b89 (1315 in chips) 
Seat 2: Mahu2021 (185 in chips) 
Mahu2021: posts small blind 15
alex_m_b89: posts big blind 30
*** HOLE CARDS ***
Dealt to Mahu2021 [9c 2h]
Mahu2021: folds 
Uncalled bet (15) returned to alex_m_b89
alex_m_b89 collected 30 from pot
alex_m_b89: doesn't show hand 
*** SUMMARY ***
Total pot 30 | Rake 0 
Seat 1: alex_m_b89 (big blind) collected (30)
Seat 2: Mahu2021 (button) (small blind) folded before Flop



PokerStars Hand #253475346646: Tournament #3825175025, $1.84+$0.16 USD Hold'em No Limit - Level II (15/30) - 2024/11/19 14:53:20 CET [2024/11/19 8:53:20 ET]
Table '3825175025 1' 3-max Seat #1 is the button
Seat 1: alex_m_b89 (1330 in chips) 
Seat 2: Mahu2021 (170 in chips) 
alex_m_b89: posts small blind 15
Mahu2021: posts big blind 30
*** HOLE CARDS ***
Dealt to Mahu2021 [3d Qs]
alex_m_b89: raises 1300 to 1330 and is all-in
Mahu2021: folds 
Uncalled bet (1300) returned to alex_m_b89
alex_m_b89 collected 60 from pot
alex_m_b89: doesn't show hand 
*** SUMMARY ***
Total pot 60 | Rake 0 
Seat 1: alex_m_b89 (button) (small blind) collected (60)
Seat 2: Mahu2021 (big blind) folded before Flop



PokerStars Hand #253475347714: Tournament #3825175025, $1.84+$0.16 USD Hold'em No Limit - Level II (15/30) - 2024/11/19 14:53:27 CET [2024/11/19 8:53:27 ET]
Table '3825175025 1' 3-max Seat #2 is the button
Seat 1: alex_m_b89 (1360 in chips) 
Seat 2: Mahu2021 (140 in chips) 
Mahu2021: posts small blind 15
alex_m_b89: posts big blind 30
*** HOLE CARDS ***
Dealt to Mahu2021 [7d 5d]
Mahu2021: calls 15
alex_m_b89: checks 
*** FLOP *** [9h 6d 8c]
alex_m_b89: checks 
Mahu2021: checks 
*** TURN *** [9h 6d 8c] [Ah]
alex_m_b89: checks 
Mahu2021: checks 
*** RIVER *** [9h 6d 8c Ah] [4d]
alex_m_b89: checks 
Mahu2021: bets 110 and is all-in
alex_m_b89: calls 110
*** SHOW DOWN ***
Mahu2021: shows [7d 5d] (a straight, Five to Nine)
alex_m_b89: shows [6h 5c] (a pair of Sixes)
Mahu2021 collected 280 from pot
*** SUMMARY ***
Total pot 280 | Rake 0 
Board [9h 6d 8c Ah 4d]
Seat 1: alex_m_b89 (big blind) showed [6h 5c] and lost with a pair of Sixes
Seat 2: Mahu2021 (button) (small blind) showed [7d 5d] and won (280) with a straight, Five to Nine



PokerStars Hand #253475352770: Tournament #3825175025, $1.84+$0.16 USD Hold'em No Limit - Level III (20/40) - 2024/11/19 14:53:59 CET [2024/11/19 8:53:59 ET]
Table '3825175025 1' 3-max Seat #1 is the button
Seat 1: alex_m_b89 (1220 in chips) 
Seat 2: Mahu2021 (280 in chips) 
alex_m_b89: posts small blind 20
Mahu2021: posts big blind 40
*** HOLE CARDS ***
Dealt to Mahu2021 [9c Qd]
alex_m_b89: folds 
Uncalled bet (20) returned to Mahu2021
Mahu2021 collected 40 from pot
Mahu2021: doesn't show hand 
*** SUMMARY ***
Total pot 40 | Rake 0 
Seat 1: alex_m_b89 (button) (small blind) folded before Flop
Seat 2: Mahu2021 (big blind) collected (40)



PokerStars Hand #253475353615: Tournament #3825175025, $1.84+$0.16 USD Hold'em No Limit - Level III (20/40) - 2024/11/19 14:54:04 CET [2024/11/19 8:54:04 ET]
Table '3825175025 1' 3-max Seat #2 is the button
Seat 1: alex_m_b89 (1200 in chips) 
Seat 2: Mahu2021 (300 in chips) 
Mahu2021: posts small blind 20
alex_m_b89: posts big blind 40
*** HOLE CARDS ***
Dealt to Mahu2021 [6c 4c]
Mahu2021: folds 
Uncalled bet (20) returned to alex_m_b89
alex_m_b89 collected 40 from pot
alex_m_b89: doesn't show hand 
*** SUMMARY ***
Total pot 40 | Rake 0 
Seat 1: alex_m_b89 (big blind) collected (40)
Seat 2: Mahu2021 (button) (small blind) folded before Flop



PokerStars Hand #253475354380: Tournament #3825175025, $1.84+$0.16 USD Hold'em No Limit - Level III (20/40) - 2024/11/19 14:54:09 CET [2024/11/19 8:54:09 ET]
Table '3825175025 1' 3-max Seat #1 is the button
Seat 1: alex_m_b89 (1220 in chips) 
Seat 2: Mahu2021 (280 in chips) 
alex_m_b89: posts small blind 20
Mahu2021: posts big blind 40
*** HOLE CARDS ***
Dealt to Mahu2021 [Qc 4d]
alex_m_b89: calls 20
Mahu2021: checks 
*** FLOP *** [Jh 5h 9c]
Mahu2021: checks 
alex_m_b89: bets 40
Mahu2021: folds 
Uncalled bet (40) returned to alex_m_b89
alex_m_b89 collected 80 from pot
alex_m_b89: doesn't show hand 
*** SUMMARY ***
Total pot 80 | Rake 0 
Board [Jh 5h 9c]
Seat 1: alex_m_b89 (button) (small blind) collected (80)
Seat 2: Mahu2021 (big blind) folded on the Flop



PokerStars Hand #253475356178: Tournament #3825175025, $1.84+$0.16 USD Hold'em No Limit - Level III (20/40) - 2024/11/19 14:54:20 CET [2024/11/19 8:54:20 ET]
Table '3825175025 1' 3-max Seat #2 is the button
Seat 1: alex_m_b89 (1260 in chips) 
Seat 2: Mahu2021 (240 in chips) 
Mahu2021: posts small blind 20
alex_m_b89: posts big blind 40
*** HOLE CARDS ***
Dealt to Mahu2021 [Jh 5s]
Mahu2021: calls 20
alex_m_b89: raises 1220 to 1260 and is all-in
Mahu2021: folds 
Uncalled bet (1220) returned to alex_m_b89
alex_m_b89 collected 80 from pot
alex_m_b89: doesn't show hand 
*** SUMMARY ***
Total pot 80 | Rake 0 
Seat 1: alex_m_b89 (big blind) collected (80)
Seat 2: Mahu2021 (button) (small blind) folded before Flop



PokerStars Hand #253475357496: Tournament #3825175025, $1.84+$0.16 USD Hold'em No Limit - Level III (20/40) - 2024/11/19 14:54:29 CET [2024/11/19 8:54:29 ET]
Table '3825175025 1' 3-max Seat #1 is the button
Seat 1: alex_m_b89 (1300 in chips) 
Seat 2: Mahu2021 (200 in chips) 
alex_m_b89: posts small blind 20
Mahu2021: posts big blind 40
*** HOLE CARDS ***
Dealt to Mahu2021 [6d Ah]
alex_m_b89: folds 
Uncalled bet (20) returned to Mahu2021
Mahu2021 collected 40 from pot
Mahu2021: doesn't show hand 
*** SUMMARY ***
Total pot 40 | Rake 0 
Seat 1: alex_m_b89 (button) (small blind) folded before Flop
Seat 2: Mahu2021 (big blind) collected (40)



PokerStars Hand #253475358475: Tournament #3825175025, $1.84+$0.16 USD Hold'em No Limit - Level III (20/40) - 2024/11/19 14:54:35 CET [2024/11/19 8:54:35 ET]
Table '3825175025 1' 3-max Seat #2 is the button
Seat 1: alex_m_b89 (1280 in chips) 
Seat 2: Mahu2021 (220 in chips) 
Mahu2021: posts small blind 20
alex_m_b89: posts big blind 40
*** HOLE CARDS ***
Dealt to Mahu2021 [7d 3c]
Mahu2021: folds 
Uncalled bet (20) returned to alex_m_b89
alex_m_b89 collected 40 from pot
alex_m_b89: doesn't show hand 
*** SUMMARY ***
Total pot 40 | Rake 0 
Seat 1: alex_m_b89 (big blind) collected (40)
Seat 2: Mahu2021 (button) (small blind) folded before Flop



PokerStars Hand #253475359202: Tournament #3825175025, $1.84+$0.16 USD Hold'em No Limit - Level III (20/40) - 2024/11/19 14:54:39 CET [2024/11/19 8:54:39 ET]
Table '3825175025 1' 3-max Seat #1 is the button
Seat 1: alex_m_b89 (1300 in chips) 
Seat 2: Mahu2021 (200 in chips) 
alex_m_b89: posts small blind 20
Mahu2021: posts big blind 40
*** HOLE CARDS ***
Dealt to Mahu2021 [Tc Ah]
alex_m_b89: raises 1260 to 1300 and is all-in
Mahu2021: calls 160 and is all-in
Uncalled bet (1100) returned to alex_m_b89
*** FLOP *** [Qh 6d 4d]
*** TURN *** [Qh 6d 4d] [5h]
*** RIVER *** [Qh 6d 4d 5h] [8d]
*** SHOW DOWN ***
Mahu2021: shows [Tc Ah] (high card Ace)
alex_m_b89: shows [3d Qs] (a pair of Queens)
alex_m_b89 collected 400 from pot
Mahu2021 finished the tournament in 2nd place
alex_m_b89 wins the tournament and receives $6.00 - congratulations!
*** SUMMARY ***
Total pot 400 | Rake 0 
Board [Qh 6d 4d 5h 8d]
Seat 1: alex_m_b89 (button) (small blind) showed [3d Qs] and won (400) with a pair of Queens
Seat 2: Mahu2021 (big blind) showed [Tc Ah] and lost with high card Ace



