PokerStars Hand #248000344650: Tournament #3694649588, $1.84+$0.16 USD Hold'em No Limit - Level I (10/20) - 2024/01/01 19:07:37 CET [2024/01/01 13:07:37 ET]
Table '3694649588 1' 3-max Seat #1 is the button
Seat 1: RM777PIKA (500 in chips) 
Seat 2: Mahu2021 (500 in chips) 
Seat 3: csabadeak (500 in chips) 
Mahu2021: posts small blind 10
csabadeak: posts big blind 20
*** HOLE CARDS ***
Dealt to Mahu2021 [5d 2d]
RM777PIKA: raises 20 to 40
Mahu2021: calls 30
csabadeak: folds 
*** FLOP *** [Ts Ad 7c]
Mahu2021: checks 
RM777PIKA: checks 
*** TURN *** [Ts Ad 7c] [Ks]
Mahu2021: checks 
RM777PIKA: bets 50
Mahu2021: folds 
Uncalled bet (50) returned to RM777PIKA
RM777PIKA collected 100 from pot
*** SUMMARY ***
Total pot 100 | Rake 0 
Board [Ts Ad 7c Ks]
Seat 1: RM777PIKA (button) collected (100)
Seat 2: Mahu2021 (small blind) folded on the Turn
Seat 3: csabadeak (big blind) folded before Flop



PokerStars Hand #248000350221: Tournament #3694649588, $1.84+$0.16 USD Hold'em No Limit - Level I (10/20) - 2024/01/01 19:07:53 CET [2024/01/01 13:07:53 ET]
Table '3694649588 1' 3-max Seat #2 is the button
Seat 1: RM777PIKA (560 in chips) 
Seat 2: Mahu2021 (460 in chips) 
Seat 3: csabadeak (480 in chips) 
csabadeak: posts small blind 10
RM777PIKA: posts big blind 20
*** HOLE CARDS ***
Dealt to Mahu2021 [6c 7c]
Mahu2021: calls 20
csabadeak: folds 
RM777PIKA: raises 40 to 60
Mahu2021: calls 40
*** FLOP *** [9s Js Ts]
RM777PIKA: bets 65
Mahu2021: folds 
Uncalled bet (65) returned to RM777PIKA
RM777PIKA collected 130 from pot
*** SUMMARY ***
Total pot 130 | Rake 0 
Board [9s Js Ts]
Seat 1: RM777PIKA (big blind) collected (130)
Seat 2: Mahu2021 (button) folded on the Flop
Seat 3: csabadeak (small blind) folded before Flop



PokerStars Hand #248000356352: Tournament #3694649588, $1.84+$0.16 USD Hold'em No Limit - Level I (10/20) - 2024/01/01 19:08:10 CET [2024/01/01 13:08:10 ET]
Table '3694649588 1' 3-max Seat #3 is the button
Seat 1: RM777PIKA (630 in chips) 
Seat 2: Mahu2021 (400 in chips) 
Seat 3: csabadeak (470 in chips) 
RM777PIKA: posts small blind 10
Mahu2021: posts big blind 20
*** HOLE CARDS ***
Dealt to Mahu2021 [Jc Ks]
csabadeak: raises 20 to 40
RM777PIKA: calls 30
Mahu2021: calls 20
*** FLOP *** [Kh 3s 9c]
RM777PIKA: checks 
Mahu2021: bets 120
csabadeak: folds 
RM777PIKA: raises 120 to 240
Mahu2021: raises 120 to 360 and is all-in
RM777PIKA: calls 120
*** TURN *** [Kh 3s 9c] [7h]
*** RIVER *** [Kh 3s 9c 7h] [5c]
*** SHOW DOWN ***
RM777PIKA: shows [3h Kd] (two pair, Kings and Threes)
Mahu2021: shows [Jc Ks] (a pair of Kings)
RM777PIKA collected 840 from pot
Mahu2021 finished the tournament in 3rd place
*** SUMMARY ***
Total pot 840 | Rake 0 
Board [Kh 3s 9c 7h 5c]
Seat 1: RM777PIKA (small blind) showed [3h Kd] and won (840) with two pair, Kings and Threes
Seat 2: Mahu2021 (big blind) showed [Jc Ks] and lost with a pair of Kings
Seat 3: csabadeak (button) folded on the Flop



