PokerStars Hand #244479218933: Tournament #3609238382, $0.92+$0.08 USD Hold'em No Limit - Level I (10/20) - 2023/06/26 20:24:06 CET [2023/06/26 14:24:06 ET]
Table '3609238382 1' 3-max Seat #1 is the button
Seat 1: Mahu2021 (500 in chips) 
Seat 2: Gimme63 (500 in chips) 
Seat 3: supremus33 (500 in chips) 
Gimme63: posts small blind 10
supremus33: posts big blind 20
*** HOLE CARDS ***
Dealt to Mahu2021 [Kd 8s]
Mahu2021: folds 
Gimme63: calls 10
supremus33: raises 480 to 500 and is all-in
Gimme63: folds 
Uncalled bet (480) returned to supremus33
supremus33 collected 40 from pot
supremus33: doesn't show hand 
*** SUMMARY ***
Total pot 40 | Rake 0 
Seat 1: Mahu2021 (button) folded before Flop (didn't bet)
Seat 2: Gimme63 (small blind) folded before Flop
Seat 3: supremus33 (big blind) collected (40)



PokerStars Hand #244479223237: Tournament #3609238382, $0.92+$0.08 USD Hold'em No Limit - Level I (10/20) - 2023/06/26 20:24:20 CET [2023/06/26 14:24:20 ET]
Table '3609238382 1' 3-max Seat #2 is the button
Seat 1: Mahu2021 (500 in chips) 
Seat 2: Gimme63 (480 in chips) 
Seat 3: supremus33 (520 in chips) 
supremus33: posts small blind 10
Mahu2021: posts big blind 20
*** HOLE CARDS ***
Dealt to Mahu2021 [Td 5c]
Gimme63: raises 20 to 40
supremus33: calls 30
Mahu2021: folds 
*** FLOP *** [Jc Js Tc]
supremus33: checks 
Gimme63: checks 
*** TURN *** [Jc Js Tc] [3d]
supremus33: checks 
Gimme63: checks 
*** RIVER *** [Jc Js Tc 3d] [Jd]
supremus33: checks 
Gimme63: checks 
*** SHOW DOWN ***
supremus33: shows [7c Kh] (three of a kind, Jacks)
Gimme63: shows [2h Ad] (three of a kind, Jacks - Ace kicker)
Gimme63 collected 100 from pot
*** SUMMARY ***
Total pot 100 | Rake 0 
Board [Jc Js Tc 3d Jd]
Seat 1: Mahu2021 (big blind) folded before Flop
Seat 2: Gimme63 (button) showed [2h Ad] and won (100) with three of a kind, Jacks
Seat 3: supremus33 (small blind) showed [7c Kh] and lost with three of a kind, Jacks



PokerStars Hand #244479228514: Tournament #3609238382, $0.92+$0.08 USD Hold'em No Limit - Level I (10/20) - 2023/06/26 20:24:37 CET [2023/06/26 14:24:37 ET]
Table '3609238382 1' 3-max Seat #3 is the button
Seat 1: Mahu2021 (480 in chips) 
Seat 2: Gimme63 (540 in chips) 
Seat 3: supremus33 (480 in chips) 
Mahu2021: posts small blind 10
Gimme63: posts big blind 20
*** HOLE CARDS ***
Dealt to Mahu2021 [8d Tc]
supremus33: folds 
Mahu2021: folds 
Uncalled bet (10) returned to Gimme63
Gimme63 collected 20 from pot
*** SUMMARY ***
Total pot 20 | Rake 0 
Seat 1: Mahu2021 (small blind) folded before Flop
Seat 2: Gimme63 (big blind) collected (20)
Seat 3: supremus33 (button) folded before Flop (didn't bet)



PokerStars Hand #244479230406: Tournament #3609238382, $0.92+$0.08 USD Hold'em No Limit - Level I (10/20) - 2023/06/26 20:24:43 CET [2023/06/26 14:24:43 ET]
Table '3609238382 1' 3-max Seat #1 is the button
Seat 1: Mahu2021 (470 in chips) 
Seat 2: Gimme63 (550 in chips) 
Seat 3: supremus33 (480 in chips) 
Gimme63: posts small blind 10
supremus33: posts big blind 20
*** HOLE CARDS ***
Dealt to Mahu2021 [As 4d]
Mahu2021: raises 20 to 40
Gimme63: folds 
supremus33: calls 20
*** FLOP *** [Jd 7h Jh]
supremus33: bets 20
Mahu2021: calls 20
*** TURN *** [Jd 7h Jh] [9c]
supremus33: bets 20
Mahu2021: raises 80 to 100
supremus33: folds 
Uncalled bet (80) returned to Mahu2021
Mahu2021 collected 170 from pot
Mahu2021: doesn't show hand 
*** SUMMARY ***
Total pot 170 | Rake 0 
Board [Jd 7h Jh 9c]
Seat 1: Mahu2021 (button) collected (170)
Seat 2: Gimme63 (small blind) folded before Flop
Seat 3: supremus33 (big blind) folded on the Turn



PokerStars Hand #244479239607: Tournament #3609238382, $0.92+$0.08 USD Hold'em No Limit - Level I (10/20) - 2023/06/26 20:25:12 CET [2023/06/26 14:25:12 ET]
Table '3609238382 1' 3-max Seat #2 is the button
Seat 1: Mahu2021 (560 in chips) 
Seat 2: Gimme63 (540 in chips) 
Seat 3: supremus33 (400 in chips) 
supremus33: posts small blind 10
Mahu2021: posts big blind 20
*** HOLE CARDS ***
Dealt to Mahu2021 [Jc Ac]
Gimme63: folds 
supremus33: folds 
Uncalled bet (10) returned to Mahu2021
Mahu2021 collected 20 from pot
Mahu2021: doesn't show hand 
*** SUMMARY ***
Total pot 20 | Rake 0 
Seat 1: Mahu2021 (big blind) collected (20)
Seat 2: Gimme63 (button) folded before Flop (didn't bet)
Seat 3: supremus33 (small blind) folded before Flop



PokerStars Hand #244479242760: Tournament #3609238382, $0.92+$0.08 USD Hold'em No Limit - Level I (10/20) - 2023/06/26 20:25:22 CET [2023/06/26 14:25:22 ET]
Table '3609238382 1' 3-max Seat #3 is the button
Seat 1: Mahu2021 (570 in chips) 
Seat 2: Gimme63 (540 in chips) 
Seat 3: supremus33 (390 in chips) 
Mahu2021: posts small blind 10
Gimme63: posts big blind 20
*** HOLE CARDS ***
Dealt to Mahu2021 [Jd Qh]
supremus33: folds 
Mahu2021: raises 20 to 40
Gimme63: folds 
Uncalled bet (20) returned to Mahu2021
Mahu2021 collected 40 from pot
Mahu2021: doesn't show hand 
*** SUMMARY ***
Total pot 40 | Rake 0 
Seat 1: Mahu2021 (small blind) collected (40)
Seat 2: Gimme63 (big blind) folded before Flop
Seat 3: supremus33 (button) folded before Flop (didn't bet)



PokerStars Hand #244479245468: Tournament #3609238382, $0.92+$0.08 USD Hold'em No Limit - Level I (10/20) - 2023/06/26 20:25:31 CET [2023/06/26 14:25:31 ET]
Table '3609238382 1' 3-max Seat #1 is the button
Seat 1: Mahu2021 (590 in chips) 
Seat 2: Gimme63 (520 in chips) 
Seat 3: supremus33 (390 in chips) 
Gimme63: posts small blind 10
supremus33: posts big blind 20
*** HOLE CARDS ***
Dealt to Mahu2021 [5h Ts]
Mahu2021: folds 
Gimme63: folds 
Uncalled bet (10) returned to supremus33
supremus33 collected 20 from pot
supremus33: doesn't show hand 
*** SUMMARY ***
Total pot 20 | Rake 0 
Seat 1: Mahu2021 (button) folded before Flop (didn't bet)
Seat 2: Gimme63 (small blind) folded before Flop
Seat 3: supremus33 (big blind) collected (20)



PokerStars Hand #244479247661: Tournament #3609238382, $0.92+$0.08 USD Hold'em No Limit - Level I (10/20) - 2023/06/26 20:25:38 CET [2023/06/26 14:25:38 ET]
Table '3609238382 1' 3-max Seat #2 is the button
Seat 1: Mahu2021 (590 in chips) 
Seat 2: Gimme63 (510 in chips) 
Seat 3: supremus33 (400 in chips) 
supremus33: posts small blind 10
Mahu2021: posts big blind 20
*** HOLE CARDS ***
Dealt to Mahu2021 [Ad Jh]
Gimme63: folds 
supremus33: calls 10
Mahu2021: raises 40 to 60
supremus33: folds 
Uncalled bet (40) returned to Mahu2021
Mahu2021 collected 40 from pot
Mahu2021: doesn't show hand 
*** SUMMARY ***
Total pot 40 | Rake 0 
Seat 1: Mahu2021 (big blind) collected (40)
Seat 2: Gimme63 (button) folded before Flop (didn't bet)
Seat 3: supremus33 (small blind) folded before Flop



PokerStars Hand #244479252402: Tournament #3609238382, $0.92+$0.08 USD Hold'em No Limit - Level I (10/20) - 2023/06/26 20:25:53 CET [2023/06/26 14:25:53 ET]
Table '3609238382 1' 3-max Seat #3 is the button
Seat 1: Mahu2021 (610 in chips) 
Seat 2: Gimme63 (510 in chips) 
Seat 3: supremus33 (380 in chips) 
Mahu2021: posts small blind 10
Gimme63: posts big blind 20
*** HOLE CARDS ***
Dealt to Mahu2021 [As 5d]
supremus33: folds 
Mahu2021: calls 10
Gimme63: checks 
*** FLOP *** [Ac Tc 6h]
Mahu2021: checks 
Gimme63: checks 
*** TURN *** [Ac Tc 6h] [2h]
Mahu2021: checks 
Gimme63: checks 
*** RIVER *** [Ac Tc 6h 2h] [4s]
Mahu2021: bets 40
Gimme63: calls 40
*** SHOW DOWN ***
Mahu2021: shows [As 5d] (a pair of Aces)
Gimme63: mucks hand 
Mahu2021 collected 120 from pot
*** SUMMARY ***
Total pot 120 | Rake 0 
Board [Ac Tc 6h 2h 4s]
Seat 1: Mahu2021 (small blind) showed [As 5d] and won (120) with a pair of Aces
Seat 2: Gimme63 (big blind) mucked [2d 8c]
Seat 3: supremus33 (button) folded before Flop (didn't bet)



PokerStars Hand #244479260256: Tournament #3609238382, $0.92+$0.08 USD Hold'em No Limit - Level I (10/20) - 2023/06/26 20:26:19 CET [2023/06/26 14:26:19 ET]
Table '3609238382 1' 3-max Seat #1 is the button
Seat 1: Mahu2021 (670 in chips) 
Seat 2: Gimme63 (450 in chips) 
Seat 3: supremus33 (380 in chips) 
Gimme63: posts small blind 10
supremus33: posts big blind 20
*** HOLE CARDS ***
Dealt to Mahu2021 [3h Jc]
Mahu2021: folds 
Gimme63: calls 10
supremus33: raises 40 to 60
Gimme63: folds 
Uncalled bet (40) returned to supremus33
supremus33 collected 40 from pot
supremus33: doesn't show hand 
*** SUMMARY ***
Total pot 40 | Rake 0 
Seat 1: Mahu2021 (button) folded before Flop (didn't bet)
Seat 2: Gimme63 (small blind) folded before Flop
Seat 3: supremus33 (big blind) collected (40)



PokerStars Hand #244479263397: Tournament #3609238382, $0.92+$0.08 USD Hold'em No Limit - Level I (10/20) - 2023/06/26 20:26:29 CET [2023/06/26 14:26:29 ET]
Table '3609238382 1' 3-max Seat #2 is the button
Seat 1: Mahu2021 (670 in chips) 
Seat 2: Gimme63 (430 in chips) 
Seat 3: supremus33 (400 in chips) 
supremus33: posts small blind 10
Mahu2021: posts big blind 20
*** HOLE CARDS ***
Dealt to Mahu2021 [4s 8s]
Gimme63: calls 20
supremus33: calls 10
Mahu2021: checks 
*** FLOP *** [3c 8h Jh]
supremus33: bets 20
Mahu2021: folds 
Gimme63: folds 
Uncalled bet (20) returned to supremus33
supremus33 collected 60 from pot
supremus33: doesn't show hand 
*** SUMMARY ***
Total pot 60 | Rake 0 
Board [3c 8h Jh]
Seat 1: Mahu2021 (big blind) folded on the Flop
Seat 2: Gimme63 (button) folded on the Flop
Seat 3: supremus33 (small blind) collected (60)



PokerStars Hand #244479269686: Tournament #3609238382, $0.92+$0.08 USD Hold'em No Limit - Level I (10/20) - 2023/06/26 20:26:49 CET [2023/06/26 14:26:49 ET]
Table '3609238382 1' 3-max Seat #3 is the button
Seat 1: Mahu2021 (650 in chips) 
Seat 2: Gimme63 (410 in chips) 
Seat 3: supremus33 (440 in chips) 
Mahu2021: posts small blind 10
Gimme63: posts big blind 20
*** HOLE CARDS ***
Dealt to Mahu2021 [8s 5h]
supremus33: raises 420 to 440 and is all-in
Mahu2021: folds 
Gimme63: calls 390 and is all-in
Uncalled bet (30) returned to supremus33
*** FLOP *** [9h Qh Jh]
*** TURN *** [9h Qh Jh] [8c]
*** RIVER *** [9h Qh Jh 8c] [8h]
*** SHOW DOWN ***
Gimme63: shows [Kd Qc] (two pair, Queens and Eights)
supremus33: shows [9d Ah] (a flush, Ace high)
supremus33 collected 830 from pot
Gimme63 finished the tournament in 3rd place
*** SUMMARY ***
Total pot 830 | Rake 0 
Board [9h Qh Jh 8c 8h]
Seat 1: Mahu2021 (small blind) folded before Flop
Seat 2: Gimme63 (big blind) showed [Kd Qc] and lost with two pair, Queens and Eights
Seat 3: supremus33 (button) showed [9d Ah] and won (830) with a flush, Ace high



PokerStars Hand #244479274710: Tournament #3609238382, $0.92+$0.08 USD Hold'em No Limit - Level I (10/20) - 2023/06/26 20:27:05 CET [2023/06/26 14:27:05 ET]
Table '3609238382 1' 3-max Seat #1 is the button
Seat 1: Mahu2021 (640 in chips) 
Seat 3: supremus33 (860 in chips) 
Mahu2021: posts small blind 10
supremus33: posts big blind 20
*** HOLE CARDS ***
Dealt to Mahu2021 [3h 9c]
Mahu2021: folds 
Uncalled bet (10) returned to supremus33
supremus33 collected 20 from pot
supremus33: doesn't show hand 
*** SUMMARY ***
Total pot 20 | Rake 0 
Seat 1: Mahu2021 (button) (small blind) folded before Flop
Seat 3: supremus33 (big blind) collected (20)



PokerStars Hand #244479277085: Tournament #3609238382, $0.92+$0.08 USD Hold'em No Limit - Level II (15/30) - 2023/06/26 20:27:13 CET [2023/06/26 14:27:13 ET]
Table '3609238382 1' 3-max Seat #3 is the button
Seat 1: Mahu2021 (630 in chips) 
Seat 3: supremus33 (870 in chips) 
supremus33: posts small blind 15
Mahu2021: posts big blind 30
*** HOLE CARDS ***
Dealt to Mahu2021 [2c 6s]
supremus33: raises 30 to 60
Mahu2021: folds 
Uncalled bet (30) returned to supremus33
supremus33 collected 60 from pot
supremus33: doesn't show hand 
*** SUMMARY ***
Total pot 60 | Rake 0 
Seat 1: Mahu2021 (big blind) folded before Flop
Seat 3: supremus33 (button) (small blind) collected (60)



PokerStars Hand #244479278968: Tournament #3609238382, $0.92+$0.08 USD Hold'em No Limit - Level II (15/30) - 2023/06/26 20:27:18 CET [2023/06/26 14:27:18 ET]
Table '3609238382 1' 3-max Seat #1 is the button
Seat 1: Mahu2021 (600 in chips) 
Seat 3: supremus33 (900 in chips) 
Mahu2021: posts small blind 15
supremus33: posts big blind 30
*** HOLE CARDS ***
Dealt to Mahu2021 [3s Th]
Mahu2021: folds 
Uncalled bet (15) returned to supremus33
supremus33 collected 30 from pot
supremus33: doesn't show hand 
*** SUMMARY ***
Total pot 30 | Rake 0 
Seat 1: Mahu2021 (button) (small blind) folded before Flop
Seat 3: supremus33 (big blind) collected (30)



PokerStars Hand #244479280378: Tournament #3609238382, $0.92+$0.08 USD Hold'em No Limit - Level II (15/30) - 2023/06/26 20:27:23 CET [2023/06/26 14:27:23 ET]
Table '3609238382 1' 3-max Seat #3 is the button
Seat 1: Mahu2021 (585 in chips) 
Seat 3: supremus33 (915 in chips) 
supremus33: posts small blind 15
Mahu2021: posts big blind 30
*** HOLE CARDS ***
Dealt to Mahu2021 [5h Ks]
supremus33: raises 30 to 60
Mahu2021: calls 30
*** FLOP *** [Tc Ah Jc]
Mahu2021: checks 
supremus33: checks 
*** TURN *** [Tc Ah Jc] [8c]
Mahu2021: bets 60
supremus33: calls 60
*** RIVER *** [Tc Ah Jc 8c] [Jh]
Mahu2021: checks 
supremus33: checks 
*** SHOW DOWN ***
Mahu2021: shows [5h Ks] (a pair of Jacks)
supremus33: shows [9s 8h] (two pair, Jacks and Eights)
supremus33 collected 240 from pot
*** SUMMARY ***
Total pot 240 | Rake 0 
Board [Tc Ah Jc 8c Jh]
Seat 1: Mahu2021 (big blind) showed [5h Ks] and lost with a pair of Jacks
Seat 3: supremus33 (button) (small blind) showed [9s 8h] and won (240) with two pair, Jacks and Eights



PokerStars Hand #244479285855: Tournament #3609238382, $0.92+$0.08 USD Hold'em No Limit - Level II (15/30) - 2023/06/26 20:27:40 CET [2023/06/26 14:27:40 ET]
Table '3609238382 1' 3-max Seat #1 is the button
Seat 1: Mahu2021 (465 in chips) 
Seat 3: supremus33 (1035 in chips) 
Mahu2021: posts small blind 15
supremus33: posts big blind 30
*** HOLE CARDS ***
Dealt to Mahu2021 [Kh 4h]
Mahu2021: raises 30 to 60
supremus33: folds 
Uncalled bet (30) returned to Mahu2021
Mahu2021 collected 60 from pot
Mahu2021: doesn't show hand 
*** SUMMARY ***
Total pot 60 | Rake 0 
Seat 1: Mahu2021 (button) (small blind) collected (60)
Seat 3: supremus33 (big blind) folded before Flop



PokerStars Hand #244479287746: Tournament #3609238382, $0.92+$0.08 USD Hold'em No Limit - Level II (15/30) - 2023/06/26 20:27:46 CET [2023/06/26 14:27:46 ET]
Table '3609238382 1' 3-max Seat #3 is the button
Seat 1: Mahu2021 (495 in chips) 
Seat 3: supremus33 (1005 in chips) 
supremus33: posts small blind 15
Mahu2021: posts big blind 30
*** HOLE CARDS ***
Dealt to Mahu2021 [2c 7h]
supremus33: folds 
Uncalled bet (15) returned to Mahu2021
Mahu2021 collected 30 from pot
Mahu2021: doesn't show hand 
*** SUMMARY ***
Total pot 30 | Rake 0 
Seat 1: Mahu2021 (big blind) collected (30)
Seat 3: supremus33 (button) (small blind) folded before Flop



PokerStars Hand #244479289435: Tournament #3609238382, $0.92+$0.08 USD Hold'em No Limit - Level II (15/30) - 2023/06/26 20:27:52 CET [2023/06/26 14:27:52 ET]
Table '3609238382 1' 3-max Seat #1 is the button
Seat 1: Mahu2021 (510 in chips) 
Seat 3: supremus33 (990 in chips) 
Mahu2021: posts small blind 15
supremus33: posts big blind 30
*** HOLE CARDS ***
Dealt to Mahu2021 [Td 9s]
Mahu2021: calls 15
supremus33: raises 30 to 60
Mahu2021: calls 30
*** FLOP *** [Tc 6s Js]
supremus33: bets 30
Mahu2021: calls 30
*** TURN *** [Tc 6s Js] [5s]
supremus33: bets 30
Mahu2021: calls 30
*** RIVER *** [Tc 6s Js 5s] [7d]
supremus33: bets 120
Mahu2021: calls 120
*** SHOW DOWN ***
supremus33: shows [Qs 8s] (a flush, Queen high)
Mahu2021: mucks hand 
supremus33 collected 480 from pot
*** SUMMARY ***
Total pot 480 | Rake 0 
Board [Tc 6s Js 5s 7d]
Seat 1: Mahu2021 (button) (small blind) mucked [Td 9s]
Seat 3: supremus33 (big blind) showed [Qs 8s] and won (480) with a flush, Queen high



PokerStars Hand #244479296915: Tournament #3609238382, $0.92+$0.08 USD Hold'em No Limit - Level II (15/30) - 2023/06/26 20:28:16 CET [2023/06/26 14:28:16 ET]
Table '3609238382 1' 3-max Seat #3 is the button
Seat 1: Mahu2021 (270 in chips) 
Seat 3: supremus33 (1230 in chips) 
supremus33: posts small blind 15
Mahu2021: posts big blind 30
*** HOLE CARDS ***
Dealt to Mahu2021 [As Th]
supremus33: calls 15
Mahu2021: raises 240 to 270 and is all-in
supremus33: folds 
Uncalled bet (240) returned to Mahu2021
Mahu2021 collected 60 from pot
Mahu2021: doesn't show hand 
*** SUMMARY ***
Total pot 60 | Rake 0 
Seat 1: Mahu2021 (big blind) collected (60)
Seat 3: supremus33 (button) (small blind) folded before Flop



PokerStars Hand #244479300776: Tournament #3609238382, $0.92+$0.08 USD Hold'em No Limit - Level II (15/30) - 2023/06/26 20:28:28 CET [2023/06/26 14:28:28 ET]
Table '3609238382 1' 3-max Seat #1 is the button
Seat 1: Mahu2021 (300 in chips) 
Seat 3: supremus33 (1200 in chips) 
Mahu2021: posts small blind 15
supremus33: posts big blind 30
*** HOLE CARDS ***
Dealt to Mahu2021 [Qc Tc]
Mahu2021: raises 30 to 60
supremus33: calls 30
*** FLOP *** [3d Ks 7c]
supremus33: checks 
Mahu2021: checks 
*** TURN *** [3d Ks 7c] [9s]
supremus33: checks 
Mahu2021: checks 
*** RIVER *** [3d Ks 7c 9s] [5s]
supremus33: bets 30
Mahu2021: folds 
Uncalled bet (30) returned to supremus33
supremus33 collected 120 from pot
supremus33: doesn't show hand 
*** SUMMARY ***
Total pot 120 | Rake 0 
Board [3d Ks 7c 9s 5s]
Seat 1: Mahu2021 (button) (small blind) folded on the River
Seat 3: supremus33 (big blind) collected (120)



PokerStars Hand #244479306041: Tournament #3609238382, $0.92+$0.08 USD Hold'em No Limit - Level II (15/30) - 2023/06/26 20:28:45 CET [2023/06/26 14:28:45 ET]
Table '3609238382 1' 3-max Seat #3 is the button
Seat 1: Mahu2021 (240 in chips) 
Seat 3: supremus33 (1260 in chips) 
supremus33: posts small blind 15
Mahu2021: posts big blind 30
*** HOLE CARDS ***
Dealt to Mahu2021 [6d Js]
supremus33: calls 15
Mahu2021: checks 
*** FLOP *** [8s 7s Kc]
Mahu2021: checks 
supremus33: checks 
*** TURN *** [8s 7s Kc] [9c]
Mahu2021: bets 30
supremus33: calls 30
*** RIVER *** [8s 7s Kc 9c] [Th]
Mahu2021: bets 180 and is all-in
supremus33: calls 180
*** SHOW DOWN ***
Mahu2021: shows [6d Js] (a straight, Seven to Jack)
supremus33: shows [8c 6c] (a straight, Six to Ten)
Mahu2021 collected 480 from pot
*** SUMMARY ***
Total pot 480 | Rake 0 
Board [8s 7s Kc 9c Th]
Seat 1: Mahu2021 (big blind) showed [6d Js] and won (480) with a straight, Seven to Jack
Seat 3: supremus33 (button) (small blind) showed [8c 6c] and lost with a straight, Six to Ten



PokerStars Hand #244479314007: Tournament #3609238382, $0.92+$0.08 USD Hold'em No Limit - Level II (15/30) - 2023/06/26 20:29:11 CET [2023/06/26 14:29:11 ET]
Table '3609238382 1' 3-max Seat #1 is the button
Seat 1: Mahu2021 (480 in chips) 
Seat 3: supremus33 (1020 in chips) 
Mahu2021: posts small blind 15
supremus33: posts big blind 30
*** HOLE CARDS ***
Dealt to Mahu2021 [Th Qs]
Mahu2021: raises 30 to 60
supremus33: folds 
Uncalled bet (30) returned to Mahu2021
Mahu2021 collected 60 from pot
Mahu2021: doesn't show hand 
*** SUMMARY ***
Total pot 60 | Rake 0 
Seat 1: Mahu2021 (button) (small blind) collected (60)
Seat 3: supremus33 (big blind) folded before Flop



PokerStars Hand #244479316967: Tournament #3609238382, $0.92+$0.08 USD Hold'em No Limit - Level II (15/30) - 2023/06/26 20:29:21 CET [2023/06/26 14:29:21 ET]
Table '3609238382 1' 3-max Seat #3 is the button
Seat 1: Mahu2021 (510 in chips) 
Seat 3: supremus33 (990 in chips) 
supremus33: posts small blind 15
Mahu2021: posts big blind 30
*** HOLE CARDS ***
Dealt to Mahu2021 [9h 8d]
supremus33: raises 960 to 990 and is all-in
Mahu2021: folds 
Uncalled bet (960) returned to supremus33
supremus33 collected 60 from pot
supremus33: doesn't show hand 
*** SUMMARY ***
Total pot 60 | Rake 0 
Seat 1: Mahu2021 (big blind) folded before Flop
Seat 3: supremus33 (button) (small blind) collected (60)



PokerStars Hand #244479318867: Tournament #3609238382, $0.92+$0.08 USD Hold'em No Limit - Level II (15/30) - 2023/06/26 20:29:27 CET [2023/06/26 14:29:27 ET]
Table '3609238382 1' 3-max Seat #1 is the button
Seat 1: Mahu2021 (480 in chips) 
Seat 3: supremus33 (1020 in chips) 
Mahu2021: posts small blind 15
supremus33: posts big blind 30
*** HOLE CARDS ***
Dealt to Mahu2021 [Kh 4s]
Mahu2021: calls 15
supremus33: checks 
*** FLOP *** [7d Jh Ad]
supremus33: checks 
Mahu2021: bets 30
supremus33: folds 
Uncalled bet (30) returned to Mahu2021
Mahu2021 collected 60 from pot
Mahu2021: doesn't show hand 
*** SUMMARY ***
Total pot 60 | Rake 0 
Board [7d Jh Ad]
Seat 1: Mahu2021 (button) (small blind) collected (60)
Seat 3: supremus33 (big blind) folded on the Flop



PokerStars Hand #244479322046: Tournament #3609238382, $0.92+$0.08 USD Hold'em No Limit - Level II (15/30) - 2023/06/26 20:29:37 CET [2023/06/26 14:29:37 ET]
Table '3609238382 1' 3-max Seat #3 is the button
Seat 1: Mahu2021 (510 in chips) 
Seat 3: supremus33 (990 in chips) 
supremus33: posts small blind 15
Mahu2021: posts big blind 30
*** HOLE CARDS ***
Dealt to Mahu2021 [As 3s]
supremus33: calls 15
Mahu2021: raises 60 to 90
supremus33: folds 
Uncalled bet (60) returned to Mahu2021
Mahu2021 collected 60 from pot
Mahu2021: doesn't show hand 
*** SUMMARY ***
Total pot 60 | Rake 0 
Seat 1: Mahu2021 (big blind) collected (60)
Seat 3: supremus33 (button) (small blind) folded before Flop



PokerStars Hand #244479327505: Tournament #3609238382, $0.92+$0.08 USD Hold'em No Limit - Level II (15/30) - 2023/06/26 20:29:55 CET [2023/06/26 14:29:55 ET]
Table '3609238382 1' 3-max Seat #1 is the button
Seat 1: Mahu2021 (540 in chips) 
Seat 3: supremus33 (960 in chips) 
Mahu2021: posts small blind 15
supremus33: posts big blind 30
*** HOLE CARDS ***
Dealt to Mahu2021 [9d 2d]
Mahu2021: folds 
Uncalled bet (15) returned to supremus33
supremus33 collected 30 from pot
supremus33: doesn't show hand 
*** SUMMARY ***
Total pot 30 | Rake 0 
Seat 1: Mahu2021 (button) (small blind) folded before Flop
Seat 3: supremus33 (big blind) collected (30)



PokerStars Hand #244479329042: Tournament #3609238382, $0.92+$0.08 USD Hold'em No Limit - Level II (15/30) - 2023/06/26 20:30:00 CET [2023/06/26 14:30:00 ET]
Table '3609238382 1' 3-max Seat #3 is the button
Seat 1: Mahu2021 (525 in chips) 
Seat 3: supremus33 (975 in chips) 
supremus33: posts small blind 15
Mahu2021: posts big blind 30
*** HOLE CARDS ***
Dealt to Mahu2021 [2h Qh]
supremus33: raises 945 to 975 and is all-in
Mahu2021: folds 
Uncalled bet (945) returned to supremus33
supremus33 collected 60 from pot
supremus33: doesn't show hand 
*** SUMMARY ***
Total pot 60 | Rake 0 
Seat 1: Mahu2021 (big blind) folded before Flop
Seat 3: supremus33 (button) (small blind) collected (60)



PokerStars Hand #244479333542: Tournament #3609238382, $0.92+$0.08 USD Hold'em No Limit - Level III (20/40) - 2023/06/26 20:30:13 CET [2023/06/26 14:30:13 ET]
Table '3609238382 1' 3-max Seat #1 is the button
Seat 1: Mahu2021 (495 in chips) 
Seat 3: supremus33 (1005 in chips) 
Mahu2021: posts small blind 20
supremus33: posts big blind 40
*** HOLE CARDS ***
Dealt to Mahu2021 [Qc 6c]
Mahu2021: calls 20
supremus33: checks 
*** FLOP *** [Ts 7h Ad]
supremus33: checks 
Mahu2021: checks 
*** TURN *** [Ts 7h Ad] [4s]
supremus33: checks 
Mahu2021: checks 
*** RIVER *** [Ts 7h Ad 4s] [4d]
supremus33: checks 
Mahu2021: checks 
*** SHOW DOWN ***
supremus33: shows [Jd 6s] (a pair of Fours)
Mahu2021: shows [Qc 6c] (a pair of Fours - Ace+Queen kicker)
Mahu2021 collected 80 from pot
*** SUMMARY ***
Total pot 80 | Rake 0 
Board [Ts 7h Ad 4s 4d]
Seat 1: Mahu2021 (button) (small blind) showed [Qc 6c] and won (80) with a pair of Fours
Seat 3: supremus33 (big blind) showed [Jd 6s] and lost with a pair of Fours



PokerStars Hand #244479337801: Tournament #3609238382, $0.92+$0.08 USD Hold'em No Limit - Level III (20/40) - 2023/06/26 20:30:27 CET [2023/06/26 14:30:27 ET]
Table '3609238382 1' 3-max Seat #3 is the button
Seat 1: Mahu2021 (535 in chips) 
Seat 3: supremus33 (965 in chips) 
supremus33: posts small blind 20
Mahu2021: posts big blind 40
*** HOLE CARDS ***
Dealt to Mahu2021 [8d 5h]
supremus33: raises 40 to 80
Mahu2021: folds 
Uncalled bet (40) returned to supremus33
supremus33 collected 80 from pot
supremus33: doesn't show hand 
*** SUMMARY ***
Total pot 80 | Rake 0 
Seat 1: Mahu2021 (big blind) folded before Flop
Seat 3: supremus33 (button) (small blind) collected (80)



PokerStars Hand #244479339300: Tournament #3609238382, $0.92+$0.08 USD Hold'em No Limit - Level III (20/40) - 2023/06/26 20:30:31 CET [2023/06/26 14:30:31 ET]
Table '3609238382 1' 3-max Seat #1 is the button
Seat 1: Mahu2021 (495 in chips) 
Seat 3: supremus33 (1005 in chips) 
Mahu2021: posts small blind 20
supremus33: posts big blind 40
*** HOLE CARDS ***
Dealt to Mahu2021 [8c 3c]
Mahu2021: folds 
Uncalled bet (20) returned to supremus33
supremus33 collected 40 from pot
supremus33: doesn't show hand 
*** SUMMARY ***
Total pot 40 | Rake 0 
Seat 1: Mahu2021 (button) (small blind) folded before Flop
Seat 3: supremus33 (big blind) collected (40)



PokerStars Hand #244479340603: Tournament #3609238382, $0.92+$0.08 USD Hold'em No Limit - Level III (20/40) - 2023/06/26 20:30:36 CET [2023/06/26 14:30:36 ET]
Table '3609238382 1' 3-max Seat #3 is the button
Seat 1: Mahu2021 (475 in chips) 
Seat 3: supremus33 (1025 in chips) 
supremus33: posts small blind 20
Mahu2021: posts big blind 40
*** HOLE CARDS ***
Dealt to Mahu2021 [Qh Qd]
supremus33: calls 20
Mahu2021: raises 435 to 475 and is all-in
supremus33: folds 
Uncalled bet (435) returned to Mahu2021
Mahu2021 collected 80 from pot
Mahu2021: doesn't show hand 
*** SUMMARY ***
Total pot 80 | Rake 0 
Seat 1: Mahu2021 (big blind) collected (80)
Seat 3: supremus33 (button) (small blind) folded before Flop



PokerStars Hand #244479343095: Tournament #3609238382, $0.92+$0.08 USD Hold'em No Limit - Level III (20/40) - 2023/06/26 20:30:43 CET [2023/06/26 14:30:43 ET]
Table '3609238382 1' 3-max Seat #1 is the button
Seat 1: Mahu2021 (515 in chips) 
Seat 3: supremus33 (985 in chips) 
Mahu2021: posts small blind 20
supremus33: posts big blind 40
*** HOLE CARDS ***
Dealt to Mahu2021 [2h 3d]
Mahu2021: calls 20
supremus33: checks 
*** FLOP *** [7s 3h 2s]
supremus33: bets 40
Mahu2021: calls 40
*** TURN *** [7s 3h 2s] [6d]
supremus33: bets 80
Mahu2021: raises 355 to 435 and is all-in
supremus33: calls 355
*** RIVER *** [7s 3h 2s 6d] [4s]
*** SHOW DOWN ***
supremus33: shows [7h Ts] (a pair of Sevens)
Mahu2021: shows [2h 3d] (two pair, Threes and Deuces)
Mahu2021 collected 1030 from pot
*** SUMMARY ***
Total pot 1030 | Rake 0 
Board [7s 3h 2s 6d 4s]
Seat 1: Mahu2021 (button) (small blind) showed [2h 3d] and won (1030) with two pair, Threes and Deuces
Seat 3: supremus33 (big blind) showed [7h Ts] and lost with a pair of Sevens



PokerStars Hand #244479349969: Tournament #3609238382, $0.92+$0.08 USD Hold'em No Limit - Level III (20/40) - 2023/06/26 20:31:05 CET [2023/06/26 14:31:05 ET]
Table '3609238382 1' 3-max Seat #3 is the button
Seat 1: Mahu2021 (1030 in chips) 
Seat 3: supremus33 (470 in chips) 
supremus33: posts small blind 20
Mahu2021: posts big blind 40
*** HOLE CARDS ***
Dealt to Mahu2021 [3s Kc]
supremus33: raises 430 to 470 and is all-in
Mahu2021: folds 
Uncalled bet (430) returned to supremus33
supremus33 collected 80 from pot
supremus33: doesn't show hand 
*** SUMMARY ***
Total pot 80 | Rake 0 
Seat 1: Mahu2021 (big blind) folded before Flop
Seat 3: supremus33 (button) (small blind) collected (80)



PokerStars Hand #244479352307: Tournament #3609238382, $0.92+$0.08 USD Hold'em No Limit - Level III (20/40) - 2023/06/26 20:31:12 CET [2023/06/26 14:31:12 ET]
Table '3609238382 1' 3-max Seat #1 is the button
Seat 1: Mahu2021 (990 in chips) 
Seat 3: supremus33 (510 in chips) 
Mahu2021: posts small blind 20
supremus33: posts big blind 40
*** HOLE CARDS ***
Dealt to Mahu2021 [Ac Jh]
Mahu2021: calls 20
supremus33: raises 80 to 120
Mahu2021: raises 870 to 990 and is all-in
supremus33: folds 
Uncalled bet (870) returned to Mahu2021
Mahu2021 collected 240 from pot
Mahu2021: doesn't show hand 
*** SUMMARY ***
Total pot 240 | Rake 0 
Seat 1: Mahu2021 (button) (small blind) collected (240)
Seat 3: supremus33 (big blind) folded before Flop



PokerStars Hand #244479355724: Tournament #3609238382, $0.92+$0.08 USD Hold'em No Limit - Level III (20/40) - 2023/06/26 20:31:23 CET [2023/06/26 14:31:23 ET]
Table '3609238382 1' 3-max Seat #3 is the button
Seat 1: Mahu2021 (1110 in chips) 
Seat 3: supremus33 (390 in chips) 
supremus33: posts small blind 20
Mahu2021: posts big blind 40
*** HOLE CARDS ***
Dealt to Mahu2021 [Qs 9c]
supremus33: raises 40 to 80
Mahu2021: calls 40
*** FLOP *** [7d 5h 2h]
Mahu2021: checks 
supremus33: bets 310 and is all-in
Mahu2021: folds 
Uncalled bet (310) returned to supremus33
supremus33 collected 160 from pot
supremus33: doesn't show hand 
*** SUMMARY ***
Total pot 160 | Rake 0 
Board [7d 5h 2h]
Seat 1: Mahu2021 (big blind) folded on the Flop
Seat 3: supremus33 (button) (small blind) collected (160)



PokerStars Hand #244479359078: Tournament #3609238382, $0.92+$0.08 USD Hold'em No Limit - Level III (20/40) - 2023/06/26 20:31:33 CET [2023/06/26 14:31:33 ET]
Table '3609238382 1' 3-max Seat #1 is the button
Seat 1: Mahu2021 (1030 in chips) 
Seat 3: supremus33 (470 in chips) 
Mahu2021: posts small blind 20
supremus33: posts big blind 40
*** HOLE CARDS ***
Dealt to Mahu2021 [7d 6s]
Mahu2021: calls 20
supremus33: checks 
*** FLOP *** [7s Kc Ts]
supremus33: checks 
Mahu2021: bets 40
supremus33: folds 
Uncalled bet (40) returned to Mahu2021
Mahu2021 collected 80 from pot
Mahu2021: doesn't show hand 
*** SUMMARY ***
Total pot 80 | Rake 0 
Board [7s Kc Ts]
Seat 1: Mahu2021 (button) (small blind) collected (80)
Seat 3: supremus33 (big blind) folded on the Flop



PokerStars Hand #244479362784: Tournament #3609238382, $0.92+$0.08 USD Hold'em No Limit - Level III (20/40) - 2023/06/26 20:31:45 CET [2023/06/26 14:31:45 ET]
Table '3609238382 1' 3-max Seat #3 is the button
Seat 1: Mahu2021 (1070 in chips) 
Seat 3: supremus33 (430 in chips) 
supremus33: posts small blind 20
Mahu2021: posts big blind 40
*** HOLE CARDS ***
Dealt to Mahu2021 [2c 5c]
supremus33: calls 20
Mahu2021: checks 
*** FLOP *** [3s 2s Tc]
Mahu2021: checks 
supremus33: bets 80
Mahu2021: folds 
Uncalled bet (80) returned to supremus33
supremus33 collected 80 from pot
supremus33: doesn't show hand 
*** SUMMARY ***
Total pot 80 | Rake 0 
Board [3s 2s Tc]
Seat 1: Mahu2021 (big blind) folded on the Flop
Seat 3: supremus33 (button) (small blind) collected (80)



PokerStars Hand #244479366840: Tournament #3609238382, $0.92+$0.08 USD Hold'em No Limit - Level III (20/40) - 2023/06/26 20:31:57 CET [2023/06/26 14:31:57 ET]
Table '3609238382 1' 3-max Seat #1 is the button
Seat 1: Mahu2021 (1030 in chips) 
Seat 3: supremus33 (470 in chips) 
Mahu2021: posts small blind 20
supremus33: posts big blind 40
*** HOLE CARDS ***
Dealt to Mahu2021 [Kd Jd]
Mahu2021: raises 40 to 80
supremus33: raises 390 to 470 and is all-in
Mahu2021: calls 390
*** FLOP *** [Jh 4c 6d]
*** TURN *** [Jh 4c 6d] [9h]
*** RIVER *** [Jh 4c 6d 9h] [9s]
*** SHOW DOWN ***
supremus33: shows [4d As] (two pair, Nines and Fours)
Mahu2021: shows [Kd Jd] (two pair, Jacks and Nines)
Mahu2021 collected 940 from pot
supremus33 finished the tournament in 2nd place
Mahu2021 wins the tournament and receives $3.00 - congratulations!
*** SUMMARY ***
Total pot 940 | Rake 0 
Board [Jh 4c 6d 9h 9s]
Seat 1: Mahu2021 (button) (small blind) showed [Kd Jd] and won (940) with two pair, Jacks and Nines
Seat 3: supremus33 (big blind) showed [4d As] and lost with two pair, Nines and Fours



