PokerStars Hand #244407989139: Tournament #3607613962, $0.92+$0.08 USD Hold'em No Limit - Level I (10/20) - 2023/06/22 19:02:22 CET [2023/06/22 13:02:22 ET]
Table '3607613962 1' 3-max Seat #1 is the button
Seat 1: Mahu2021 (500 in chips) 
Seat 2: GIN1007 (500 in chips) 
Seat 3: Demoiselle07 (500 in chips) 
GIN1007: posts small blind 10
Demoiselle07: posts big blind 20
*** HOLE CARDS ***
Dealt to Mahu2021 [Jd Qh]
Mahu2021: folds 
GIN1007: raises 20 to 40
Demoiselle07: calls 20
*** FLOP *** [7c 8s 4h]
GIN1007: bets 40
Demoiselle07: folds 
Uncalled bet (40) returned to GIN1007
GIN1007 collected 80 from pot
*** SUMMARY ***
Total pot 80 | Rake 0 
Board [7c 8s 4h]
Seat 1: Mahu2021 (button) folded before Flop (didn't bet)
Seat 2: GIN1007 (small blind) collected (80)
Seat 3: Demoiselle07 (big blind) folded on the Flop



PokerStars Hand #244407993730: Tournament #3607613962, $0.92+$0.08 USD Hold'em No Limit - Level I (10/20) - 2023/06/22 19:02:41 CET [2023/06/22 13:02:41 ET]
Table '3607613962 1' 3-max Seat #2 is the button
Seat 1: Mahu2021 (500 in chips) 
Seat 2: GIN1007 (540 in chips) 
Seat 3: Demoiselle07 (460 in chips) 
Demoiselle07: posts small blind 10
Mahu2021: posts big blind 20
*** HOLE CARDS ***
Dealt to Mahu2021 [7c Jd]
GIN1007: raises 20 to 40
Demoiselle07: calls 30
Mahu2021: calls 20
*** FLOP *** [5c Jh 4h]
Demoiselle07: checks 
Mahu2021: bets 40
GIN1007: raises 132 to 172
Demoiselle07: folds 
Mahu2021: raises 288 to 460 and is all-in
GIN1007: calls 288
*** TURN *** [5c Jh 4h] [Kc]
*** RIVER *** [5c Jh 4h Kc] [3c]
*** SHOW DOWN ***
Mahu2021: shows [7c Jd] (a pair of Jacks)
GIN1007: shows [6s Js] (a pair of Jacks - lower kicker)
Mahu2021 collected 1040 from pot
*** SUMMARY ***
Total pot 1040 | Rake 0 
Board [5c Jh 4h Kc 3c]
Seat 1: Mahu2021 (big blind) showed [7c Jd] and won (1040) with a pair of Jacks
Seat 2: GIN1007 (button) showed [6s Js] and lost with a pair of Jacks
Seat 3: Demoiselle07 (small blind) folded on the Flop



PokerStars Hand #244408003761: Tournament #3607613962, $0.92+$0.08 USD Hold'em No Limit - Level I (10/20) - 2023/06/22 19:03:20 CET [2023/06/22 13:03:20 ET]
Table '3607613962 1' 3-max Seat #3 is the button
Seat 1: Mahu2021 (1040 in chips) 
Seat 2: GIN1007 (40 in chips) 
Seat 3: Demoiselle07 (420 in chips) 
Mahu2021: posts small blind 10
GIN1007: posts big blind 20
*** HOLE CARDS ***
Dealt to Mahu2021 [Qs 5d]
Demoiselle07: raises 20 to 40
Mahu2021: folds 
GIN1007: calls 20 and is all-in
*** FLOP *** [Qd 9h 5s]
*** TURN *** [Qd 9h 5s] [8c]
*** RIVER *** [Qd 9h 5s 8c] [9s]
*** SHOW DOWN ***
GIN1007: shows [Ac 7c] (a pair of Nines)
Demoiselle07: shows [Qh 3h] (two pair, Queens and Nines)
Demoiselle07 collected 90 from pot
GIN1007 finished the tournament in 3rd place
*** SUMMARY ***
Total pot 90 | Rake 0 
Board [Qd 9h 5s 8c 9s]
Seat 1: Mahu2021 (small blind) folded before Flop
Seat 2: GIN1007 (big blind) showed [Ac 7c] and lost with a pair of Nines
Seat 3: Demoiselle07 (button) showed [Qh 3h] and won (90) with two pair, Queens and Nines



PokerStars Hand #244408008525: Tournament #3607613962, $0.92+$0.08 USD Hold'em No Limit - Level I (10/20) - 2023/06/22 19:03:38 CET [2023/06/22 13:03:38 ET]
Table '3607613962 1' 3-max Seat #1 is the button
Seat 1: Mahu2021 (1030 in chips) 
Seat 3: Demoiselle07 (470 in chips) 
Mahu2021: posts small blind 10
Demoiselle07: posts big blind 20
*** HOLE CARDS ***
Dealt to Mahu2021 [Qh Ad]
Mahu2021: raises 20 to 40
Demoiselle07: calls 20
*** FLOP *** [6d Qd 8d]
Demoiselle07: checks 
Mahu2021: checks 
*** TURN *** [6d Qd 8d] [Js]
Demoiselle07: bets 40
Mahu2021: calls 40
*** RIVER *** [6d Qd 8d Js] [9c]
Demoiselle07: checks 
Mahu2021: checks 
*** SHOW DOWN ***
Demoiselle07: shows [Kh 2s] (high card King)
Mahu2021: shows [Qh Ad] (a pair of Queens)
Mahu2021 collected 160 from pot
*** SUMMARY ***
Total pot 160 | Rake 0 
Board [6d Qd 8d Js 9c]
Seat 1: Mahu2021 (button) (small blind) showed [Qh Ad] and won (160) with a pair of Queens
Seat 3: Demoiselle07 (big blind) showed [Kh 2s] and lost with high card King



PokerStars Hand #244408015755: Tournament #3607613962, $0.92+$0.08 USD Hold'em No Limit - Level I (10/20) - 2023/06/22 19:04:07 CET [2023/06/22 13:04:07 ET]
Table '3607613962 1' 3-max Seat #3 is the button
Seat 1: Mahu2021 (1110 in chips) 
Seat 3: Demoiselle07 (390 in chips) 
Demoiselle07: posts small blind 10
Mahu2021: posts big blind 20
*** HOLE CARDS ***
Dealt to Mahu2021 [8d 8s]
Demoiselle07: calls 10
Mahu2021: raises 1090 to 1110 and is all-in
Demoiselle07: folds 
Uncalled bet (1090) returned to Mahu2021
Mahu2021 collected 40 from pot
Mahu2021: doesn't show hand 
*** SUMMARY ***
Total pot 40 | Rake 0 
Seat 1: Mahu2021 (big blind) collected (40)
Seat 3: Demoiselle07 (button) (small blind) folded before Flop



PokerStars Hand #244408018772: Tournament #3607613962, $0.92+$0.08 USD Hold'em No Limit - Level I (10/20) - 2023/06/22 19:04:19 CET [2023/06/22 13:04:19 ET]
Table '3607613962 1' 3-max Seat #1 is the button
Seat 1: Mahu2021 (1130 in chips) 
Seat 3: Demoiselle07 (370 in chips) 
Mahu2021: posts small blind 10
Demoiselle07: posts big blind 20
*** HOLE CARDS ***
Dealt to Mahu2021 [9h 6s]
Mahu2021: folds 
Uncalled bet (10) returned to Demoiselle07
Demoiselle07 collected 20 from pot
Demoiselle07: doesn't show hand 
*** SUMMARY ***
Total pot 20 | Rake 0 
Seat 1: Mahu2021 (button) (small blind) folded before Flop
Seat 3: Demoiselle07 (big blind) collected (20)



PokerStars Hand #244408019890: Tournament #3607613962, $0.92+$0.08 USD Hold'em No Limit - Level I (10/20) - 2023/06/22 19:04:23 CET [2023/06/22 13:04:23 ET]
Table '3607613962 1' 3-max Seat #3 is the button
Seat 1: Mahu2021 (1120 in chips) 
Seat 3: Demoiselle07 (380 in chips) 
Demoiselle07: posts small blind 10
Mahu2021: posts big blind 20
*** HOLE CARDS ***
Dealt to Mahu2021 [6d Ah]
Demoiselle07: calls 10
Mahu2021: checks 
*** FLOP *** [5c 4s 7s]
Mahu2021: checks 
Demoiselle07: bets 40
Mahu2021: calls 40
*** TURN *** [5c 4s 7s] [5s]
Mahu2021: checks 
Demoiselle07: checks 
*** RIVER *** [5c 4s 7s 5s] [5d]
Mahu2021: checks 
Demoiselle07: checks 
*** SHOW DOWN ***
Mahu2021: shows [6d Ah] (three of a kind, Fives)
Demoiselle07: mucks hand 
Mahu2021 collected 120 from pot
*** SUMMARY ***
Total pot 120 | Rake 0 
Board [5c 4s 7s 5s 5d]
Seat 1: Mahu2021 (big blind) showed [6d Ah] and won (120) with three of a kind, Fives
Seat 3: Demoiselle07 (button) (small blind) mucked [9s 6c]



PokerStars Hand #244408028260: Tournament #3607613962, $0.92+$0.08 USD Hold'em No Limit - Level II (15/30) - 2023/06/22 19:04:56 CET [2023/06/22 13:04:56 ET]
Table '3607613962 1' 3-max Seat #1 is the button
Seat 1: Mahu2021 (1180 in chips) 
Seat 3: Demoiselle07 (320 in chips) 
Mahu2021: posts small blind 15
Demoiselle07: posts big blind 30
*** HOLE CARDS ***
Dealt to Mahu2021 [Ad Kc]
Mahu2021: raises 30 to 60
Demoiselle07: raises 260 to 320 and is all-in
Mahu2021: calls 260
*** FLOP *** [4c Jd 6c]
*** TURN *** [4c Jd 6c] [9c]
*** RIVER *** [4c Jd 6c 9c] [Kh]
*** SHOW DOWN ***
Demoiselle07: shows [Ah 5s] (high card Ace)
Mahu2021: shows [Ad Kc] (a pair of Kings)
Mahu2021 collected 640 from pot
Demoiselle07 finished the tournament in 2nd place
Mahu2021 wins the tournament and receives $2.00 - congratulations!
*** SUMMARY ***
Total pot 640 | Rake 0 
Board [4c Jd 6c 9c Kh]
Seat 1: Mahu2021 (button) (small blind) showed [Ad Kc] and won (640) with a pair of Kings
Seat 3: Demoiselle07 (big blind) showed [Ah 5s] and lost with high card Ace



