PokerStars Hand #252774842943: Tournament #3808373361, $1.84+$0.16 USD Hold'em No Limit - Level I (10/20) - 2024/10/05 9:33:05 CET [2024/10/05 3:33:05 ET]
Table '3808373361 1' 3-max Seat #1 is the button
Seat 1: Mahu2021 (500 in chips) 
Seat 2: ginsiuks85 (500 in chips) 
Seat 3: Andre13b (500 in chips) 
ginsiuks85: posts small blind 10
Andre13b: posts big blind 20
*** HOLE CARDS ***
Dealt to Mahu2021 [Kd Jh]
Mahu2021: raises 20 to 40
ginsiuks85: folds 
Andre13b: calls 20
*** FLOP *** [Tc As 8c]
Andre13b: checks 
Mahu2021: checks 
*** TURN *** [Tc As 8c] [Ad]
Andre13b: bets 40
Mahu2021: calls 40
*** RIVER *** [Tc As 8c Ad] [5s]
Andre13b: bets 40
Mahu2021: folds 
Uncalled bet (40) returned to Andre13b
Andre13b collected 170 from pot
*** SUMMARY ***
Total pot 170 | Rake 0 
Board [Tc As 8c Ad 5s]
Seat 1: Mahu2021 (button) folded on the River
Seat 2: ginsiuks85 (small blind) folded before Flop
Seat 3: Andre13b (big blind) collected (170)



PokerStars Hand #252774844815: Tournament #3808373361, $1.84+$0.16 USD Hold'em No Limit - Level I (10/20) - 2024/10/05 9:33:24 CET [2024/10/05 3:33:24 ET]
Table '3808373361 1' 3-max Seat #2 is the button
Seat 1: Mahu2021 (420 in chips) 
Seat 2: ginsiuks85 (490 in chips) 
Seat 3: Andre13b (590 in chips) 
Andre13b: posts small blind 10
Mahu2021: posts big blind 20
*** HOLE CARDS ***
Dealt to Mahu2021 [8s 3d]
ginsiuks85: raises 20 to 40
Andre13b: folds 
Mahu2021: folds 
Uncalled bet (20) returned to ginsiuks85
ginsiuks85 collected 50 from pot
*** SUMMARY ***
Total pot 50 | Rake 0 
Seat 1: Mahu2021 (big blind) folded before Flop
Seat 2: ginsiuks85 (button) collected (50)
Seat 3: Andre13b (small blind) folded before Flop



PokerStars Hand #252774846016: Tournament #3808373361, $1.84+$0.16 USD Hold'em No Limit - Level I (10/20) - 2024/10/05 9:33:36 CET [2024/10/05 3:33:36 ET]
Table '3808373361 1' 3-max Seat #3 is the button
Seat 1: Mahu2021 (400 in chips) 
Seat 2: ginsiuks85 (520 in chips) 
Seat 3: Andre13b (580 in chips) 
Mahu2021: posts small blind 10
ginsiuks85: posts big blind 20
*** HOLE CARDS ***
Dealt to Mahu2021 [5c Js]
Andre13b: folds 
Mahu2021: folds 
Uncalled bet (10) returned to ginsiuks85
ginsiuks85 collected 20 from pot
*** SUMMARY ***
Total pot 20 | Rake 0 
Seat 1: Mahu2021 (small blind) folded before Flop
Seat 2: ginsiuks85 (big blind) collected (20)
Seat 3: Andre13b (button) folded before Flop (didn't bet)



PokerStars Hand #252774846484: Tournament #3808373361, $1.84+$0.16 USD Hold'em No Limit - Level I (10/20) - 2024/10/05 9:33:40 CET [2024/10/05 3:33:40 ET]
Table '3808373361 1' 3-max Seat #1 is the button
Seat 1: Mahu2021 (390 in chips) 
Seat 2: ginsiuks85 (530 in chips) 
Seat 3: Andre13b (580 in chips) 
ginsiuks85: posts small blind 10
Andre13b: posts big blind 20
*** HOLE CARDS ***
Dealt to Mahu2021 [4s Qc]
Mahu2021: folds 
ginsiuks85: raises 30 to 50
Andre13b: calls 30
*** FLOP *** [As 6h Qd]
ginsiuks85: bets 20
Andre13b: raises 60 to 80
ginsiuks85: folds 
Uncalled bet (60) returned to Andre13b
Andre13b collected 140 from pot
*** SUMMARY ***
Total pot 140 | Rake 0 
Board [As 6h Qd]
Seat 1: Mahu2021 (button) folded before Flop (didn't bet)
Seat 2: ginsiuks85 (small blind) folded on the Flop
Seat 3: Andre13b (big blind) collected (140)



PokerStars Hand #252774849435: Tournament #3808373361, $1.84+$0.16 USD Hold'em No Limit - Level I (10/20) - 2024/10/05 9:34:10 CET [2024/10/05 3:34:10 ET]
Table '3808373361 1' 3-max Seat #2 is the button
Seat 1: Mahu2021 (390 in chips) 
Seat 2: ginsiuks85 (460 in chips) 
Seat 3: Andre13b (650 in chips) 
Andre13b: posts small blind 10
Mahu2021: posts big blind 20
*** HOLE CARDS ***
Dealt to Mahu2021 [Ad 2h]
ginsiuks85: folds 
Andre13b: calls 10
Mahu2021: checks 
*** FLOP *** [8c 5s 7d]
Andre13b: checks 
Mahu2021: checks 
*** TURN *** [8c 5s 7d] [8s]
Andre13b: bets 20
Mahu2021: calls 20
*** RIVER *** [8c 5s 7d 8s] [6s]
Andre13b: bets 40
Mahu2021: folds 
Uncalled bet (40) returned to Andre13b
Andre13b collected 80 from pot
*** SUMMARY ***
Total pot 80 | Rake 0 
Board [8c 5s 7d 8s 6s]
Seat 1: Mahu2021 (big blind) folded on the River
Seat 2: ginsiuks85 (button) folded before Flop (didn't bet)
Seat 3: Andre13b (small blind) collected (80)



PokerStars Hand #252774851181: Tournament #3808373361, $1.84+$0.16 USD Hold'em No Limit - Level I (10/20) - 2024/10/05 9:34:28 CET [2024/10/05 3:34:28 ET]
Table '3808373361 1' 3-max Seat #3 is the button
Seat 1: Mahu2021 (350 in chips) 
Seat 2: ginsiuks85 (460 in chips) 
Seat 3: Andre13b (690 in chips) 
Mahu2021: posts small blind 10
ginsiuks85: posts big blind 20
*** HOLE CARDS ***
Dealt to Mahu2021 [9s Qh]
Andre13b: folds 
Mahu2021: raises 20 to 40
ginsiuks85: calls 20
*** FLOP *** [5s 2s 4d]
Mahu2021: checks 
ginsiuks85: checks 
*** TURN *** [5s 2s 4d] [7s]
Mahu2021: checks 
ginsiuks85: checks 
*** RIVER *** [5s 2s 4d 7s] [6d]
Mahu2021: bets 40
ginsiuks85: raises 90 to 130
Mahu2021: folds 
Uncalled bet (90) returned to ginsiuks85
ginsiuks85 collected 160 from pot
*** SUMMARY ***
Total pot 160 | Rake 0 
Board [5s 2s 4d 7s 6d]
Seat 1: Mahu2021 (small blind) folded on the River
Seat 2: ginsiuks85 (big blind) collected (160)
Seat 3: Andre13b (button) folded before Flop (didn't bet)



PokerStars Hand #252774853566: Tournament #3808373361, $1.84+$0.16 USD Hold'em No Limit - Level I (10/20) - 2024/10/05 9:34:53 CET [2024/10/05 3:34:53 ET]
Table '3808373361 1' 3-max Seat #1 is the button
Seat 1: Mahu2021 (270 in chips) 
Seat 2: ginsiuks85 (540 in chips) 
Seat 3: Andre13b (690 in chips) 
ginsiuks85: posts small blind 10
Andre13b: posts big blind 20
*** HOLE CARDS ***
Dealt to Mahu2021 [4h 7h]
Mahu2021: folds 
ginsiuks85: calls 10
Andre13b: checks 
*** FLOP *** [Qc 7d Th]
ginsiuks85: bets 20
Andre13b: folds 
Uncalled bet (20) returned to ginsiuks85
ginsiuks85 collected 40 from pot
*** SUMMARY ***
Total pot 40 | Rake 0 
Board [Qc 7d Th]
Seat 1: Mahu2021 (button) folded before Flop (didn't bet)
Seat 2: ginsiuks85 (small blind) collected (40)
Seat 3: Andre13b (big blind) folded on the Flop



PokerStars Hand #252774855890: Tournament #3808373361, $1.84+$0.16 USD Hold'em No Limit - Level II (15/30) - 2024/10/05 9:35:16 CET [2024/10/05 3:35:16 ET]
Table '3808373361 1' 3-max Seat #2 is the button
Seat 1: Mahu2021 (270 in chips) 
Seat 2: ginsiuks85 (560 in chips) 
Seat 3: Andre13b (670 in chips) 
Andre13b: posts small blind 15
Mahu2021: posts big blind 30
*** HOLE CARDS ***
Dealt to Mahu2021 [6d Th]
ginsiuks85: calls 30
Andre13b: folds 
Mahu2021: checks 
*** FLOP *** [Tc Jc Kc]
Mahu2021: checks 
ginsiuks85: checks 
*** TURN *** [Tc Jc Kc] [Js]
Mahu2021: checks 
ginsiuks85: checks 
*** RIVER *** [Tc Jc Kc Js] [2s]
Mahu2021: bets 75
ginsiuks85: folds 
Uncalled bet (75) returned to Mahu2021
Mahu2021 collected 75 from pot
Mahu2021: doesn't show hand 
*** SUMMARY ***
Total pot 75 | Rake 0 
Board [Tc Jc Kc Js 2s]
Seat 1: Mahu2021 (big blind) collected (75)
Seat 2: ginsiuks85 (button) folded on the River
Seat 3: Andre13b (small blind) folded before Flop



PokerStars Hand #252774859651: Tournament #3808373361, $1.84+$0.16 USD Hold'em No Limit - Level II (15/30) - 2024/10/05 9:35:55 CET [2024/10/05 3:35:55 ET]
Table '3808373361 1' 3-max Seat #3 is the button
Seat 1: Mahu2021 (315 in chips) 
Seat 2: ginsiuks85 (530 in chips) 
Seat 3: Andre13b (655 in chips) 
Mahu2021: posts small blind 15
ginsiuks85: posts big blind 30
*** HOLE CARDS ***
Dealt to Mahu2021 [Kd 2d]
Andre13b: folds 
Mahu2021: calls 15
ginsiuks85: checks 
*** FLOP *** [2c 9c 8s]
Mahu2021: checks 
ginsiuks85: bets 30
Mahu2021: calls 30
*** TURN *** [2c 9c 8s] [9d]
Mahu2021: checks 
ginsiuks85: checks 
*** RIVER *** [2c 9c 8s 9d] [Jd]
Mahu2021: bets 60
ginsiuks85: calls 60
*** SHOW DOWN ***
Mahu2021: shows [Kd 2d] (two pair, Nines and Deuces)
ginsiuks85: mucks hand 
Mahu2021 collected 240 from pot
*** SUMMARY ***
Total pot 240 | Rake 0 
Board [2c 9c 8s 9d Jd]
Seat 1: Mahu2021 (small blind) showed [Kd 2d] and won (240) with two pair, Nines and Deuces
Seat 2: ginsiuks85 (big blind) mucked [2h Qh]
Seat 3: Andre13b (button) folded before Flop (didn't bet)



PokerStars Hand #252774864827: Tournament #3808373361, $1.84+$0.16 USD Hold'em No Limit - Level II (15/30) - 2024/10/05 9:36:48 CET [2024/10/05 3:36:48 ET]
Table '3808373361 1' 3-max Seat #1 is the button
Seat 1: Mahu2021 (435 in chips) 
Seat 2: ginsiuks85 (410 in chips) 
Seat 3: Andre13b (655 in chips) 
ginsiuks85: posts small blind 15
Andre13b: posts big blind 30
*** HOLE CARDS ***
Dealt to Mahu2021 [Th 5c]
Mahu2021: folds 
ginsiuks85: raises 380 to 410 and is all-in
Andre13b: folds 
Uncalled bet (380) returned to ginsiuks85
ginsiuks85 collected 60 from pot
*** SUMMARY ***
Total pot 60 | Rake 0 
Seat 1: Mahu2021 (button) folded before Flop (didn't bet)
Seat 2: ginsiuks85 (small blind) collected (60)
Seat 3: Andre13b (big blind) folded before Flop



PokerStars Hand #252774866189: Tournament #3808373361, $1.84+$0.16 USD Hold'em No Limit - Level II (15/30) - 2024/10/05 9:37:02 CET [2024/10/05 3:37:02 ET]
Table '3808373361 1' 3-max Seat #2 is the button
Seat 1: Mahu2021 (435 in chips) 
Seat 2: ginsiuks85 (440 in chips) 
Seat 3: Andre13b (625 in chips) 
Andre13b: posts small blind 15
Mahu2021: posts big blind 30
*** HOLE CARDS ***
Dealt to Mahu2021 [Jh Jd]
ginsiuks85 has timed out
ginsiuks85: folds 
ginsiuks85 is sitting out
ginsiuks85 has returned
Andre13b: calls 15
Mahu2021: raises 60 to 90
Andre13b: folds 
Uncalled bet (60) returned to Mahu2021
Mahu2021 collected 60 from pot
Mahu2021: doesn't show hand 
*** SUMMARY ***
Total pot 60 | Rake 0 
Seat 1: Mahu2021 (big blind) collected (60)
Seat 2: ginsiuks85 (button) folded before Flop (didn't bet)
Seat 3: Andre13b (small blind) folded before Flop



PokerStars Hand #252774868502: Tournament #3808373361, $1.84+$0.16 USD Hold'em No Limit - Level III (20/40) - 2024/10/05 9:37:25 CET [2024/10/05 3:37:25 ET]
Table '3808373361 1' 3-max Seat #3 is the button
Seat 1: Mahu2021 (465 in chips) 
Seat 2: ginsiuks85 (440 in chips) 
Seat 3: Andre13b (595 in chips) 
Mahu2021: posts small blind 20
ginsiuks85: posts big blind 40
*** HOLE CARDS ***
Dealt to Mahu2021 [Ad 6c]
Andre13b: folds 
Mahu2021: calls 20
ginsiuks85: checks 
*** FLOP *** [5h Js Kd]
Mahu2021: checks 
ginsiuks85: checks 
*** TURN *** [5h Js Kd] [8h]
Mahu2021: checks 
ginsiuks85: checks 
*** RIVER *** [5h Js Kd 8h] [3s]
Mahu2021: checks 
ginsiuks85: bets 40
Mahu2021: folds 
Uncalled bet (40) returned to ginsiuks85
ginsiuks85 collected 80 from pot
*** SUMMARY ***
Total pot 80 | Rake 0 
Board [5h Js Kd 8h 3s]
Seat 1: Mahu2021 (small blind) folded on the River
Seat 2: ginsiuks85 (big blind) collected (80)
Seat 3: Andre13b (button) folded before Flop (didn't bet)



PokerStars Hand #252774870165: Tournament #3808373361, $1.84+$0.16 USD Hold'em No Limit - Level III (20/40) - 2024/10/05 9:37:43 CET [2024/10/05 3:37:43 ET]
Table '3808373361 1' 3-max Seat #1 is the button
Seat 1: Mahu2021 (425 in chips) 
Seat 2: ginsiuks85 (480 in chips) 
Seat 3: Andre13b (595 in chips) 
ginsiuks85: posts small blind 20
Andre13b: posts big blind 40
*** HOLE CARDS ***
Dealt to Mahu2021 [2s 9s]
Mahu2021: folds 
ginsiuks85 has timed out
ginsiuks85: folds 
ginsiuks85 is sitting out
Uncalled bet (20) returned to Andre13b
ginsiuks85 has returned
Andre13b collected 40 from pot
*** SUMMARY ***
Total pot 40 | Rake 0 
Seat 1: Mahu2021 (button) folded before Flop (didn't bet)
Seat 2: ginsiuks85 (small blind) folded before Flop
Seat 3: Andre13b (big blind) collected (40)



PokerStars Hand #252774871832: Tournament #3808373361, $1.84+$0.16 USD Hold'em No Limit - Level III (20/40) - 2024/10/05 9:38:00 CET [2024/10/05 3:38:00 ET]
Table '3808373361 1' 3-max Seat #2 is the button
Seat 1: Mahu2021 (425 in chips) 
Seat 2: ginsiuks85 (460 in chips) 
Seat 3: Andre13b (615 in chips) 
Andre13b: posts small blind 20
Mahu2021: posts big blind 40
*** HOLE CARDS ***
Dealt to Mahu2021 [Jh Qs]
ginsiuks85: folds 
Andre13b: calls 20
Mahu2021: checks 
*** FLOP *** [Jc 6s 7d]
Andre13b: bets 40
Mahu2021: calls 40
*** TURN *** [Jc 6s 7d] [2s]
Andre13b: bets 80
Mahu2021: calls 80
*** RIVER *** [Jc 6s 7d 2s] [3h]
Andre13b: checks 
Mahu2021: bets 80
Andre13b: folds 
Uncalled bet (80) returned to Mahu2021
Mahu2021 collected 320 from pot
Mahu2021: doesn't show hand 
*** SUMMARY ***
Total pot 320 | Rake 0 
Board [Jc 6s 7d 2s 3h]
Seat 1: Mahu2021 (big blind) collected (320)
Seat 2: ginsiuks85 (button) folded before Flop (didn't bet)
Seat 3: Andre13b (small blind) folded on the River



PokerStars Hand #252774873747: Tournament #3808373361, $1.84+$0.16 USD Hold'em No Limit - Level III (20/40) - 2024/10/05 9:38:20 CET [2024/10/05 3:38:20 ET]
Table '3808373361 1' 3-max Seat #3 is the button
Seat 1: Mahu2021 (585 in chips) 
Seat 2: ginsiuks85 (460 in chips) 
Seat 3: Andre13b (455 in chips) 
Mahu2021: posts small blind 20
ginsiuks85: posts big blind 40
*** HOLE CARDS ***
Dealt to Mahu2021 [3s Qd]
Andre13b: raises 40 to 80
Mahu2021: folds 
ginsiuks85: calls 40
*** FLOP *** [3d 3h 8c]
ginsiuks85: checks 
Andre13b: bets 90
ginsiuks85: raises 90 to 180
Andre13b: raises 195 to 375 and is all-in
ginsiuks85: calls 195
*** TURN *** [3d 3h 8c] [Jd]
*** RIVER *** [3d 3h 8c Jd] [7d]
*** SHOW DOWN ***
ginsiuks85: shows [8s Js] (two pair, Jacks and Eights)
Andre13b: shows [Kh 5h] (a pair of Threes)
ginsiuks85 collected 930 from pot
Andre13b finished the tournament in 3rd place
*** SUMMARY ***
Total pot 930 | Rake 0 
Board [3d 3h 8c Jd 7d]
Seat 1: Mahu2021 (small blind) folded before Flop
Seat 2: ginsiuks85 (big blind) showed [8s Js] and won (930) with two pair, Jacks and Eights
Seat 3: Andre13b (button) showed [Kh 5h] and lost with a pair of Threes



PokerStars Hand #252774876812: Tournament #3808373361, $1.84+$0.16 USD Hold'em No Limit - Level III (20/40) - 2024/10/05 9:38:52 CET [2024/10/05 3:38:52 ET]
Table '3808373361 1' 3-max Seat #2 is the button
Seat 1: Mahu2021 (565 in chips) 
Seat 2: ginsiuks85 (935 in chips) 
ginsiuks85: posts small blind 20
Mahu2021: posts big blind 40
*** HOLE CARDS ***
Dealt to Mahu2021 [6h Ah]
ginsiuks85: calls 20
Mahu2021: raises 80 to 120
ginsiuks85: folds 
Uncalled bet (80) returned to Mahu2021
Mahu2021 collected 80 from pot
Mahu2021: doesn't show hand 
*** SUMMARY ***
Total pot 80 | Rake 0 
Seat 1: Mahu2021 (big blind) collected (80)
Seat 2: ginsiuks85 (button) (small blind) folded before Flop



PokerStars Hand #252774877818: Tournament #3808373361, $1.84+$0.16 USD Hold'em No Limit - Level III (20/40) - 2024/10/05 9:39:03 CET [2024/10/05 3:39:03 ET]
Table '3808373361 1' 3-max Seat #1 is the button
Seat 1: Mahu2021 (605 in chips) 
Seat 2: ginsiuks85 (895 in chips) 
Mahu2021: posts small blind 20
ginsiuks85: posts big blind 40
*** HOLE CARDS ***
Dealt to Mahu2021 [Jd 9c]
Mahu2021: calls 20
ginsiuks85: checks 
*** FLOP *** [Kc 5c 4s]
ginsiuks85: checks 
Mahu2021: checks 
*** TURN *** [Kc 5c 4s] [7h]
ginsiuks85: checks 
Mahu2021: checks 
*** RIVER *** [Kc 5c 4s 7h] [6s]
ginsiuks85: checks 
Mahu2021: checks 
*** SHOW DOWN ***
ginsiuks85: shows [5s 3d] (a straight, Three to Seven)
Mahu2021: mucks hand 
ginsiuks85 collected 80 from pot
*** SUMMARY ***
Total pot 80 | Rake 0 
Board [Kc 5c 4s 7h 6s]
Seat 1: Mahu2021 (button) (small blind) mucked [Jd 9c]
Seat 2: ginsiuks85 (big blind) showed [5s 3d] and won (80) with a straight, Three to Seven



PokerStars Hand #252774881130: Tournament #3808373361, $1.84+$0.16 USD Hold'em No Limit - Level IV (30/60) - 2024/10/05 9:39:36 CET [2024/10/05 3:39:36 ET]
Table '3808373361 1' 3-max Seat #2 is the button
Seat 1: Mahu2021 (565 in chips) 
Seat 2: ginsiuks85 (935 in chips) 
ginsiuks85: posts small blind 30
Mahu2021: posts big blind 60
*** HOLE CARDS ***
Dealt to Mahu2021 [4h Jc]
ginsiuks85: raises 875 to 935 and is all-in
Mahu2021: folds 
Uncalled bet (875) returned to ginsiuks85
ginsiuks85 collected 120 from pot
*** SUMMARY ***
Total pot 120 | Rake 0 
Seat 1: Mahu2021 (big blind) folded before Flop
Seat 2: ginsiuks85 (button) (small blind) collected (120)



PokerStars Hand #252774881776: Tournament #3808373361, $1.84+$0.16 USD Hold'em No Limit - Level IV (30/60) - 2024/10/05 9:39:43 CET [2024/10/05 3:39:43 ET]
Table '3808373361 1' 3-max Seat #1 is the button
Seat 1: Mahu2021 (505 in chips) 
Seat 2: ginsiuks85 (995 in chips) 
Mahu2021: posts small blind 30
ginsiuks85: posts big blind 60
*** HOLE CARDS ***
Dealt to Mahu2021 [6s 9h]
Mahu2021: folds 
Uncalled bet (30) returned to ginsiuks85
ginsiuks85 collected 60 from pot
*** SUMMARY ***
Total pot 60 | Rake 0 
Seat 1: Mahu2021 (button) (small blind) folded before Flop
Seat 2: ginsiuks85 (big blind) collected (60)



PokerStars Hand #252774882208: Tournament #3808373361, $1.84+$0.16 USD Hold'em No Limit - Level IV (30/60) - 2024/10/05 9:39:47 CET [2024/10/05 3:39:47 ET]
Table '3808373361 1' 3-max Seat #2 is the button
Seat 1: Mahu2021 (475 in chips) 
Seat 2: ginsiuks85 (1025 in chips) 
ginsiuks85: posts small blind 30
Mahu2021: posts big blind 60
*** HOLE CARDS ***
Dealt to Mahu2021 [Kd 4c]
ginsiuks85: raises 965 to 1025 and is all-in
Mahu2021: folds 
Uncalled bet (965) returned to ginsiuks85
ginsiuks85 collected 120 from pot
*** SUMMARY ***
Total pot 120 | Rake 0 
Seat 1: Mahu2021 (big blind) folded before Flop
Seat 2: ginsiuks85 (button) (small blind) collected (120)



PokerStars Hand #252774882860: Tournament #3808373361, $1.84+$0.16 USD Hold'em No Limit - Level IV (30/60) - 2024/10/05 9:39:54 CET [2024/10/05 3:39:54 ET]
Table '3808373361 1' 3-max Seat #1 is the button
Seat 1: Mahu2021 (415 in chips) 
Seat 2: ginsiuks85 (1085 in chips) 
Mahu2021: posts small blind 30
ginsiuks85: posts big blind 60
*** HOLE CARDS ***
Dealt to Mahu2021 [3s 6h]
Mahu2021: folds 
Uncalled bet (30) returned to ginsiuks85
ginsiuks85 collected 60 from pot
*** SUMMARY ***
Total pot 60 | Rake 0 
Seat 1: Mahu2021 (button) (small blind) folded before Flop
Seat 2: ginsiuks85 (big blind) collected (60)



PokerStars Hand #252774883295: Tournament #3808373361, $1.84+$0.16 USD Hold'em No Limit - Level IV (30/60) - 2024/10/05 9:39:58 CET [2024/10/05 3:39:58 ET]
Table '3808373361 1' 3-max Seat #2 is the button
Seat 1: Mahu2021 (385 in chips) 
Seat 2: ginsiuks85 (1115 in chips) 
ginsiuks85: posts small blind 30
Mahu2021: posts big blind 60
*** HOLE CARDS ***
Dealt to Mahu2021 [6h 4h]
ginsiuks85: raises 1055 to 1115 and is all-in
Mahu2021: folds 
Uncalled bet (1055) returned to ginsiuks85
ginsiuks85 collected 120 from pot
*** SUMMARY ***
Total pot 120 | Rake 0 
Seat 1: Mahu2021 (big blind) folded before Flop
Seat 2: ginsiuks85 (button) (small blind) collected (120)



PokerStars Hand #252774883801: Tournament #3808373361, $1.84+$0.16 USD Hold'em No Limit - Level IV (30/60) - 2024/10/05 9:40:03 CET [2024/10/05 3:40:03 ET]
Table '3808373361 1' 3-max Seat #1 is the button
Seat 1: Mahu2021 (325 in chips) 
Seat 2: ginsiuks85 (1175 in chips) 
Mahu2021: posts small blind 30
ginsiuks85: posts big blind 60
*** HOLE CARDS ***
Dealt to Mahu2021 [5h 9c]
Mahu2021: folds 
Uncalled bet (30) returned to ginsiuks85
ginsiuks85 collected 60 from pot
*** SUMMARY ***
Total pot 60 | Rake 0 
Seat 1: Mahu2021 (button) (small blind) folded before Flop
Seat 2: ginsiuks85 (big blind) collected (60)



PokerStars Hand #252774884233: Tournament #3808373361, $1.84+$0.16 USD Hold'em No Limit - Level IV (30/60) - 2024/10/05 9:40:08 CET [2024/10/05 3:40:08 ET]
Table '3808373361 1' 3-max Seat #2 is the button
Seat 1: Mahu2021 (295 in chips) 
Seat 2: ginsiuks85 (1205 in chips) 
ginsiuks85: posts small blind 30
Mahu2021: posts big blind 60
*** HOLE CARDS ***
Dealt to Mahu2021 [9d 6d]
ginsiuks85: raises 1145 to 1205 and is all-in
Mahu2021: folds 
Uncalled bet (1145) returned to ginsiuks85
ginsiuks85 collected 120 from pot
*** SUMMARY ***
Total pot 120 | Rake 0 
Seat 1: Mahu2021 (big blind) folded before Flop
Seat 2: ginsiuks85 (button) (small blind) collected (120)



PokerStars Hand #252774884723: Tournament #3808373361, $1.84+$0.16 USD Hold'em No Limit - Level IV (30/60) - 2024/10/05 9:40:13 CET [2024/10/05 3:40:13 ET]
Table '3808373361 1' 3-max Seat #1 is the button
Seat 1: Mahu2021 (235 in chips) 
Seat 2: ginsiuks85 (1265 in chips) 
Mahu2021: posts small blind 30
ginsiuks85: posts big blind 60
*** HOLE CARDS ***
Dealt to Mahu2021 [7s 6c]
Mahu2021: folds 
Uncalled bet (30) returned to ginsiuks85
ginsiuks85 collected 60 from pot
*** SUMMARY ***
Total pot 60 | Rake 0 
Seat 1: Mahu2021 (button) (small blind) folded before Flop
Seat 2: ginsiuks85 (big blind) collected (60)



PokerStars Hand #252774885187: Tournament #3808373361, $1.84+$0.16 USD Hold'em No Limit - Level IV (30/60) - 2024/10/05 9:40:17 CET [2024/10/05 3:40:17 ET]
Table '3808373361 1' 3-max Seat #2 is the button
Seat 1: Mahu2021 (205 in chips) 
Seat 2: ginsiuks85 (1295 in chips) 
ginsiuks85: posts small blind 30
Mahu2021: posts big blind 60
*** HOLE CARDS ***
Dealt to Mahu2021 [Ac Th]
ginsiuks85: folds 
Uncalled bet (30) returned to Mahu2021
Mahu2021 collected 60 from pot
Mahu2021: doesn't show hand 
*** SUMMARY ***
Total pot 60 | Rake 0 
Seat 1: Mahu2021 (big blind) collected (60)
Seat 2: ginsiuks85 (button) (small blind) folded before Flop



PokerStars Hand #252774885518: Tournament #3808373361, $1.84+$0.16 USD Hold'em No Limit - Level IV (30/60) - 2024/10/05 9:40:21 CET [2024/10/05 3:40:21 ET]
Table '3808373361 1' 3-max Seat #1 is the button
Seat 1: Mahu2021 (235 in chips) 
Seat 2: ginsiuks85 (1265 in chips) 
Mahu2021: posts small blind 30
ginsiuks85: posts big blind 60
*** HOLE CARDS ***
Dealt to Mahu2021 [4d Kd]
Mahu2021: raises 175 to 235 and is all-in
ginsiuks85: calls 175
*** FLOP *** [Ah 3s 3h]
*** TURN *** [Ah 3s 3h] [Qs]
*** RIVER *** [Ah 3s 3h Qs] [9c]
*** SHOW DOWN ***
ginsiuks85: shows [Ks Tc] (a pair of Threes)
Mahu2021: shows [4d Kd] (a pair of Threes)
ginsiuks85 collected 235 from pot
Mahu2021 collected 235 from pot
*** SUMMARY ***
Total pot 470 | Rake 0 
Board [Ah 3s 3h Qs 9c]
Seat 1: Mahu2021 (button) (small blind) showed [4d Kd] and won (235) with a pair of Threes
Seat 2: ginsiuks85 (big blind) showed [Ks Tc] and won (235) with a pair of Threes



PokerStars Hand #252774886673: Tournament #3808373361, $1.84+$0.16 USD Hold'em No Limit - Level IV (30/60) - 2024/10/05 9:40:33 CET [2024/10/05 3:40:33 ET]
Table '3808373361 1' 3-max Seat #2 is the button
Seat 1: Mahu2021 (235 in chips) 
Seat 2: ginsiuks85 (1265 in chips) 
ginsiuks85: posts small blind 30
Mahu2021: posts big blind 60
*** HOLE CARDS ***
Dealt to Mahu2021 [Ks 6d]
ginsiuks85: folds 
Uncalled bet (30) returned to Mahu2021
Mahu2021 collected 60 from pot
Mahu2021: doesn't show hand 
*** SUMMARY ***
Total pot 60 | Rake 0 
Seat 1: Mahu2021 (big blind) collected (60)
Seat 2: ginsiuks85 (button) (small blind) folded before Flop



PokerStars Hand #252774886984: Tournament #3808373361, $1.84+$0.16 USD Hold'em No Limit - Level IV (30/60) - 2024/10/05 9:40:36 CET [2024/10/05 3:40:36 ET]
Table '3808373361 1' 3-max Seat #1 is the button
Seat 1: Mahu2021 (265 in chips) 
Seat 2: ginsiuks85 (1235 in chips) 
Mahu2021: posts small blind 30
ginsiuks85: posts big blind 60
*** HOLE CARDS ***
Dealt to Mahu2021 [Kd Ah]
Mahu2021: raises 205 to 265 and is all-in
ginsiuks85: calls 205
*** FLOP *** [Jc Jh Ad]
*** TURN *** [Jc Jh Ad] [2c]
*** RIVER *** [Jc Jh Ad 2c] [4d]
*** SHOW DOWN ***
ginsiuks85: shows [Ks 6c] (a pair of Jacks)
Mahu2021: shows [Kd Ah] (two pair, Aces and Jacks)
Mahu2021 collected 530 from pot
*** SUMMARY ***
Total pot 530 | Rake 0 
Board [Jc Jh Ad 2c 4d]
Seat 1: Mahu2021 (button) (small blind) showed [Kd Ah] and won (530) with two pair, Aces and Jacks
Seat 2: ginsiuks85 (big blind) showed [Ks 6c] and lost with a pair of Jacks



PokerStars Hand #252774888142: Tournament #3808373361, $1.84+$0.16 USD Hold'em No Limit - Level IV (30/60) - 2024/10/05 9:40:48 CET [2024/10/05 3:40:48 ET]
Table '3808373361 1' 3-max Seat #2 is the button
Seat 1: Mahu2021 (530 in chips) 
Seat 2: ginsiuks85 (970 in chips) 
ginsiuks85: posts small blind 30
Mahu2021: posts big blind 60
*** HOLE CARDS ***
Dealt to Mahu2021 [3s Qh]
ginsiuks85: calls 30
Mahu2021: checks 
*** FLOP *** [5d 7c 8c]
Mahu2021: checks 
ginsiuks85: checks 
*** TURN *** [5d 7c 8c] [8d]
Mahu2021: checks 
ginsiuks85: bets 60
Mahu2021: folds 
Uncalled bet (60) returned to ginsiuks85
ginsiuks85 collected 120 from pot
*** SUMMARY ***
Total pot 120 | Rake 0 
Board [5d 7c 8c 8d]
Seat 1: Mahu2021 (big blind) folded on the Turn
Seat 2: ginsiuks85 (button) (small blind) collected (120)



PokerStars Hand #252774889341: Tournament #3808373361, $1.84+$0.16 USD Hold'em No Limit - Level IV (30/60) - 2024/10/05 9:41:00 CET [2024/10/05 3:41:00 ET]
Table '3808373361 1' 3-max Seat #1 is the button
Seat 1: Mahu2021 (470 in chips) 
Seat 2: ginsiuks85 (1030 in chips) 
Mahu2021: posts small blind 30
ginsiuks85: posts big blind 60
*** HOLE CARDS ***
Dealt to Mahu2021 [7s 8d]
Mahu2021: calls 30
ginsiuks85: checks 
*** FLOP *** [4d Kh Jd]
ginsiuks85: checks 
Mahu2021: bets 60
ginsiuks85: folds 
Uncalled bet (60) returned to Mahu2021
Mahu2021 collected 120 from pot
Mahu2021: doesn't show hand 
*** SUMMARY ***
Total pot 120 | Rake 0 
Board [4d Kh Jd]
Seat 1: Mahu2021 (button) (small blind) collected (120)
Seat 2: ginsiuks85 (big blind) folded on the Flop



PokerStars Hand #252774890423: Tournament #3808373361, $1.84+$0.16 USD Hold'em No Limit - Level V (40/80) - 2024/10/05 9:41:11 CET [2024/10/05 3:41:11 ET]
Table '3808373361 1' 3-max Seat #2 is the button
Seat 1: Mahu2021 (530 in chips) 
Seat 2: ginsiuks85 (970 in chips) 
ginsiuks85: posts small blind 40
Mahu2021: posts big blind 80
*** HOLE CARDS ***
Dealt to Mahu2021 [4d Qc]
ginsiuks85: raises 890 to 970 and is all-in
Mahu2021: folds 
Uncalled bet (890) returned to ginsiuks85
ginsiuks85 collected 160 from pot
*** SUMMARY ***
Total pot 160 | Rake 0 
Seat 1: Mahu2021 (big blind) folded before Flop
Seat 2: ginsiuks85 (button) (small blind) collected (160)



PokerStars Hand #252774891048: Tournament #3808373361, $1.84+$0.16 USD Hold'em No Limit - Level V (40/80) - 2024/10/05 9:41:17 CET [2024/10/05 3:41:17 ET]
Table '3808373361 1' 3-max Seat #1 is the button
Seat 1: Mahu2021 (450 in chips) 
Seat 2: ginsiuks85 (1050 in chips) 
Mahu2021: posts small blind 40
ginsiuks85: posts big blind 80
*** HOLE CARDS ***
Dealt to Mahu2021 [Qh 7s]
Mahu2021: calls 40
ginsiuks85: checks 
*** FLOP *** [7h Th 3s]
ginsiuks85: checks 
Mahu2021: bets 80
ginsiuks85: calls 80
*** TURN *** [7h Th 3s] [Ah]
ginsiuks85: checks 
Mahu2021: bets 290 and is all-in
ginsiuks85: calls 290
*** RIVER *** [7h Th 3s Ah] [Ac]
*** SHOW DOWN ***
ginsiuks85: shows [4d 7d] (two pair, Aces and Sevens)
Mahu2021: shows [Qh 7s] (two pair, Aces and Sevens - Queen kicker)
Mahu2021 collected 900 from pot
*** SUMMARY ***
Total pot 900 | Rake 0 
Board [7h Th 3s Ah Ac]
Seat 1: Mahu2021 (button) (small blind) showed [Qh 7s] and won (900) with two pair, Aces and Sevens
Seat 2: ginsiuks85 (big blind) showed [4d 7d] and lost with two pair, Aces and Sevens



PokerStars Hand #252774892576: Tournament #3808373361, $1.84+$0.16 USD Hold'em No Limit - Level V (40/80) - 2024/10/05 9:41:33 CET [2024/10/05 3:41:33 ET]
Table '3808373361 1' 3-max Seat #2 is the button
Seat 1: Mahu2021 (900 in chips) 
Seat 2: ginsiuks85 (600 in chips) 
ginsiuks85: posts small blind 40
Mahu2021: posts big blind 80
*** HOLE CARDS ***
Dealt to Mahu2021 [4h Qc]
ginsiuks85: folds 
Uncalled bet (40) returned to Mahu2021
Mahu2021 collected 80 from pot
Mahu2021: doesn't show hand 
*** SUMMARY ***
Total pot 80 | Rake 0 
Seat 1: Mahu2021 (big blind) collected (80)
Seat 2: ginsiuks85 (button) (small blind) folded before Flop



PokerStars Hand #252774892875: Tournament #3808373361, $1.84+$0.16 USD Hold'em No Limit - Level V (40/80) - 2024/10/05 9:41:37 CET [2024/10/05 3:41:37 ET]
Table '3808373361 1' 3-max Seat #1 is the button
Seat 1: Mahu2021 (940 in chips) 
Seat 2: ginsiuks85 (560 in chips) 
Mahu2021: posts small blind 40
ginsiuks85: posts big blind 80
*** HOLE CARDS ***
Dealt to Mahu2021 [8h 5h]
Mahu2021: calls 40
ginsiuks85: raises 120 to 200
Mahu2021: folds 
Uncalled bet (120) returned to ginsiuks85
ginsiuks85 collected 160 from pot
*** SUMMARY ***
Total pot 160 | Rake 0 
Seat 1: Mahu2021 (button) (small blind) folded before Flop
Seat 2: ginsiuks85 (big blind) collected (160)



PokerStars Hand #252774893623: Tournament #3808373361, $1.84+$0.16 USD Hold'em No Limit - Level V (40/80) - 2024/10/05 9:41:44 CET [2024/10/05 3:41:44 ET]
Table '3808373361 1' 3-max Seat #2 is the button
Seat 1: Mahu2021 (860 in chips) 
Seat 2: ginsiuks85 (640 in chips) 
ginsiuks85: posts small blind 40
Mahu2021: posts big blind 80
*** HOLE CARDS ***
Dealt to Mahu2021 [8d 8c]
ginsiuks85: calls 40
Mahu2021: raises 780 to 860 and is all-in
ginsiuks85: folds 
Uncalled bet (780) returned to Mahu2021
Mahu2021 collected 160 from pot
Mahu2021: doesn't show hand 
*** SUMMARY ***
Total pot 160 | Rake 0 
Seat 1: Mahu2021 (big blind) collected (160)
Seat 2: ginsiuks85 (button) (small blind) folded before Flop



PokerStars Hand #252774894152: Tournament #3808373361, $1.84+$0.16 USD Hold'em No Limit - Level V (40/80) - 2024/10/05 9:41:50 CET [2024/10/05 3:41:50 ET]
Table '3808373361 1' 3-max Seat #1 is the button
Seat 1: Mahu2021 (940 in chips) 
Seat 2: ginsiuks85 (560 in chips) 
Mahu2021: posts small blind 40
ginsiuks85: posts big blind 80
*** HOLE CARDS ***
Dealt to Mahu2021 [9c 7d]
Mahu2021: calls 40
ginsiuks85: raises 180 to 260
Mahu2021: folds 
Uncalled bet (180) returned to ginsiuks85
ginsiuks85 collected 160 from pot
*** SUMMARY ***
Total pot 160 | Rake 0 
Seat 1: Mahu2021 (button) (small blind) folded before Flop
Seat 2: ginsiuks85 (big blind) collected (160)



PokerStars Hand #252774895024: Tournament #3808373361, $1.84+$0.16 USD Hold'em No Limit - Level V (40/80) - 2024/10/05 9:41:59 CET [2024/10/05 3:41:59 ET]
Table '3808373361 1' 3-max Seat #2 is the button
Seat 1: Mahu2021 (860 in chips) 
Seat 2: ginsiuks85 (640 in chips) 
ginsiuks85: posts small blind 40
Mahu2021: posts big blind 80
*** HOLE CARDS ***
Dealt to Mahu2021 [6c 6h]
ginsiuks85: raises 560 to 640 and is all-in
Mahu2021: calls 560
*** FLOP *** [6s Th 8h]
*** TURN *** [6s Th 8h] [8c]
*** RIVER *** [6s Th 8h 8c] [2h]
*** SHOW DOWN ***
Mahu2021: shows [6c 6h] (a full house, Sixes full of Eights)
ginsiuks85: shows [Kh 7c] (a pair of Eights)
Mahu2021 collected 1280 from pot
ginsiuks85 finished the tournament in 2nd place
Mahu2021 wins the tournament and receives $4.00 - congratulations!
*** SUMMARY ***
Total pot 1280 | Rake 0 
Board [6s Th 8h 8c 2h]
Seat 1: Mahu2021 (big blind) showed [6c 6h] and won (1280) with a full house, Sixes full of Eights
Seat 2: ginsiuks85 (button) (small blind) showed [Kh 7c] and lost with a pair of Eights



