PokerStars Hand #249579184626: Tournament #3732603424, $1.84+$0.16 USD Hold'em No Limit - Level I (10/20) - 2024/03/23 18:11:33 CET [2024/03/23 13:11:33 ET]
Table '3732603424 1' 3-max Seat #1 is the button
Seat 1: Galim74 (500 in chips) 
Seat 2: PAS14051958 (500 in chips) 
Seat 3: Mahu2021 (500 in chips) 
PAS14051958: posts small blind 10
Mahu2021: posts big blind 20
*** HOLE CARDS ***
Dealt to Mahu2021 [Jc 5c]
Galim74: raises 20 to 40
PAS14051958: calls 30
Mahu2021: calls 20
*** FLOP *** [7s 7d Qd]
PAS14051958: checks 
Mahu2021: checks 
Galim74: bets 20
PAS14051958: raises 20 to 40
Mahu2021: folds 
Galim74: calls 20
*** TURN *** [7s 7d Qd] [9s]
PAS14051958: bets 20
Galim74: calls 20
*** RIVER *** [7s 7d Qd 9s] [Qs]
PAS14051958: checks 
Galim74: checks 
*** SHOW DOWN ***
PAS14051958: shows [6h Js] (two pair, Queens and Sevens)
Galim74: shows [As Td] (two pair, Queens and Sevens - Ace kicker)
Galim74 collected 240 from pot
*** SUMMARY ***
Total pot 240 | Rake 0 
Board [7s 7d Qd 9s Qs]
Seat 1: Galim74 (button) showed [As Td] and won (240) with two pair, Queens and Sevens
Seat 2: PAS14051958 (small blind) showed [6h Js] and lost with two pair, Queens and Sevens
Seat 3: Mahu2021 (big blind) folded on the Flop



PokerStars Hand #249579191495: Tournament #3732603424, $1.84+$0.16 USD Hold'em No Limit - Level I (10/20) - 2024/03/23 18:11:56 CET [2024/03/23 13:11:56 ET]
Table '3732603424 1' 3-max Seat #2 is the button
Seat 1: Galim74 (640 in chips) 
Seat 2: PAS14051958 (400 in chips) 
Seat 3: Mahu2021 (460 in chips) 
Mahu2021: posts small blind 10
Galim74: posts big blind 20
*** HOLE CARDS ***
Dealt to Mahu2021 [Ks Js]
PAS14051958: raises 20 to 40
Mahu2021: calls 30
Galim74: calls 20
*** FLOP *** [6d Qs Qc]
Mahu2021: checks 
Galim74: checks 
PAS14051958: bets 360 and is all-in
Mahu2021: folds 
Galim74: folds 
Uncalled bet (360) returned to PAS14051958
PAS14051958 collected 120 from pot
*** SUMMARY ***
Total pot 120 | Rake 0 
Board [6d Qs Qc]
Seat 1: Galim74 (big blind) folded on the Flop
Seat 2: PAS14051958 (button) collected (120)
Seat 3: Mahu2021 (small blind) folded on the Flop



PokerStars Hand #249579195576: Tournament #3732603424, $1.84+$0.16 USD Hold'em No Limit - Level I (10/20) - 2024/03/23 18:12:10 CET [2024/03/23 13:12:10 ET]
Table '3732603424 1' 3-max Seat #3 is the button
Seat 1: Galim74 (600 in chips) 
Seat 2: PAS14051958 (480 in chips) 
Seat 3: Mahu2021 (420 in chips) 
Galim74: posts small blind 10
PAS14051958: posts big blind 20
*** HOLE CARDS ***
Dealt to Mahu2021 [Kh Kc]
Mahu2021: raises 400 to 420 and is all-in
Galim74: calls 410
PAS14051958: folds 
*** FLOP *** [8d 5d Ac]
*** TURN *** [8d 5d Ac] [8h]
*** RIVER *** [8d 5d Ac 8h] [4d]
*** SHOW DOWN ***
Galim74: shows [Ks Qc] (a pair of Eights)
Mahu2021: shows [Kh Kc] (two pair, Kings and Eights)
Mahu2021 collected 860 from pot
*** SUMMARY ***
Total pot 860 | Rake 0 
Board [8d 5d Ac 8h 4d]
Seat 1: Galim74 (small blind) showed [Ks Qc] and lost with a pair of Eights
Seat 2: PAS14051958 (big blind) folded before Flop
Seat 3: Mahu2021 (button) showed [Kh Kc] and won (860) with two pair, Kings and Eights



PokerStars Hand #249579200441: Tournament #3732603424, $1.84+$0.16 USD Hold'em No Limit - Level I (10/20) - 2024/03/23 18:12:26 CET [2024/03/23 13:12:26 ET]
Table '3732603424 1' 3-max Seat #1 is the button
Seat 1: Galim74 (180 in chips) 
Seat 2: PAS14051958 (460 in chips) 
Seat 3: Mahu2021 (860 in chips) 
PAS14051958: posts small blind 10
Mahu2021: posts big blind 20
*** HOLE CARDS ***
Dealt to Mahu2021 [Qh Kd]
Galim74: calls 20
PAS14051958: calls 10
Mahu2021: checks 
*** FLOP *** [4s Kc 8s]
PAS14051958: checks 
Mahu2021: bets 20
Galim74: folds 
PAS14051958: folds 
Uncalled bet (20) returned to Mahu2021
Mahu2021 collected 60 from pot
Mahu2021: doesn't show hand 
*** SUMMARY ***
Total pot 60 | Rake 0 
Board [4s Kc 8s]
Seat 1: Galim74 (button) folded on the Flop
Seat 2: PAS14051958 (small blind) folded on the Flop
Seat 3: Mahu2021 (big blind) collected (60)



PokerStars Hand #249579204108: Tournament #3732603424, $1.84+$0.16 USD Hold'em No Limit - Level I (10/20) - 2024/03/23 18:12:39 CET [2024/03/23 13:12:39 ET]
Table '3732603424 1' 3-max Seat #2 is the button
Seat 1: Galim74 (160 in chips) 
Seat 2: PAS14051958 (440 in chips) 
Seat 3: Mahu2021 (900 in chips) 
Mahu2021: posts small blind 10
Galim74: posts big blind 20
*** HOLE CARDS ***
Dealt to Mahu2021 [8h 5h]
PAS14051958: raises 20 to 40
Mahu2021: folds 
Galim74: raises 120 to 160 and is all-in
PAS14051958: calls 120
*** FLOP *** [7d Ad 5d]
*** TURN *** [7d Ad 5d] [4h]
*** RIVER *** [7d Ad 5d 4h] [9d]
*** SHOW DOWN ***
Galim74: shows [Ac Kc] (a pair of Aces)
PAS14051958: shows [Qd 8s] (a flush, Ace high)
PAS14051958 collected 330 from pot
Galim74 finished the tournament in 3rd place
*** SUMMARY ***
Total pot 330 | Rake 0 
Board [7d Ad 5d 4h 9d]
Seat 1: Galim74 (big blind) showed [Ac Kc] and lost with a pair of Aces
Seat 2: PAS14051958 (button) showed [Qd 8s] and won (330) with a flush, Ace high
Seat 3: Mahu2021 (small blind) folded before Flop



PokerStars Hand #249579209200: Tournament #3732603424, $1.84+$0.16 USD Hold'em No Limit - Level I (10/20) - 2024/03/23 18:12:57 CET [2024/03/23 13:12:57 ET]
Table '3732603424 1' 3-max Seat #3 is the button
Seat 2: PAS14051958 (610 in chips) 
Seat 3: Mahu2021 (890 in chips) 
Mahu2021: posts small blind 10
PAS14051958: posts big blind 20
*** HOLE CARDS ***
Dealt to Mahu2021 [Jd 2h]
Mahu2021: calls 10
PAS14051958: raises 80 to 100
Mahu2021: folds 
Uncalled bet (80) returned to PAS14051958
PAS14051958 collected 40 from pot
*** SUMMARY ***
Total pot 40 | Rake 0 
Seat 2: PAS14051958 (big blind) collected (40)
Seat 3: Mahu2021 (button) (small blind) folded before Flop



PokerStars Hand #249579211613: Tournament #3732603424, $1.84+$0.16 USD Hold'em No Limit - Level I (10/20) - 2024/03/23 18:13:05 CET [2024/03/23 13:13:05 ET]
Table '3732603424 1' 3-max Seat #2 is the button
Seat 2: PAS14051958 (630 in chips) 
Seat 3: Mahu2021 (870 in chips) 
PAS14051958: posts small blind 10
Mahu2021: posts big blind 20
*** HOLE CARDS ***
Dealt to Mahu2021 [Kd Jd]
PAS14051958: calls 10
Mahu2021: raises 40 to 60
PAS14051958: calls 40
*** FLOP *** [As Ts Ac]
Mahu2021: checks 
PAS14051958: bets 20
Mahu2021: calls 20
*** TURN *** [As Ts Ac] [9s]
Mahu2021: checks 
PAS14051958: bets 20
Mahu2021: calls 20
*** RIVER *** [As Ts Ac 9s] [8d]
Mahu2021: checks 
PAS14051958: checks 
*** SHOW DOWN ***
Mahu2021: shows [Kd Jd] (a pair of Aces)
PAS14051958: shows [9c 4c] (two pair, Aces and Nines)
PAS14051958 collected 200 from pot
*** SUMMARY ***
Total pot 200 | Rake 0 
Board [As Ts Ac 9s 8d]
Seat 2: PAS14051958 (button) (small blind) showed [9c 4c] and won (200) with two pair, Aces and Nines
Seat 3: Mahu2021 (big blind) showed [Kd Jd] and lost with a pair of Aces



PokerStars Hand #249579216533: Tournament #3732603424, $1.84+$0.16 USD Hold'em No Limit - Level I (10/20) - 2024/03/23 18:13:22 CET [2024/03/23 13:13:22 ET]
Table '3732603424 1' 3-max Seat #3 is the button
Seat 2: PAS14051958 (730 in chips) 
Seat 3: Mahu2021 (770 in chips) 
Mahu2021: posts small blind 10
PAS14051958: posts big blind 20
*** HOLE CARDS ***
Dealt to Mahu2021 [Td 4h]
Mahu2021: folds 
Uncalled bet (10) returned to PAS14051958
PAS14051958 collected 20 from pot
*** SUMMARY ***
Total pot 20 | Rake 0 
Seat 2: PAS14051958 (big blind) collected (20)
Seat 3: Mahu2021 (button) (small blind) folded before Flop



PokerStars Hand #249579217768: Tournament #3732603424, $1.84+$0.16 USD Hold'em No Limit - Level I (10/20) - 2024/03/23 18:13:26 CET [2024/03/23 13:13:26 ET]
Table '3732603424 1' 3-max Seat #2 is the button
Seat 2: PAS14051958 (740 in chips) 
Seat 3: Mahu2021 (760 in chips) 
PAS14051958: posts small blind 10
Mahu2021: posts big blind 20
*** HOLE CARDS ***
Dealt to Mahu2021 [Ad 4s]
PAS14051958: folds 
Uncalled bet (10) returned to Mahu2021
Mahu2021 collected 20 from pot
Mahu2021: doesn't show hand 
*** SUMMARY ***
Total pot 20 | Rake 0 
Seat 2: PAS14051958 (button) (small blind) folded before Flop
Seat 3: Mahu2021 (big blind) collected (20)



PokerStars Hand #249579219139: Tournament #3732603424, $1.84+$0.16 USD Hold'em No Limit - Level I (10/20) - 2024/03/23 18:13:31 CET [2024/03/23 13:13:31 ET]
Table '3732603424 1' 3-max Seat #3 is the button
Seat 2: PAS14051958 (730 in chips) 
Seat 3: Mahu2021 (770 in chips) 
Mahu2021: posts small blind 10
PAS14051958: posts big blind 20
*** HOLE CARDS ***
Dealt to Mahu2021 [8c 7h]
Mahu2021: calls 10
PAS14051958: checks 
*** FLOP *** [7s 9d Qs]
PAS14051958: checks 
Mahu2021: bets 20
PAS14051958: folds 
Uncalled bet (20) returned to Mahu2021
Mahu2021 collected 40 from pot
Mahu2021: doesn't show hand 
*** SUMMARY ***
Total pot 40 | Rake 0 
Board [7s 9d Qs]
Seat 2: PAS14051958 (big blind) folded on the Flop
Seat 3: Mahu2021 (button) (small blind) collected (40)



PokerStars Hand #249579221975: Tournament #3732603424, $1.84+$0.16 USD Hold'em No Limit - Level I (10/20) - 2024/03/23 18:13:40 CET [2024/03/23 13:13:40 ET]
Table '3732603424 1' 3-max Seat #2 is the button
Seat 2: PAS14051958 (710 in chips) 
Seat 3: Mahu2021 (790 in chips) 
PAS14051958: posts small blind 10
Mahu2021: posts big blind 20
*** HOLE CARDS ***
Dealt to Mahu2021 [9s 7s]
PAS14051958: raises 20 to 40
Mahu2021: calls 20
*** FLOP *** [6h 8d 4s]
Mahu2021: checks 
PAS14051958: bets 80
Mahu2021: calls 80
*** TURN *** [6h 8d 4s] [Qc]
Mahu2021: checks 
PAS14051958: bets 240
Mahu2021: folds 
Uncalled bet (240) returned to PAS14051958
PAS14051958 collected 240 from pot
*** SUMMARY ***
Total pot 240 | Rake 0 
Board [6h 8d 4s Qc]
Seat 2: PAS14051958 (button) (small blind) collected (240)
Seat 3: Mahu2021 (big blind) folded on the Turn



PokerStars Hand #249579227349: Tournament #3732603424, $1.84+$0.16 USD Hold'em No Limit - Level I (10/20) - 2024/03/23 18:13:59 CET [2024/03/23 13:13:59 ET]
Table '3732603424 1' 3-max Seat #3 is the button
Seat 2: PAS14051958 (830 in chips) 
Seat 3: Mahu2021 (670 in chips) 
Mahu2021: posts small blind 10
PAS14051958: posts big blind 20
*** HOLE CARDS ***
Dealt to Mahu2021 [Qh 8s]
Mahu2021: calls 10
PAS14051958: checks 
*** FLOP *** [2h Kh 3h]
PAS14051958: bets 20
Mahu2021: calls 20
*** TURN *** [2h Kh 3h] [7d]
PAS14051958: bets 80
Mahu2021: calls 80
*** RIVER *** [2h Kh 3h 7d] [6c]
PAS14051958: bets 240
Mahu2021: folds 
Uncalled bet (240) returned to PAS14051958
PAS14051958 collected 240 from pot
*** SUMMARY ***
Total pot 240 | Rake 0 
Board [2h Kh 3h 7d 6c]
Seat 2: PAS14051958 (big blind) collected (240)
Seat 3: Mahu2021 (button) (small blind) folded on the River



PokerStars Hand #249579231860: Tournament #3732603424, $1.84+$0.16 USD Hold'em No Limit - Level I (10/20) - 2024/03/23 18:14:14 CET [2024/03/23 13:14:14 ET]
Table '3732603424 1' 3-max Seat #2 is the button
Seat 2: PAS14051958 (950 in chips) 
Seat 3: Mahu2021 (550 in chips) 
PAS14051958: posts small blind 10
Mahu2021: posts big blind 20
*** HOLE CARDS ***
Dealt to Mahu2021 [2h Ac]
PAS14051958: folds 
Uncalled bet (10) returned to Mahu2021
Mahu2021 collected 20 from pot
Mahu2021: doesn't show hand 
*** SUMMARY ***
Total pot 20 | Rake 0 
Seat 2: PAS14051958 (button) (small blind) folded before Flop
Seat 3: Mahu2021 (big blind) collected (20)



PokerStars Hand #249579233227: Tournament #3732603424, $1.84+$0.16 USD Hold'em No Limit - Level I (10/20) - 2024/03/23 18:14:19 CET [2024/03/23 13:14:19 ET]
Table '3732603424 1' 3-max Seat #3 is the button
Seat 2: PAS14051958 (940 in chips) 
Seat 3: Mahu2021 (560 in chips) 
Mahu2021: posts small blind 10
PAS14051958: posts big blind 20
*** HOLE CARDS ***
Dealt to Mahu2021 [Ts 4h]
Mahu2021: folds 
Uncalled bet (10) returned to PAS14051958
PAS14051958 collected 20 from pot
*** SUMMARY ***
Total pot 20 | Rake 0 
Seat 2: PAS14051958 (big blind) collected (20)
Seat 3: Mahu2021 (button) (small blind) folded before Flop



PokerStars Hand #249579234454: Tournament #3732603424, $1.84+$0.16 USD Hold'em No Limit - Level I (10/20) - 2024/03/23 18:14:23 CET [2024/03/23 13:14:23 ET]
Table '3732603424 1' 3-max Seat #2 is the button
Seat 2: PAS14051958 (950 in chips) 
Seat 3: Mahu2021 (550 in chips) 
PAS14051958: posts small blind 10
Mahu2021: posts big blind 20
*** HOLE CARDS ***
Dealt to Mahu2021 [5s Kc]
PAS14051958: calls 10
Mahu2021: checks 
*** FLOP *** [3d 6h 6s]
Mahu2021: checks 
PAS14051958: bets 20
Mahu2021: calls 20
*** TURN *** [3d 6h 6s] [Ah]
Mahu2021: checks 
PAS14051958: checks 
*** RIVER *** [3d 6h 6s Ah] [4s]
Mahu2021: checks 
PAS14051958: checks 
*** SHOW DOWN ***
Mahu2021: shows [5s Kc] (a pair of Sixes)
PAS14051958: mucks hand 
Mahu2021 collected 80 from pot
*** SUMMARY ***
Total pot 80 | Rake 0 
Board [3d 6h 6s Ah 4s]
Seat 2: PAS14051958 (button) (small blind) mucked [8s Qs]
Seat 3: Mahu2021 (big blind) showed [5s Kc] and won (80) with a pair of Sixes



PokerStars Hand #249579239830: Tournament #3732603424, $1.84+$0.16 USD Hold'em No Limit - Level II (15/30) - 2024/03/23 18:14:42 CET [2024/03/23 13:14:42 ET]
Table '3732603424 1' 3-max Seat #3 is the button
Seat 2: PAS14051958 (910 in chips) 
Seat 3: Mahu2021 (590 in chips) 
Mahu2021: posts small blind 15
PAS14051958: posts big blind 30
*** HOLE CARDS ***
Dealt to Mahu2021 [Kh 4s]
Mahu2021: raises 30 to 60
PAS14051958: calls 30
*** FLOP *** [4c 7c 6s]
PAS14051958: bets 30
Mahu2021: calls 30
*** TURN *** [4c 7c 6s] [9s]
PAS14051958: bets 30
Mahu2021: calls 30
*** RIVER *** [4c 7c 6s 9s] [2s]
PAS14051958: bets 30
Mahu2021: raises 440 to 470 and is all-in
PAS14051958: folds 
Uncalled bet (440) returned to Mahu2021
Mahu2021 collected 300 from pot
Mahu2021: doesn't show hand 
*** SUMMARY ***
Total pot 300 | Rake 0 
Board [4c 7c 6s 9s 2s]
Seat 2: PAS14051958 (big blind) folded on the River
Seat 3: Mahu2021 (button) (small blind) collected (300)



PokerStars Hand #249579244917: Tournament #3732603424, $1.84+$0.16 USD Hold'em No Limit - Level II (15/30) - 2024/03/23 18:14:59 CET [2024/03/23 13:14:59 ET]
Table '3732603424 1' 3-max Seat #2 is the button
Seat 2: PAS14051958 (760 in chips) 
Seat 3: Mahu2021 (740 in chips) 
PAS14051958: posts small blind 15
Mahu2021: posts big blind 30
*** HOLE CARDS ***
Dealt to Mahu2021 [Qd 6s]
PAS14051958: calls 15
Mahu2021: checks 
*** FLOP *** [7h Ah 6h]
Mahu2021: checks 
PAS14051958: checks 
*** TURN *** [7h Ah 6h] [5d]
Mahu2021: checks 
PAS14051958: checks 
*** RIVER *** [7h Ah 6h 5d] [5s]
Mahu2021: bets 60
PAS14051958: calls 60
*** SHOW DOWN ***
Mahu2021: shows [Qd 6s] (two pair, Sixes and Fives)
PAS14051958: mucks hand 
Mahu2021 collected 180 from pot
*** SUMMARY ***
Total pot 180 | Rake 0 
Board [7h Ah 6h 5d 5s]
Seat 2: PAS14051958 (button) (small blind) mucked [4s 4h]
Seat 3: Mahu2021 (big blind) showed [Qd 6s] and won (180) with two pair, Sixes and Fives



PokerStars Hand #249579249669: Tournament #3732603424, $1.84+$0.16 USD Hold'em No Limit - Level II (15/30) - 2024/03/23 18:15:14 CET [2024/03/23 13:15:14 ET]
Table '3732603424 1' 3-max Seat #3 is the button
Seat 2: PAS14051958 (670 in chips) 
Seat 3: Mahu2021 (830 in chips) 
Mahu2021: posts small blind 15
PAS14051958: posts big blind 30
*** HOLE CARDS ***
Dealt to Mahu2021 [4s 2c]
Mahu2021: folds 
Uncalled bet (15) returned to PAS14051958
PAS14051958 collected 30 from pot
*** SUMMARY ***
Total pot 30 | Rake 0 
Seat 2: PAS14051958 (big blind) collected (30)
Seat 3: Mahu2021 (button) (small blind) folded before Flop



PokerStars Hand #249579250911: Tournament #3732603424, $1.84+$0.16 USD Hold'em No Limit - Level II (15/30) - 2024/03/23 18:15:18 CET [2024/03/23 13:15:18 ET]
Table '3732603424 1' 3-max Seat #2 is the button
Seat 2: PAS14051958 (685 in chips) 
Seat 3: Mahu2021 (815 in chips) 
PAS14051958: posts small blind 15
Mahu2021: posts big blind 30
*** HOLE CARDS ***
Dealt to Mahu2021 [8c 8s]
PAS14051958: calls 15
Mahu2021: raises 785 to 815 and is all-in
PAS14051958: folds 
Uncalled bet (785) returned to Mahu2021
Mahu2021 collected 60 from pot
Mahu2021: doesn't show hand 
*** SUMMARY ***
Total pot 60 | Rake 0 
Seat 2: PAS14051958 (button) (small blind) folded before Flop
Seat 3: Mahu2021 (big blind) collected (60)



PokerStars Hand #249579253219: Tournament #3732603424, $1.84+$0.16 USD Hold'em No Limit - Level II (15/30) - 2024/03/23 18:15:26 CET [2024/03/23 13:15:26 ET]
Table '3732603424 1' 3-max Seat #3 is the button
Seat 2: PAS14051958 (655 in chips) 
Seat 3: Mahu2021 (845 in chips) 
Mahu2021: posts small blind 15
PAS14051958: posts big blind 30
*** HOLE CARDS ***
Dealt to Mahu2021 [Kh 4c]
Mahu2021: calls 15
PAS14051958: checks 
*** FLOP *** [Tc Qd 9c]
PAS14051958: checks 
Mahu2021: checks 
*** TURN *** [Tc Qd 9c] [7d]
PAS14051958: checks 
Mahu2021: checks 
*** RIVER *** [Tc Qd 9c 7d] [7s]
PAS14051958: bets 60
Mahu2021: folds 
Uncalled bet (60) returned to PAS14051958
PAS14051958 collected 60 from pot
*** SUMMARY ***
Total pot 60 | Rake 0 
Board [Tc Qd 9c 7d 7s]
Seat 2: PAS14051958 (big blind) collected (60)
Seat 3: Mahu2021 (button) (small blind) folded on the River



PokerStars Hand #249579257464: Tournament #3732603424, $1.84+$0.16 USD Hold'em No Limit - Level II (15/30) - 2024/03/23 18:15:40 CET [2024/03/23 13:15:40 ET]
Table '3732603424 1' 3-max Seat #2 is the button
Seat 2: PAS14051958 (685 in chips) 
Seat 3: Mahu2021 (815 in chips) 
PAS14051958: posts small blind 15
Mahu2021: posts big blind 30
*** HOLE CARDS ***
Dealt to Mahu2021 [Jd 7c]
PAS14051958: calls 15
Mahu2021: checks 
*** FLOP *** [Td 9h Qc]
Mahu2021: checks 
PAS14051958: bets 60
Mahu2021: calls 60
*** TURN *** [Td 9h Qc] [Th]
Mahu2021: checks 
PAS14051958: bets 180
Mahu2021: folds 
Uncalled bet (180) returned to PAS14051958
PAS14051958 collected 180 from pot
*** SUMMARY ***
Total pot 180 | Rake 0 
Board [Td 9h Qc Th]
Seat 2: PAS14051958 (button) (small blind) collected (180)
Seat 3: Mahu2021 (big blind) folded on the Turn



PokerStars Hand #249579262075: Tournament #3732603424, $1.84+$0.16 USD Hold'em No Limit - Level II (15/30) - 2024/03/23 18:15:55 CET [2024/03/23 13:15:55 ET]
Table '3732603424 1' 3-max Seat #3 is the button
Seat 2: PAS14051958 (775 in chips) 
Seat 3: Mahu2021 (725 in chips) 
Mahu2021: posts small blind 15
PAS14051958: posts big blind 30
*** HOLE CARDS ***
Dealt to Mahu2021 [Ks Tc]
Mahu2021: calls 15
PAS14051958: checks 
*** FLOP *** [8s 4d Kh]
PAS14051958: checks 
Mahu2021: bets 30
PAS14051958: calls 30
*** TURN *** [8s 4d Kh] [7s]
PAS14051958: checks 
Mahu2021: bets 30
PAS14051958: calls 30
*** RIVER *** [8s 4d Kh 7s] [8h]
PAS14051958: checks 
Mahu2021: bets 60
PAS14051958: calls 60
*** SHOW DOWN ***
Mahu2021: shows [Ks Tc] (two pair, Kings and Eights)
PAS14051958: mucks hand 
Mahu2021 collected 300 from pot
*** SUMMARY ***
Total pot 300 | Rake 0 
Board [8s 4d Kh 7s 8h]
Seat 2: PAS14051958 (big blind) mucked [7h 5d]
Seat 3: Mahu2021 (button) (small blind) showed [Ks Tc] and won (300) with two pair, Kings and Eights



PokerStars Hand #249579268063: Tournament #3732603424, $1.84+$0.16 USD Hold'em No Limit - Level II (15/30) - 2024/03/23 18:16:14 CET [2024/03/23 13:16:14 ET]
Table '3732603424 1' 3-max Seat #2 is the button
Seat 2: PAS14051958 (625 in chips) 
Seat 3: Mahu2021 (875 in chips) 
PAS14051958: posts small blind 15
Mahu2021: posts big blind 30
*** HOLE CARDS ***
Dealt to Mahu2021 [3s Qs]
PAS14051958: calls 15
Mahu2021: checks 
*** FLOP *** [Kc 3d 7s]
Mahu2021: checks 
PAS14051958: checks 
*** TURN *** [Kc 3d 7s] [2c]
Mahu2021: checks 
PAS14051958: checks 
*** RIVER *** [Kc 3d 7s 2c] [Ah]
Mahu2021: checks 
PAS14051958: checks 
*** SHOW DOWN ***
Mahu2021: shows [3s Qs] (a pair of Threes)
PAS14051958: mucks hand 
Mahu2021 collected 60 from pot
*** SUMMARY ***
Total pot 60 | Rake 0 
Board [Kc 3d 7s 2c Ah]
Seat 2: PAS14051958 (button) (small blind) mucked [6c Qd]
Seat 3: Mahu2021 (big blind) showed [3s Qs] and won (60) with a pair of Threes



PokerStars Hand #249579272380: Tournament #3732603424, $1.84+$0.16 USD Hold'em No Limit - Level II (15/30) - 2024/03/23 18:16:29 CET [2024/03/23 13:16:29 ET]
Table '3732603424 1' 3-max Seat #3 is the button
Seat 2: PAS14051958 (595 in chips) 
Seat 3: Mahu2021 (905 in chips) 
Mahu2021: posts small blind 15
PAS14051958: posts big blind 30
*** HOLE CARDS ***
Dealt to Mahu2021 [2h Js]
Mahu2021: calls 15
PAS14051958: raises 30 to 60
Mahu2021: calls 30
*** FLOP *** [7s 6c 7d]
PAS14051958: bets 30
Mahu2021: folds 
Uncalled bet (30) returned to PAS14051958
PAS14051958 collected 120 from pot
*** SUMMARY ***
Total pot 120 | Rake 0 
Board [7s 6c 7d]
Seat 2: PAS14051958 (big blind) collected (120)
Seat 3: Mahu2021 (button) (small blind) folded on the Flop



PokerStars Hand #249579275159: Tournament #3732603424, $1.84+$0.16 USD Hold'em No Limit - Level II (15/30) - 2024/03/23 18:16:38 CET [2024/03/23 13:16:38 ET]
Table '3732603424 1' 3-max Seat #2 is the button
Seat 2: PAS14051958 (655 in chips) 
Seat 3: Mahu2021 (845 in chips) 
PAS14051958: posts small blind 15
Mahu2021: posts big blind 30
*** HOLE CARDS ***
Dealt to Mahu2021 [4d Qd]
PAS14051958: calls 15
Mahu2021: checks 
*** FLOP *** [2d 6h 5s]
Mahu2021: checks 
PAS14051958: bets 30
Mahu2021: calls 30
*** TURN *** [2d 6h 5s] [7d]
Mahu2021: checks 
PAS14051958: bets 30
Mahu2021: calls 30
*** RIVER *** [2d 6h 5s 7d] [Ks]
Mahu2021: checks 
PAS14051958: bets 60
Mahu2021: folds 
Uncalled bet (60) returned to PAS14051958
PAS14051958 collected 180 from pot
*** SUMMARY ***
Total pot 180 | Rake 0 
Board [2d 6h 5s 7d Ks]
Seat 2: PAS14051958 (button) (small blind) collected (180)
Seat 3: Mahu2021 (big blind) folded on the River



PokerStars Hand #249579280278: Tournament #3732603424, $1.84+$0.16 USD Hold'em No Limit - Level II (15/30) - 2024/03/23 18:16:54 CET [2024/03/23 13:16:54 ET]
Table '3732603424 1' 3-max Seat #3 is the button
Seat 2: PAS14051958 (745 in chips) 
Seat 3: Mahu2021 (755 in chips) 
Mahu2021: posts small blind 15
PAS14051958: posts big blind 30
*** HOLE CARDS ***
Dealt to Mahu2021 [5d Js]
Mahu2021: calls 15
PAS14051958: raises 715 to 745 and is all-in
Mahu2021: folds 
Uncalled bet (715) returned to PAS14051958
PAS14051958 collected 60 from pot
*** SUMMARY ***
Total pot 60 | Rake 0 
Seat 2: PAS14051958 (big blind) collected (60)
Seat 3: Mahu2021 (button) (small blind) folded before Flop



PokerStars Hand #249579282349: Tournament #3732603424, $1.84+$0.16 USD Hold'em No Limit - Level II (15/30) - 2024/03/23 18:17:01 CET [2024/03/23 13:17:01 ET]
Table '3732603424 1' 3-max Seat #2 is the button
Seat 2: PAS14051958 (775 in chips) 
Seat 3: Mahu2021 (725 in chips) 
PAS14051958: posts small blind 15
Mahu2021: posts big blind 30
*** HOLE CARDS ***
Dealt to Mahu2021 [Td 9c]
PAS14051958: calls 15
Mahu2021: checks 
*** FLOP *** [2d Tc Th]
Mahu2021: checks 
PAS14051958: bets 30
Mahu2021: calls 30
*** TURN *** [2d Tc Th] [5c]
Mahu2021: checks 
PAS14051958: bets 30
Mahu2021: calls 30
*** RIVER *** [2d Tc Th 5c] [2s]
Mahu2021: bets 635 and is all-in
PAS14051958: folds 
Uncalled bet (635) returned to Mahu2021
Mahu2021 collected 180 from pot
Mahu2021: doesn't show hand 
*** SUMMARY ***
Total pot 180 | Rake 0 
Board [2d Tc Th 5c 2s]
Seat 2: PAS14051958 (button) (small blind) folded on the River
Seat 3: Mahu2021 (big blind) collected (180)



PokerStars Hand #249579287354: Tournament #3732603424, $1.84+$0.16 USD Hold'em No Limit - Level II (15/30) - 2024/03/23 18:17:17 CET [2024/03/23 13:17:17 ET]
Table '3732603424 1' 3-max Seat #3 is the button
Seat 2: PAS14051958 (685 in chips) 
Seat 3: Mahu2021 (815 in chips) 
Mahu2021: posts small blind 15
PAS14051958: posts big blind 30
*** HOLE CARDS ***
Dealt to Mahu2021 [2d 8d]
Mahu2021: folds 
Uncalled bet (15) returned to PAS14051958
PAS14051958 collected 30 from pot
*** SUMMARY ***
Total pot 30 | Rake 0 
Seat 2: PAS14051958 (big blind) collected (30)
Seat 3: Mahu2021 (button) (small blind) folded before Flop



PokerStars Hand #249579288728: Tournament #3732603424, $1.84+$0.16 USD Hold'em No Limit - Level II (15/30) - 2024/03/23 18:17:21 CET [2024/03/23 13:17:21 ET]
Table '3732603424 1' 3-max Seat #2 is the button
Seat 2: PAS14051958 (700 in chips) 
Seat 3: Mahu2021 (800 in chips) 
PAS14051958: posts small blind 15
Mahu2021: posts big blind 30
*** HOLE CARDS ***
Dealt to Mahu2021 [7s Ks]
PAS14051958: calls 15
Mahu2021: checks 
*** FLOP *** [7c Js 5s]
Mahu2021: bets 30
PAS14051958: calls 30
*** TURN *** [7c Js 5s] [6c]
Mahu2021: bets 30
PAS14051958: calls 30
*** RIVER *** [7c Js 5s 6c] [2c]
Mahu2021: bets 30
PAS14051958: raises 240 to 270
Mahu2021: calls 240
*** SHOW DOWN ***
PAS14051958: shows [4c Kc] (a flush, King high)
Mahu2021: mucks hand 
PAS14051958 collected 720 from pot
*** SUMMARY ***
Total pot 720 | Rake 0 
Board [7c Js 5s 6c 2c]
Seat 2: PAS14051958 (button) (small blind) showed [4c Kc] and won (720) with a flush, King high
Seat 3: Mahu2021 (big blind) mucked [7s Ks]



PokerStars Hand #249579294259: Tournament #3732603424, $1.84+$0.16 USD Hold'em No Limit - Level III (20/40) - 2024/03/23 18:17:39 CET [2024/03/23 13:17:39 ET]
Table '3732603424 1' 3-max Seat #3 is the button
Seat 2: PAS14051958 (1060 in chips) 
Seat 3: Mahu2021 (440 in chips) 
Mahu2021: posts small blind 20
PAS14051958: posts big blind 40
*** HOLE CARDS ***
Dealt to Mahu2021 [6d 8s]
Mahu2021: folds 
Uncalled bet (20) returned to PAS14051958
PAS14051958 collected 40 from pot
*** SUMMARY ***
Total pot 40 | Rake 0 
Seat 2: PAS14051958 (big blind) collected (40)
Seat 3: Mahu2021 (button) (small blind) folded before Flop



PokerStars Hand #249579295548: Tournament #3732603424, $1.84+$0.16 USD Hold'em No Limit - Level III (20/40) - 2024/03/23 18:17:43 CET [2024/03/23 13:17:43 ET]
Table '3732603424 1' 3-max Seat #2 is the button
Seat 2: PAS14051958 (1080 in chips) 
Seat 3: Mahu2021 (420 in chips) 
PAS14051958: posts small blind 20
Mahu2021: posts big blind 40
*** HOLE CARDS ***
Dealt to Mahu2021 [5s 3s]
PAS14051958: calls 20
Mahu2021: checks 
*** FLOP *** [Js 7h 5c]
Mahu2021: bets 40
PAS14051958: raises 160 to 200
Mahu2021: folds 
Uncalled bet (160) returned to PAS14051958
PAS14051958 collected 160 from pot
*** SUMMARY ***
Total pot 160 | Rake 0 
Board [Js 7h 5c]
Seat 2: PAS14051958 (button) (small blind) collected (160)
Seat 3: Mahu2021 (big blind) folded on the Flop



PokerStars Hand #249579298700: Tournament #3732603424, $1.84+$0.16 USD Hold'em No Limit - Level III (20/40) - 2024/03/23 18:17:54 CET [2024/03/23 13:17:54 ET]
Table '3732603424 1' 3-max Seat #3 is the button
Seat 2: PAS14051958 (1160 in chips) 
Seat 3: Mahu2021 (340 in chips) 
Mahu2021: posts small blind 20
PAS14051958: posts big blind 40
*** HOLE CARDS ***
Dealt to Mahu2021 [Td Qd]
Mahu2021: raises 300 to 340 and is all-in
PAS14051958: folds 
Uncalled bet (300) returned to Mahu2021
Mahu2021 collected 80 from pot
Mahu2021: doesn't show hand 
*** SUMMARY ***
Total pot 80 | Rake 0 
Seat 2: PAS14051958 (big blind) folded before Flop
Seat 3: Mahu2021 (button) (small blind) collected (80)



PokerStars Hand #249579300588: Tournament #3732603424, $1.84+$0.16 USD Hold'em No Limit - Level III (20/40) - 2024/03/23 18:18:00 CET [2024/03/23 13:18:00 ET]
Table '3732603424 1' 3-max Seat #2 is the button
Seat 2: PAS14051958 (1120 in chips) 
Seat 3: Mahu2021 (380 in chips) 
PAS14051958: posts small blind 20
Mahu2021: posts big blind 40
*** HOLE CARDS ***
Dealt to Mahu2021 [Qs 7d]
PAS14051958: raises 40 to 80
Mahu2021: calls 40
*** FLOP *** [Ac 7c 6s]
Mahu2021: bets 300 and is all-in
PAS14051958: calls 300
*** TURN *** [Ac 7c 6s] [Ah]
*** RIVER *** [Ac 7c 6s Ah] [4d]
*** SHOW DOWN ***
Mahu2021: shows [Qs 7d] (two pair, Aces and Sevens)
PAS14051958: shows [8c 5c] (a straight, Four to Eight)
PAS14051958 collected 760 from pot
Mahu2021 finished the tournament in 2nd place
PAS14051958 wins the tournament and receives $6.00 - congratulations!
*** SUMMARY ***
Total pot 760 | Rake 0 
Board [Ac 7c 6s Ah 4d]
Seat 2: PAS14051958 (button) (small blind) showed [8c 5c] and won (760) with a straight, Four to Eight
Seat 3: Mahu2021 (big blind) showed [Qs 7d] and lost with two pair, Aces and Sevens



