PokerStars Zoom Hand #253540378636:  Hold'em No Limit ($0.05/$0.10) - 2024/11/23 21:37:20 CET [2024/11/23 15:37:20 ET]
Table 'Aludra' 6-max Seat #1 is the button
Seat 1: germanJigsaw ($18.21 in chips) 
Seat 2: Muzzletop ($24.21 in chips) 
Seat 3: Mahu2021 ($10 in chips) 
Seat 4: alex656570 ($11.81 in chips) 
Seat 5: Guanche Furioso ($15.16 in chips) 
Seat 6: pokeripuikko ($10 in chips) 
Muzzletop: posts small blind $0.05
Mahu2021: posts big blind $0.10
*** HOLE CARDS ***
Dealt to Mahu2021 [Kh 4d]
alex656570: folds 
Guanche Furioso: folds 
pokeripuikko: folds 
germanJigsaw: raises $0.20 to $0.30
Muzzletop: folds 
Mahu2021: folds 
Uncalled bet ($0.20) returned to germanJigsaw
germanJigsaw collected $0.25 from pot
germanJigsaw: doesn't show hand 
*** SUMMARY ***
Total pot $0.25 | Rake $0 
Seat 1: germanJigsaw (button) collected ($0.25)
Seat 2: Muzzletop (small blind) folded before Flop
Seat 3: Mahu2021 (big blind) folded before Flop
Seat 4: alex656570 folded before Flop (didn't bet)
Seat 5: Guanche Furioso folded before Flop (didn't bet)
Seat 6: pokeripuikko folded before Flop (didn't bet)



PokerStars Zoom Hand #253540382012:  Hold'em No Limit ($0.05/$0.10) - 2024/11/23 21:37:32 CET [2024/11/23 15:37:32 ET]
Table 'Aludra' 6-max Seat #1 is the button
Seat 1: alboiumarian ($11.64 in chips) 
Seat 2: Mahu2021 ($9.90 in chips) 
Seat 3: Perdido III ($27.60 in chips) 
Seat 4: Gigo_1423 ($21.92 in chips) 
Seat 5: tokama626 ($25.65 in chips) 
Seat 6: vovo4kapooh ($25.69 in chips) 
Mahu2021: posts small blind $0.05
Perdido III: posts big blind $0.10
*** HOLE CARDS ***
Dealt to Mahu2021 [Js Kc]
Gigo_1423: folds 
tokama626: folds 
vovo4kapooh: folds 
alboiumarian: calls $0.10
Mahu2021: calls $0.05
Perdido III: raises $0.10 to $0.20
alboiumarian: calls $0.10
Mahu2021: calls $0.10
*** FLOP *** [9d 8h Ks]
Mahu2021: checks 
Perdido III: checks 
alboiumarian: checks 
*** TURN *** [9d 8h Ks] [2h]
Mahu2021: checks 
Perdido III: checks 
alboiumarian: checks 
*** RIVER *** [9d 8h Ks 2h] [5s]
Mahu2021: bets $0.57
Perdido III: folds 
alboiumarian: folds 
Uncalled bet ($0.57) returned to Mahu2021
Mahu2021 collected $0.57 from pot
Mahu2021: doesn't show hand 
*** SUMMARY ***
Total pot $0.60 | Rake $0.03 
Board [9d 8h Ks 2h 5s]
Seat 1: alboiumarian (button) folded on the River
Seat 2: Mahu2021 (small blind) collected ($0.57)
Seat 3: Perdido III (big blind) folded on the River
Seat 4: Gigo_1423 folded before Flop (didn't bet)
Seat 5: tokama626 folded before Flop (didn't bet)
Seat 6: vovo4kapooh folded before Flop (didn't bet)



PokerStars Zoom Hand #253540394996:  Hold'em No Limit ($0.05/$0.10) - 2024/11/23 21:38:17 CET [2024/11/23 15:38:17 ET]
Table 'Aludra' 6-max Seat #1 is the button
Seat 1: pesh089 ($9.96 in chips) 
Seat 2: innocent99 ($21.25 in chips) 
Seat 3: MaybeYourHandIs ($18.89 in chips) 
Seat 4: goahead1985 ($10.97 in chips) 
Seat 5: Mahu2021 ($10.27 in chips) 
Seat 6: inthenick11 ($10 in chips) 
innocent99: posts small blind $0.05
MaybeYourHandIs: posts big blind $0.10
*** HOLE CARDS ***
Dealt to Mahu2021 [Qh 3s]
goahead1985: folds 
Mahu2021: folds 
inthenick11: folds 
pesh089: folds 
innocent99: folds 
Uncalled bet ($0.05) returned to MaybeYourHandIs
MaybeYourHandIs collected $0.10 from pot
MaybeYourHandIs: doesn't show hand 
*** SUMMARY ***
Total pot $0.10 | Rake $0 
Seat 1: pesh089 (button) folded before Flop (didn't bet)
Seat 2: innocent99 (small blind) folded before Flop
Seat 3: MaybeYourHandIs (big blind) collected ($0.10)
Seat 4: goahead1985 folded before Flop (didn't bet)
Seat 5: Mahu2021 folded before Flop (didn't bet)
Seat 6: inthenick11 folded before Flop (didn't bet)



PokerStars Zoom Hand #253540396178:  Hold'em No Limit ($0.05/$0.10) - 2024/11/23 21:38:21 CET [2024/11/23 15:38:21 ET]
Table 'Aludra' 6-max Seat #1 is the button
Seat 1: Mahu2021 ($10.27 in chips) 
Seat 2: Kraivens ($10.05 in chips) 
Seat 3: LKSPIRACAIA9 ($9.71 in chips) 
Seat 4: Nahueluz ($15.18 in chips) 
Seat 5: nelwood ($3.85 in chips) 
Seat 6: innocent99 ($21.20 in chips) 
Kraivens: posts small blind $0.05
LKSPIRACAIA9: posts big blind $0.10
*** HOLE CARDS ***
Dealt to Mahu2021 [Tc Js]
Nahueluz: folds 
nelwood: raises $0.10 to $0.20
innocent99: folds 
Mahu2021: calls $0.20
Kraivens: folds 
LKSPIRACAIA9: raises $0.55 to $0.75
nelwood: calls $0.55
Mahu2021: folds 
*** FLOP *** [2c 7s Kd]
LKSPIRACAIA9: checks 
nelwood: checks 
*** TURN *** [2c 7s Kd] [Ah]
LKSPIRACAIA9: bets $0.54
nelwood: folds 
Uncalled bet ($0.54) returned to LKSPIRACAIA9
LKSPIRACAIA9 collected $1.67 from pot
LKSPIRACAIA9: doesn't show hand 
*** SUMMARY ***
Total pot $1.75 | Rake $0.08 
Board [2c 7s Kd Ah]
Seat 1: Mahu2021 (button) folded before Flop
Seat 2: Kraivens (small blind) folded before Flop
Seat 3: LKSPIRACAIA9 (big blind) collected ($1.67)
Seat 4: Nahueluz folded before Flop (didn't bet)
Seat 5: nelwood folded on the Turn
Seat 6: innocent99 folded before Flop (didn't bet)



PokerStars Zoom Hand #253540408433:  Hold'em No Limit ($0.05/$0.10) - 2024/11/23 21:39:04 CET [2024/11/23 15:39:04 ET]
Table 'Aludra' 6-max Seat #1 is the button
Seat 1: VitorArj ($10.10 in chips) 
Seat 2: Mahu2021 ($9.97 in chips) 
Seat 3: goose279 ($13.45 in chips) 
Seat 4: lordx777 ($11.07 in chips) 
Seat 5: serotonine91 ($10.25 in chips) 
Seat 6: DiegoGunner94 ($11.08 in chips) 
Mahu2021: posts small blind $0.05
goose279: posts big blind $0.10
*** HOLE CARDS ***
Dealt to Mahu2021 [9c Ah]
lordx777: folds 
serotonine91: folds 
DiegoGunner94: folds 
VitorArj: folds 
Mahu2021: raises $0.20 to $0.30
goose279: folds 
Uncalled bet ($0.20) returned to Mahu2021
Mahu2021 collected $0.20 from pot
Mahu2021: doesn't show hand 
*** SUMMARY ***
Total pot $0.20 | Rake $0 
Seat 1: VitorArj (button) folded before Flop (didn't bet)
Seat 2: Mahu2021 (small blind) collected ($0.20)
Seat 3: goose279 (big blind) folded before Flop
Seat 4: lordx777 folded before Flop (didn't bet)
Seat 5: serotonine91 folded before Flop (didn't bet)
Seat 6: DiegoGunner94 folded before Flop (didn't bet)



PokerStars Zoom Hand #253540413854:  Hold'em No Limit ($0.05/$0.10) - 2024/11/23 21:39:23 CET [2024/11/23 15:39:23 ET]
Table 'Aludra' 6-max Seat #1 is the button
Seat 1: RabiatMC ($8.61 in chips) 
Seat 2: DropIceoleito ($23.26 in chips) 
Seat 3: danyboy6969 ($95.72 in chips) 
Seat 4: Mahu2021 ($10.07 in chips) 
Seat 5: pinnace46 ($10.15 in chips) 
Seat 6: Perdido III ($27.35 in chips) 
DropIceoleito: posts small blind $0.05
danyboy6969: posts big blind $0.10
*** HOLE CARDS ***
Dealt to Mahu2021 [2c Qc]
Mahu2021: folds 
pinnace46: folds 
Perdido III: folds 
RabiatMC: folds 
DropIceoleito: folds 
Uncalled bet ($0.05) returned to danyboy6969
danyboy6969 collected $0.10 from pot
danyboy6969: doesn't show hand 
*** SUMMARY ***
Total pot $0.10 | Rake $0 
Seat 1: RabiatMC (button) folded before Flop (didn't bet)
Seat 2: DropIceoleito (small blind) folded before Flop
Seat 3: danyboy6969 (big blind) collected ($0.10)
Seat 4: Mahu2021 folded before Flop (didn't bet)
Seat 5: pinnace46 folded before Flop (didn't bet)
Seat 6: Perdido III folded before Flop (didn't bet)



PokerStars Zoom Hand #253540412775:  Hold'em No Limit ($0.05/$0.10) - 2024/11/23 21:39:20 CET [2024/11/23 15:39:20 ET]
Table 'Aludra' 6-max Seat #1 is the button
Seat 1: Mahu2021 ($10.07 in chips) 
Seat 2: pokeripuikko ($11.14 in chips) 
Seat 3: VitorArj ($10 in chips) 
Seat 4: Kraivens ($10.05 in chips) 
Seat 5: Tony mixx ($9.22 in chips) 
Seat 6: RabiatMC ($8.61 in chips) 
pokeripuikko: posts small blind $0.05
VitorArj: posts big blind $0.10
*** HOLE CARDS ***
Dealt to Mahu2021 [3d 6d]
Kraivens: folds 
Tony mixx: folds 
RabiatMC: folds 
Mahu2021: folds 
pokeripuikko: folds 
Uncalled bet ($0.05) returned to VitorArj
VitorArj collected $0.10 from pot
VitorArj: doesn't show hand 
*** SUMMARY ***
Total pot $0.10 | Rake $0 
Seat 1: Mahu2021 (button) folded before Flop (didn't bet)
Seat 2: pokeripuikko (small blind) folded before Flop
Seat 3: VitorArj (big blind) collected ($0.10)
Seat 4: Kraivens folded before Flop (didn't bet)
Seat 5: Tony mixx folded before Flop (didn't bet)
Seat 6: RabiatMC folded before Flop (didn't bet)



PokerStars Zoom Hand #253540411407:  Hold'em No Limit ($0.05/$0.10) - 2024/11/23 21:39:15 CET [2024/11/23 15:39:15 ET]
Table 'Aludra' 6-max Seat #1 is the button
Seat 1: Boris1731 ($12.92 in chips) 
Seat 2: SAVKA71 ($33.21 in chips) 
Seat 3: tofuvik ($1.14 in chips) 
Seat 4: Mahu2021 ($10.07 in chips) 
Seat 5: Gigo_1423 ($12.95 in chips) 
Seat 6: kox44x ($28.03 in chips) 
SAVKA71: posts small blind $0.05
tofuvik: posts big blind $0.10
*** HOLE CARDS ***
Dealt to Mahu2021 [Ad 6h]
Mahu2021: folds 
Gigo_1423: raises $0.15 to $0.25
kox44x: folds 
Boris1731: folds 
SAVKA71: folds 
tofuvik: raises $0.89 to $1.14 and is all-in
Gigo_1423: calls $0.89
*** FLOP *** [Td 8s 7s]
*** TURN *** [Td 8s 7s] [9h]
*** RIVER *** [Td 8s 7s 9h] [4h]
*** SHOW DOWN ***
tofuvik: shows [Jd Kc] (a straight, Seven to Jack)
Gigo_1423: shows [Js As] (a straight, Seven to Jack)
tofuvik collected $1.12 from pot
Gigo_1423 collected $1.11 from pot
*** SUMMARY ***
Total pot $2.33 | Rake $0.10 
Board [Td 8s 7s 9h 4h]
Seat 1: Boris1731 (button) folded before Flop (didn't bet)
Seat 2: SAVKA71 (small blind) folded before Flop
Seat 3: tofuvik (big blind) showed [Jd Kc] and won ($1.12) with a straight, Seven to Jack
Seat 4: Mahu2021 folded before Flop (didn't bet)
Seat 5: Gigo_1423 showed [Js As] and won ($1.11) with a straight, Seven to Jack
Seat 6: kox44x folded before Flop (didn't bet)



PokerStars Zoom Hand #253540414616:  Hold'em No Limit ($0.05/$0.10) - 2024/11/23 21:39:26 CET [2024/11/23 15:39:26 ET]
Table 'Aludra' 6-max Seat #1 is the button
Seat 1: sebchen666 ($15.44 in chips) 
Seat 2: danyboy6969 ($14.70 in chips) 
Seat 3: Zaztar ($1.82 in chips) 
Seat 4: ShyGirl2016 ($10.41 in chips) 
Seat 5: goahead1985 ($11.17 in chips) 
Seat 6: Mahu2021 ($10.07 in chips) 
danyboy6969: posts small blind $0.05
Zaztar: posts big blind $0.10
*** HOLE CARDS ***
Dealt to Mahu2021 [As Ah]
ShyGirl2016: folds 
goahead1985: raises $0.15 to $0.25
Mahu2021: raises $9.82 to $10.07 and is all-in
sebchen666: folds 
danyboy6969: folds 
Zaztar: folds 
goahead1985: folds 
Uncalled bet ($9.82) returned to Mahu2021
Mahu2021 collected $0.65 from pot
Mahu2021: doesn't show hand 
*** SUMMARY ***
Total pot $0.65 | Rake $0 
Seat 1: sebchen666 (button) folded before Flop (didn't bet)
Seat 2: danyboy6969 (small blind) folded before Flop
Seat 3: Zaztar (big blind) folded before Flop
Seat 4: ShyGirl2016 folded before Flop (didn't bet)
Seat 5: goahead1985 folded before Flop
Seat 6: Mahu2021 collected ($0.65)



PokerStars Zoom Hand #253540403964:  Hold'em No Limit ($0.05/$0.10) - 2024/11/23 21:38:49 CET [2024/11/23 15:38:49 ET]
Table 'Aludra' 6-max Seat #1 is the button
Seat 1: 50´s Ghost ($10.05 in chips) 
Seat 2: pinnace46 ($10.05 in chips) 
Seat 3: Mahu2021 ($10.07 in chips) 
Seat 4: Beardown72 ($5 in chips) 
Seat 5: Jopson1 ($8 in chips) 
Seat 6: Tony mixx ($9.15 in chips) 
pinnace46: posts small blind $0.05
Mahu2021: posts big blind $0.10
*** HOLE CARDS ***
Dealt to Mahu2021 [Qd 4h]
Beardown72: folds 
Jopson1: raises $0.20 to $0.30
Tony mixx: folds 
50´s Ghost: raises $0.60 to $0.90
pinnace46: folds 
Mahu2021: folds 
Jopson1: calls $0.60
*** FLOP *** [4d 9c 2s]
Jopson1: checks 
50´s Ghost: bets $0.93
Jopson1: calls $0.93
*** TURN *** [4d 9c 2s] [4s]
Jopson1: checks 
50´s Ghost: checks 
*** RIVER *** [4d 9c 2s 4s] [7d]
Jopson1: bets $2.30
50´s Ghost: folds 
Uncalled bet ($2.30) returned to Jopson1
Jopson1 collected $3.64 from pot
Jopson1: doesn't show hand 
*** SUMMARY ***
Total pot $3.81 | Rake $0.17 
Board [4d 9c 2s 4s 7d]
Seat 1: 50´s Ghost (button) folded on the River
Seat 2: pinnace46 (small blind) folded before Flop
Seat 3: Mahu2021 (big blind) folded before Flop
Seat 4: Beardown72 folded before Flop (didn't bet)
Seat 5: Jopson1 collected ($3.64)
Seat 6: Tony mixx folded before Flop (didn't bet)



PokerStars Zoom Hand #253540402797:  Hold'em No Limit ($0.05/$0.10) - 2024/11/23 21:38:44 CET [2024/11/23 15:38:44 ET]
Table 'Aludra' 6-max Seat #1 is the button
Seat 1: vassili_10 ($16.67 in chips) 
Seat 2: zarpapis ($10 in chips) 
Seat 3: ponkotsu_tanuki ($11.37 in chips) 
Seat 4: alex656570 ($12.45 in chips) 
Seat 5: Dovahkiin80 ($10 in chips) 
Seat 6: Mahu2021 ($10.07 in chips) 
zarpapis: posts small blind $0.05
ponkotsu_tanuki: posts big blind $0.10
*** HOLE CARDS ***
Dealt to Mahu2021 [Qs 5c]
alex656570: folds 
Dovahkiin80: folds 
Mahu2021: folds 
vassili_10: folds 
zarpapis: raises $0.20 to $0.30
ponkotsu_tanuki: calls $0.20
*** FLOP *** [6h 4s Ks]
zarpapis: bets $0.43
ponkotsu_tanuki: raises $0.94 to $1.37
zarpapis: calls $0.94
*** TURN *** [6h 4s Ks] [3s]
zarpapis: checks 
ponkotsu_tanuki: bets $1.28
zarpapis: folds 
Uncalled bet ($1.28) returned to ponkotsu_tanuki
ponkotsu_tanuki collected $3.19 from pot
ponkotsu_tanuki: doesn't show hand 
*** SUMMARY ***
Total pot $3.34 | Rake $0.15 
Board [6h 4s Ks 3s]
Seat 1: vassili_10 (button) folded before Flop (didn't bet)
Seat 2: zarpapis (small blind) folded on the Turn
Seat 3: ponkotsu_tanuki (big blind) collected ($3.19)
Seat 4: alex656570 folded before Flop (didn't bet)
Seat 5: Dovahkiin80 folded before Flop (didn't bet)
Seat 6: Mahu2021 folded before Flop (didn't bet)



PokerStars Zoom Hand #253540425806:  Hold'em No Limit ($0.05/$0.10) - 2024/11/23 21:40:05 CET [2024/11/23 15:40:05 ET]
Table 'Aludra' 6-max Seat #1 is the button
Seat 1: Mahu2021 ($10.37 in chips) 
Seat 2: Klingonik ($22.08 in chips) 
Seat 3: sohan585 ($10.66 in chips) 
Seat 4: Beardown72 ($5.09 in chips) 
Seat 5: Chatjedi80 ($8.70 in chips) 
Seat 6: epejoo ($10.05 in chips) 
Klingonik: posts small blind $0.05
sohan585: posts big blind $0.10
*** HOLE CARDS ***
Dealt to Mahu2021 [3h 7h]
Beardown72: folds 
Chatjedi80: folds 
epejoo: folds 
Mahu2021: folds 
Klingonik: folds 
Uncalled bet ($0.05) returned to sohan585
sohan585 collected $0.10 from pot
sohan585: doesn't show hand 
*** SUMMARY ***
Total pot $0.10 | Rake $0 
Seat 1: Mahu2021 (button) folded before Flop (didn't bet)
Seat 2: Klingonik (small blind) folded before Flop
Seat 3: sohan585 (big blind) collected ($0.10)
Seat 4: Beardown72 folded before Flop (didn't bet)
Seat 5: Chatjedi80 folded before Flop (didn't bet)
Seat 6: epejoo folded before Flop (didn't bet)



PokerStars Zoom Hand #253540428096:  Hold'em No Limit ($0.05/$0.10) - 2024/11/23 21:40:13 CET [2024/11/23 15:40:13 ET]
Table 'Aludra' 6-max Seat #1 is the button
Seat 1: Karmatbet ($9.26 in chips) 
Seat 2: Mahu2021 ($10.37 in chips) 
Seat 3: Amazonia2010 ($10 in chips) 
Seat 4: inthenick11 ($12.23 in chips) 
Seat 5: BrayNC6 ($9.24 in chips) 
Seat 6: lEternamente ($10.33 in chips) 
Mahu2021: posts small blind $0.05
Amazonia2010: posts big blind $0.10
*** HOLE CARDS ***
Dealt to Mahu2021 [7h 8c]
inthenick11: folds 
BrayNC6: folds 
lEternamente: folds 
Karmatbet: folds 
Mahu2021: folds 
Uncalled bet ($0.05) returned to Amazonia2010
Amazonia2010 collected $0.10 from pot
Amazonia2010: doesn't show hand 
*** SUMMARY ***
Total pot $0.10 | Rake $0 
Seat 1: Karmatbet (button) folded before Flop (didn't bet)
Seat 2: Mahu2021 (small blind) folded before Flop
Seat 3: Amazonia2010 (big blind) collected ($0.10)
Seat 4: inthenick11 folded before Flop (didn't bet)
Seat 5: BrayNC6 folded before Flop (didn't bet)
Seat 6: lEternamente folded before Flop (didn't bet)



PokerStars Zoom Hand #253540431473:  Hold'em No Limit ($0.05/$0.10) - 2024/11/23 21:40:25 CET [2024/11/23 15:40:25 ET]
Table 'Aludra' 6-max Seat #1 is the button
Seat 1: Mahu2021 ($10.32 in chips) 
Seat 2: germanJigsaw ($12.66 in chips) 
Seat 3: stormers73 ($11.90 in chips) 
Seat 4: jayhackx ($10.18 in chips) 
Seat 5: Dovahkiin80 ($10.18 in chips) 
Seat 6: pinnace46 ($10 in chips) 
germanJigsaw: posts small blind $0.05
stormers73: posts big blind $0.10
*** HOLE CARDS ***
Dealt to Mahu2021 [9c 5d]
jayhackx: folds 
Dovahkiin80: folds 
pinnace46: folds 
Mahu2021: folds 
germanJigsaw: folds 
Uncalled bet ($0.05) returned to stormers73
stormers73 collected $0.10 from pot
stormers73: doesn't show hand 
*** SUMMARY ***
Total pot $0.10 | Rake $0 
Seat 1: Mahu2021 (button) folded before Flop (didn't bet)
Seat 2: germanJigsaw (small blind) folded before Flop
Seat 3: stormers73 (big blind) collected ($0.10)
Seat 4: jayhackx folded before Flop (didn't bet)
Seat 5: Dovahkiin80 folded before Flop (didn't bet)
Seat 6: pinnace46 folded before Flop (didn't bet)



PokerStars Zoom Hand #253540421891:  Hold'em No Limit ($0.05/$0.10) - 2024/11/23 21:39:51 CET [2024/11/23 15:39:51 ET]
Table 'Aludra' 6-max Seat #1 is the button
Seat 1: tilen1243 ($9.77 in chips) 
Seat 2: 1000ton666 ($5.08 in chips) 
Seat 3: Mahu2021 ($10.47 in chips) 
Seat 4: blackswantheroy ($10.53 in chips) 
Seat 5: Zaztar ($1.72 in chips) 
Seat 6: HaandSpiller ($10.71 in chips) 
1000ton666: posts small blind $0.05
Mahu2021: posts big blind $0.10
*** HOLE CARDS ***
Dealt to Mahu2021 [7c Kd]
blackswantheroy: raises $0.20 to $0.30
Zaztar: calls $0.30
HaandSpiller: calls $0.30
tilen1243: folds 
1000ton666: folds 
Mahu2021: folds 
*** FLOP *** [Ts 7d Ks]
blackswantheroy: bets $0.48
Zaztar: calls $0.48
HaandSpiller: calls $0.48
*** TURN *** [Ts 7d Ks] [6c]
blackswantheroy: checks 
Zaztar: checks 
HaandSpiller: checks 
*** RIVER *** [Ts 7d Ks 6c] [8c]
blackswantheroy: checks 
Zaztar: checks 
HaandSpiller: bets $1.59
blackswantheroy: folds 
Zaztar: folds 
Uncalled bet ($1.59) returned to HaandSpiller
HaandSpiller collected $2.38 from pot
HaandSpiller: doesn't show hand 
*** SUMMARY ***
Total pot $2.49 | Rake $0.11 
Board [Ts 7d Ks 6c 8c]
Seat 1: tilen1243 (button) folded before Flop (didn't bet)
Seat 2: 1000ton666 (small blind) folded before Flop
Seat 3: Mahu2021 (big blind) folded before Flop
Seat 4: blackswantheroy folded on the River
Seat 5: Zaztar folded on the River
Seat 6: HaandSpiller collected ($2.38)



PokerStars Zoom Hand #253540432582:  Hold'em No Limit ($0.05/$0.10) - 2024/11/23 21:40:29 CET [2024/11/23 15:40:29 ET]
Table 'Aludra' 6-max Seat #1 is the button
Seat 1: Gal4krond ($21.25 in chips) 
Seat 2: chien2 ($4.75 in chips) 
Seat 3: Mahu2021 ($10.32 in chips) 
Seat 4: pokeripuikko ($10 in chips) 
Seat 5: jayhackx ($10 in chips) 
Seat 6: stoik83 ($10.18 in chips) 
chien2: posts small blind $0.05
Mahu2021: posts big blind $0.10
*** HOLE CARDS ***
Dealt to Mahu2021 [8d 3h]
pokeripuikko: raises $0.12 to $0.22
jayhackx: folds 
stoik83: folds 
Gal4krond: folds 
chien2: folds 
Mahu2021: folds 
Uncalled bet ($0.12) returned to pokeripuikko
pokeripuikko collected $0.25 from pot
pokeripuikko: doesn't show hand 
*** SUMMARY ***
Total pot $0.25 | Rake $0 
Seat 1: Gal4krond (button) folded before Flop (didn't bet)
Seat 2: chien2 (small blind) folded before Flop
Seat 3: Mahu2021 (big blind) folded before Flop
Seat 4: pokeripuikko collected ($0.25)
Seat 5: jayhackx folded before Flop (didn't bet)
Seat 6: stoik83 folded before Flop (didn't bet)



PokerStars Zoom Hand #253540433688:  Hold'em No Limit ($0.05/$0.10) - 2024/11/23 21:40:33 CET [2024/11/23 15:40:33 ET]
Table 'Aludra' 6-max Seat #1 is the button
Seat 1: stormers73 ($11.95 in chips) 
Seat 2: nodik600 ($7.70 in chips) 
Seat 3: DrezzTh ($7.77 in chips) 
Seat 4: lordx777 ($10 in chips) 
Seat 5: Mahu2021 ($10.22 in chips) 
Seat 6: danyboy6969 ($105.12 in chips) 
nodik600: posts small blind $0.05
DrezzTh: posts big blind $0.10
*** HOLE CARDS ***
Dealt to Mahu2021 [9c Js]
lordx777: folds 
Mahu2021: folds 
danyboy6969: folds 
stormers73: folds 
nodik600: raises $0.20 to $0.30
DrezzTh: folds 
Uncalled bet ($0.20) returned to nodik600
nodik600 collected $0.20 from pot
nodik600: doesn't show hand 
*** SUMMARY ***
Total pot $0.20 | Rake $0 
Seat 1: stormers73 (button) folded before Flop (didn't bet)
Seat 2: nodik600 (small blind) collected ($0.20)
Seat 3: DrezzTh (big blind) folded before Flop
Seat 4: lordx777 folded before Flop (didn't bet)
Seat 5: Mahu2021 folded before Flop (didn't bet)
Seat 6: danyboy6969 folded before Flop (didn't bet)



PokerStars Zoom Hand #253540424504:  Hold'em No Limit ($0.05/$0.10) - 2024/11/23 21:40:01 CET [2024/11/23 15:40:01 ET]
Table 'Aludra' 6-max Seat #1 is the button
Seat 1: stoik83 ($11.43 in chips) 
Seat 2: hanki82 ($27.07 in chips) 
Seat 3: zarpapis ($19.37 in chips) 
Seat 4: ShyGirl2016 ($37.73 in chips) 
Seat 5: malinko85 ($6.23 in chips) 
Seat 6: Mahu2021 ($10.37 in chips) 
hanki82: posts small blind $0.05
zarpapis: posts big blind $0.10
*** HOLE CARDS ***
Dealt to Mahu2021 [3c Qd]
ShyGirl2016: folds 
malinko85: raises $0.20 to $0.30
Mahu2021: folds 
stoik83: folds 
hanki82: calls $0.25
zarpapis: calls $0.20
*** FLOP *** [3s Kc Ks]
hanki82: bets $0.30
zarpapis: folds 
malinko85: calls $0.30
*** TURN *** [3s Kc Ks] [7s]
hanki82: bets $1.43
malinko85: folds 
Uncalled bet ($1.43) returned to hanki82
hanki82 collected $1.43 from pot
hanki82: doesn't show hand 
*** SUMMARY ***
Total pot $1.50 | Rake $0.07 
Board [3s Kc Ks 7s]
Seat 1: stoik83 (button) folded before Flop (didn't bet)
Seat 2: hanki82 (small blind) collected ($1.43)
Seat 3: zarpapis (big blind) folded on the Flop
Seat 4: ShyGirl2016 folded before Flop (didn't bet)
Seat 5: malinko85 folded on the Turn
Seat 6: Mahu2021 folded before Flop (didn't bet)



PokerStars Zoom Hand #253540434731:  Hold'em No Limit ($0.05/$0.10) - 2024/11/23 21:40:37 CET [2024/11/23 15:40:37 ET]
Table 'Aludra' 6-max Seat #1 is the button
Seat 1: EdgaP ($20.60 in chips) 
Seat 2: Mahu2021 ($10.22 in chips) 
Seat 3: DiegoGunner94 ($10.93 in chips) 
Seat 4: vovo4kapooh ($13.34 in chips) 
Seat 5: SuicideKingSK ($10.47 in chips) 
Seat 6: goose279 ($10 in chips) 
Mahu2021: posts small blind $0.05
DiegoGunner94: posts big blind $0.10
*** HOLE CARDS ***
Dealt to Mahu2021 [6h 4d]
vovo4kapooh: folds 
SuicideKingSK: folds 
goose279 has timed out
goose279: folds 
EdgaP: raises $0.20 to $0.30
Mahu2021: folds 
DiegoGunner94: raises $0.75 to $1.05
EdgaP: folds 
Uncalled bet ($0.75) returned to DiegoGunner94
DiegoGunner94 collected $0.65 from pot
DiegoGunner94: doesn't show hand 
*** SUMMARY ***
Total pot $0.65 | Rake $0 
Seat 1: EdgaP (button) folded before Flop
Seat 2: Mahu2021 (small blind) folded before Flop
Seat 3: DiegoGunner94 (big blind) collected ($0.65)
Seat 4: vovo4kapooh folded before Flop (didn't bet)
Seat 5: SuicideKingSK folded before Flop (didn't bet)
Seat 6: goose279 folded before Flop (didn't bet)



PokerStars Zoom Hand #253540430191:  Hold'em No Limit ($0.05/$0.10) - 2024/11/23 21:40:21 CET [2024/11/23 15:40:21 ET]
Table 'Aludra' 6-max Seat #1 is the button
Seat 1: krisko_cska ($18.30 in chips) 
Seat 2: MunteanuM77 ($9.05 in chips) 
Seat 3: lordx777 ($12.54 in chips) 
Seat 4: germanJigsaw ($12.66 in chips) 
Seat 5: Mahu2021 ($10.32 in chips) 
Seat 6: Deep_Dark ($11.75 in chips) 
MunteanuM77: posts small blind $0.05
lordx777: posts big blind $0.10
*** HOLE CARDS ***
Dealt to Mahu2021 [6c 5c]
germanJigsaw: folds 
Mahu2021: folds 
Deep_Dark: raises $0.12 to $0.22
krisko_cska: folds 
MunteanuM77: raises $0.84 to $1.06
lordx777: folds 
Deep_Dark: calls $0.84
*** FLOP *** [2h Ac 4h]
MunteanuM77: checks 
Deep_Dark: checks 
*** TURN *** [2h Ac 4h] [Jh]
MunteanuM77: checks 
Deep_Dark: checks 
*** RIVER *** [2h Ac 4h Jh] [2c]
MunteanuM77: bets $1.06
Deep_Dark: folds 
Uncalled bet ($1.06) returned to MunteanuM77
MunteanuM77 collected $2.12 from pot
MunteanuM77: doesn't show hand 
*** SUMMARY ***
Total pot $2.22 | Rake $0.10 
Board [2h Ac 4h Jh 2c]
Seat 1: krisko_cska (button) folded before Flop (didn't bet)
Seat 2: MunteanuM77 (small blind) collected ($2.12)
Seat 3: lordx777 (big blind) folded before Flop
Seat 4: germanJigsaw folded before Flop (didn't bet)
Seat 5: Mahu2021 folded before Flop (didn't bet)
Seat 6: Deep_Dark folded on the River



PokerStars Zoom Hand #253540435682:  Hold'em No Limit ($0.05/$0.10) - 2024/11/23 21:40:41 CET [2024/11/23 15:40:41 ET]
Table 'Aludra' 6-max Seat #1 is the button
Seat 1: pinnace46 ($10.05 in chips) 
Seat 2: Zaztar ($0.94 in chips) 
Seat 3: kestutis22 ($10 in chips) 
Seat 4: Mahu2021 ($10.17 in chips) 
Seat 5: lordx777 ($12.44 in chips) 
Seat 6: Gal4krond ($12.59 in chips) 
Zaztar: posts small blind $0.05
kestutis22: posts big blind $0.10
*** HOLE CARDS ***
Dealt to Mahu2021 [Qs 6d]
Mahu2021: folds 
lordx777: folds 
Gal4krond: raises $0.12 to $0.22
pinnace46: folds 
Zaztar: calls $0.17
kestutis22: folds 
*** FLOP *** [5s 9h Kc]
Zaztar: checks 
Gal4krond: checks 
*** TURN *** [5s 9h Kc] [5d]
Zaztar: bets $0.52
Gal4krond: folds 
Uncalled bet ($0.52) returned to Zaztar
Zaztar collected $0.52 from pot
Zaztar: doesn't show hand 
*** SUMMARY ***
Total pot $0.54 | Rake $0.02 
Board [5s 9h Kc 5d]
Seat 1: pinnace46 (button) folded before Flop (didn't bet)
Seat 2: Zaztar (small blind) collected ($0.52)
Seat 3: kestutis22 (big blind) folded before Flop
Seat 4: Mahu2021 folded before Flop (didn't bet)
Seat 5: lordx777 folded before Flop (didn't bet)
Seat 6: Gal4krond folded on the Turn



PokerStars Zoom Hand #253540436739:  Hold'em No Limit ($0.05/$0.10) - 2024/11/23 21:40:44 CET [2024/11/23 15:40:44 ET]
Table 'Aludra' 6-max Seat #1 is the button
Seat 1: Tony mixx ($9.36 in chips) 
Seat 2: CHOCO4500 ($9.44 in chips) 
Seat 3: ShyGirl2016 ($14.71 in chips) 
Seat 4: vassili_10 ($16.57 in chips) 
Seat 5: mmnbvc ($10.23 in chips) 
Seat 6: Mahu2021 ($10.17 in chips) 
CHOCO4500: posts small blind $0.05
ShyGirl2016: posts big blind $0.10
*** HOLE CARDS ***
Dealt to Mahu2021 [Kd Js]
vassili_10: folds 
mmnbvc: folds 
Mahu2021: raises $0.20 to $0.30
Tony mixx: folds 
CHOCO4500: folds 
ShyGirl2016: calls $0.20
*** FLOP *** [Jd As Ac]
ShyGirl2016: checks 
Mahu2021: bets $0.30
ShyGirl2016: calls $0.30
*** TURN *** [Jd As Ac] [8h]
ShyGirl2016: checks 
Mahu2021: bets $1.19
ShyGirl2016: folds 
Uncalled bet ($1.19) returned to Mahu2021
Mahu2021 collected $1.19 from pot
Mahu2021: doesn't show hand 
*** SUMMARY ***
Total pot $1.25 | Rake $0.06 
Board [Jd As Ac 8h]
Seat 1: Tony mixx (button) folded before Flop (didn't bet)
Seat 2: CHOCO4500 (small blind) folded before Flop
Seat 3: ShyGirl2016 (big blind) folded on the Turn
Seat 4: vassili_10 folded before Flop (didn't bet)
Seat 5: mmnbvc folded before Flop (didn't bet)
Seat 6: Mahu2021 collected ($1.19)



PokerStars Zoom Hand #253540455424:  Hold'em No Limit ($0.05/$0.10) - 2024/11/23 21:41:51 CET [2024/11/23 15:41:51 ET]
Table 'Aludra' 6-max Seat #1 is the button
Seat 1: add no lol ($10.40 in chips) 
Seat 2: zarpapis ($10.64 in chips) 
Seat 3: Mahu2021 ($10.71 in chips) 
Seat 4: SuicideKingSK ($10 in chips) 
Seat 5: lordx777 ($10 in chips) 
Seat 6: sigrivas ($23.86 in chips) 
zarpapis: posts small blind $0.05
Mahu2021: posts big blind $0.10
*** HOLE CARDS ***
Dealt to Mahu2021 [2d Jc]
SuicideKingSK: folds 
lordx777: folds 
sigrivas: folds 
add no lol: raises $0.15 to $0.25
zarpapis: folds 
Mahu2021: folds 
Uncalled bet ($0.15) returned to add no lol
add no lol collected $0.25 from pot
add no lol: doesn't show hand 
*** SUMMARY ***
Total pot $0.25 | Rake $0 
Seat 1: add no lol (button) collected ($0.25)
Seat 2: zarpapis (small blind) folded before Flop
Seat 3: Mahu2021 (big blind) folded before Flop
Seat 4: SuicideKingSK folded before Flop (didn't bet)
Seat 5: lordx777 folded before Flop (didn't bet)
Seat 6: sigrivas folded before Flop (didn't bet)



PokerStars Zoom Hand #253540457699:  Hold'em No Limit ($0.05/$0.10) - 2024/11/23 21:41:59 CET [2024/11/23 15:41:59 ET]
Table 'Aludra' 6-max Seat #1 is the button
Seat 1: Mahu2021 ($10.61 in chips) 
Seat 2: nodik600 ($8.30 in chips) 
Seat 3: Tony mixx ($10.40 in chips) 
Seat 4: HaandSpiller ($10.72 in chips) 
Seat 5: Underbart424 ($8.97 in chips) 
Seat 6: kox44x ($13.19 in chips) 
nodik600: posts small blind $0.05
Tony mixx: posts big blind $0.10
*** HOLE CARDS ***
Dealt to Mahu2021 [Tc 4s]
HaandSpiller: folds 
Underbart424: folds 
kox44x: folds 
Mahu2021: folds 
nodik600: folds 
Uncalled bet ($0.05) returned to Tony mixx
Tony mixx collected $0.10 from pot
Tony mixx: doesn't show hand 
*** SUMMARY ***
Total pot $0.10 | Rake $0 
Seat 1: Mahu2021 (button) folded before Flop (didn't bet)
Seat 2: nodik600 (small blind) folded before Flop
Seat 3: Tony mixx (big blind) collected ($0.10)
Seat 4: HaandSpiller folded before Flop (didn't bet)
Seat 5: Underbart424 folded before Flop (didn't bet)
Seat 6: kox44x folded before Flop (didn't bet)



PokerStars Zoom Hand #253540454259:  Hold'em No Limit ($0.05/$0.10) - 2024/11/23 21:41:47 CET [2024/11/23 15:41:47 ET]
Table 'Aludra' 6-max Seat #1 is the button
Seat 1: md66pt ($13 in chips) 
Seat 2: Mahu2021 ($10.76 in chips) 
Seat 3: vassili_10 ($17.77 in chips) 
Seat 4: goose279 ($10.15 in chips) 
Seat 5: Boris1731 ($11.80 in chips) 
Seat 6: add no lol ($10.40 in chips) 
Mahu2021: posts small blind $0.05
vassili_10: posts big blind $0.10
*** HOLE CARDS ***
Dealt to Mahu2021 [6c 2c]
goose279: raises $0.14 to $0.24
Boris1731: folds 
add no lol: folds 
md66pt: folds 
Mahu2021: folds 
vassili_10: raises $0.91 to $1.15
goose279: raises $9 to $10.15 and is all-in
vassili_10: calls $9
*** FLOP *** [2h Js 8c]
*** TURN *** [2h Js 8c] [2s]
*** RIVER *** [2h Js 8c 2s] [3s]
*** SHOW DOWN ***
vassili_10: shows [As Ac] (two pair, Aces and Deuces)
goose279: shows [Qs Ad] (a pair of Deuces)
vassili_10 collected $19.43 from pot
*** SUMMARY ***
Total pot $20.35 | Rake $0.92 
Board [2h Js 8c 2s 3s]
Seat 1: md66pt (button) folded before Flop (didn't bet)
Seat 2: Mahu2021 (small blind) folded before Flop
Seat 3: vassili_10 (big blind) showed [As Ac] and won ($19.43) with two pair, Aces and Deuces
Seat 4: goose279 showed [Qs Ad] and lost with a pair of Deuces
Seat 5: Boris1731 folded before Flop (didn't bet)
Seat 6: add no lol folded before Flop (didn't bet)



PokerStars Zoom Hand #253540462250:  Hold'em No Limit ($0.05/$0.10) - 2024/11/23 21:42:15 CET [2024/11/23 15:42:15 ET]
Table 'Aludra' 6-max Seat #1 is the button
Seat 1: openymir ($21.01 in chips) 
Seat 2: jayhackx ($11.51 in chips) 
Seat 3: MvIeLnosM ($13.72 in chips) 
Seat 4: kestutis22 ($10.15 in chips) 
Seat 5: Mahu2021 ($10.61 in chips) 
Seat 6: EdgaP ($20.52 in chips) 
jayhackx: posts small blind $0.05
MvIeLnosM: posts big blind $0.10
*** HOLE CARDS ***
Dealt to Mahu2021 [5c Kh]
kestutis22: folds 
Mahu2021: folds 
EdgaP: folds 
openymir: folds 
jayhackx: folds 
Uncalled bet ($0.05) returned to MvIeLnosM
MvIeLnosM collected $0.10 from pot
MvIeLnosM: doesn't show hand 
*** SUMMARY ***
Total pot $0.10 | Rake $0 
Seat 1: openymir (button) folded before Flop (didn't bet)
Seat 2: jayhackx (small blind) folded before Flop
Seat 3: MvIeLnosM (big blind) collected ($0.10)
Seat 4: kestutis22 folded before Flop (didn't bet)
Seat 5: Mahu2021 folded before Flop (didn't bet)
Seat 6: EdgaP folded before Flop (didn't bet)



PokerStars Zoom Hand #253540460002:  Hold'em No Limit ($0.05/$0.10) - 2024/11/23 21:42:07 CET [2024/11/23 15:42:07 ET]
Table 'Aludra' 6-max Seat #1 is the button
Seat 1: epejoo ($10 in chips) 
Seat 2: sohan585 ($10.05 in chips) 
Seat 3: Klingonik ($22.58 in chips) 
Seat 4: PsychicSykes ($10.10 in chips) 
Seat 5: Gal4krond ($11.53 in chips) 
Seat 6: Mahu2021 ($10.61 in chips) 
sohan585: posts small blind $0.05
Klingonik: posts big blind $0.10
*** HOLE CARDS ***
Dealt to Mahu2021 [2s Jc]
PsychicSykes has timed out
PsychicSykes: folds 
Gal4krond: raises $0.12 to $0.22
Mahu2021: folds 
epejoo: folds 
sohan585: folds 
Klingonik: folds 
Uncalled bet ($0.12) returned to Gal4krond
Gal4krond collected $0.25 from pot
Gal4krond: doesn't show hand 
*** SUMMARY ***
Total pot $0.25 | Rake $0 
Seat 1: epejoo (button) folded before Flop (didn't bet)
Seat 2: sohan585 (small blind) folded before Flop
Seat 3: Klingonik (big blind) folded before Flop
Seat 4: PsychicSykes folded before Flop (didn't bet)
Seat 5: Gal4krond collected ($0.25)
Seat 6: Mahu2021 folded before Flop (didn't bet)



PokerStars Zoom Hand #253540460885:  Hold'em No Limit ($0.05/$0.10) - 2024/11/23 21:42:10 CET [2024/11/23 15:42:10 ET]
Table 'Aludra' 6-max Seat #1 is the button
Seat 1: Petresa ($11.57 in chips) 
Seat 2: mmnbvc ($10.05 in chips) 
Seat 3: hawkwind221 ($4.78 in chips) 
Seat 4: Mahu2021 ($10.61 in chips) 
Seat 5: stoik83 ($11.03 in chips) 
Seat 6: pimpampo ($17.57 in chips) 
mmnbvc: posts small blind $0.05
hawkwind221: posts big blind $0.10
*** HOLE CARDS ***
Dealt to Mahu2021 [Js 8s]
Mahu2021: folds 
stoik83: folds 
pimpampo: calls $0.10
Petresa: folds 
mmnbvc: folds 
hawkwind221: checks 
*** FLOP *** [Jd 7c 9h]
hawkwind221: checks 
pimpampo: bets $0.40
hawkwind221: folds 
Uncalled bet ($0.40) returned to pimpampo
pimpampo collected $0.24 from pot
pimpampo: doesn't show hand 
*** SUMMARY ***
Total pot $0.25 | Rake $0.01 
Board [Jd 7c 9h]
Seat 1: Petresa (button) folded before Flop (didn't bet)
Seat 2: mmnbvc (small blind) folded before Flop
Seat 3: hawkwind221 (big blind) folded on the Flop
Seat 4: Mahu2021 folded before Flop (didn't bet)
Seat 5: stoik83 folded before Flop (didn't bet)
Seat 6: pimpampo collected ($0.24)



PokerStars Zoom Hand #253540463240:  Hold'em No Limit ($0.05/$0.10) - 2024/11/23 21:42:18 CET [2024/11/23 15:42:18 ET]
Table 'Aludra' 6-max Seat #1 is the button
Seat 1: goahead1985 ($10.92 in chips) 
Seat 2: Casus2807 ($10 in chips) 
Seat 3: Mahu2021 ($10.61 in chips) 
Seat 4: Amazonia2010 ($11.38 in chips) 
Seat 5: Stullentax ($10.68 in chips) 
Seat 6: HaandSpiller ($10.77 in chips) 
Casus2807: posts small blind $0.05
Mahu2021: posts big blind $0.10
*** HOLE CARDS ***
Dealt to Mahu2021 [Qc 2s]
Amazonia2010: folds 
Stullentax: folds 
HaandSpiller: folds 
goahead1985: folds 
Casus2807: folds 
Uncalled bet ($0.05) returned to Mahu2021
Mahu2021 collected $0.10 from pot
Mahu2021: doesn't show hand 
*** SUMMARY ***
Total pot $0.10 | Rake $0 
Seat 1: goahead1985 (button) folded before Flop (didn't bet)
Seat 2: Casus2807 (small blind) folded before Flop
Seat 3: Mahu2021 (big blind) collected ($0.10)
Seat 4: Amazonia2010 folded before Flop (didn't bet)
Seat 5: Stullentax folded before Flop (didn't bet)
Seat 6: HaandSpiller folded before Flop (didn't bet)



PokerStars Zoom Hand #253540453178:  Hold'em No Limit ($0.05/$0.10) - 2024/11/23 21:41:43 CET [2024/11/23 15:41:43 ET]
Table 'Aludra' 6-max Seat #1 is the button
Seat 1: Zaztar ($0.85 in chips) 
Seat 2: potusthedog ($8.22 in chips) 
Seat 3: ponkotsu_tanuki ($10.15 in chips) 
Seat 4: Hicskok27 ($6.65 in chips) 
Seat 5: Mahu2021 ($10.76 in chips) 
Seat 6: kestutis22 ($10 in chips) 
potusthedog: posts small blind $0.05
ponkotsu_tanuki: posts big blind $0.10
*** HOLE CARDS ***
Dealt to Mahu2021 [As 9d]
Hicskok27: folds 
Mahu2021: folds 
kestutis22: folds 
Zaztar: calls $0.10
potusthedog: folds 
ponkotsu_tanuki: checks 
*** FLOP *** [9h 7c Ks]
ponkotsu_tanuki: checks 
Zaztar: checks 
*** TURN *** [9h 7c Ks] [Jh]
ponkotsu_tanuki: checks 
Zaztar: bets $0.30
ponkotsu_tanuki: folds 
Uncalled bet ($0.30) returned to Zaztar
Zaztar collected $0.24 from pot
Zaztar: doesn't show hand 
*** SUMMARY ***
Total pot $0.25 | Rake $0.01 
Board [9h 7c Ks Jh]
Seat 1: Zaztar (button) collected ($0.24)
Seat 2: potusthedog (small blind) folded before Flop
Seat 3: ponkotsu_tanuki (big blind) folded on the Turn
Seat 4: Hicskok27 folded before Flop (didn't bet)
Seat 5: Mahu2021 folded before Flop (didn't bet)
Seat 6: kestutis22 folded before Flop (didn't bet)



PokerStars Zoom Hand #253540458814:  Hold'em No Limit ($0.05/$0.10) - 2024/11/23 21:42:03 CET [2024/11/23 15:42:03 ET]
Table 'Aludra' 6-max Seat #1 is the button
Seat 1: vovo4kapooh ($13.65 in chips) 
Seat 2: zarpapis ($13.31 in chips) 
Seat 3: Perdido III ($28.13 in chips) 
Seat 4: Mahu2021 ($10.61 in chips) 
Seat 5: pinnace46 ($10.82 in chips) 
Seat 6: Underbart424 ($8.97 in chips) 
zarpapis: posts small blind $0.05
Perdido III: posts big blind $0.10
*** HOLE CARDS ***
Dealt to Mahu2021 [2h Ah]
Mahu2021: folds 
pinnace46: folds 
Underbart424: raises $0.10 to $0.20
vovo4kapooh: folds 
zarpapis: folds 
Perdido III: calls $0.10
*** FLOP *** [Js 9h 2s]
Perdido III: checks 
Underbart424: checks 
*** TURN *** [Js 9h 2s] [Kh]
Perdido III: checks 
Underbart424: bets $0.22
Perdido III: folds 
Uncalled bet ($0.22) returned to Underbart424
Underbart424 collected $0.43 from pot
Underbart424: doesn't show hand 
*** SUMMARY ***
Total pot $0.45 | Rake $0.02 
Board [Js 9h 2s Kh]
Seat 1: vovo4kapooh (button) folded before Flop (didn't bet)
Seat 2: zarpapis (small blind) folded before Flop
Seat 3: Perdido III (big blind) folded on the Turn
Seat 4: Mahu2021 folded before Flop (didn't bet)
Seat 5: pinnace46 folded before Flop (didn't bet)
Seat 6: Underbart424 collected ($0.43)



PokerStars Zoom Hand #253540467355:  Hold'em No Limit ($0.05/$0.10) - 2024/11/23 21:42:33 CET [2024/11/23 15:42:33 ET]
Table 'Aludra' 6-max Seat #1 is the button
Seat 1: germanJigsaw ($22.21 in chips) 
Seat 2: Mahu2021 ($10.66 in chips) 
Seat 3: tokama626 ($25.25 in chips) 
Seat 4: pokeripuikko ($10.32 in chips) 
Seat 5: pesh089 ($3.64 in chips) 
Seat 6: serotonine91 ($10.61 in chips) 
Mahu2021: posts small blind $0.05
tokama626: posts big blind $0.10
*** HOLE CARDS ***
Dealt to Mahu2021 [8h Ac]
pokeripuikko: folds 
pesh089: folds 
serotonine91: folds 
germanJigsaw: raises $0.20 to $0.30
Mahu2021: calls $0.25
tokama626: folds 
*** FLOP *** [4s Td 5s]
Mahu2021: checks 
germanJigsaw: bets $0.34
Mahu2021: folds 
Uncalled bet ($0.34) returned to germanJigsaw
germanJigsaw collected $0.66 from pot
germanJigsaw: doesn't show hand 
*** SUMMARY ***
Total pot $0.70 | Rake $0.04 
Board [4s Td 5s]
Seat 1: germanJigsaw (button) collected ($0.66)
Seat 2: Mahu2021 (small blind) folded on the Flop
Seat 3: tokama626 (big blind) folded before Flop
Seat 4: pokeripuikko folded before Flop (didn't bet)
Seat 5: pesh089 folded before Flop (didn't bet)
Seat 6: serotonine91 folded before Flop (didn't bet)



PokerStars Zoom Hand #253540476049:  Hold'em No Limit ($0.05/$0.10) - 2024/11/23 21:43:03 CET [2024/11/23 15:43:03 ET]
Table 'Aludra' 6-max Seat #1 is the button
Seat 1: ZJOKKEN ($9.14 in chips) 
Seat 2: 50´s Ghost ($11.21 in chips) 
Seat 3: pokeripuikko ($18.59 in chips) 
Seat 4: Mahu2021 ($10.36 in chips) 
Seat 5: FabOliveira9 ($4.93 in chips) 
Seat 6: Gal4krond ($11.38 in chips) 
50´s Ghost: posts small blind $0.05
pokeripuikko: posts big blind $0.10
*** HOLE CARDS ***
Dealt to Mahu2021 [5d Ts]
Mahu2021: folds 
FabOliveira9: folds 
Gal4krond: folds 
ZJOKKEN: folds 
50´s Ghost: raises $0.15 to $0.25
pokeripuikko: raises $0.85 to $1.10
50´s Ghost: calls $0.85
*** FLOP *** [Tc Js 2s]
50´s Ghost: checks 
pokeripuikko: bets $1.01
50´s Ghost: calls $1.01
*** TURN *** [Tc Js 2s] [8c]
50´s Ghost: bets $9.10 and is all-in
pokeripuikko: folds 
Uncalled bet ($9.10) returned to 50´s Ghost
50´s Ghost collected $4.03 from pot
50´s Ghost: doesn't show hand 
*** SUMMARY ***
Total pot $4.22 | Rake $0.19 
Board [Tc Js 2s 8c]
Seat 1: ZJOKKEN (button) folded before Flop (didn't bet)
Seat 2: 50´s Ghost (small blind) collected ($4.03)
Seat 3: pokeripuikko (big blind) folded on the Turn
Seat 4: Mahu2021 folded before Flop (didn't bet)
Seat 5: FabOliveira9 folded before Flop (didn't bet)
Seat 6: Gal4krond folded before Flop (didn't bet)



PokerStars Zoom Hand #253540478267:  Hold'em No Limit ($0.05/$0.10) - 2024/11/23 21:43:11 CET [2024/11/23 15:43:11 ET]
Table 'Aludra' 6-max Seat #1 is the button
Seat 1: Mahu2021 ($10.36 in chips) 
Seat 2: günter54 ($9.07 in chips) 
Seat 3: hanki82 ($26.29 in chips) 
Seat 4: serotonine91 ($11.89 in chips) 
Seat 5: pokeripuikko ($10.85 in chips) 
Seat 6: alpharfn ($15.25 in chips) 
günter54: posts small blind $0.05
hanki82: posts big blind $0.10
*** HOLE CARDS ***
Dealt to Mahu2021 [4h 8h]
serotonine91: folds 
pokeripuikko: folds 
alpharfn: raises $0.20 to $0.30
Mahu2021: folds 
günter54: folds 
hanki82: calls $0.20
*** FLOP *** [9d 4s As]
hanki82: checks 
alpharfn: checks 
*** TURN *** [9d 4s As] [2d]
hanki82: checks 
alpharfn: checks 
*** RIVER *** [9d 4s As 2d] [5c]
hanki82: bets $0.62
alpharfn: folds 
Uncalled bet ($0.62) returned to hanki82
hanki82 collected $0.62 from pot
hanki82: doesn't show hand 
*** SUMMARY ***
Total pot $0.65 | Rake $0.03 
Board [9d 4s As 2d 5c]
Seat 1: Mahu2021 (button) folded before Flop (didn't bet)
Seat 2: günter54 (small blind) folded before Flop
Seat 3: hanki82 (big blind) collected ($0.62)
Seat 4: serotonine91 folded before Flop (didn't bet)
Seat 5: pokeripuikko folded before Flop (didn't bet)
Seat 6: alpharfn folded on the River



PokerStars Zoom Hand #253540473254:  Hold'em No Limit ($0.05/$0.10) - 2024/11/23 21:42:53 CET [2024/11/23 15:42:53 ET]
Table 'Aludra' 6-max Seat #1 is the button
Seat 1: epejoo ($10.90 in chips) 
Seat 2: hawkwind221 ($4.91 in chips) 
Seat 3: tofuvik ($7.35 in chips) 
Seat 4: B777prince ($14.24 in chips) 
Seat 5: zarpapis ($10.59 in chips) 
Seat 6: Mahu2021 ($10.36 in chips) 
hawkwind221: posts small blind $0.05
tofuvik: posts big blind $0.10
*** HOLE CARDS ***
Dealt to Mahu2021 [As 6h]
B777prince: raises $0.20 to $0.30
zarpapis: calls $0.30
Mahu2021: folds 
epejoo: folds 
hawkwind221: folds 
tofuvik: folds 
*** FLOP *** [7h 6d 2c]
B777prince: bets $0.36
zarpapis: calls $0.36
*** TURN *** [7h 6d 2c] [2d]
B777prince: bets $0.70
zarpapis: calls $0.70
*** RIVER *** [7h 6d 2c 2d] [8h]
B777prince: bets $1
zarpapis: calls $1
*** SHOW DOWN ***
B777prince: shows [Td Ah] (a pair of Deuces)
zarpapis: shows [4h 4c] (two pair, Fours and Deuces)
zarpapis collected $4.65 from pot
*** SUMMARY ***
Total pot $4.87 | Rake $0.22 
Board [7h 6d 2c 2d 8h]
Seat 1: epejoo (button) folded before Flop (didn't bet)
Seat 2: hawkwind221 (small blind) folded before Flop
Seat 3: tofuvik (big blind) folded before Flop
Seat 4: B777prince showed [Td Ah] and lost with a pair of Deuces
Seat 5: zarpapis showed [4h 4c] and won ($4.65) with two pair, Fours and Deuces
Seat 6: Mahu2021 folded before Flop (didn't bet)



PokerStars Zoom Hand #253540474863:  Hold'em No Limit ($0.05/$0.10) - 2024/11/23 21:42:59 CET [2024/11/23 15:42:59 ET]
Table 'Aludra' 6-max Seat #1 is the button
Seat 1: Mahu2021 ($10.36 in chips) 
Seat 2: kox44x ($12.94 in chips) 
Seat 3: pinnace46 ($10.62 in chips) 
Seat 4: add no lol ($11.10 in chips) 
Seat 5: stoik83 ($11.03 in chips) 
Seat 6: tonyspl1 ($23.14 in chips) 
kox44x: posts small blind $0.05
pinnace46: posts big blind $0.10
*** HOLE CARDS ***
Dealt to Mahu2021 [8h 2c]
add no lol: raises $0.15 to $0.25
stoik83: folds 
tonyspl1: calls $0.25
Mahu2021: folds 
kox44x: folds 
pinnace46: calls $0.15
*** FLOP *** [6h 4d 7d]
pinnace46: checks 
add no lol: checks 
tonyspl1: bets $0.25
pinnace46: folds 
add no lol: raises $0.37 to $0.62
tonyspl1: folds 
Uncalled bet ($0.37) returned to add no lol
add no lol collected $1.24 from pot
add no lol: doesn't show hand 
*** SUMMARY ***
Total pot $1.30 | Rake $0.06 
Board [6h 4d 7d]
Seat 1: Mahu2021 (button) folded before Flop (didn't bet)
Seat 2: kox44x (small blind) folded before Flop
Seat 3: pinnace46 (big blind) folded on the Flop
Seat 4: add no lol collected ($1.24)
Seat 5: stoik83 folded before Flop (didn't bet)
Seat 6: tonyspl1 folded on the Flop



PokerStars Zoom Hand #253540480948:  Hold'em No Limit ($0.05/$0.10) - 2024/11/23 21:43:20 CET [2024/11/23 15:43:20 ET]
Table 'Aludra' 6-max Seat #1 is the button
Seat 1: mmnbvc ($10.65 in chips) 
Seat 2: stoik83 ($10 in chips) 
Seat 3: Mahu2021 ($10.36 in chips) 
Seat 4: goahead1985 ($9.01 in chips) 
Seat 5: Chatjedi80 ($9.73 in chips) 
Seat 6: hazza257 ($21.72 in chips) 
stoik83: posts small blind $0.05
Mahu2021: posts big blind $0.10
*** HOLE CARDS ***
Dealt to Mahu2021 [Qh Ad]
goahead1985: folds 
Chatjedi80: raises $0.10 to $0.20
hazza257: folds 
mmnbvc: folds 
stoik83: folds 
Mahu2021: raises $0.50 to $0.70
Chatjedi80: calls $0.50
*** FLOP *** [3d 6c Th]
Mahu2021: checks 
Chatjedi80: bets $0.30
Mahu2021: calls $0.30
*** TURN *** [3d 6c Th] [Kc]
Mahu2021: checks 
Chatjedi80: checks 
*** RIVER *** [3d 6c Th Kc] [8s]
Mahu2021: checks 
Chatjedi80: checks 
*** SHOW DOWN ***
Mahu2021: shows [Qh Ad] (high card Ace)
Chatjedi80: mucks hand 
Mahu2021 collected $1.96 from pot
*** SUMMARY ***
Total pot $2.05 | Rake $0.09 
Board [3d 6c Th Kc 8s]
Seat 1: mmnbvc (button) folded before Flop (didn't bet)
Seat 2: stoik83 (small blind) folded before Flop
Seat 3: Mahu2021 (big blind) showed [Qh Ad] and won ($1.96) with high card Ace
Seat 4: goahead1985 folded before Flop (didn't bet)
Seat 5: Chatjedi80 mucked [Js Ah]
Seat 6: hazza257 folded before Flop (didn't bet)



PokerStars Zoom Hand #253540493102:  Hold'em No Limit ($0.05/$0.10) - 2024/11/23 21:44:03 CET [2024/11/23 15:44:03 ET]
Table 'Aludra' 6-max Seat #1 is the button
Seat 1: alpharfn ($14.85 in chips) 
Seat 2: Gal4krond ($23.94 in chips) 
Seat 3: ShyGirl2016 ($10 in chips) 
Seat 4: rwh23 ($25.41 in chips) 
Seat 5: Mahu2021 ($11.27 in chips) 
Seat 6: PsychicSykes ($10.80 in chips) 
Gal4krond: posts small blind $0.05
ShyGirl2016: posts big blind $0.10
*** HOLE CARDS ***
Dealt to Mahu2021 [8d Ts]
rwh23: folds 
Mahu2021: folds 
PsychicSykes: folds 
alpharfn: folds 
Gal4krond: folds 
Uncalled bet ($0.05) returned to ShyGirl2016
ShyGirl2016 collected $0.10 from pot
ShyGirl2016: doesn't show hand 
*** SUMMARY ***
Total pot $0.10 | Rake $0 
Seat 1: alpharfn (button) folded before Flop (didn't bet)
Seat 2: Gal4krond (small blind) folded before Flop
Seat 3: ShyGirl2016 (big blind) collected ($0.10)
Seat 4: rwh23 folded before Flop (didn't bet)
Seat 5: Mahu2021 folded before Flop (didn't bet)
Seat 6: PsychicSykes folded before Flop (didn't bet)



PokerStars Zoom Hand #253540477180:  Hold'em No Limit ($0.05/$0.10) - 2024/11/23 21:43:07 CET [2024/11/23 15:43:07 ET]
Table 'Aludra' 6-max Seat #1 is the button
Seat 1: almadhwahi ($8.80 in chips) 
Seat 2: DropIceoleito ($20.73 in chips) 
Seat 3: EndlessChase ($11.09 in chips) 
Seat 4: BrayNC6 ($8.54 in chips) 
Seat 5: Mahu2021 ($10.36 in chips) 
Seat 6: edaune17 ($10.67 in chips) 
DropIceoleito: posts small blind $0.05
EndlessChase: posts big blind $0.10
*** HOLE CARDS ***
Dealt to Mahu2021 [Ks 4c]
BrayNC6: folds 
Mahu2021: folds 
edaune17: raises $0.18 to $0.28
almadhwahi: raises $0.52 to $0.80
DropIceoleito: folds 
EndlessChase: raises $1.54 to $2.34
edaune17: folds 
almadhwahi: calls $1.54
*** FLOP *** [Qd Jh 4s]
EndlessChase: bets $2.99
almadhwahi: calls $2.99
*** TURN *** [Qd Jh 4s] [3h]
EndlessChase: checks 
almadhwahi: checks 
*** RIVER *** [Qd Jh 4s 3h] [7d]
EndlessChase: checks 
almadhwahi: bets $3.47 and is all-in
EndlessChase: folds 
Uncalled bet ($3.47) returned to almadhwahi
almadhwahi collected $10.50 from pot
almadhwahi: doesn't show hand 
*** SUMMARY ***
Total pot $10.99 | Rake $0.49 
Board [Qd Jh 4s 3h 7d]
Seat 1: almadhwahi (button) collected ($10.50)
Seat 2: DropIceoleito (small blind) folded before Flop
Seat 3: EndlessChase (big blind) folded on the River
Seat 4: BrayNC6 folded before Flop (didn't bet)
Seat 5: Mahu2021 folded before Flop (didn't bet)
Seat 6: edaune17 folded before Flop



PokerStars Zoom Hand #253540494178:  Hold'em No Limit ($0.05/$0.10) - 2024/11/23 21:44:07 CET [2024/11/23 15:44:07 ET]
Table 'Aludra' 6-max Seat #1 is the button
Seat 1: Chakman1990 ($39.97 in chips) 
Seat 2: T-Reex.jr ($10.15 in chips) 
Seat 3: mmnbvc ($10.45 in chips) 
Seat 4: ponkotsu_tanuki ($10.10 in chips) 
Seat 5: alex656570 ($11.59 in chips) 
Seat 6: Mahu2021 ($11.27 in chips) 
T-Reex.jr: posts small blind $0.05
mmnbvc: posts big blind $0.10
*** HOLE CARDS ***
Dealt to Mahu2021 [Ks 7s]
ponkotsu_tanuki: folds 
alex656570: raises $0.15 to $0.25
Mahu2021: folds 
Chakman1990: folds 
T-Reex.jr: folds 
mmnbvc: folds 
Uncalled bet ($0.15) returned to alex656570
alex656570 collected $0.25 from pot
alex656570: doesn't show hand 
*** SUMMARY ***
Total pot $0.25 | Rake $0 
Seat 1: Chakman1990 (button) folded before Flop (didn't bet)
Seat 2: T-Reex.jr (small blind) folded before Flop
Seat 3: mmnbvc (big blind) folded before Flop
Seat 4: ponkotsu_tanuki folded before Flop (didn't bet)
Seat 5: alex656570 collected ($0.25)
Seat 6: Mahu2021 folded before Flop (didn't bet)



PokerStars Zoom Hand #253540495510:  Hold'em No Limit ($0.05/$0.10) - 2024/11/23 21:44:12 CET [2024/11/23 15:44:12 ET]
Table 'Aludra' 6-max Seat #1 is the button
Seat 1: germanJigsaw ($10 in chips) 
Seat 2: goose279 ($12.79 in chips) 
Seat 3: Mahu2021 ($11.27 in chips) 
Seat 4: Gal4krond ($23.89 in chips) 
Seat 5: pesh089 ($5.11 in chips) 
Seat 6: epejoo ($10 in chips) 
goose279: posts small blind $0.05
Mahu2021: posts big blind $0.10
*** HOLE CARDS ***
Dealt to Mahu2021 [6d Qc]
Gal4krond: folds 
pesh089: folds 
epejoo: folds 
germanJigsaw: folds 
goose279: folds 
Uncalled bet ($0.05) returned to Mahu2021
Mahu2021 collected $0.10 from pot
Mahu2021: doesn't show hand 
*** SUMMARY ***
Total pot $0.10 | Rake $0 
Seat 1: germanJigsaw (button) folded before Flop (didn't bet)
Seat 2: goose279 (small blind) folded before Flop
Seat 3: Mahu2021 (big blind) collected ($0.10)
Seat 4: Gal4krond folded before Flop (didn't bet)
Seat 5: pesh089 folded before Flop (didn't bet)
Seat 6: epejoo folded before Flop (didn't bet)



PokerStars Zoom Hand #253540500278:  Hold'em No Limit ($0.05/$0.10) - 2024/11/23 21:44:28 CET [2024/11/23 15:44:28 ET]
Table 'Aludra' 6-max Seat #1 is the button
Seat 1: Mahu2021 ($11.32 in chips) 
Seat 2: rwh23 ($25.41 in chips) 
Seat 3: ShyGirl2016 ($10.89 in chips) 
Seat 4: danyboy6969 ($27.50 in chips) 
Seat 5: PieNew8 ($11.70 in chips) 
Seat 6: hazza257 ($11.84 in chips) 
rwh23: posts small blind $0.05
ShyGirl2016: posts big blind $0.10
*** HOLE CARDS ***
Dealt to Mahu2021 [6c 9h]
danyboy6969: folds 
PieNew8: folds 
hazza257: folds 
Mahu2021: folds 
rwh23: folds 
Uncalled bet ($0.05) returned to ShyGirl2016
ShyGirl2016 collected $0.10 from pot
ShyGirl2016: doesn't show hand 
*** SUMMARY ***
Total pot $0.10 | Rake $0 
Seat 1: Mahu2021 (button) folded before Flop (didn't bet)
Seat 2: rwh23 (small blind) folded before Flop
Seat 3: ShyGirl2016 (big blind) collected ($0.10)
Seat 4: danyboy6969 folded before Flop (didn't bet)
Seat 5: PieNew8 folded before Flop (didn't bet)
Seat 6: hazza257 folded before Flop (didn't bet)



PokerStars Zoom Hand #253540490748:  Hold'em No Limit ($0.05/$0.10) - 2024/11/23 21:43:55 CET [2024/11/23 15:43:55 ET]
Table 'Aludra' 6-max Seat #1 is the button
Seat 1: Chatjedi80 ($8.73 in chips) 
Seat 2: Mahu2021 ($11.32 in chips) 
Seat 3: Jose Jamello ($9.02 in chips) 
Seat 4: stormers73 ($14.06 in chips) 
Seat 5: Aleksandar6363 ($15.61 in chips) 
Seat 6: CHOCO4500 ($7.56 in chips) 
Mahu2021: posts small blind $0.05
Jose Jamello: posts big blind $0.10
*** HOLE CARDS ***
Dealt to Mahu2021 [Qc 3h]
stormers73: folds 
Aleksandar6363: calls $0.10
CHOCO4500: folds 
Chatjedi80: folds 
Mahu2021: folds 
Jose Jamello: checks 
*** FLOP *** [Ts 4c 6c]
Jose Jamello: bets $0.10
Aleksandar6363: calls $0.10
*** TURN *** [Ts 4c 6c] [Jh]
Jose Jamello: bets $0.10
Aleksandar6363: calls $0.10
*** RIVER *** [Ts 4c 6c Jh] [3c]
Jose Jamello: checks 
Aleksandar6363: bets $1
Jose Jamello: calls $1
*** SHOW DOWN ***
Aleksandar6363: shows [Qs 2c] (high card Queen)
Jose Jamello: shows [7h Th] (a pair of Tens)
Jose Jamello collected $2.50 from pot
*** SUMMARY ***
Total pot $2.65 | Rake $0.15 
Board [Ts 4c 6c Jh 3c]
Seat 1: Chatjedi80 (button) folded before Flop (didn't bet)
Seat 2: Mahu2021 (small blind) folded before Flop
Seat 3: Jose Jamello (big blind) showed [7h Th] and won ($2.50) with a pair of Tens
Seat 4: stormers73 folded before Flop (didn't bet)
Seat 5: Aleksandar6363 showed [Qs 2c] and lost with high card Queen
Seat 6: CHOCO4500 folded before Flop (didn't bet)



PokerStars Zoom Hand #253540501146:  Hold'em No Limit ($0.05/$0.10) - 2024/11/23 21:44:31 CET [2024/11/23 15:44:31 ET]
Table 'Aludra' 6-max Seat #1 is the button
Seat 1: stoik83 ($10 in chips) 
Seat 2: kox44x ($12.09 in chips) 
Seat 3: serotonine91 ($10.25 in chips) 
Seat 4: thorindorf ($15.37 in chips) 
Seat 5: Mahu2021 ($11.32 in chips) 
Seat 6: happyyak ($2.73 in chips) 
kox44x: posts small blind $0.05
serotonine91: posts big blind $0.10
*** HOLE CARDS ***
Dealt to Mahu2021 [Ac Tc]
thorindorf: folds 
Mahu2021: raises $0.20 to $0.30
happyyak: folds 
stoik83: folds 
kox44x: folds 
serotonine91 has timed out
serotonine91: folds 
Uncalled bet ($0.20) returned to Mahu2021
Mahu2021 collected $0.25 from pot
Mahu2021: doesn't show hand 
*** SUMMARY ***
Total pot $0.25 | Rake $0 
Seat 1: stoik83 (button) folded before Flop (didn't bet)
Seat 2: kox44x (small blind) folded before Flop
Seat 3: serotonine91 (big blind) folded before Flop
Seat 4: thorindorf folded before Flop (didn't bet)
Seat 5: Mahu2021 collected ($0.25)
Seat 6: happyyak folded before Flop (didn't bet)



PokerStars Zoom Hand #253540512585:  Hold'em No Limit ($0.05/$0.10) - 2024/11/23 21:45:11 CET [2024/11/23 15:45:11 ET]
Table 'Aludra' 6-max Seat #1 is the button
Seat 1: kestutis22 ($12.27 in chips) 
Seat 2: shortstackpro ($5.70 in chips) 
Seat 3: ponkotsu_tanuki ($10 in chips) 
Seat 4: Mahu2021 ($11.47 in chips) 
Seat 5: germanJigsaw ($15.43 in chips) 
Seat 6: Boris1731 ($11.32 in chips) 
shortstackpro: posts small blind $0.05
ponkotsu_tanuki: posts big blind $0.10
*** HOLE CARDS ***
Dealt to Mahu2021 [7c 2d]
Mahu2021: folds 
germanJigsaw: folds 
Boris1731: folds 
kestutis22: raises $0.10 to $0.20
shortstackpro: raises $5.50 to $5.70 and is all-in
ponkotsu_tanuki: folds 
kestutis22: folds 
Uncalled bet ($5.50) returned to shortstackpro
shortstackpro collected $0.50 from pot
shortstackpro: doesn't show hand 
*** SUMMARY ***
Total pot $0.50 | Rake $0 
Seat 1: kestutis22 (button) folded before Flop
Seat 2: shortstackpro (small blind) collected ($0.50)
Seat 3: ponkotsu_tanuki (big blind) folded before Flop
Seat 4: Mahu2021 folded before Flop (didn't bet)
Seat 5: germanJigsaw folded before Flop (didn't bet)
Seat 6: Boris1731 folded before Flop (didn't bet)



PokerStars Zoom Hand #253540513579:  Hold'em No Limit ($0.05/$0.10) - 2024/11/23 21:45:15 CET [2024/11/23 15:45:15 ET]
Table 'Aludra' 6-max Seat #1 is the button
Seat 1: zarpapis ($13.01 in chips) 
Seat 2: Mahu2021 ($11.47 in chips) 
Seat 3: germanJigsaw ($15.43 in chips) 
Seat 4: stoik83 ($10 in chips) 
Seat 5: Boris1731 ($7.29 in chips) 
Seat 6: Dovahkiin80 ($10.45 in chips) 
Mahu2021: posts small blind $0.05
germanJigsaw: posts big blind $0.10
*** HOLE CARDS ***
Dealt to Mahu2021 [Ah Kd]
stoik83: folds 
Boris1731: raises $0.15 to $0.25
Dovahkiin80: folds 
zarpapis: folds 
Mahu2021: raises $0.45 to $0.70
germanJigsaw: calls $0.60
Boris1731: calls $0.45
*** FLOP *** [2h As 5s]
Mahu2021: bets $2.01
germanJigsaw: folds 
Boris1731: calls $2.01
*** TURN *** [2h As 5s] [8c]
Mahu2021: bets $8.76 and is all-in
Boris1731: calls $4.58 and is all-in
Uncalled bet ($4.18) returned to Mahu2021
*** RIVER *** [2h As 5s 8c] [6h]
*** SHOW DOWN ***
Mahu2021: shows [Ah Kd] (a pair of Aces)
Boris1731: shows [Qc Ac] (a pair of Aces - lower kicker)
Mahu2021 cashed out the hand for $13.33 | Cash Out Fee $0.27
*** SUMMARY ***
Total pot $15.28 | Rake $0.69 
Board [2h As 5s 8c 6h]
Seat 1: zarpapis (button) folded before Flop (didn't bet)
Seat 2: Mahu2021 (small blind) showed [Ah Kd] and won ($14.59) with a pair of Aces (pot not awarded as player cashed out)
Seat 3: germanJigsaw (big blind) folded on the Flop
Seat 4: stoik83 folded before Flop (didn't bet)
Seat 5: Boris1731 showed [Qc Ac] and lost with a pair of Aces
Seat 6: Dovahkiin80 folded before Flop (didn't bet)



