PokerStars Zoom Hand #246865821796:  Hold'em No Limit ($0.01/$0.02) - 2023/11/01 17:36:34 CET [2023/11/01 12:36:34 ET]
Table 'Halley' 6-max Seat #1 is the button
Seat 1: MarkoT0tev ($2 in chips) 
Seat 2: zabol13 ($2 in chips) 
Seat 3: Mahu2021 ($1.92 in chips) 
Seat 4: Calgree ($1.51 in chips) 
Seat 5: obsidian5665 ($2.29 in chips) 
Seat 6: lagun1970 ($1.09 in chips) 
zabol13: posts small blind $0.01
Mahu2021: posts big blind $0.02
*** HOLE CARDS ***
Dealt to Mahu2021 [Ad 9d]
Calgree: folds 
obsidian5665: folds 
lagun1970: folds 
MarkoT0tev: folds 
zabol13: raises $0.04 to $0.06
Mahu2021: calls $0.04
*** FLOP *** [8d 8c 3c]
zabol13: bets $0.06
Mahu2021: folds 
Uncalled bet ($0.06) returned to zabol13
zabol13 collected $0.12 from pot
zabol13: doesn't show hand 
*** SUMMARY ***
Total pot $0.12 | Rake $0 
Board [8d 8c 3c]
Seat 1: MarkoT0tev (button) folded before Flop (didn't bet)
Seat 2: zabol13 (small blind) collected ($0.12)
Seat 3: Mahu2021 (big blind) folded on the Flop
Seat 4: Calgree folded before Flop (didn't bet)
Seat 5: obsidian5665 folded before Flop (didn't bet)
Seat 6: lagun1970 folded before Flop (didn't bet)



PokerStars Zoom Hand #246865828545:  Hold'em No Limit ($0.01/$0.02) - 2023/11/01 17:36:56 CET [2023/11/01 12:36:56 ET]
Table 'Halley' 6-max Seat #1 is the button
Seat 1: MoZL9 ($2 in chips) 
Seat 2: Mahu2021 ($1.86 in chips) 
Seat 3: MrRooob9899 ($1.94 in chips) 
Seat 4: BURAIV ($2 in chips) 
Seat 5: graves80 ($2.32 in chips) 
Seat 6: Durbb ($4.81 in chips) 
Mahu2021: posts small blind $0.01
MrRooob9899: posts big blind $0.02
*** HOLE CARDS ***
Dealt to Mahu2021 [6d Kd]
BURAIV: folds 
graves80: raises $0.03 to $0.05
Durbb: folds 
MoZL9: folds 
Mahu2021: calls $0.04
MrRooob9899: calls $0.03
*** FLOP *** [6s 8d 7h]
Mahu2021: checks 
MrRooob9899: checks 
graves80: bets $0.09
Mahu2021: folds 
MrRooob9899: folds 
Uncalled bet ($0.09) returned to graves80
graves80 collected $0.14 from pot
graves80: doesn't show hand 
*** SUMMARY ***
Total pot $0.15 | Rake $0.01 
Board [6s 8d 7h]
Seat 1: MoZL9 (button) folded before Flop (didn't bet)
Seat 2: Mahu2021 (small blind) folded on the Flop
Seat 3: MrRooob9899 (big blind) folded on the Flop
Seat 4: BURAIV folded before Flop (didn't bet)
Seat 5: graves80 collected ($0.14)
Seat 6: Durbb folded before Flop (didn't bet)



PokerStars Zoom Hand #246865834382:  Hold'em No Limit ($0.01/$0.02) - 2023/11/01 17:37:15 CET [2023/11/01 12:37:15 ET]
Table 'Halley' 6-max Seat #1 is the button
Seat 1: Mahu2021 ($1.81 in chips) 
Seat 2: Rock in Rim ($1.36 in chips) 
Seat 3: WeStayIn ($2 in chips) 
Seat 4: Laian A. Sior ($1.88 in chips) 
Seat 5: BvKraemer ($3.84 in chips) 
Seat 6: cHiLlihOrOz2 ($2.66 in chips) 
Rock in Rim: posts small blind $0.01
WeStayIn: posts big blind $0.02
*** HOLE CARDS ***
Dealt to Mahu2021 [5s 3s]
Laian A. Sior: raises $0.02 to $0.04
BvKraemer: raises $0.11 to $0.15
cHiLlihOrOz2: folds 
Mahu2021: folds 
Rock in Rim: folds 
WeStayIn: folds 
Laian A. Sior: folds 
Uncalled bet ($0.11) returned to BvKraemer
BvKraemer collected $0.11 from pot
BvKraemer: doesn't show hand 
*** SUMMARY ***
Total pot $0.11 | Rake $0 
Seat 1: Mahu2021 (button) folded before Flop (didn't bet)
Seat 2: Rock in Rim (small blind) folded before Flop
Seat 3: WeStayIn (big blind) folded before Flop
Seat 4: Laian A. Sior folded before Flop
Seat 5: BvKraemer collected ($0.11)
Seat 6: cHiLlihOrOz2 folded before Flop (didn't bet)



PokerStars Zoom Hand #246865835335:  Hold'em No Limit ($0.01/$0.02) - 2023/11/01 17:37:18 CET [2023/11/01 12:37:18 ET]
Table 'Halley' 6-max Seat #1 is the button
Seat 1: Esenin-16 ($1.01 in chips) 
Seat 2: christex1 ($2.84 in chips) 
Seat 3: Innerwuss ($8.29 in chips) 
Seat 4: lexussdv ($5.05 in chips) 
Seat 5: WI54ON ($2.25 in chips) 
Seat 6: Mahu2021 ($1.81 in chips) 
christex1: posts small blind $0.01
Innerwuss: posts big blind $0.02
*** HOLE CARDS ***
Dealt to Mahu2021 [Jc 5c]
lexussdv: folds 
WI54ON: folds 
Mahu2021: folds 
Esenin-16: folds 
christex1: raises $0.04 to $0.06
Innerwuss: folds 
Uncalled bet ($0.04) returned to christex1
christex1 collected $0.04 from pot
christex1: doesn't show hand 
*** SUMMARY ***
Total pot $0.04 | Rake $0 
Seat 1: Esenin-16 (button) folded before Flop (didn't bet)
Seat 2: christex1 (small blind) collected ($0.04)
Seat 3: Innerwuss (big blind) folded before Flop
Seat 4: lexussdv folded before Flop (didn't bet)
Seat 5: WI54ON folded before Flop (didn't bet)
Seat 6: Mahu2021 folded before Flop (didn't bet)



PokerStars Zoom Hand #246865836800:  Hold'em No Limit ($0.01/$0.02) - 2023/11/01 17:37:23 CET [2023/11/01 12:37:23 ET]
Table 'Halley' 6-max Seat #1 is the button
Seat 1: kana400 ($2.08 in chips) 
Seat 2: OZZY0189 ($1.73 in chips) 
Seat 3: Dogm99999 ($3.13 in chips) 
Seat 4: samodaje ($2.90 in chips) 
Seat 5: Mahu2021 ($1.81 in chips) 
Seat 6: bombaster333 ($0.72 in chips) 
OZZY0189: posts small blind $0.01
Dogm99999: posts big blind $0.02
*** HOLE CARDS ***
Dealt to Mahu2021 [5c 6c]
samodaje: folds 
Mahu2021: raises $0.02 to $0.04
bombaster333: folds 
kana400: folds 
OZZY0189: raises $1.69 to $1.73 and is all-in
Dogm99999: folds 
Mahu2021: folds 
Uncalled bet ($1.69) returned to OZZY0189
OZZY0189 collected $0.10 from pot
OZZY0189: doesn't show hand 
*** SUMMARY ***
Total pot $0.10 | Rake $0 
Seat 1: kana400 (button) folded before Flop (didn't bet)
Seat 2: OZZY0189 (small blind) collected ($0.10)
Seat 3: Dogm99999 (big blind) folded before Flop
Seat 4: samodaje folded before Flop (didn't bet)
Seat 5: Mahu2021 folded before Flop
Seat 6: bombaster333 folded before Flop (didn't bet)



PokerStars Zoom Hand #246865840343:  Hold'em No Limit ($0.01/$0.02) - 2023/11/01 17:37:34 CET [2023/11/01 12:37:34 ET]
Table 'Halley' 6-max Seat #1 is the button
Seat 1: TerlosSKP ($5.17 in chips) 
Seat 2: milkshake424 ($2.40 in chips) 
Seat 3: WI54ON ($4.43 in chips) 
Seat 4: MrOrestes ($2.23 in chips) 
Seat 5: Lohvis ($2 in chips) 
Seat 6: Mahu2021 ($1.77 in chips) 
milkshake424: posts small blind $0.01
WI54ON: posts big blind $0.02
*** HOLE CARDS ***
Dealt to Mahu2021 [4d 6s]
MrOrestes: folds 
Lohvis: folds 
Mahu2021: folds 
TerlosSKP: raises $0.04 to $0.06
milkshake424: folds 
WI54ON: folds 
Uncalled bet ($0.04) returned to TerlosSKP
TerlosSKP collected $0.05 from pot
TerlosSKP: doesn't show hand 
*** SUMMARY ***
Total pot $0.05 | Rake $0 
Seat 1: TerlosSKP (button) collected ($0.05)
Seat 2: milkshake424 (small blind) folded before Flop
Seat 3: WI54ON (big blind) folded before Flop
Seat 4: MrOrestes folded before Flop (didn't bet)
Seat 5: Lohvis folded before Flop (didn't bet)
Seat 6: Mahu2021 folded before Flop (didn't bet)



PokerStars Zoom Hand #246865843236:  Hold'em No Limit ($0.01/$0.02) - 2023/11/01 17:37:44 CET [2023/11/01 12:37:44 ET]
Table 'Halley' 6-max Seat #1 is the button
Seat 1: praznina ($1.59 in chips) 
Seat 2: Ant¡key ($1.78 in chips) 
Seat 3: PBChilihead ($2.19 in chips) 
Seat 4: Mahu2021 ($1.75 in chips) 
Seat 5: mamaMarilyn ($2 in chips) 
Seat 6: Robert268898 ($2.48 in chips) 
Ant¡key: posts small blind $0.01
PBChilihead: posts big blind $0.02
*** HOLE CARDS ***
Dealt to Mahu2021 [2h 4h]
Mahu2021: folds 
mamaMarilyn: raises $0.02 to $0.04
Robert268898: folds 
praznina: folds 
Ant¡key: folds 
PBChilihead: folds 
Uncalled bet ($0.02) returned to mamaMarilyn
mamaMarilyn collected $0.05 from pot
mamaMarilyn: doesn't show hand 
*** SUMMARY ***
Total pot $0.05 | Rake $0 
Seat 1: praznina (button) folded before Flop (didn't bet)
Seat 2: Ant¡key (small blind) folded before Flop
Seat 3: PBChilihead (big blind) folded before Flop
Seat 4: Mahu2021 folded before Flop (didn't bet)
Seat 5: mamaMarilyn collected ($0.05)
Seat 6: Robert268898 folded before Flop (didn't bet)



PokerStars Zoom Hand #246865841625:  Hold'em No Limit ($0.01/$0.02) - 2023/11/01 17:37:38 CET [2023/11/01 12:37:38 ET]
Table 'Halley' 6-max Seat #1 is the button
Seat 1: Taua4041 ($6.91 in chips) 
Seat 2: MrOrestes ($2.23 in chips) 
Seat 3: Mahu2021 ($1.77 in chips) 
Seat 4: Calgree ($1.61 in chips) 
Seat 5: eloumni.s ($3.73 in chips) 
Seat 6: Lemayr ($2.12 in chips) 
MrOrestes: posts small blind $0.01
Mahu2021: posts big blind $0.02
*** HOLE CARDS ***
Dealt to Mahu2021 [Qc 5d]
Calgree: raises $0.04 to $0.06
eloumni.s: folds 
Lemayr: folds 
Taua4041: calls $0.06
MrOrestes: folds 
Mahu2021: folds 
*** FLOP *** [3s 9s Jd]
Calgree: bets $0.06
Taua4041: folds 
Uncalled bet ($0.06) returned to Calgree
Calgree collected $0.14 from pot
Calgree: doesn't show hand 
*** SUMMARY ***
Total pot $0.15 | Rake $0.01 
Board [3s 9s Jd]
Seat 1: Taua4041 (button) folded on the Flop
Seat 2: MrOrestes (small blind) folded before Flop
Seat 3: Mahu2021 (big blind) folded before Flop
Seat 4: Calgree collected ($0.14)
Seat 5: eloumni.s folded before Flop (didn't bet)
Seat 6: Lemayr folded before Flop (didn't bet)



PokerStars Zoom Hand #246865844396:  Hold'em No Limit ($0.01/$0.02) - 2023/11/01 17:37:48 CET [2023/11/01 12:37:48 ET]
Table 'Halley' 6-max Seat #1 is the button
Seat 1: VxAxV ($2.31 in chips) 
Seat 2: Mahu2021 ($1.75 in chips) 
Seat 3: viejoloco87 ($5.65 in chips) 
Seat 4: zabol13 ($2.04 in chips) 
Seat 5: Lohvis ($2.01 in chips) 
Seat 6: Durbb ($2.88 in chips) 
Mahu2021: posts small blind $0.01
viejoloco87: posts big blind $0.02
*** HOLE CARDS ***
Dealt to Mahu2021 [5d 6c]
zabol13: folds 
Lohvis: folds 
Durbb: folds 
VxAxV: folds 
Mahu2021: folds 
Uncalled bet ($0.01) returned to viejoloco87
viejoloco87 collected $0.02 from pot
viejoloco87: doesn't show hand 
*** SUMMARY ***
Total pot $0.02 | Rake $0 
Seat 1: VxAxV (button) folded before Flop (didn't bet)
Seat 2: Mahu2021 (small blind) folded before Flop
Seat 3: viejoloco87 (big blind) collected ($0.02)
Seat 4: zabol13 folded before Flop (didn't bet)
Seat 5: Lohvis folded before Flop (didn't bet)
Seat 6: Durbb folded before Flop (didn't bet)



PokerStars Zoom Hand #246865845629:  Hold'em No Limit ($0.01/$0.02) - 2023/11/01 17:37:52 CET [2023/11/01 12:37:52 ET]
Table 'Halley' 6-max Seat #1 is the button
Seat 1: Mahu2021 ($1.74 in chips) 
Seat 2: mamaMarilyn ($3.22 in chips) 
Seat 3: Weepy22 ($2.52 in chips) 
Seat 4: Innerwuss ($8.27 in chips) 
Seat 5: christex1 ($2 in chips) 
Seat 6: alugianfranco ($7.14 in chips) 
mamaMarilyn: posts small blind $0.01
Weepy22: posts big blind $0.02
*** HOLE CARDS ***
Dealt to Mahu2021 [7s Js]
Innerwuss: folds 
christex1: folds 
alugianfranco: folds 
Mahu2021: raises $0.02 to $0.04
mamaMarilyn: folds 
Weepy22: folds 
Uncalled bet ($0.02) returned to Mahu2021
Mahu2021 collected $0.05 from pot
Mahu2021: doesn't show hand 
*** SUMMARY ***
Total pot $0.05 | Rake $0 
Seat 1: Mahu2021 (button) collected ($0.05)
Seat 2: mamaMarilyn (small blind) folded before Flop
Seat 3: Weepy22 (big blind) folded before Flop
Seat 4: Innerwuss folded before Flop (didn't bet)
Seat 5: christex1 folded before Flop (didn't bet)
Seat 6: alugianfranco folded before Flop (didn't bet)



PokerStars Zoom Hand #246865849790:  Hold'em No Limit ($0.01/$0.02) - 2023/11/01 17:38:05 CET [2023/11/01 12:38:05 ET]
Table 'Halley' 6-max Seat #1 is the button
Seat 1: assd888 ($1.88 in chips) 
Seat 2: Lohvis ($2.30 in chips) 
Seat 3: xl_Jerry_lx ($1.97 in chips) 
Seat 4: OSP677 ($3.26 in chips) 
Seat 5: Mahu2021 ($1.77 in chips) 
Seat 6: kacper3k ($0.97 in chips) 
Lohvis: posts small blind $0.01
xl_Jerry_lx: posts big blind $0.02
*** HOLE CARDS ***
Dealt to Mahu2021 [Qc Jc]
OSP677: folds 
Mahu2021: raises $0.04 to $0.06
kacper3k: folds 
assd888: folds 
Lohvis: folds 
xl_Jerry_lx: folds 
Uncalled bet ($0.04) returned to Mahu2021
Mahu2021 collected $0.05 from pot
Mahu2021: doesn't show hand 
*** SUMMARY ***
Total pot $0.05 | Rake $0 
Seat 1: assd888 (button) folded before Flop (didn't bet)
Seat 2: Lohvis (small blind) folded before Flop
Seat 3: xl_Jerry_lx (big blind) folded before Flop
Seat 4: OSP677 folded before Flop (didn't bet)
Seat 5: Mahu2021 collected ($0.05)
Seat 6: kacper3k folded before Flop (didn't bet)



PokerStars Zoom Hand #246865858583:  Hold'em No Limit ($0.01/$0.02) - 2023/11/01 17:38:34 CET [2023/11/01 12:38:34 ET]
Table 'Halley' 6-max Seat #1 is the button
Seat 1: MrOrestes ($2.17 in chips) 
Seat 2: Mahu2021 ($1.78 in chips) 
Seat 3: Gattini37 ($2.61 in chips) 
Seat 4: viejoloco87 ($6.03 in chips) 
Seat 5: JonTagaryen1 ($2.79 in chips) 
Seat 6: maxm198 ($2.12 in chips) 
Mahu2021: posts small blind $0.01
Gattini37: posts big blind $0.02
*** HOLE CARDS ***
Dealt to Mahu2021 [4s 2h]
viejoloco87: folds 
JonTagaryen1: raises $0.04 to $0.06
maxm198: folds 
MrOrestes: folds 
Mahu2021: folds 
Gattini37: folds 
Uncalled bet ($0.04) returned to JonTagaryen1
JonTagaryen1 collected $0.05 from pot
JonTagaryen1: doesn't show hand 
*** SUMMARY ***
Total pot $0.05 | Rake $0 
Seat 1: MrOrestes (button) folded before Flop (didn't bet)
Seat 2: Mahu2021 (small blind) folded before Flop
Seat 3: Gattini37 (big blind) folded before Flop
Seat 4: viejoloco87 folded before Flop (didn't bet)
Seat 5: JonTagaryen1 collected ($0.05)
Seat 6: maxm198 folded before Flop (didn't bet)



PokerStars Zoom Hand #246865861064:  Hold'em No Limit ($0.01/$0.02) - 2023/11/01 17:38:42 CET [2023/11/01 12:38:42 ET]
Table 'Halley' 6-max Seat #1 is the button
Seat 1: Mahu2021 ($1.77 in chips) 
Seat 2: angrycutt ($2.09 in chips) 
Seat 3: Lemayr ($2.04 in chips) 
Seat 4: origanrs ($3.42 in chips) 
Seat 5: VXNX$157 ($2.08 in chips) 
Seat 6: kraft1980 ($2.17 in chips) 
angrycutt: posts small blind $0.01
Lemayr: posts big blind $0.02
*** HOLE CARDS ***
Dealt to Mahu2021 [9h Jd]
origanrs: folds 
VXNX$157: folds 
kraft1980: folds 
Mahu2021: folds 
angrycutt: folds 
Uncalled bet ($0.01) returned to Lemayr
Lemayr collected $0.02 from pot
Lemayr: doesn't show hand 
*** SUMMARY ***
Total pot $0.02 | Rake $0 
Seat 1: Mahu2021 (button) folded before Flop (didn't bet)
Seat 2: angrycutt (small blind) folded before Flop
Seat 3: Lemayr (big blind) collected ($0.02)
Seat 4: origanrs folded before Flop (didn't bet)
Seat 5: VXNX$157 folded before Flop (didn't bet)
Seat 6: kraft1980 folded before Flop (didn't bet)



PokerStars Zoom Hand #246865859842:  Hold'em No Limit ($0.01/$0.02) - 2023/11/01 17:38:38 CET [2023/11/01 12:38:38 ET]
Table 'Halley' 6-max Seat #1 is the button
Seat 1: Krusty 013 ($2.16 in chips) 
Seat 2: simba1802 ($1.73 in chips) 
Seat 3: MrRooob9899 ($1.69 in chips) 
Seat 4: Mahu2021 ($1.77 in chips) 
Seat 5: foca1312 ($2.03 in chips) 
Seat 6: Rock in Rim ($1.70 in chips) 
simba1802: posts small blind $0.01
MrRooob9899: posts big blind $0.02
*** HOLE CARDS ***
Dealt to Mahu2021 [4s 8c]
Mahu2021: folds 
foca1312 is disconnected 
foca1312 has timed out while disconnected
foca1312: folds 
Rock in Rim: folds 
Krusty 013: folds 
simba1802: folds 
Uncalled bet ($0.01) returned to MrRooob9899
MrRooob9899 collected $0.02 from pot
MrRooob9899: doesn't show hand 
*** SUMMARY ***
Total pot $0.02 | Rake $0 
Seat 1: Krusty 013 (button) folded before Flop (didn't bet)
Seat 2: simba1802 (small blind) folded before Flop
Seat 3: MrRooob9899 (big blind) collected ($0.02)
Seat 4: Mahu2021 folded before Flop (didn't bet)
Seat 5: foca1312 folded before Flop (didn't bet)
Seat 6: Rock in Rim folded before Flop (didn't bet)



PokerStars Zoom Hand #246865862226:  Hold'em No Limit ($0.01/$0.02) - 2023/11/01 17:38:46 CET [2023/11/01 12:38:46 ET]
Table 'Halley' 6-max Seat #1 is the button
Seat 1: TheLastDumb ($3.24 in chips) 
Seat 2: xl_Jerry_lx ($1.78 in chips) 
Seat 3: Dogm99999 ($2.30 in chips) 
Seat 4: CptLeChuck72 ($2.32 in chips) 
Seat 5: MassterD21 ($0.89 in chips) 
Seat 6: Mahu2021 ($1.77 in chips) 
xl_Jerry_lx: posts small blind $0.01
Dogm99999: posts big blind $0.02
*** HOLE CARDS ***
Dealt to Mahu2021 [6s Jd]
CptLeChuck72: folds 
MassterD21: folds 
Mahu2021: folds 
TheLastDumb: folds 
xl_Jerry_lx: folds 
Uncalled bet ($0.01) returned to Dogm99999
Dogm99999 collected $0.02 from pot
Dogm99999: doesn't show hand 
*** SUMMARY ***
Total pot $0.02 | Rake $0 
Seat 1: TheLastDumb (button) folded before Flop (didn't bet)
Seat 2: xl_Jerry_lx (small blind) folded before Flop
Seat 3: Dogm99999 (big blind) collected ($0.02)
Seat 4: CptLeChuck72 folded before Flop (didn't bet)
Seat 5: MassterD21 folded before Flop (didn't bet)
Seat 6: Mahu2021 folded before Flop (didn't bet)



PokerStars Zoom Hand #246865854761:  Hold'em No Limit ($0.01/$0.02) - 2023/11/01 17:38:21 CET [2023/11/01 12:38:21 ET]
Table 'Halley' 6-max Seat #1 is the button
Seat 1: praznina ($1.82 in chips) 
Seat 2: Harley3780 ($2.01 in chips) 
Seat 3: Mahu2021 ($1.80 in chips) 
Seat 4: Lapin-Russe1 ($2.29 in chips) 
Seat 5: ptitpanda22 ($2.73 in chips) 
Seat 6: ZiggyBoy90 ($2.79 in chips) 
Harley3780: posts small blind $0.01
Mahu2021: posts big blind $0.02
*** HOLE CARDS ***
Dealt to Mahu2021 [Kd Td]
Lapin-Russe1: folds 
ptitpanda22: raises $0.04 to $0.06
ZiggyBoy90: folds 
praznina: raises $0.10 to $0.16
Harley3780: calls $0.15
Mahu2021: folds 
ptitpanda22: calls $0.10
*** FLOP *** [Ts Kc 8s]
Harley3780: checks 
ptitpanda22: checks 
praznina: checks 
*** TURN *** [Ts Kc 8s] [7s]
Harley3780: checks 
ptitpanda22: bets $0.26
praznina: calls $0.26
Harley3780: calls $0.26
*** RIVER *** [Ts Kc 8s 7s] [6h]
Harley3780: checks 
ptitpanda22: checks 
praznina: checks 
*** SHOW DOWN ***
Harley3780: shows [Qs Ac] (high card Ace)
ptitpanda22: shows [5c 5d] (a pair of Fives)
praznina: shows [Js Jh] (a pair of Jacks)
praznina collected $1.24 from pot
*** SUMMARY ***
Total pot $1.28 | Rake $0.04 
Board [Ts Kc 8s 7s 6h]
Seat 1: praznina (button) showed [Js Jh] and won ($1.24) with a pair of Jacks
Seat 2: Harley3780 (small blind) showed [Qs Ac] and lost with high card Ace
Seat 3: Mahu2021 (big blind) folded before Flop
Seat 4: Lapin-Russe1 folded before Flop (didn't bet)
Seat 5: ptitpanda22 showed [5c 5d] and lost with a pair of Fives
Seat 6: ZiggyBoy90 folded before Flop (didn't bet)



PokerStars Zoom Hand #246865863260:  Hold'em No Limit ($0.01/$0.02) - 2023/11/01 17:38:49 CET [2023/11/01 12:38:49 ET]
Table 'Halley' 6-max Seat #1 is the button
Seat 1: Detlef7able ($3.07 in chips) 
Seat 2: WI54ON ($4.49 in chips) 
Seat 3: MrOrestes ($2.05 in chips) 
Seat 4: Esenin-16 ($0.52 in chips) 
Seat 5: Mahu2021 ($1.77 in chips) 
Seat 6: simba1802 ($1.99 in chips) 
WI54ON: posts small blind $0.01
MrOrestes: posts big blind $0.02
*** HOLE CARDS ***
Dealt to Mahu2021 [Ad Qh]
Esenin-16: folds 
Mahu2021: raises $0.04 to $0.06
simba1802: folds 
Detlef7able: calls $0.06
WI54ON: folds 
MrOrestes: folds 
*** FLOP *** [5s Jh 3c]
Mahu2021: checks 
Detlef7able: bets $0.07
Mahu2021: calls $0.07
*** TURN *** [5s Jh 3c] [9c]
Mahu2021: checks 
Detlef7able: checks 
*** RIVER *** [5s Jh 3c 9c] [7c]
Mahu2021: bets $0.08
Detlef7able: calls $0.08
*** SHOW DOWN ***
Mahu2021: shows [Ad Qh] (high card Ace)
Detlef7able: shows [7d 7s] (three of a kind, Sevens)
Detlef7able collected $0.43 from pot
*** SUMMARY ***
Total pot $0.45 | Rake $0.02 
Board [5s Jh 3c 9c 7c]
Seat 1: Detlef7able (button) showed [7d 7s] and won ($0.43) with three of a kind, Sevens
Seat 2: WI54ON (small blind) folded before Flop
Seat 3: MrOrestes (big blind) folded before Flop
Seat 4: Esenin-16 folded before Flop (didn't bet)
Seat 5: Mahu2021 showed [Ad Qh] and lost with high card Ace
Seat 6: simba1802 folded before Flop (didn't bet)



PokerStars Zoom Hand #246865874746:  Hold'em No Limit ($0.01/$0.02) - 2023/11/01 17:39:27 CET [2023/11/01 12:39:27 ET]
Table 'Halley' 6-max Seat #1 is the button
Seat 1: JonTagaryen1 ($4.66 in chips) 
Seat 2: mdSz ($2.01 in chips) 
Seat 3: milkshake424 ($2.46 in chips) 
Seat 4: scofo83 ($2.60 in chips) 
Seat 5: Durbb ($2.88 in chips) 
Seat 6: Mahu2021 ($1.56 in chips) 
mdSz: posts small blind $0.01
milkshake424: posts big blind $0.02
*** HOLE CARDS ***
Dealt to Mahu2021 [6d Ac]
scofo83: folds 
Durbb: folds 
Mahu2021: raises $0.02 to $0.04
JonTagaryen1: folds 
mdSz: folds 
milkshake424: folds 
Uncalled bet ($0.02) returned to Mahu2021
Mahu2021 collected $0.05 from pot
Mahu2021: doesn't show hand 
*** SUMMARY ***
Total pot $0.05 | Rake $0 
Seat 1: JonTagaryen1 (button) folded before Flop (didn't bet)
Seat 2: mdSz (small blind) folded before Flop
Seat 3: milkshake424 (big blind) folded before Flop
Seat 4: scofo83 folded before Flop (didn't bet)
Seat 5: Durbb folded before Flop (didn't bet)
Seat 6: Mahu2021 collected ($0.05)



PokerStars Zoom Hand #246865878594:  Hold'em No Limit ($0.01/$0.02) - 2023/11/01 17:39:39 CET [2023/11/01 12:39:39 ET]
Table 'Halley' 6-max Seat #1 is the button
Seat 1: 3aPu6eH ($5.50 in chips) 
Seat 2: G*shark*7 ($2.38 in chips) 
Seat 3: Mahu2021 ($1.59 in chips) 
Seat 4: 888lifeIS ($2 in chips) 
Seat 5: mowotu ($1.50 in chips) 
Seat 6: gimi888 ($2.07 in chips) 
G*shark*7: posts small blind $0.01
Mahu2021: posts big blind $0.02
*** HOLE CARDS ***
Dealt to Mahu2021 [5d Ah]
888lifeIS: folds 
mowotu: folds 
gimi888: folds 
3aPu6eH: raises $0.03 to $0.05
G*shark*7: folds 
Mahu2021: calls $0.03
*** FLOP *** [Kc Qh 9c]
Mahu2021: checks 
3aPu6eH: bets $0.06
Mahu2021: folds 
Uncalled bet ($0.06) returned to 3aPu6eH
3aPu6eH collected $0.11 from pot
3aPu6eH: doesn't show hand 
*** SUMMARY ***
Total pot $0.11 | Rake $0 
Board [Kc Qh 9c]
Seat 1: 3aPu6eH (button) collected ($0.11)
Seat 2: G*shark*7 (small blind) folded before Flop
Seat 3: Mahu2021 (big blind) folded on the Flop
Seat 4: 888lifeIS folded before Flop (didn't bet)
Seat 5: mowotu folded before Flop (didn't bet)
Seat 6: gimi888 folded before Flop (didn't bet)



PokerStars Zoom Hand #246865877539:  Hold'em No Limit ($0.01/$0.02) - 2023/11/01 17:39:36 CET [2023/11/01 12:39:36 ET]
Table 'Halley' 6-max Seat #1 is the button
Seat 1: Foxilium ($2.02 in chips) 
Seat 2: Lemayr ($5.78 in chips) 
Seat 3: viejoloco87 ($5.68 in chips) 
Seat 4: Amirez90 ($2 in chips) 
Seat 5: Mahu2021 ($1.59 in chips) 
Seat 6: Gabriel199620 ($1.75 in chips) 
Lemayr: posts small blind $0.01
viejoloco87: posts big blind $0.02
*** HOLE CARDS ***
Dealt to Mahu2021 [6c 7h]
Amirez90: folds 
Mahu2021: folds 
Gabriel199620: folds 
Foxilium: folds 
Lemayr: raises $0.04 to $0.06
viejoloco87: calls $0.04
*** FLOP *** [7s 5s 4c]
Lemayr: checks 
viejoloco87: checks 
*** TURN *** [7s 5s 4c] [2s]
Lemayr: bets $0.12
viejoloco87: folds 
Uncalled bet ($0.12) returned to Lemayr
Lemayr collected $0.12 from pot
Lemayr: doesn't show hand 
*** SUMMARY ***
Total pot $0.12 | Rake $0 
Board [7s 5s 4c 2s]
Seat 1: Foxilium (button) folded before Flop (didn't bet)
Seat 2: Lemayr (small blind) collected ($0.12)
Seat 3: viejoloco87 (big blind) folded on the Turn
Seat 4: Amirez90 folded before Flop (didn't bet)
Seat 5: Mahu2021 folded before Flop (didn't bet)
Seat 6: Gabriel199620 folded before Flop (didn't bet)



PokerStars Zoom Hand #246865889755:  Hold'em No Limit ($0.01/$0.02) - 2023/11/01 17:40:15 CET [2023/11/01 12:40:15 ET]
Table 'Halley' 6-max Seat #1 is the button
Seat 1: Mahu2021 ($1.53 in chips) 
Seat 2: Weepy22 ($2.12 in chips) 
Seat 3: zabol13 ($3.77 in chips) 
Seat 4: Krusty 013 ($2.02 in chips) 
Seat 5: MrOrestes ($2.48 in chips) 
Seat 6: curlysue888 ($2.12 in chips) 
Weepy22: posts small blind $0.01
zabol13: posts big blind $0.02
*** HOLE CARDS ***
Dealt to Mahu2021 [6s 8c]
Krusty 013: folds 
MrOrestes: folds 
curlysue888: folds 
Mahu2021: folds 
Weepy22: folds 
Uncalled bet ($0.01) returned to zabol13
zabol13 collected $0.02 from pot
zabol13: doesn't show hand 
*** SUMMARY ***
Total pot $0.02 | Rake $0 
Seat 1: Mahu2021 (button) folded before Flop (didn't bet)
Seat 2: Weepy22 (small blind) folded before Flop
Seat 3: zabol13 (big blind) collected ($0.02)
Seat 4: Krusty 013 folded before Flop (didn't bet)
Seat 5: MrOrestes folded before Flop (didn't bet)
Seat 6: curlysue888 folded before Flop (didn't bet)



PokerStars Zoom Hand #246865891639:  Hold'em No Limit ($0.01/$0.02) - 2023/11/01 17:40:22 CET [2023/11/01 12:40:22 ET]
Table 'Halley' 6-max Seat #1 is the button
Seat 1: BURAIV ($2 in chips) 
Seat 2: 3aPu6eH ($4.79 in chips) 
Seat 3: mowotu ($1.68 in chips) 
Seat 4: Mahu2021 ($1.53 in chips) 
Seat 5: erno_34 ($0.73 in chips) 
Seat 6: Rock in Rim ($1.94 in chips) 
3aPu6eH: posts small blind $0.01
mowotu: posts big blind $0.02
*** HOLE CARDS ***
Dealt to Mahu2021 [2h 5c]
Mahu2021: folds 
erno_34: folds 
Rock in Rim: folds 
BURAIV: folds 
3aPu6eH: folds 
Uncalled bet ($0.01) returned to mowotu
mowotu collected $0.02 from pot
mowotu: doesn't show hand 
*** SUMMARY ***
Total pot $0.02 | Rake $0 
Seat 1: BURAIV (button) folded before Flop (didn't bet)
Seat 2: 3aPu6eH (small blind) folded before Flop
Seat 3: mowotu (big blind) collected ($0.02)
Seat 4: Mahu2021 folded before Flop (didn't bet)
Seat 5: erno_34 folded before Flop (didn't bet)
Seat 6: Rock in Rim folded before Flop (didn't bet)



PokerStars Zoom Hand #246865893808:  Hold'em No Limit ($0.01/$0.02) - 2023/11/01 17:40:29 CET [2023/11/01 12:40:29 ET]
Table 'Halley' 6-max Seat #1 is the button
Seat 1: WeStayIn ($2.02 in chips) 
Seat 2: alejandrinho14 ($2 in chips) 
Seat 3: Mahu2021 ($1.52 in chips) 
Seat 4: wadson_1 ($2.08 in chips) 
Seat 5: Lohvis ($2.47 in chips) 
Seat 6: Lapin-Russe1 ($2.98 in chips) 
alejandrinho14: posts small blind $0.01
Mahu2021: posts big blind $0.02
*** HOLE CARDS ***
Dealt to Mahu2021 [Jh 8d]
wadson_1: raises $0.04 to $0.06
Lohvis: folds 
Lapin-Russe1: folds 
WeStayIn: folds 
alejandrinho14: folds 
Mahu2021: folds 
Uncalled bet ($0.04) returned to wadson_1
wadson_1 collected $0.05 from pot
wadson_1: doesn't show hand 
*** SUMMARY ***
Total pot $0.05 | Rake $0 
Seat 1: WeStayIn (button) folded before Flop (didn't bet)
Seat 2: alejandrinho14 (small blind) folded before Flop
Seat 3: Mahu2021 (big blind) folded before Flop
Seat 4: wadson_1 collected ($0.05)
Seat 5: Lohvis folded before Flop (didn't bet)
Seat 6: Lapin-Russe1 folded before Flop (didn't bet)



PokerStars Zoom Hand #246865888791:  Hold'em No Limit ($0.01/$0.02) - 2023/11/01 17:40:12 CET [2023/11/01 12:40:12 ET]
Table 'Halley' 6-max Seat #1 is the button
Seat 1: maxm198 ($2.01 in chips) 
Seat 2: Mahu2021 ($1.54 in chips) 
Seat 3: MoZL9 ($2.32 in chips) 
Seat 4: mdSz ($2.03 in chips) 
Seat 5: Innerwuss ($4.87 in chips) 
Seat 6: BigBallast ($2.47 in chips) 
Mahu2021: posts small blind $0.01
MoZL9: posts big blind $0.02
*** HOLE CARDS ***
Dealt to Mahu2021 [Th 3s]
mdSz: raises $0.04 to $0.06
Innerwuss: folds 
BigBallast: folds 
maxm198: calls $0.06
Mahu2021: folds 
MoZL9: folds 
*** FLOP *** [4h 4c 3c]
mdSz: bets $0.04
maxm198: folds 
Uncalled bet ($0.04) returned to mdSz
mdSz collected $0.14 from pot
mdSz: doesn't show hand 
*** SUMMARY ***
Total pot $0.15 | Rake $0.01 
Board [4h 4c 3c]
Seat 1: maxm198 (button) folded on the Flop
Seat 2: Mahu2021 (small blind) folded before Flop
Seat 3: MoZL9 (big blind) folded before Flop
Seat 4: mdSz collected ($0.14)
Seat 5: Innerwuss folded before Flop (didn't bet)
Seat 6: BigBallast folded before Flop (didn't bet)



PokerStars Zoom Hand #246865892557:  Hold'em No Limit ($0.01/$0.02) - 2023/11/01 17:40:25 CET [2023/11/01 12:40:25 ET]
Table 'Halley' 6-max Seat #1 is the button
Seat 1: VXNX$157 ($1.89 in chips) 
Seat 2: Mahu2021 ($1.53 in chips) 
Seat 3: KHLOVE ($4.90 in chips) 
Seat 4: WeStayIn ($2.02 in chips) 
Seat 5: Esenin-16 ($0.85 in chips) 
Seat 6: Lemayr ($2 in chips) 
Mahu2021: posts small blind $0.01
KHLOVE: posts big blind $0.02
*** HOLE CARDS ***
Dealt to Mahu2021 [5s Kd]
WeStayIn: folds 
Esenin-16: folds 
Lemayr: folds 
VXNX$157: raises $0.02 to $0.04
Mahu2021: folds 
KHLOVE: raises $0.08 to $0.12
VXNX$157: folds 
Uncalled bet ($0.08) returned to KHLOVE
KHLOVE collected $0.09 from pot
KHLOVE: doesn't show hand 
*** SUMMARY ***
Total pot $0.09 | Rake $0 
Seat 1: VXNX$157 (button) folded before Flop
Seat 2: Mahu2021 (small blind) folded before Flop
Seat 3: KHLOVE (big blind) collected ($0.09)
Seat 4: WeStayIn folded before Flop (didn't bet)
Seat 5: Esenin-16 folded before Flop (didn't bet)
Seat 6: Lemayr folded before Flop (didn't bet)



PokerStars Zoom Hand #246865895628:  Hold'em No Limit ($0.01/$0.02) - 2023/11/01 17:40:35 CET [2023/11/01 12:40:35 ET]
Table 'Halley' 6-max Seat #1 is the button
Seat 1: alejandrinho14 ($2 in chips) 
Seat 2: Detlef7able ($3.29 in chips) 
Seat 3: chevins ($2 in chips) 
Seat 4: zabol13 ($3.78 in chips) 
Seat 5: Mahu2021 ($1.50 in chips) 
Seat 6: centapoker ($2.18 in chips) 
Detlef7able: posts small blind $0.01
chevins: posts big blind $0.02
*** HOLE CARDS ***
Dealt to Mahu2021 [3d Kd]
zabol13: folds 
Mahu2021: raises $0.02 to $0.04
centapoker: folds 
alejandrinho14: folds 
Detlef7able: folds 
chevins: calls $0.02
*** FLOP *** [4h 8d Qc]
chevins: checks 
Mahu2021: bets $0.04
chevins: folds 
Uncalled bet ($0.04) returned to Mahu2021
Mahu2021 collected $0.09 from pot
Mahu2021: doesn't show hand 
*** SUMMARY ***
Total pot $0.09 | Rake $0 
Board [4h 8d Qc]
Seat 1: alejandrinho14 (button) folded before Flop (didn't bet)
Seat 2: Detlef7able (small blind) folded before Flop
Seat 3: chevins (big blind) folded on the Flop
Seat 4: zabol13 folded before Flop (didn't bet)
Seat 5: Mahu2021 collected ($0.09)
Seat 6: centapoker folded before Flop (didn't bet)



PokerStars Zoom Hand #246865890631:  Hold'em No Limit ($0.01/$0.02) - 2023/11/01 17:40:18 CET [2023/11/01 12:40:18 ET]
Table 'Halley' 6-max Seat #1 is the button
Seat 1: christex1 ($3.82 in chips) 
Seat 2: MarkoT0tev ($5.79 in chips) 
Seat 3: Foxilium ($1.99 in chips) 
Seat 4: Mahu2021 ($1.53 in chips) 
Seat 5: Detlef7able ($3.29 in chips) 
Seat 6: BURAIV ($2 in chips) 
MarkoT0tev: posts small blind $0.01
Foxilium: posts big blind $0.02
*** HOLE CARDS ***
Dealt to Mahu2021 [4h 9h]
Mahu2021: folds 
Detlef7able: folds 
BURAIV: folds 
christex1: raises $0.03 to $0.05
MarkoT0tev: folds 
Foxilium: raises $0.03 to $0.08
christex1: calls $0.03
*** FLOP *** [5c Th Qd]
Foxilium: checks 
christex1: bets $0.05
Foxilium: raises $0.05 to $0.10
christex1: raises $0.05 to $0.15
Foxilium: calls $0.05
*** TURN *** [5c Th Qd] [6h]
Foxilium: checks 
christex1: bets $0.34
Foxilium: raises $0.34 to $0.68
christex1: raises $2.91 to $3.59 and is all-in
Foxilium: calls $1.08 and is all-in
Uncalled bet ($1.83) returned to christex1
*** RIVER *** [5c Th Qd 6h] [2s]
*** SHOW DOWN ***
Foxilium: shows [Ad Ah] (a pair of Aces)
christex1: shows [Tc Td] (three of a kind, Tens)
christex1 collected $3.85 from pot
*** SUMMARY ***
Total pot $3.99 | Rake $0.14 
Board [5c Th Qd 6h 2s]
Seat 1: christex1 (button) showed [Tc Td] and won ($3.85) with three of a kind, Tens
Seat 2: MarkoT0tev (small blind) folded before Flop
Seat 3: Foxilium (big blind) showed [Ad Ah] and lost with a pair of Aces
Seat 4: Mahu2021 folded before Flop (didn't bet)
Seat 5: Detlef7able folded before Flop (didn't bet)
Seat 6: BURAIV folded before Flop (didn't bet)



PokerStars Zoom Hand #246865903376:  Hold'em No Limit ($0.01/$0.02) - 2023/11/01 17:41:00 CET [2023/11/01 12:41:00 ET]
Table 'Halley' 6-max Seat #1 is the button
Seat 1: Mahu2021 ($1.55 in chips) 
Seat 2: Weepy22 ($2.09 in chips) 
Seat 3: christex1 ($2 in chips) 
Seat 4: MassterD21 ($0.87 in chips) 
Seat 5: assd888 ($1.80 in chips) 
Seat 6: Dogm99999 ($2.14 in chips) 
Weepy22: posts small blind $0.01
christex1: posts big blind $0.02
*** HOLE CARDS ***
Dealt to Mahu2021 [9s 2s]
MassterD21: folds 
assd888: folds 
Dogm99999: raises $0.04 to $0.06
Mahu2021: folds 
Weepy22: folds 
christex1: folds 
Uncalled bet ($0.04) returned to Dogm99999
Dogm99999 collected $0.05 from pot
Dogm99999: doesn't show hand 
*** SUMMARY ***
Total pot $0.05 | Rake $0 
Seat 1: Mahu2021 (button) folded before Flop (didn't bet)
Seat 2: Weepy22 (small blind) folded before Flop
Seat 3: christex1 (big blind) folded before Flop
Seat 4: MassterD21 folded before Flop (didn't bet)
Seat 5: assd888 folded before Flop (didn't bet)
Seat 6: Dogm99999 collected ($0.05)



PokerStars Zoom Hand #246865904582:  Hold'em No Limit ($0.01/$0.02) - 2023/11/01 17:41:04 CET [2023/11/01 12:41:04 ET]
Table 'Halley' 6-max Seat #1 is the button
Seat 1: CaesarSiegfried ($2.10 in chips) 
Seat 2: ARCUR1 ($2.32 in chips) 
Seat 3: 3aPu6eH ($4.81 in chips) 
Seat 4: AdrianoGil22 ($3.13 in chips) 
Seat 5: Plmax94 ($1.78 in chips) 
Seat 6: Mahu2021 ($1.55 in chips) 
ARCUR1: posts small blind $0.01
3aPu6eH: posts big blind $0.02
*** HOLE CARDS ***
Dealt to Mahu2021 [Qc Kc]
AdrianoGil22: folds 
Plmax94: folds 
Mahu2021: raises $0.04 to $0.06
CaesarSiegfried: folds 
ARCUR1: folds 
3aPu6eH: folds 
Uncalled bet ($0.04) returned to Mahu2021
Mahu2021 collected $0.05 from pot
Mahu2021: doesn't show hand 
*** SUMMARY ***
Total pot $0.05 | Rake $0 
Seat 1: CaesarSiegfried (button) folded before Flop (didn't bet)
Seat 2: ARCUR1 (small blind) folded before Flop
Seat 3: 3aPu6eH (big blind) folded before Flop
Seat 4: AdrianoGil22 folded before Flop (didn't bet)
Seat 5: Plmax94 folded before Flop (didn't bet)
Seat 6: Mahu2021 collected ($0.05)



PokerStars Zoom Hand #246865911912:  Hold'em No Limit ($0.01/$0.02) - 2023/11/01 17:41:28 CET [2023/11/01 12:41:28 ET]
Table 'Halley' 6-max Seat #1 is the button
Seat 1: MassterD21 ($0.85 in chips) 
Seat 2: assd888 ($1.78 in chips) 
Seat 3: Gralx01 ($1.50 in chips) 
Seat 4: angrycutt ($2.03 in chips) 
Seat 5: Mcdog43 ($2 in chips) 
Seat 6: Mahu2021 ($1.57 in chips) 
assd888: posts small blind $0.01
Gralx01: posts big blind $0.02
*** HOLE CARDS ***
Dealt to Mahu2021 [6h 2d]
angrycutt: folds 
Mcdog43: raises $0.03 to $0.05
Mahu2021: folds 
MassterD21: calls $0.05
assd888: folds 
Gralx01: calls $0.03
*** FLOP *** [Ks 5d 2h]
Gralx01: bets $1.45 and is all-in
Mcdog43: folds 
MassterD21: folds 
Uncalled bet ($1.45) returned to Gralx01
Gralx01 collected $0.15 from pot
Gralx01: doesn't show hand 
*** SUMMARY ***
Total pot $0.16 | Rake $0.01 
Board [Ks 5d 2h]
Seat 1: MassterD21 (button) folded on the Flop
Seat 2: assd888 (small blind) folded before Flop
Seat 3: Gralx01 (big blind) collected ($0.15)
Seat 4: angrycutt folded before Flop (didn't bet)
Seat 5: Mcdog43 folded on the Flop
Seat 6: Mahu2021 folded before Flop (didn't bet)



PokerStars Zoom Hand #246865908817:  Hold'em No Limit ($0.01/$0.02) - 2023/11/01 17:41:18 CET [2023/11/01 12:41:18 ET]
Table 'Halley' 6-max Seat #1 is the button
Seat 1: OscarFrogstar ($4.31 in chips) 
Seat 2: Dogm99999 ($1.60 in chips) 
Seat 3: MrOrestes ($2.09 in chips) 
Seat 4: Mahu2021 ($1.58 in chips) 
Seat 5: Uncleaux ($3.28 in chips) 
Seat 6: diegito2013 ($0.52 in chips) 
Dogm99999: posts small blind $0.01
MrOrestes: posts big blind $0.02
*** HOLE CARDS ***
Dealt to Mahu2021 [6s Ac]
Mahu2021: folds 
Uncleaux: folds 
diegito2013: folds 
OscarFrogstar: folds 
Dogm99999: calls $0.01
MrOrestes: checks 
*** FLOP *** [Jc Kd 9d]
Dogm99999: checks 
MrOrestes: bets $0.02
Dogm99999: folds 
Uncalled bet ($0.02) returned to MrOrestes
MrOrestes collected $0.04 from pot
MrOrestes: doesn't show hand 
*** SUMMARY ***
Total pot $0.04 | Rake $0 
Board [Jc Kd 9d]
Seat 1: OscarFrogstar (button) folded before Flop (didn't bet)
Seat 2: Dogm99999 (small blind) folded on the Flop
Seat 3: MrOrestes (big blind) collected ($0.04)
Seat 4: Mahu2021 folded before Flop (didn't bet)
Seat 5: Uncleaux folded before Flop (didn't bet)
Seat 6: diegito2013 folded before Flop (didn't bet)



PokerStars Zoom Hand #246865912935:  Hold'em No Limit ($0.01/$0.02) - 2023/11/01 17:41:31 CET [2023/11/01 12:41:31 ET]
Table 'Halley' 6-max Seat #1 is the button
Seat 1: BURAIV ($2 in chips) 
Seat 2: alan0722 ($4.97 in chips) 
Seat 3: Mahu2021 ($1.57 in chips) 
Seat 4: praznina ($2.59 in chips) 
Seat 5: Dogm99999 ($2.16 in chips) 
Seat 6: StrictlyPoker ($0.62 in chips) 
alan0722: posts small blind $0.01
Mahu2021: posts big blind $0.02
*** HOLE CARDS ***
Dealt to Mahu2021 [9h Qh]
praznina: folds 
Dogm99999: folds 
StrictlyPoker: folds 
BURAIV: raises $0.02 to $0.04
alan0722: raises $0.18 to $0.22
Mahu2021: folds 
BURAIV: folds 
Uncalled bet ($0.18) returned to alan0722
alan0722 collected $0.10 from pot
alan0722: doesn't show hand 
*** SUMMARY ***
Total pot $0.10 | Rake $0 
Seat 1: BURAIV (button) folded before Flop
Seat 2: alan0722 (small blind) collected ($0.10)
Seat 3: Mahu2021 (big blind) folded before Flop
Seat 4: praznina folded before Flop (didn't bet)
Seat 5: Dogm99999 folded before Flop (didn't bet)
Seat 6: StrictlyPoker folded before Flop (didn't bet)



PokerStars Zoom Hand #246865910659:  Hold'em No Limit ($0.01/$0.02) - 2023/11/01 17:41:24 CET [2023/11/01 12:41:24 ET]
Table 'Halley' 6-max Seat #1 is the button
Seat 1: enixblr ($2.50 in chips) 
Seat 2: Mahu2021 ($1.58 in chips) 
Seat 3: WeStayIn ($2 in chips) 
Seat 4: Uncleaux ($3.28 in chips) 
Seat 5: obsidian5665 ($2.37 in chips) 
Seat 6: Adzaga ($2.34 in chips) 
Mahu2021: posts small blind $0.01
WeStayIn: posts big blind $0.02
*** HOLE CARDS ***
Dealt to Mahu2021 [4s 8d]
Uncleaux: folds 
obsidian5665: raises $0.04 to $0.06
Adzaga: folds 
enixblr: folds 
Mahu2021: folds 
WeStayIn: raises $0.18 to $0.24
obsidian5665: calls $0.18
*** FLOP *** [8c 3h 5s]
WeStayIn: checks 
obsidian5665: bets $0.32
WeStayIn: calls $0.32
*** TURN *** [8c 3h 5s] [2h]
WeStayIn: checks 
obsidian5665: bets $0.55
WeStayIn: folds 
Uncalled bet ($0.55) returned to obsidian5665
obsidian5665 collected $1.09 from pot
obsidian5665: doesn't show hand 
*** SUMMARY ***
Total pot $1.13 | Rake $0.04 
Board [8c 3h 5s 2h]
Seat 1: enixblr (button) folded before Flop (didn't bet)
Seat 2: Mahu2021 (small blind) folded before Flop
Seat 3: WeStayIn (big blind) folded on the Turn
Seat 4: Uncleaux folded before Flop (didn't bet)
Seat 5: obsidian5665 collected ($1.09)
Seat 6: Adzaga folded before Flop (didn't bet)



PokerStars Zoom Hand #246865919755:  Hold'em No Limit ($0.01/$0.02) - 2023/11/01 17:41:53 CET [2023/11/01 12:41:53 ET]
Table 'Halley' 6-max Seat #1 is the button
Seat 1: VXNX$157 ($2.01 in chips) 
Seat 2: 4s4s4s ($2.29 in chips) 
Seat 3: viejoloco87 ($2.20 in chips) 
Seat 4: MoZL9 ($2.99 in chips) 
Seat 5: Mahu2021 ($1.55 in chips) 
Seat 6: curlysue888 ($2 in chips) 
4s4s4s: posts small blind $0.01
viejoloco87: posts big blind $0.02
*** HOLE CARDS ***
Dealt to Mahu2021 [9s 5h]
MoZL9: raises $0.03 to $0.05
Mahu2021: folds 
curlysue888: folds 
VXNX$157: folds 
4s4s4s: folds 
viejoloco87: folds 
Uncalled bet ($0.03) returned to MoZL9
MoZL9 collected $0.05 from pot
MoZL9: doesn't show hand 
*** SUMMARY ***
Total pot $0.05 | Rake $0 
Seat 1: VXNX$157 (button) folded before Flop (didn't bet)
Seat 2: 4s4s4s (small blind) folded before Flop
Seat 3: viejoloco87 (big blind) folded before Flop
Seat 4: MoZL9 collected ($0.05)
Seat 5: Mahu2021 folded before Flop (didn't bet)
Seat 6: curlysue888 folded before Flop (didn't bet)



PokerStars Zoom Hand #246865922024:  Hold'em No Limit ($0.01/$0.02) - 2023/11/01 17:42:00 CET [2023/11/01 12:42:00 ET]
Table 'Halley' 6-max Seat #1 is the button
Seat 1: CaesarSiegfried ($2.06 in chips) 
Seat 2: Raskolnikov01 ($2.46 in chips) 
Seat 3: MrOrestes ($2.16 in chips) 
Seat 4: king_dorris ($3.30 in chips) 
Seat 5: BURAIV ($2.03 in chips) 
Seat 6: Mahu2021 ($1.55 in chips) 
Raskolnikov01: posts small blind $0.01
MrOrestes: posts big blind $0.02
*** HOLE CARDS ***
Dealt to Mahu2021 [Td 6h]
king_dorris: folds 
BURAIV: raises $0.02 to $0.04
Mahu2021: folds 
CaesarSiegfried: folds 
Raskolnikov01: folds 
MrOrestes: folds 
Uncalled bet ($0.02) returned to BURAIV
BURAIV collected $0.05 from pot
BURAIV: doesn't show hand 
*** SUMMARY ***
Total pot $0.05 | Rake $0 
Seat 1: CaesarSiegfried (button) folded before Flop (didn't bet)
Seat 2: Raskolnikov01 (small blind) folded before Flop
Seat 3: MrOrestes (big blind) folded before Flop
Seat 4: king_dorris folded before Flop (didn't bet)
Seat 5: BURAIV collected ($0.05)
Seat 6: Mahu2021 folded before Flop (didn't bet)



PokerStars Zoom Hand #246865920942:  Hold'em No Limit ($0.01/$0.02) - 2023/11/01 17:41:57 CET [2023/11/01 12:41:57 ET]
Table 'Halley' 6-max Seat #1 is the button
Seat 1: Mahu2021 ($1.55 in chips) 
Seat 2: raiguerreiro ($0.53 in chips) 
Seat 3: andr160770 ($1.91 in chips) 
Seat 4: praznina ($0.65 in chips) 
Seat 5: pridePV ($2.31 in chips) 
Seat 6: alejandrinho14 ($2.01 in chips) 
raiguerreiro: posts small blind $0.01
andr160770: posts big blind $0.02
*** HOLE CARDS ***
Dealt to Mahu2021 [7d 8s]
praznina: folds 
pridePV: raises $0.04 to $0.06
alejandrinho14: folds 
Mahu2021: folds 
raiguerreiro: folds 
andr160770: raises $0.18 to $0.24
pridePV: folds 
Uncalled bet ($0.18) returned to andr160770
andr160770 collected $0.13 from pot
andr160770: doesn't show hand 
*** SUMMARY ***
Total pot $0.13 | Rake $0 
Seat 1: Mahu2021 (button) folded before Flop (didn't bet)
Seat 2: raiguerreiro (small blind) folded before Flop
Seat 3: andr160770 (big blind) collected ($0.13)
Seat 4: praznina folded before Flop (didn't bet)
Seat 5: pridePV folded before Flop
Seat 6: alejandrinho14 folded before Flop (didn't bet)



PokerStars Zoom Hand #246865923103:  Hold'em No Limit ($0.01/$0.02) - 2023/11/01 17:42:04 CET [2023/11/01 12:42:04 ET]
Table 'Halley' 6-max Seat #1 is the button
Seat 1: Gandalf412 ($0.37 in chips) 
Seat 2: Uncleaux ($2.69 in chips) 
Seat 3: Paya_31 ($3.14 in chips) 
Seat 4: 888lifeIS ($2 in chips) 
Seat 5: Mahu2021 ($1.55 in chips) 
Seat 6: Mcdog43 ($2.02 in chips) 
Uncleaux: posts small blind $0.01
Paya_31: posts big blind $0.02
*** HOLE CARDS ***
Dealt to Mahu2021 [6c 6h]
888lifeIS: folds 
Mahu2021: raises $0.04 to $0.06
Mcdog43: folds 
Gandalf412: raises $0.31 to $0.37 and is all-in
Uncleaux: folds 
Paya_31: folds 
Mahu2021: calls $0.31
Gandalf412 has timed out
*** FLOP *** [6s 3d Ks]
*** TURN *** [6s 3d Ks] [3c]
*** RIVER *** [6s 3d Ks 3c] [5h]
*** SHOW DOWN ***
Mahu2021: shows [6c 6h] (a full house, Sixes full of Threes)
Gandalf412: shows [Ac 9s] (a pair of Threes)
Mahu2021 collected $0.74 from pot
*** SUMMARY ***
Total pot $0.77 | Rake $0.03 
Board [6s 3d Ks 3c 5h]
Seat 1: Gandalf412 (button) showed [Ac 9s] and lost with a pair of Threes
Seat 2: Uncleaux (small blind) folded before Flop
Seat 3: Paya_31 (big blind) folded before Flop
Seat 4: 888lifeIS folded before Flop (didn't bet)
Seat 5: Mahu2021 showed [6c 6h] and won ($0.74) with a full house, Sixes full of Threes
Seat 6: Mcdog43 folded before Flop (didn't bet)



PokerStars Zoom Hand #246865934130:  Hold'em No Limit ($0.01/$0.02) - 2023/11/01 17:42:39 CET [2023/11/01 12:42:39 ET]
Table 'Halley' 6-max Seat #1 is the button
Seat 1: xl_Jerry_lx ($2.03 in chips) 
Seat 2: scofo83 ($2.67 in chips) 
Seat 3: Mahu2021 ($1.92 in chips) 
Seat 4: viejoloco87 ($2.20 in chips) 
Seat 5: Lemayr ($2.01 in chips) 
Seat 6: MrOrestes ($3.03 in chips) 
scofo83: posts small blind $0.01
Mahu2021: posts big blind $0.02
*** HOLE CARDS ***
Dealt to Mahu2021 [Qd 4h]
viejoloco87: folds 
Lemayr: folds 
MrOrestes: folds 
xl_Jerry_lx: folds 
scofo83: folds 
Uncalled bet ($0.01) returned to Mahu2021
Mahu2021 collected $0.02 from pot
Mahu2021: doesn't show hand 
*** SUMMARY ***
Total pot $0.02 | Rake $0 
Seat 1: xl_Jerry_lx (button) folded before Flop (didn't bet)
Seat 2: scofo83 (small blind) folded before Flop
Seat 3: Mahu2021 (big blind) collected ($0.02)
Seat 4: viejoloco87 folded before Flop (didn't bet)
Seat 5: Lemayr folded before Flop (didn't bet)
Seat 6: MrOrestes folded before Flop (didn't bet)



PokerStars Zoom Hand #246865941304:  Hold'em No Limit ($0.01/$0.02) - 2023/11/01 17:43:02 CET [2023/11/01 12:43:02 ET]
Table 'Halley' 6-max Seat #1 is the button
Seat 1: Mahu2021 ($1.92 in chips) 
Seat 2: Gattini37 ($2.73 in chips) 
Seat 3: Mcdog43 ($2.05 in chips) 
Seat 4: Dogm99999 ($1.54 in chips) 
Seat 5: mt.cec ($3.96 in chips) 
Seat 6: Crisium B ($1.87 in chips) 
Gattini37: posts small blind $0.01
Mcdog43: posts big blind $0.02
*** HOLE CARDS ***
Dealt to Mahu2021 [Kc 4d]
Dogm99999: folds 
mt.cec: folds 
Crisium B: folds 
Mahu2021: folds 
Gattini37: folds 
Uncalled bet ($0.01) returned to Mcdog43
Mcdog43 collected $0.02 from pot
Mcdog43: doesn't show hand 
*** SUMMARY ***
Total pot $0.02 | Rake $0 
Seat 1: Mahu2021 (button) folded before Flop (didn't bet)
Seat 2: Gattini37 (small blind) folded before Flop
Seat 3: Mcdog43 (big blind) collected ($0.02)
Seat 4: Dogm99999 folded before Flop (didn't bet)
Seat 5: mt.cec folded before Flop (didn't bet)
Seat 6: Crisium B folded before Flop (didn't bet)



PokerStars Zoom Hand #246865943668:  Hold'em No Limit ($0.01/$0.02) - 2023/11/01 17:43:09 CET [2023/11/01 12:43:09 ET]
Table 'Halley' 6-max Seat #1 is the button
Seat 1: CyKid99 ($2.69 in chips) 
Seat 2: bigfreddo86 ($3.15 in chips) 
Seat 3: MrRooob9899 ($1.64 in chips) 
Seat 4: Mahu2021 ($1.92 in chips) 
Seat 5: Uncleaux ($2.32 in chips) 
Seat 6: VXNX$157 ($0.88 in chips) 
bigfreddo86: posts small blind $0.01
MrRooob9899: posts big blind $0.02
*** HOLE CARDS ***
Dealt to Mahu2021 [6d Jh]
Mahu2021: folds 
Uncleaux: folds 
VXNX$157: folds 
CyKid99: folds 
bigfreddo86: raises $0.04 to $0.06
MrRooob9899: folds 
Uncalled bet ($0.04) returned to bigfreddo86
bigfreddo86 collected $0.04 from pot
bigfreddo86: doesn't show hand 
*** SUMMARY ***
Total pot $0.04 | Rake $0 
Seat 1: CyKid99 (button) folded before Flop (didn't bet)
Seat 2: bigfreddo86 (small blind) collected ($0.04)
Seat 3: MrRooob9899 (big blind) folded before Flop
Seat 4: Mahu2021 folded before Flop (didn't bet)
Seat 5: Uncleaux folded before Flop (didn't bet)
Seat 6: VXNX$157 folded before Flop (didn't bet)



PokerStars Zoom Hand #246865940017:  Hold'em No Limit ($0.01/$0.02) - 2023/11/01 17:42:58 CET [2023/11/01 12:42:58 ET]
Table 'Halley' 6-max Seat #1 is the button
Seat 1: hjklfdsa ($3.53 in chips) 
Seat 2: Mahu2021 ($1.93 in chips) 
Seat 3: Gralx01 ($1.73 in chips) 
Seat 4: Baldeagle555 ($2.68 in chips) 
Seat 5: Mikeloko182 ($2.01 in chips) 
Seat 6: OSP677 ($3 in chips) 
Mahu2021: posts small blind $0.01
Gralx01: posts big blind $0.02
*** HOLE CARDS ***
Dealt to Mahu2021 [2d Kc]
Baldeagle555: folds 
Mikeloko182: folds 
OSP677: folds 
hjklfdsa: raises $0.03 to $0.05
Mahu2021: folds 
Gralx01: calls $0.03
*** FLOP *** [7h 5c Th]
Gralx01: bets $0.11
hjklfdsa: folds 
Uncalled bet ($0.11) returned to Gralx01
Gralx01 collected $0.11 from pot
Gralx01: doesn't show hand 
*** SUMMARY ***
Total pot $0.11 | Rake $0 
Board [7h 5c Th]
Seat 1: hjklfdsa (button) folded on the Flop
Seat 2: Mahu2021 (small blind) folded before Flop
Seat 3: Gralx01 (big blind) collected ($0.11)
Seat 4: Baldeagle555 folded before Flop (didn't bet)
Seat 5: Mikeloko182 folded before Flop (didn't bet)
Seat 6: OSP677 folded before Flop (didn't bet)



PokerStars Zoom Hand #246865942484:  Hold'em No Limit ($0.01/$0.02) - 2023/11/01 17:43:06 CET [2023/11/01 12:43:06 ET]
Table 'Halley' 6-max Seat #1 is the button
Seat 1: CaesarSiegfried ($2.57 in chips) 
Seat 2: ZiggyBoy90 ($2.87 in chips) 
Seat 3: Amirez90 ($2.08 in chips) 
Seat 4: Mahu2021 ($1.92 in chips) 
Seat 5: lexussdv ($6.29 in chips) 
Seat 6: OscarFrogstar ($4.27 in chips) 
ZiggyBoy90: posts small blind $0.01
Amirez90: posts big blind $0.02
*** HOLE CARDS ***
Dealt to Mahu2021 [Ac 5d]
Mahu2021: folds 
lexussdv: folds 
OscarFrogstar: folds 
CaesarSiegfried: folds 
ZiggyBoy90: raises $0.04 to $0.06
Amirez90: calls $0.04
*** FLOP *** [3d Kc Ad]
ZiggyBoy90: bets $0.04
Amirez90: folds 
Uncalled bet ($0.04) returned to ZiggyBoy90
ZiggyBoy90 collected $0.12 from pot
ZiggyBoy90: doesn't show hand 
*** SUMMARY ***
Total pot $0.12 | Rake $0 
Board [3d Kc Ad]
Seat 1: CaesarSiegfried (button) folded before Flop (didn't bet)
Seat 2: ZiggyBoy90 (small blind) collected ($0.12)
Seat 3: Amirez90 (big blind) folded on the Flop
Seat 4: Mahu2021 folded before Flop (didn't bet)
Seat 5: lexussdv folded before Flop (didn't bet)
Seat 6: OscarFrogstar folded before Flop (didn't bet)



PokerStars Zoom Hand #246865944606:  Hold'em No Limit ($0.01/$0.02) - 2023/11/01 17:43:13 CET [2023/11/01 12:43:13 ET]
Table 'Halley' 6-max Seat #1 is the button
Seat 1: gena60 ($2.05 in chips) 
Seat 2: hjklfdsa ($2.42 in chips) 
Seat 3: Mahu2021 ($1.92 in chips) 
Seat 4: scofo83 ($2.03 in chips) 
Seat 5: MoZL9 ($2.17 in chips) 
Seat 6: Amirez90 ($2.87 in chips) 
hjklfdsa: posts small blind $0.01
Mahu2021: posts big blind $0.02
*** HOLE CARDS ***
Dealt to Mahu2021 [2h 7d]
scofo83: folds 
MoZL9: folds 
Amirez90: raises $0.03 to $0.05
gena60: folds 
hjklfdsa: calls $0.04
Mahu2021: folds 
*** FLOP *** [4s 3c 2c]
hjklfdsa: bets $0.06
Amirez90: folds 
Uncalled bet ($0.06) returned to hjklfdsa
hjklfdsa collected $0.12 from pot
hjklfdsa: doesn't show hand 
*** SUMMARY ***
Total pot $0.12 | Rake $0 
Board [4s 3c 2c]
Seat 1: gena60 (button) folded before Flop (didn't bet)
Seat 2: hjklfdsa (small blind) collected ($0.12)
Seat 3: Mahu2021 (big blind) folded before Flop
Seat 4: scofo83 folded before Flop (didn't bet)
Seat 5: MoZL9 folded before Flop (didn't bet)
Seat 6: Amirez90 folded on the Flop



PokerStars Zoom Hand #246865950290:  Hold'em No Limit ($0.01/$0.02) - 2023/11/01 17:43:31 CET [2023/11/01 12:43:31 ET]
Table 'Halley' 6-max Seat #1 is the button
Seat 1: Paysii ($2.27 in chips) 
Seat 2: Mahu2021 ($1.90 in chips) 
Seat 3: G*shark*7 ($2 in chips) 
Seat 4: kacper3k ($1.01 in chips) 
Seat 5: Weepy22 ($2.84 in chips) 
Seat 6: samodaje ($5.93 in chips) 
Mahu2021: posts small blind $0.01
G*shark*7: posts big blind $0.02
*** HOLE CARDS ***
Dealt to Mahu2021 [5h 4h]
kacper3k: folds 
Weepy22: folds 
samodaje: raises $0.03 to $0.05
Paysii: folds 
Mahu2021: calls $0.04
G*shark*7: calls $0.03
*** FLOP *** [4s 2s 9s]
Mahu2021: checks 
G*shark*7: bets $0.07
samodaje: folds 
Mahu2021: folds 
Uncalled bet ($0.07) returned to G*shark*7
G*shark*7 collected $0.14 from pot
G*shark*7: doesn't show hand 
*** SUMMARY ***
Total pot $0.15 | Rake $0.01 
Board [4s 2s 9s]
Seat 1: Paysii (button) folded before Flop (didn't bet)
Seat 2: Mahu2021 (small blind) folded on the Flop
Seat 3: G*shark*7 (big blind) collected ($0.14)
Seat 4: kacper3k folded before Flop (didn't bet)
Seat 5: Weepy22 folded before Flop (didn't bet)
Seat 6: samodaje folded on the Flop



PokerStars Zoom Hand #246865955455:  Hold'em No Limit ($0.01/$0.02) - 2023/11/01 17:43:48 CET [2023/11/01 12:43:48 ET]
Table 'Halley' 6-max Seat #1 is the button
Seat 1: Mahu2021 ($1.85 in chips) 
Seat 2: Adzaga ($2.16 in chips) 
Seat 3: Dogm99999 ($3.30 in chips) 
Seat 4: gimi888 ($2.27 in chips) 
Seat 5: Raskolnikov01 ($2.06 in chips) 
Seat 6: okkotuyuyuuta ($2.39 in chips) 
Adzaga: posts small blind $0.01
Dogm99999: posts big blind $0.02
*** HOLE CARDS ***
Dealt to Mahu2021 [Jd Qc]
gimi888: folds 
Raskolnikov01: folds 
okkotuyuyuuta: folds 
Mahu2021: raises $0.02 to $0.04
Adzaga: raises $0.16 to $0.20
Dogm99999: folds 
Mahu2021: folds 
Uncalled bet ($0.16) returned to Adzaga
Adzaga collected $0.10 from pot
Adzaga: doesn't show hand 
*** SUMMARY ***
Total pot $0.10 | Rake $0 
Seat 1: Mahu2021 (button) folded before Flop
Seat 2: Adzaga (small blind) collected ($0.10)
Seat 3: Dogm99999 (big blind) folded before Flop
Seat 4: gimi888 folded before Flop (didn't bet)
Seat 5: Raskolnikov01 folded before Flop (didn't bet)
Seat 6: okkotuyuyuuta folded before Flop (didn't bet)



PokerStars Zoom Hand #246865965658:  Hold'em No Limit ($0.01/$0.02) - 2023/11/01 17:44:21 CET [2023/11/01 12:44:21 ET]
Table 'Halley' 6-max Seat #1 is the button
Seat 1: zinoworld ($2.09 in chips) 
Seat 2: alejandrinho14 ($2 in chips) 
Seat 3: WeStayIn ($2 in chips) 
Seat 4: kana400 ($2.32 in chips) 
Seat 5: Mahu2021 ($1.79 in chips) 
Seat 6: Raskolnikov01 ($2 in chips) 
alejandrinho14: posts small blind $0.01
WeStayIn: posts big blind $0.02
*** HOLE CARDS ***
Dealt to Mahu2021 [4c 4s]
kana400: folds 
Mahu2021: raises $0.04 to $0.06
Raskolnikov01: folds 
zinoworld: folds 
alejandrinho14: folds 
WeStayIn: folds 
Uncalled bet ($0.04) returned to Mahu2021
Mahu2021 collected $0.05 from pot
Mahu2021: doesn't show hand 
*** SUMMARY ***
Total pot $0.05 | Rake $0 
Seat 1: zinoworld (button) folded before Flop (didn't bet)
Seat 2: alejandrinho14 (small blind) folded before Flop
Seat 3: WeStayIn (big blind) folded before Flop
Seat 4: kana400 folded before Flop (didn't bet)
Seat 5: Mahu2021 collected ($0.05)
Seat 6: Raskolnikov01 folded before Flop (didn't bet)



PokerStars Zoom Hand #246865968766:  Hold'em No Limit ($0.01/$0.02) - 2023/11/01 17:44:31 CET [2023/11/01 12:44:31 ET]
Table 'Halley' 6-max Seat #1 is the button
Seat 1: zabol13 ($2.04 in chips) 
Seat 2: Stebz80 ($2.04 in chips) 
Seat 3: cHiLlihOrOz2 ($2 in chips) 
Seat 4: Mahu2021 ($1.82 in chips) 
Seat 5: samodaje ($2 in chips) 
Seat 6: Krevetka_sun ($2.76 in chips) 
Stebz80: posts small blind $0.01
cHiLlihOrOz2: posts big blind $0.02
*** HOLE CARDS ***
Dealt to Mahu2021 [Qc 7c]
Mahu2021: folds 
samodaje: folds 
Krevetka_sun: folds 
zabol13: folds 
Stebz80: folds 
Uncalled bet ($0.01) returned to cHiLlihOrOz2
cHiLlihOrOz2 collected $0.02 from pot
cHiLlihOrOz2: doesn't show hand 
*** SUMMARY ***
Total pot $0.02 | Rake $0 
Seat 1: zabol13 (button) folded before Flop (didn't bet)
Seat 2: Stebz80 (small blind) folded before Flop
Seat 3: cHiLlihOrOz2 (big blind) collected ($0.02)
Seat 4: Mahu2021 folded before Flop (didn't bet)
Seat 5: samodaje folded before Flop (didn't bet)
Seat 6: Krevetka_sun folded before Flop (didn't bet)



PokerStars Zoom Hand #246865962917:  Hold'em No Limit ($0.01/$0.02) - 2023/11/01 17:44:12 CET [2023/11/01 12:44:12 ET]
Table 'Halley' 6-max Seat #1 is the button
Seat 1: zabol13 ($2.06 in chips) 
Seat 2: Weepy22 ($2.69 in chips) 
Seat 3: viejoloco87 ($6.50 in chips) 
Seat 4: Gor4477 ($2.24 in chips) 
Seat 5: Mahu2021 ($1.81 in chips) 
Seat 6: CaesarSiegfried ($2 in chips) 
Weepy22: posts small blind $0.01
viejoloco87: posts big blind $0.02
*** HOLE CARDS ***
Dealt to Mahu2021 [Qs 4d]
Gor4477: folds 
Mahu2021: folds 
CaesarSiegfried: raises $0.03 to $0.05
zabol13: folds 
Weepy22: raises $0.17 to $0.22
viejoloco87: folds 
CaesarSiegfried: calls $0.17
*** FLOP *** [Qh Jh 9s]
Weepy22: bets $0.44
CaesarSiegfried: folds 
Uncalled bet ($0.44) returned to Weepy22
Weepy22 collected $0.44 from pot
Weepy22: doesn't show hand 
*** SUMMARY ***
Total pot $0.46 | Rake $0.02 
Board [Qh Jh 9s]
Seat 1: zabol13 (button) folded before Flop (didn't bet)
Seat 2: Weepy22 (small blind) collected ($0.44)
Seat 3: viejoloco87 (big blind) folded before Flop
Seat 4: Gor4477 folded before Flop (didn't bet)
Seat 5: Mahu2021 folded before Flop (didn't bet)
Seat 6: CaesarSiegfried folded on the Flop



PokerStars Zoom Hand #246865963899:  Hold'em No Limit ($0.01/$0.02) - 2023/11/01 17:44:15 CET [2023/11/01 12:44:15 ET]
Table 'Halley' 6-max Seat #1 is the button
Seat 1: 0cipsev0 ($2 in chips) 
Seat 2: JonTagaryen1 ($4.63 in chips) 
Seat 3: Mahu2021 ($1.81 in chips) 
Seat 4: Mcdog43 ($2.06 in chips) 
Seat 5: BigBallast ($2.72 in chips) 
Seat 6: zabol13 ($2.06 in chips) 
JonTagaryen1: posts small blind $0.01
Mahu2021: posts big blind $0.02
*** HOLE CARDS ***
Dealt to Mahu2021 [8d 9h]
Mcdog43: raises $0.03 to $0.05
BigBallast: folds 
zabol13: folds 
0cipsev0: calls $0.05
JonTagaryen1: folds 
Mahu2021: folds 
*** FLOP *** [7d Qc 6c]
Mcdog43: bets $0.06
0cipsev0: calls $0.06
*** TURN *** [7d Qc 6c] [Jd]
Mcdog43: bets $0.18
0cipsev0: calls $0.18
*** RIVER *** [7d Qc 6c Jd] [7c]
Mcdog43: bets $0.20
0cipsev0: folds 
Uncalled bet ($0.20) returned to Mcdog43
Mcdog43 collected $0.59 from pot
Mcdog43: doesn't show hand 
*** SUMMARY ***
Total pot $0.61 | Rake $0.02 
Board [7d Qc 6c Jd 7c]
Seat 1: 0cipsev0 (button) folded on the River
Seat 2: JonTagaryen1 (small blind) folded before Flop
Seat 3: Mahu2021 (big blind) folded before Flop
Seat 4: Mcdog43 collected ($0.59)
Seat 5: BigBallast folded before Flop (didn't bet)
Seat 6: zabol13 folded before Flop (didn't bet)



PokerStars Zoom Hand #246865971184:  Hold'em No Limit ($0.01/$0.02) - 2023/11/01 17:44:39 CET [2023/11/01 12:44:39 ET]
Table 'Halley' 6-max Seat #1 is the button
Seat 1: Mahu2021 ($1.81 in chips) 
Seat 2: FrancoGaston74 ($4.70 in chips) 
Seat 3: Tasty Onions ($2.56 in chips) 
Seat 4: Foxilium ($2.35 in chips) 
Seat 5: BURAIV ($2.01 in chips) 
Seat 6: nanda012 ($2.04 in chips) 
FrancoGaston74: posts small blind $0.01
Tasty Onions: posts big blind $0.02
*** HOLE CARDS ***
Dealt to Mahu2021 [7h Ac]
Foxilium: raises $0.05 to $0.07
BURAIV: folds 
nanda012: folds 
Mahu2021: folds 
FrancoGaston74: folds 
Tasty Onions: folds 
Uncalled bet ($0.05) returned to Foxilium
Foxilium collected $0.05 from pot
Foxilium: doesn't show hand 
*** SUMMARY ***
Total pot $0.05 | Rake $0 
Seat 1: Mahu2021 (button) folded before Flop (didn't bet)
Seat 2: FrancoGaston74 (small blind) folded before Flop
Seat 3: Tasty Onions (big blind) folded before Flop
Seat 4: Foxilium collected ($0.05)
Seat 5: BURAIV folded before Flop (didn't bet)
Seat 6: nanda012 folded before Flop (didn't bet)



PokerStars Zoom Hand #246865973665:  Hold'em No Limit ($0.01/$0.02) - 2023/11/01 17:44:47 CET [2023/11/01 12:44:47 ET]
Table 'Halley' 6-max Seat #1 is the button
Seat 1: lilyoso ($2.34 in chips) 
Seat 2: kraft1980 ($2.75 in chips) 
Seat 3: gegnit ($1.07 in chips) 
Seat 4: amario89 ($1.98 in chips) 
Seat 5: Nisquu1 ($2 in chips) 
Seat 6: Mahu2021 ($1.81 in chips) 
kraft1980: posts small blind $0.01
gegnit: posts big blind $0.02
*** HOLE CARDS ***
Dealt to Mahu2021 [6c Ks]
amario89: folds 
Nisquu1: folds 
Mahu2021: folds 
lilyoso: folds 
kraft1980: raises $0.04 to $0.06
gegnit: folds 
Uncalled bet ($0.04) returned to kraft1980
kraft1980 collected $0.04 from pot
kraft1980: doesn't show hand 
*** SUMMARY ***
Total pot $0.04 | Rake $0 
Seat 1: lilyoso (button) folded before Flop (didn't bet)
Seat 2: kraft1980 (small blind) collected ($0.04)
Seat 3: gegnit (big blind) folded before Flop
Seat 4: amario89 folded before Flop (didn't bet)
Seat 5: Nisquu1 folded before Flop (didn't bet)
Seat 6: Mahu2021 folded before Flop (didn't bet)



PokerStars Zoom Hand #246865948951:  Hold'em No Limit ($0.01/$0.02) - 2023/11/01 17:43:27 CET [2023/11/01 12:43:27 ET]
Table 'Halley' 6-max Seat #1 is the button
Seat 1: pridePV ($2.25 in chips) 
Seat 2: WeStayIn ($2 in chips) 
Seat 3: MoZL9 ($4.33 in chips) 
Seat 4: maxm198 ($2.95 in chips) 
Seat 5: zabol13 ($2.07 in chips) 
Seat 6: Mahu2021 ($1.90 in chips) 
WeStayIn: posts small blind $0.01
MoZL9: posts big blind $0.02
*** HOLE CARDS ***
Dealt to Mahu2021 [Jh 8s]
maxm198: folds 
zabol13: folds 
Mahu2021: folds 
pridePV: raises $0.04 to $0.06
WeStayIn: folds 
MoZL9: calls $0.04
*** FLOP *** [6d 4s 2c]
MoZL9: checks 
pridePV: bets $0.07
MoZL9: calls $0.07
*** TURN *** [6d 4s 2c] [2h]
MoZL9: bets $0.09
pridePV: calls $0.09
*** RIVER *** [6d 4s 2c 2h] [8d]
MoZL9: checks 
pridePV: bets $0.22
MoZL9: folds 
Uncalled bet ($0.22) returned to pridePV
pridePV collected $0.43 from pot
pridePV: doesn't show hand 
*** SUMMARY ***
Total pot $0.45 | Rake $0.02 
Board [6d 4s 2c 2h 8d]
Seat 1: pridePV (button) collected ($0.43)
Seat 2: WeStayIn (small blind) folded before Flop
Seat 3: MoZL9 (big blind) folded on the River
Seat 4: maxm198 folded before Flop (didn't bet)
Seat 5: zabol13 folded before Flop (didn't bet)
Seat 6: Mahu2021 folded before Flop (didn't bet)



PokerStars Zoom Hand #246865969966:  Hold'em No Limit ($0.01/$0.02) - 2023/11/01 17:44:35 CET [2023/11/01 12:44:35 ET]
Table 'Halley' 6-max Seat #1 is the button
Seat 1: erno_34 ($1.06 in chips) 
Seat 2: Mahu2021 ($1.82 in chips) 
Seat 3: Krevetka_sun ($2 in chips) 
Seat 4: Tasty Onions ($2.56 in chips) 
Seat 5: Dogm99999 ($3.27 in chips) 
Seat 6: 888lifeIS ($2 in chips) 
Mahu2021: posts small blind $0.01
Krevetka_sun: posts big blind $0.02
*** HOLE CARDS ***
Dealt to Mahu2021 [Qd 5s]
Tasty Onions: folds 
Dogm99999: folds 
888lifeIS: raises $0.02 to $0.04
erno_34: calls $0.04
Mahu2021: folds 
Krevetka_sun: folds 
*** FLOP *** [3c Td 8d]
888lifeIS: checks 
erno_34: checks 
*** TURN *** [3c Td 8d] [Jc]
888lifeIS: bets $0.07
erno_34: folds 
Uncalled bet ($0.07) returned to 888lifeIS
888lifeIS collected $0.11 from pot
888lifeIS: doesn't show hand 
*** SUMMARY ***
Total pot $0.11 | Rake $0 
Board [3c Td 8d Jc]
Seat 1: erno_34 (button) folded on the Turn
Seat 2: Mahu2021 (small blind) folded before Flop
Seat 3: Krevetka_sun (big blind) folded before Flop
Seat 4: Tasty Onions folded before Flop (didn't bet)
Seat 5: Dogm99999 folded before Flop (didn't bet)
Seat 6: 888lifeIS collected ($0.11)



PokerStars Zoom Hand #246865974659:  Hold'em No Limit ($0.01/$0.02) - 2023/11/01 17:44:50 CET [2023/11/01 12:44:50 ET]
Table 'Halley' 6-max Seat #1 is the button
Seat 1: BigBallast ($2.50 in chips) 
Seat 2: curlysue888 ($2.01 in chips) 
Seat 3: Mahu2021 ($1.81 in chips) 
Seat 4: WI54ON ($3.89 in chips) 
Seat 5: 888lifeIS ($2.10 in chips) 
Seat 6: 3aPu6eH ($7.23 in chips) 
curlysue888: posts small blind $0.01
Mahu2021: posts big blind $0.02
*** HOLE CARDS ***
Dealt to Mahu2021 [3s 4s]
WI54ON: folds 
888lifeIS: folds 
3aPu6eH: raises $0.03 to $0.05
BigBallast: folds 
curlysue888: folds 
Mahu2021: calls $0.03
*** FLOP *** [6h Ad Jh]
Mahu2021: checks 
3aPu6eH: bets $0.06
Mahu2021: folds 
Uncalled bet ($0.06) returned to 3aPu6eH
3aPu6eH collected $0.11 from pot
3aPu6eH: doesn't show hand 
*** SUMMARY ***
Total pot $0.11 | Rake $0 
Board [6h Ad Jh]
Seat 1: BigBallast (button) folded before Flop (didn't bet)
Seat 2: curlysue888 (small blind) folded before Flop
Seat 3: Mahu2021 (big blind) folded on the Flop
Seat 4: WI54ON folded before Flop (didn't bet)
Seat 5: 888lifeIS folded before Flop (didn't bet)
Seat 6: 3aPu6eH collected ($0.11)



PokerStars Zoom Hand #246865985344:  Hold'em No Limit ($0.01/$0.02) - 2023/11/01 17:45:25 CET [2023/11/01 12:45:25 ET]
Table 'Halley' 6-max Seat #1 is the button
Seat 1: Mahu2021 ($1.76 in chips) 
Seat 2: Gelo Xelgi ($2.45 in chips) 
Seat 3: enry7.ice ($2.11 in chips) 
Seat 4: Durbb ($2.08 in chips) 
Seat 5: Baldeagle555 ($2.87 in chips) 
Seat 6: MrOrestes ($2.12 in chips) 
Gelo Xelgi: posts small blind $0.01
enry7.ice: posts big blind $0.02
*** HOLE CARDS ***
Dealt to Mahu2021 [9h Ah]
Durbb: folds 
Baldeagle555: folds 
MrOrestes: folds 
Mahu2021: raises $0.04 to $0.06
Gelo Xelgi: folds 
enry7.ice: folds 
Uncalled bet ($0.04) returned to Mahu2021
Mahu2021 collected $0.05 from pot
Mahu2021: doesn't show hand 
*** SUMMARY ***
Total pot $0.05 | Rake $0 
Seat 1: Mahu2021 (button) collected ($0.05)
Seat 2: Gelo Xelgi (small blind) folded before Flop
Seat 3: enry7.ice (big blind) folded before Flop
Seat 4: Durbb folded before Flop (didn't bet)
Seat 5: Baldeagle555 folded before Flop (didn't bet)
Seat 6: MrOrestes folded before Flop (didn't bet)



PokerStars Zoom Hand #246865988932:  Hold'em No Limit ($0.01/$0.02) - 2023/11/01 17:45:37 CET [2023/11/01 12:45:37 ET]
Table 'Halley' 6-max Seat #1 is the button
Seat 1: therookie1008 ($2.62 in chips) 
Seat 2: MBCGame ($2.04 in chips) 
Seat 3: tolya-tt69 ($0.75 in chips) 
Seat 4: amario89 ($1.98 in chips) 
Seat 5: scofo83 ($2.19 in chips) 
Seat 6: Mahu2021 ($1.79 in chips) 
MBCGame: posts small blind $0.01
tolya-tt69: posts big blind $0.02
*** HOLE CARDS ***
Dealt to Mahu2021 [2d As]
amario89: folds 
scofo83: raises $0.02 to $0.04
Mahu2021: folds 
therookie1008: folds 
MBCGame: folds 
tolya-tt69: folds 
Uncalled bet ($0.02) returned to scofo83
scofo83 collected $0.05 from pot
scofo83: doesn't show hand 
*** SUMMARY ***
Total pot $0.05 | Rake $0 
Seat 1: therookie1008 (button) folded before Flop (didn't bet)
Seat 2: MBCGame (small blind) folded before Flop
Seat 3: tolya-tt69 (big blind) folded before Flop
Seat 4: amario89 folded before Flop (didn't bet)
Seat 5: scofo83 collected ($0.05)
Seat 6: Mahu2021 folded before Flop (didn't bet)



PokerStars Zoom Hand #246865990185:  Hold'em No Limit ($0.01/$0.02) - 2023/11/01 17:45:41 CET [2023/11/01 12:45:41 ET]
Table 'Halley' 6-max Seat #1 is the button
Seat 1: gimi888 ($2 in chips) 
Seat 2: Mahu2021 ($1.79 in chips) 
Seat 3: BURAIV ($2.36 in chips) 
Seat 4: viejoloco87 ($3.23 in chips) 
Seat 5: Lohvis ($2.86 in chips) 
Seat 6: VxAxV ($2.20 in chips) 
Mahu2021: posts small blind $0.01
BURAIV: posts big blind $0.02
*** HOLE CARDS ***
Dealt to Mahu2021 [7d 4c]
viejoloco87: folds 
Lohvis: folds 
VxAxV: folds 
gimi888: folds 
Mahu2021: folds 
Uncalled bet ($0.01) returned to BURAIV
BURAIV collected $0.02 from pot
BURAIV: doesn't show hand 
*** SUMMARY ***
Total pot $0.02 | Rake $0 
Seat 1: gimi888 (button) folded before Flop (didn't bet)
Seat 2: Mahu2021 (small blind) folded before Flop
Seat 3: BURAIV (big blind) collected ($0.02)
Seat 4: viejoloco87 folded before Flop (didn't bet)
Seat 5: Lohvis folded before Flop (didn't bet)
Seat 6: VxAxV folded before Flop (didn't bet)



PokerStars Zoom Hand #246865992293:  Hold'em No Limit ($0.01/$0.02) - 2023/11/01 17:45:48 CET [2023/11/01 12:45:48 ET]
Table 'Halley' 6-max Seat #1 is the button
Seat 1: okkotuyuyuuta ($2.29 in chips) 
Seat 2: viejoloco87 ($3.23 in chips) 
Seat 3: OSP677 ($2.84 in chips) 
Seat 4: Mahu2021 ($1.78 in chips) 
Seat 5: MrRooob9899 ($1.60 in chips) 
Seat 6: kraft1980 ($2 in chips) 
viejoloco87: posts small blind $0.01
OSP677: posts big blind $0.02
*** HOLE CARDS ***
Dealt to Mahu2021 [7s Ks]
Mahu2021: raises $0.02 to $0.04
MrRooob9899: folds 
kraft1980: folds 
okkotuyuyuuta: folds 
viejoloco87: folds 
OSP677: folds 
Uncalled bet ($0.02) returned to Mahu2021
Mahu2021 collected $0.05 from pot
Mahu2021: doesn't show hand 
*** SUMMARY ***
Total pot $0.05 | Rake $0 
Seat 1: okkotuyuyuuta (button) folded before Flop (didn't bet)
Seat 2: viejoloco87 (small blind) folded before Flop
Seat 3: OSP677 (big blind) folded before Flop
Seat 4: Mahu2021 collected ($0.05)
Seat 5: MrRooob9899 folded before Flop (didn't bet)
Seat 6: kraft1980 folded before Flop (didn't bet)



PokerStars Zoom Hand #246865983751:  Hold'em No Limit ($0.01/$0.02) - 2023/11/01 17:45:20 CET [2023/11/01 12:45:20 ET]
Table 'Halley' 6-max Seat #1 is the button
Seat 1: alladeira ($2.86 in chips) 
Seat 2: JonTagaryen1 ($3.35 in chips) 
Seat 3: Ryuugan94 ($3.10 in chips) 
Seat 4: Mahu2021 ($1.76 in chips) 
Seat 5: viejoloco87 ($2.28 in chips) 
Seat 6: Darlingov ($4.39 in chips) 
JonTagaryen1: posts small blind $0.01
Ryuugan94: posts big blind $0.02
*** HOLE CARDS ***
Dealt to Mahu2021 [6c Td]
Mahu2021: folds 
viejoloco87: raises $0.04 to $0.06
Darlingov: calls $0.06
alladeira: folds 
JonTagaryen1: folds 
Ryuugan94: folds 
*** FLOP *** [6h Qh 7s]
viejoloco87: checks 
Darlingov: bets $0.10
viejoloco87: folds 
Uncalled bet ($0.10) returned to Darlingov
Darlingov collected $0.14 from pot
Darlingov: doesn't show hand 
*** SUMMARY ***
Total pot $0.15 | Rake $0.01 
Board [6h Qh 7s]
Seat 1: alladeira (button) folded before Flop (didn't bet)
Seat 2: JonTagaryen1 (small blind) folded before Flop
Seat 3: Ryuugan94 (big blind) folded before Flop
Seat 4: Mahu2021 folded before Flop (didn't bet)
Seat 5: viejoloco87 folded on the Flop
Seat 6: Darlingov collected ($0.14)



PokerStars Zoom Hand #246865991112:  Hold'em No Limit ($0.01/$0.02) - 2023/11/01 17:45:44 CET [2023/11/01 12:45:44 ET]
Table 'Halley' 6-max Seat #1 is the button
Seat 1: lexussdv ($6.44 in chips) 
Seat 2: WeStayIn ($2 in chips) 
Seat 3: Foxilium ($1.75 in chips) 
Seat 4: christex1 ($2.20 in chips) 
Seat 5: Mahu2021 ($1.78 in chips) 
Seat 6: Adzaga ($2.63 in chips) 
WeStayIn: posts small blind $0.01
Foxilium: posts big blind $0.02
*** HOLE CARDS ***
Dealt to Mahu2021 [2s 3h]
christex1: folds 
Mahu2021: folds 
Adzaga: folds 
lexussdv: folds 
WeStayIn: raises $0.04 to $0.06
Foxilium: calls $0.04
*** FLOP *** [6d 7h 9h]
WeStayIn: bets $0.09
Foxilium: folds 
Uncalled bet ($0.09) returned to WeStayIn
WeStayIn collected $0.12 from pot
WeStayIn: doesn't show hand 
*** SUMMARY ***
Total pot $0.12 | Rake $0 
Board [6d 7h 9h]
Seat 1: lexussdv (button) folded before Flop (didn't bet)
Seat 2: WeStayIn (small blind) collected ($0.12)
Seat 3: Foxilium (big blind) folded on the Flop
Seat 4: christex1 folded before Flop (didn't bet)
Seat 5: Mahu2021 folded before Flop (didn't bet)
Seat 6: Adzaga folded before Flop (didn't bet)



PokerStars Zoom Hand #246865996511:  Hold'em No Limit ($0.01/$0.02) - 2023/11/01 17:46:02 CET [2023/11/01 12:46:02 ET]
Table 'Halley' 6-max Seat #1 is the button
Seat 1: Mahu2021 ($1.81 in chips) 
Seat 2: amario89 ($3.57 in chips) 
Seat 3: alejandrinho14 ($2.50 in chips) 
Seat 4: PozzzitiF ($0.65 in chips) 
Seat 5: LukksAA ($7.44 in chips) 
Seat 6: Amirez90 ($2 in chips) 
amario89: posts small blind $0.01
alejandrinho14: posts big blind $0.02
*** HOLE CARDS ***
Dealt to Mahu2021 [3d 2h]
PozzzitiF: raises $0.02 to $0.04
LukksAA: folds 
Amirez90: folds 
Mahu2021: folds 
amario89: raises $0.10 to $0.14
alejandrinho14: folds 
PozzzitiF: folds 
Uncalled bet ($0.10) returned to amario89
amario89 collected $0.10 from pot
amario89: doesn't show hand 
*** SUMMARY ***
Total pot $0.10 | Rake $0 
Seat 1: Mahu2021 (button) folded before Flop (didn't bet)
Seat 2: amario89 (small blind) collected ($0.10)
Seat 3: alejandrinho14 (big blind) folded before Flop
Seat 4: PozzzitiF folded before Flop
Seat 5: LukksAA folded before Flop (didn't bet)
Seat 6: Amirez90 folded before Flop (didn't bet)



PokerStars Zoom Hand #246865998903:  Hold'em No Limit ($0.01/$0.02) - 2023/11/01 17:46:10 CET [2023/11/01 12:46:10 ET]
Table 'Halley' 6-max Seat #1 is the button
Seat 1: Adzaga ($3.81 in chips) 
Seat 2: curlysue888 ($2.01 in chips) 
Seat 3: Mahu2021 ($1.81 in chips) 
Seat 4: MarkoT0tev ($5.92 in chips) 
Seat 5: kraft1980 ($3.46 in chips) 
Seat 6: Rock in Rim ($1.56 in chips) 
curlysue888: posts small blind $0.01
Mahu2021: posts big blind $0.02
*** HOLE CARDS ***
Dealt to Mahu2021 [Qs 3h]
MarkoT0tev: folds 
kraft1980: folds 
Rock in Rim: folds 
Adzaga: folds 
curlysue888: folds 
Uncalled bet ($0.01) returned to Mahu2021
Mahu2021 collected $0.02 from pot
Mahu2021: doesn't show hand 
*** SUMMARY ***
Total pot $0.02 | Rake $0 
Seat 1: Adzaga (button) folded before Flop (didn't bet)
Seat 2: curlysue888 (small blind) folded before Flop
Seat 3: Mahu2021 (big blind) collected ($0.02)
Seat 4: MarkoT0tev folded before Flop (didn't bet)
Seat 5: kraft1980 folded before Flop (didn't bet)
Seat 6: Rock in Rim folded before Flop (didn't bet)



PokerStars Zoom Hand #246865997609:  Hold'em No Limit ($0.01/$0.02) - 2023/11/01 17:46:06 CET [2023/11/01 12:46:06 ET]
Table 'Halley' 6-max Seat #1 is the button
Seat 1: bigfreddo86 ($3.33 in chips) 
Seat 2: wadson_1 ($2 in chips) 
Seat 3: Innerwuss ($4.32 in chips) 
Seat 4: AdrianoGil22 ($3.17 in chips) 
Seat 5: Raskolnikov01 ($2.08 in chips) 
Seat 6: Mahu2021 ($1.81 in chips) 
wadson_1: posts small blind $0.01
Innerwuss: posts big blind $0.02
*** HOLE CARDS ***
Dealt to Mahu2021 [Kd 7h]
AdrianoGil22: folds 
Raskolnikov01: folds 
Mahu2021: folds 
bigfreddo86: folds 
wadson_1: raises $0.04 to $0.06
Innerwuss: calls $0.04
*** FLOP *** [Ts Ad Ks]
wadson_1: checks 
Innerwuss: checks 
*** TURN *** [Ts Ad Ks] [Qc]
wadson_1: bets $0.12
Innerwuss: folds 
Uncalled bet ($0.12) returned to wadson_1
wadson_1 collected $0.12 from pot
wadson_1: doesn't show hand 
*** SUMMARY ***
Total pot $0.12 | Rake $0 
Board [Ts Ad Ks Qc]
Seat 1: bigfreddo86 (button) folded before Flop (didn't bet)
Seat 2: wadson_1 (small blind) collected ($0.12)
Seat 3: Innerwuss (big blind) folded on the Turn
Seat 4: AdrianoGil22 folded before Flop (didn't bet)
Seat 5: Raskolnikov01 folded before Flop (didn't bet)
Seat 6: Mahu2021 folded before Flop (didn't bet)



PokerStars Zoom Hand #246866002576:  Hold'em No Limit ($0.01/$0.02) - 2023/11/01 17:46:22 CET [2023/11/01 12:46:22 ET]
Table 'Halley' 6-max Seat #1 is the button
Seat 1: bergdarter ($2.05 in chips) 
Seat 2: Mahu2021 ($1.82 in chips) 
Seat 3: therookie1008 ($2.63 in chips) 
Seat 4: Lorin22 ($1.86 in chips) 
Seat 5: JonTagaryen1 ($6.10 in chips) 
Seat 6: BURAIV ($2.28 in chips) 
Mahu2021: posts small blind $0.01
therookie1008: posts big blind $0.02
*** HOLE CARDS ***
Dealt to Mahu2021 [8c 4c]
Lorin22: folds 
JonTagaryen1: folds 
BURAIV: folds 
bergdarter: raises $0.02 to $0.04
Mahu2021: folds 
therookie1008: calls $0.02
*** FLOP *** [2h 6c Ts]
therookie1008: checks 
bergdarter: checks 
*** TURN *** [2h 6c Ts] [4s]
therookie1008: checks 
bergdarter: checks 
*** RIVER *** [2h 6c Ts 4s] [8s]
therookie1008: checks 
bergdarter: checks 
*** SHOW DOWN ***
therookie1008: shows [5h 4h] (a pair of Fours)
bergdarter: mucks hand 
therookie1008 collected $0.09 from pot
*** SUMMARY ***
Total pot $0.09 | Rake $0 
Board [2h 6c Ts 4s 8s]
Seat 1: bergdarter (button) mucked [As Jd]
Seat 2: Mahu2021 (small blind) folded before Flop
Seat 3: therookie1008 (big blind) showed [5h 4h] and won ($0.09) with a pair of Fours
Seat 4: Lorin22 folded before Flop (didn't bet)
Seat 5: JonTagaryen1 folded before Flop (didn't bet)
Seat 6: BURAIV folded before Flop (didn't bet)



PokerStars Zoom Hand #246866003794:  Hold'em No Limit ($0.01/$0.02) - 2023/11/01 17:46:26 CET [2023/11/01 12:46:26 ET]
Table 'Halley' 6-max Seat #1 is the button
Seat 1: Mahu2021 ($1.81 in chips) 
Seat 2: Raskolnikov01 ($2.06 in chips) 
Seat 3: 1Eddy1 ($2 in chips) 
Seat 4: CarolJaworski ($2.04 in chips) 
Seat 5: xMrS3x ($1.78 in chips) 
Seat 6: 4s4s4s ($2 in chips) 
Raskolnikov01: posts small blind $0.01
1Eddy1: posts big blind $0.02
*** HOLE CARDS ***
Dealt to Mahu2021 [Qc Ah]
CarolJaworski: folds 
xMrS3x: folds 
4s4s4s: folds 
Mahu2021: raises $0.04 to $0.06
Raskolnikov01: calls $0.05
1Eddy1: calls $0.04
*** FLOP *** [Qh 8d 8h]
Raskolnikov01: checks 
1Eddy1: checks 
Mahu2021: bets $0.17
Raskolnikov01: calls $0.17
1Eddy1: calls $0.17
*** TURN *** [Qh 8d 8h] [Kc]
Raskolnikov01: checks 
1Eddy1: checks 
Mahu2021: checks 
*** RIVER *** [Qh 8d 8h Kc] [2h]
Raskolnikov01: checks 
1Eddy1: checks 
Mahu2021: checks 
*** SHOW DOWN ***
Raskolnikov01: shows [Qd Jd] (two pair, Queens and Eights)
1Eddy1: mucks hand 
Mahu2021: shows [Qc Ah] (two pair, Queens and Eights - Ace kicker)
Mahu2021 collected $0.67 from pot
*** SUMMARY ***
Total pot $0.69 | Rake $0.02 
Board [Qh 8d 8h Kc 2h]
Seat 1: Mahu2021 (button) showed [Qc Ah] and won ($0.67) with two pair, Queens and Eights
Seat 2: Raskolnikov01 (small blind) showed [Qd Jd] and lost with two pair, Queens and Eights
Seat 3: 1Eddy1 (big blind) mucked [5s 5d]
Seat 4: CarolJaworski folded before Flop (didn't bet)
Seat 5: xMrS3x folded before Flop (didn't bet)
Seat 6: 4s4s4s folded before Flop (didn't bet)



PokerStars Zoom Hand #246866019383:  Hold'em No Limit ($0.01/$0.02) - 2023/11/01 17:47:18 CET [2023/11/01 12:47:18 ET]
Table 'Halley' 6-max Seat #1 is the button
Seat 1: Uncleaux ($3.18 in chips) 
Seat 2: BigBallast ($3.22 in chips) 
Seat 3: MarkoT0tev ($2.25 in chips) 
Seat 4: Casablinca ($3.59 in chips) 
Seat 5: Mahu2021 ($2.25 in chips) 
Seat 6: BURAIV ($2.04 in chips) 
BigBallast: posts small blind $0.01
MarkoT0tev: posts big blind $0.02
*** HOLE CARDS ***
Dealt to Mahu2021 [9d 8s]
Casablinca: raises $0.04 to $0.06
Mahu2021: folds 
BURAIV: folds 
Uncleaux: folds 
BigBallast: folds 
MarkoT0tev: folds 
Uncalled bet ($0.04) returned to Casablinca
Casablinca collected $0.05 from pot
Casablinca: doesn't show hand 
*** SUMMARY ***
Total pot $0.05 | Rake $0 
Seat 1: Uncleaux (button) folded before Flop (didn't bet)
Seat 2: BigBallast (small blind) folded before Flop
Seat 3: MarkoT0tev (big blind) folded before Flop
Seat 4: Casablinca collected ($0.05)
Seat 5: Mahu2021 folded before Flop (didn't bet)
Seat 6: BURAIV folded before Flop (didn't bet)



PokerStars Zoom Hand #246866020756:  Hold'em No Limit ($0.01/$0.02) - 2023/11/01 17:47:22 CET [2023/11/01 12:47:22 ET]
Table 'Halley' 6-max Seat #1 is the button
Seat 1: viejoloco87 ($5.55 in chips) 
Seat 2: therookie1008 ($2.67 in chips) 
Seat 3: BolimirCourazz ($3.43 in chips) 
Seat 4: AJM Ruscoe ($2.01 in chips) 
Seat 5: Lorin22 ($1.85 in chips) 
Seat 6: Mahu2021 ($2.25 in chips) 
therookie1008: posts small blind $0.01
BolimirCourazz: posts big blind $0.02
*** HOLE CARDS ***
Dealt to Mahu2021 [9h 8h]
AJM Ruscoe: folds 
Lorin22: folds 
Mahu2021: raises $0.02 to $0.04
viejoloco87: folds 
therookie1008: calls $0.03
BolimirCourazz: calls $0.02
*** FLOP *** [Jd Ah 8d]
therookie1008: checks 
BolimirCourazz: checks 
Mahu2021: checks 
*** TURN *** [Jd Ah 8d] [4h]
therookie1008: checks 
BolimirCourazz: bets $0.06
Mahu2021: calls $0.06
therookie1008: folds 
*** RIVER *** [Jd Ah 8d 4h] [Qh]
BolimirCourazz: bets $0.18
Mahu2021: calls $0.18
*** SHOW DOWN ***
BolimirCourazz: shows [5h 3h] (a flush, Ace high)
Mahu2021: shows [9h 8h] (a flush, Ace high - Nine higher)
Mahu2021 collected $0.58 from pot
*** SUMMARY ***
Total pot $0.60 | Rake $0.02 
Board [Jd Ah 8d 4h Qh]
Seat 1: viejoloco87 (button) folded before Flop (didn't bet)
Seat 2: therookie1008 (small blind) folded on the Turn
Seat 3: BolimirCourazz (big blind) showed [5h 3h] and lost with a flush, Ace high
Seat 4: AJM Ruscoe folded before Flop (didn't bet)
Seat 5: Lorin22 folded before Flop (didn't bet)
Seat 6: Mahu2021 showed [9h 8h] and won ($0.58) with a flush, Ace high



PokerStars Zoom Hand #246866033780:  Hold'em No Limit ($0.01/$0.02) - 2023/11/01 17:48:05 CET [2023/11/01 12:48:05 ET]
Table 'Halley' 6-max Seat #1 is the button
Seat 1: zabol13 ($5.12 in chips) 
Seat 2: amario89 ($3.94 in chips) 
Seat 3: Mahu2021 ($2.55 in chips) 
Seat 4: milkshake424 ($2.12 in chips) 
Seat 5: Weepy22 ($2.18 in chips) 
Seat 6: struenzer ($2 in chips) 
amario89: posts small blind $0.01
Mahu2021: posts big blind $0.02
*** HOLE CARDS ***
Dealt to Mahu2021 [6s 9h]
milkshake424: folds 
Weepy22: folds 
struenzer: raises $0.02 to $0.04
zabol13: folds 
amario89: folds 
Mahu2021: folds 
Uncalled bet ($0.02) returned to struenzer
struenzer collected $0.05 from pot
struenzer: doesn't show hand 
*** SUMMARY ***
Total pot $0.05 | Rake $0 
Seat 1: zabol13 (button) folded before Flop (didn't bet)
Seat 2: amario89 (small blind) folded before Flop
Seat 3: Mahu2021 (big blind) folded before Flop
Seat 4: milkshake424 folded before Flop (didn't bet)
Seat 5: Weepy22 folded before Flop (didn't bet)
Seat 6: struenzer collected ($0.05)



PokerStars Zoom Hand #246866032707:  Hold'em No Limit ($0.01/$0.02) - 2023/11/01 17:48:01 CET [2023/11/01 12:48:01 ET]
Table 'Halley' 6-max Seat #1 is the button
Seat 1: 4s4s4s ($2.15 in chips) 
Seat 2: K0n5t! ($2 in chips) 
Seat 3: 0cipsev0 ($2.13 in chips) 
Seat 4: ry_ocean ($5.69 in chips) 
Seat 5: Mahu2021 ($2.55 in chips) 
Seat 6: G*shark*7 ($1.92 in chips) 
K0n5t!: posts small blind $0.01
0cipsev0: posts big blind $0.02
*** HOLE CARDS ***
Dealt to Mahu2021 [Jd 2h]
ry_ocean: folds 
Mahu2021: folds 
G*shark*7: folds 
4s4s4s: raises $0.03 to $0.05
K0n5t!: calls $0.04
0cipsev0: folds 
*** FLOP *** [4d Qh Qc]
K0n5t!: checks 
4s4s4s: bets $0.04
K0n5t!: folds 
Uncalled bet ($0.04) returned to 4s4s4s
4s4s4s collected $0.12 from pot
4s4s4s: doesn't show hand 
*** SUMMARY ***
Total pot $0.12 | Rake $0 
Board [4d Qh Qc]
Seat 1: 4s4s4s (button) collected ($0.12)
Seat 2: K0n5t! (small blind) folded on the Flop
Seat 3: 0cipsev0 (big blind) folded before Flop
Seat 4: ry_ocean folded before Flop (didn't bet)
Seat 5: Mahu2021 folded before Flop (didn't bet)
Seat 6: G*shark*7 folded before Flop (didn't bet)



PokerStars Zoom Hand #246866038242:  Hold'em No Limit ($0.01/$0.02) - 2023/11/01 17:48:19 CET [2023/11/01 12:48:19 ET]
Table 'Halley' 6-max Seat #1 is the button
Seat 1: BURAIV ($2 in chips) 
Seat 2: ry_ocean ($5.70 in chips) 
Seat 3: praznina ($3.49 in chips) 
Seat 4: Mahu2021 ($2.52 in chips) 
Seat 5: HardNigth ($2 in chips) 
Seat 6: 888lifeIS ($2.07 in chips) 
ry_ocean: posts small blind $0.01
praznina: posts big blind $0.02
*** HOLE CARDS ***
Dealt to Mahu2021 [Ah 4h]
Mahu2021: raises $0.02 to $0.04
HardNigth: raises $0.12 to $0.16
888lifeIS: folds 
BURAIV: folds 
ry_ocean: folds 
praznina: folds 
Mahu2021: folds 
Uncalled bet ($0.12) returned to HardNigth
HardNigth collected $0.11 from pot
HardNigth: doesn't show hand 
*** SUMMARY ***
Total pot $0.11 | Rake $0 
Seat 1: BURAIV (button) folded before Flop (didn't bet)
Seat 2: ry_ocean (small blind) folded before Flop
Seat 3: praznina (big blind) folded before Flop
Seat 4: Mahu2021 folded before Flop
Seat 5: HardNigth collected ($0.11)
Seat 6: 888lifeIS folded before Flop (didn't bet)



PokerStars Zoom Hand #246866036988:  Hold'em No Limit ($0.01/$0.02) - 2023/11/01 17:48:15 CET [2023/11/01 12:48:15 ET]
Table 'Halley' 6-max Seat #1 is the button
Seat 1: Foxilium ($1.75 in chips) 
Seat 2: Mahu2021 ($2.53 in chips) 
Seat 3: MarkoT0tev ($2.22 in chips) 
Seat 4: FrancoGaston74 ($5.97 in chips) 
Seat 5: samodaje ($4.13 in chips) 
Seat 6: Ryuugan94 ($6.46 in chips) 
Mahu2021: posts small blind $0.01
MarkoT0tev: posts big blind $0.02
*** HOLE CARDS ***
Dealt to Mahu2021 [7s 6c]
FrancoGaston74: folds 
samodaje: raises $0.04 to $0.06
Ryuugan94: folds 
Foxilium: folds 
Mahu2021: folds 
MarkoT0tev: folds 
Uncalled bet ($0.04) returned to samodaje
samodaje collected $0.05 from pot
samodaje: doesn't show hand 
*** SUMMARY ***
Total pot $0.05 | Rake $0 
Seat 1: Foxilium (button) folded before Flop (didn't bet)
Seat 2: Mahu2021 (small blind) folded before Flop
Seat 3: MarkoT0tev (big blind) folded before Flop
Seat 4: FrancoGaston74 folded before Flop (didn't bet)
Seat 5: samodaje collected ($0.05)
Seat 6: Ryuugan94 folded before Flop (didn't bet)



PokerStars Zoom Hand #246866044868:  Hold'em No Limit ($0.01/$0.02) - 2023/11/01 17:48:41 CET [2023/11/01 12:48:41 ET]
Table 'Halley' 6-max Seat #1 is the button
Seat 1: Krusty 013 ($2.20 in chips) 
Seat 2: alejandrinho14 ($2 in chips) 
Seat 3: Raskolnikov01 ($3.93 in chips) 
Seat 4: Mahu2021 ($2.48 in chips) 
Seat 5: imre ($2.16 in chips) 
Seat 6: BigBallast ($4.35 in chips) 
alejandrinho14: posts small blind $0.01
Raskolnikov01: posts big blind $0.02
*** HOLE CARDS ***
Dealt to Mahu2021 [4d 6c]
Mahu2021: folds 
imre: raises $0.03 to $0.05
BigBallast: folds 
Krusty 013: folds 
alejandrinho14: folds 
Raskolnikov01: folds 
Uncalled bet ($0.03) returned to imre
imre collected $0.05 from pot
imre: doesn't show hand 
*** SUMMARY ***
Total pot $0.05 | Rake $0 
Seat 1: Krusty 013 (button) folded before Flop (didn't bet)
Seat 2: alejandrinho14 (small blind) folded before Flop
Seat 3: Raskolnikov01 (big blind) folded before Flop
Seat 4: Mahu2021 folded before Flop (didn't bet)
Seat 5: imre collected ($0.05)
Seat 6: BigBallast folded before Flop (didn't bet)



PokerStars Zoom Hand #246866045804:  Hold'em No Limit ($0.01/$0.02) - 2023/11/01 17:48:44 CET [2023/11/01 12:48:44 ET]
Table 'Halley' 6-max Seat #1 is the button
Seat 1: struenzer ($1.98 in chips) 
Seat 2: angrycutt ($2.25 in chips) 
Seat 3: Mahu2021 ($2.48 in chips) 
Seat 4: MrRooob9899 ($5.65 in chips) 
Seat 5: JonTagaryen1 ($6.61 in chips) 
Seat 6: raiguerreiro ($1.07 in chips) 
angrycutt: posts small blind $0.01
Mahu2021: posts big blind $0.02
*** HOLE CARDS ***
Dealt to Mahu2021 [Th 5h]
MrRooob9899: raises $0.05 to $0.07
JonTagaryen1: folds 
raiguerreiro: folds 
struenzer: calls $0.07
angrycutt: folds 
Mahu2021: folds 
*** FLOP *** [6c 9c 9d]
MrRooob9899: checks 
struenzer: bets $0.11
MrRooob9899: folds 
Uncalled bet ($0.11) returned to struenzer
struenzer collected $0.16 from pot
struenzer: doesn't show hand 
*** SUMMARY ***
Total pot $0.17 | Rake $0.01 
Board [6c 9c 9d]
Seat 1: struenzer (button) collected ($0.16)
Seat 2: angrycutt (small blind) folded before Flop
Seat 3: Mahu2021 (big blind) folded before Flop
Seat 4: MrRooob9899 folded on the Flop
Seat 5: JonTagaryen1 folded before Flop (didn't bet)
Seat 6: raiguerreiro folded before Flop (didn't bet)



PokerStars Zoom Hand #246866049123:  Hold'em No Limit ($0.01/$0.02) - 2023/11/01 17:48:55 CET [2023/11/01 12:48:55 ET]
Table 'Halley' 6-max Seat #1 is the button
Seat 1: Mahu2021 ($2.46 in chips) 
Seat 2: HooliganBasher ($2.14 in chips) 
Seat 3: Esenin-16 ($0.76 in chips) 
Seat 4: alejandrinho14 ($3.72 in chips) 
Seat 5: mikey187622 ($2.66 in chips) 
Seat 6: Lorin22 ($1.79 in chips) 
HooliganBasher: posts small blind $0.01
Esenin-16: posts big blind $0.02
*** HOLE CARDS ***
Dealt to Mahu2021 [3s Ac]
alejandrinho14: folds 
mikey187622: folds 
Lorin22: folds 
Mahu2021: raises $0.02 to $0.04
HooliganBasher: folds 
Esenin-16: folds 
Uncalled bet ($0.02) returned to Mahu2021
Mahu2021 collected $0.05 from pot
Mahu2021: doesn't show hand 
*** SUMMARY ***
Total pot $0.05 | Rake $0 
Seat 1: Mahu2021 (button) collected ($0.05)
Seat 2: HooliganBasher (small blind) folded before Flop
Seat 3: Esenin-16 (big blind) folded before Flop
Seat 4: alejandrinho14 folded before Flop (didn't bet)
Seat 5: mikey187622 folded before Flop (didn't bet)
Seat 6: Lorin22 folded before Flop (didn't bet)



PokerStars Zoom Hand #246866047899:  Hold'em No Limit ($0.01/$0.02) - 2023/11/01 17:48:51 CET [2023/11/01 12:48:51 ET]
Table 'Halley' 6-max Seat #1 is the button
Seat 1: zabol13 ($5.10 in chips) 
Seat 2: NordborN87 ($1.99 in chips) 
Seat 3: Oma_Ace ($1.33 in chips) 
Seat 4: Krevetka_sun ($2.22 in chips) 
Seat 5: enry7.ice ($2 in chips) 
Seat 6: Mahu2021 ($2.46 in chips) 
NordborN87: posts small blind $0.01
Oma_Ace: posts big blind $0.02
*** HOLE CARDS ***
Dealt to Mahu2021 [2d 5d]
Krevetka_sun: folds 
enry7.ice: raises $0.03 to $0.05
Mahu2021: folds 
zabol13: folds 
NordborN87: folds 
Oma_Ace: folds 
Uncalled bet ($0.03) returned to enry7.ice
enry7.ice collected $0.05 from pot
enry7.ice: doesn't show hand 
*** SUMMARY ***
Total pot $0.05 | Rake $0 
Seat 1: zabol13 (button) folded before Flop (didn't bet)
Seat 2: NordborN87 (small blind) folded before Flop
Seat 3: Oma_Ace (big blind) folded before Flop
Seat 4: Krevetka_sun folded before Flop (didn't bet)
Seat 5: enry7.ice collected ($0.05)
Seat 6: Mahu2021 folded before Flop (didn't bet)



PokerStars Zoom Hand #246866043416:  Hold'em No Limit ($0.01/$0.02) - 2023/11/01 17:48:36 CET [2023/11/01 12:48:36 ET]
Table 'Halley' 6-max Seat #1 is the button
Seat 1: Mahu2021 ($2.48 in chips) 
Seat 2: Tasty Onions ($2.73 in chips) 
Seat 3: maxm198 ($3.22 in chips) 
Seat 4: origanrs ($2.26 in chips) 
Seat 5: Weepy22 ($2.82 in chips) 
Seat 6: Uncleaux ($3.24 in chips) 
Tasty Onions: posts small blind $0.01
maxm198: posts big blind $0.02
*** HOLE CARDS ***
Dealt to Mahu2021 [Kc 5h]
origanrs: raises $0.03 to $0.05
Weepy22: folds 
Uncleaux: folds 
Mahu2021: folds 
Tasty Onions: calls $0.04
maxm198: calls $0.03
*** FLOP *** [3c 9h 3h]
Tasty Onions: checks 
maxm198: checks 
origanrs: checks 
*** TURN *** [3c 9h 3h] [Th]
Tasty Onions: checks 
maxm198: checks 
origanrs: bets $0.07
Tasty Onions: folds 
maxm198: folds 
Uncalled bet ($0.07) returned to origanrs
origanrs collected $0.14 from pot
origanrs: doesn't show hand 
*** SUMMARY ***
Total pot $0.15 | Rake $0.01 
Board [3c 9h 3h Th]
Seat 1: Mahu2021 (button) folded before Flop (didn't bet)
Seat 2: Tasty Onions (small blind) folded on the Turn
Seat 3: maxm198 (big blind) folded on the Turn
Seat 4: origanrs collected ($0.14)
Seat 5: Weepy22 folded before Flop (didn't bet)
Seat 6: Uncleaux folded before Flop (didn't bet)



PokerStars Zoom Hand #246866053289:  Hold'em No Limit ($0.01/$0.02) - 2023/11/01 17:49:09 CET [2023/11/01 12:49:09 ET]
Table 'Halley' 6-max Seat #1 is the button
Seat 1: HooliganBasher ($2.20 in chips) 
Seat 2: Mahu2021 ($2.49 in chips) 
Seat 3: Adzaga ($2.23 in chips) 
Seat 4: MrRooob9899 ($1.55 in chips) 
Seat 5: MarkoT0tev ($2.32 in chips) 
Seat 6: K0n5t! ($2 in chips) 
Mahu2021: posts small blind $0.01
Adzaga: posts big blind $0.02
*** HOLE CARDS ***
Dealt to Mahu2021 [Jh 5h]
MrRooob9899: raises $0.05 to $0.07
MarkoT0tev: folds 
K0n5t!: raises $0.09 to $0.16
HooliganBasher: folds 
Mahu2021: folds 
Adzaga: folds 
MrRooob9899: calls $0.09
*** FLOP *** [7d Kd 3h]
MrRooob9899: checks 
K0n5t!: bets $0.26
MrRooob9899: calls $0.26
*** TURN *** [7d Kd 3h] [6d]
MrRooob9899: checks 
K0n5t!: checks 
*** RIVER *** [7d Kd 3h 6d] [5s]
MrRooob9899: bets $0.24
K0n5t!: calls $0.24
*** SHOW DOWN ***
MrRooob9899: shows [Js Ks] (a pair of Kings)
K0n5t!: shows [Ah Ac] (a pair of Aces)
K0n5t! collected $1.29 from pot
*** SUMMARY ***
Total pot $1.35 | Rake $0.06 
Board [7d Kd 3h 6d 5s]
Seat 1: HooliganBasher (button) folded before Flop (didn't bet)
Seat 2: Mahu2021 (small blind) folded before Flop
Seat 3: Adzaga (big blind) folded before Flop
Seat 4: MrRooob9899 showed [Js Ks] and lost with a pair of Kings
Seat 5: MarkoT0tev folded before Flop (didn't bet)
Seat 6: K0n5t! showed [Ah Ac] and won ($1.29) with a pair of Aces



PokerStars Zoom Hand #246866055016:  Hold'em No Limit ($0.01/$0.02) - 2023/11/01 17:49:14 CET [2023/11/01 12:49:14 ET]
Table 'Halley' 6-max Seat #1 is the button
Seat 1: KHLOVE ($5.05 in chips) 
Seat 2: HooliganBasher ($2.20 in chips) 
Seat 3: arnoltmp7 ($2.22 in chips) 
Seat 4: rocksslicks ($0.98 in chips) 
Seat 5: Mahu2021 ($2.48 in chips) 
Seat 6: maxm198 ($2 in chips) 
HooliganBasher: posts small blind $0.01
arnoltmp7: posts big blind $0.02
*** HOLE CARDS ***
Dealt to Mahu2021 [9h 5s]
rocksslicks: folds 
Mahu2021: folds 
maxm198: raises $0.04 to $0.06
KHLOVE: folds 
HooliganBasher: raises $0.18 to $0.24
arnoltmp7: folds 
maxm198: calls $0.18
*** FLOP *** [5d 2d 8d]
HooliganBasher: checks 
maxm198: checks 
*** TURN *** [5d 2d 8d] [Ah]
HooliganBasher: bets $0.16
maxm198: calls $0.16
*** RIVER *** [5d 2d 8d Ah] [5c]
HooliganBasher: checks 
maxm198: checks 
*** SHOW DOWN ***
HooliganBasher: shows [Ts Ac] (two pair, Aces and Fives)
maxm198: mucks hand 
HooliganBasher collected $0.79 from pot
*** SUMMARY ***
Total pot $0.82 | Rake $0.03 
Board [5d 2d 8d Ah 5c]
Seat 1: KHLOVE (button) folded before Flop (didn't bet)
Seat 2: HooliganBasher (small blind) showed [Ts Ac] and won ($0.79) with two pair, Aces and Fives
Seat 3: arnoltmp7 (big blind) folded before Flop
Seat 4: rocksslicks folded before Flop (didn't bet)
Seat 5: Mahu2021 folded before Flop (didn't bet)
Seat 6: maxm198 mucked [9s As]



PokerStars Zoom Hand #246866056366:  Hold'em No Limit ($0.01/$0.02) - 2023/11/01 17:49:19 CET [2023/11/01 12:49:19 ET]
Table 'Halley' 6-max Seat #1 is the button
Seat 1: Innerwuss ($4.44 in chips) 
Seat 2: rocksslicks ($0.98 in chips) 
Seat 3: Mahu2021 ($2.48 in chips) 
Seat 4: OSP677 ($2.64 in chips) 
Seat 5: ©hepotro ($1.63 in chips) 
Seat 6: MarkoT0tev ($2.32 in chips) 
rocksslicks: posts small blind $0.01
Mahu2021: posts big blind $0.02
*** HOLE CARDS ***
Dealt to Mahu2021 [4h Ad]
OSP677: folds 
©hepotro: raises $0.02 to $0.04
MarkoT0tev: folds 
Innerwuss: folds 
rocksslicks: folds 
Mahu2021: calls $0.02
*** FLOP *** [4d 3c Ks]
Mahu2021: checks 
©hepotro: bets $0.03
Mahu2021: calls $0.03
*** TURN *** [4d 3c Ks] [6d]
Mahu2021: checks 
©hepotro: checks 
*** RIVER *** [4d 3c Ks 6d] [Ac]
Mahu2021: bets $0.14
©hepotro: raises $0.26 to $0.40
Mahu2021: calls $0.26
*** SHOW DOWN ***
©hepotro: shows [Th Ah] (a pair of Aces)
Mahu2021: shows [4h Ad] (two pair, Aces and Fours)
Mahu2021 collected $0.92 from pot
*** SUMMARY ***
Total pot $0.95 | Rake $0.03 
Board [4d 3c Ks 6d Ac]
Seat 1: Innerwuss (button) folded before Flop (didn't bet)
Seat 2: rocksslicks (small blind) folded before Flop
Seat 3: Mahu2021 (big blind) showed [4h Ad] and won ($0.92) with two pair, Aces and Fours
Seat 4: OSP677 folded before Flop (didn't bet)
Seat 5: ©hepotro showed [Th Ah] and lost with a pair of Aces
Seat 6: MarkoT0tev folded before Flop (didn't bet)



