PokerStars Hand #252316906256: Tournament #3797376668, $1.84+$0.16 USD Hold'em No Limit - Level I (10/20) - 2024/09/06 17:10:46 CET [2024/09/06 11:10:46 ET]
Table '3797376668 1' 3-max Seat #1 is the button
Seat 1: Mahu2021 (500 in chips) 
Seat 2: Cris_Finkler (500 in chips) 
Seat 3: jvnobrejv (500 in chips) 
Cris_Finkler: posts small blind 10
jvnobrejv: posts big blind 20
*** HOLE CARDS ***
Dealt to Mahu2021 [6s Kh]
Mahu2021: folds 
Cris_Finkler: raises 480 to 500 and is all-in
jvnobrejv: folds 
Uncalled bet (480) returned to Cris_Finkler
Cris_Finkler collected 40 from pot
*** SUMMARY ***
Total pot 40 | Rake 0 
Seat 1: Mahu2021 (button) folded before Flop (didn't bet)
Seat 2: Cris_Finkler (small blind) collected (40)
Seat 3: jvnobrejv (big blind) folded before Flop



PokerStars Hand #252316907876: Tournament #3797376668, $1.84+$0.16 USD Hold'em No Limit - Level I (10/20) - 2024/09/06 17:10:54 CET [2024/09/06 11:10:54 ET]
Table '3797376668 1' 3-max Seat #2 is the button
Seat 1: Mahu2021 (500 in chips) 
Seat 2: Cris_Finkler (520 in chips) 
Seat 3: jvnobrejv (480 in chips) 
jvnobrejv: posts small blind 10
Mahu2021: posts big blind 20
*** HOLE CARDS ***
Dealt to Mahu2021 [3s 9c]
Cris_Finkler: folds 
jvnobrejv: raises 20 to 40
Mahu2021: folds 
Uncalled bet (20) returned to jvnobrejv
jvnobrejv collected 40 from pot
*** SUMMARY ***
Total pot 40 | Rake 0 
Seat 1: Mahu2021 (big blind) folded before Flop
Seat 2: Cris_Finkler (button) folded before Flop (didn't bet)
Seat 3: jvnobrejv (small blind) collected (40)



PokerStars Hand #252316909534: Tournament #3797376668, $1.84+$0.16 USD Hold'em No Limit - Level I (10/20) - 2024/09/06 17:11:02 CET [2024/09/06 11:11:02 ET]
Table '3797376668 1' 3-max Seat #3 is the button
Seat 1: Mahu2021 (480 in chips) 
Seat 2: Cris_Finkler (520 in chips) 
Seat 3: jvnobrejv (500 in chips) 
Mahu2021: posts small blind 10
Cris_Finkler: posts big blind 20
*** HOLE CARDS ***
Dealt to Mahu2021 [5h Ad]
jvnobrejv: raises 20 to 40
Mahu2021: calls 30
Cris_Finkler: calls 20
*** FLOP *** [7c 7h 5c]
Mahu2021: bets 440 and is all-in
Cris_Finkler: raises 40 to 480 and is all-in
jvnobrejv: folds 
Uncalled bet (40) returned to Cris_Finkler
*** TURN *** [7c 7h 5c] [6h]
*** RIVER *** [7c 7h 5c 6h] [Ks]
*** SHOW DOWN ***
Mahu2021: shows [5h Ad] (two pair, Sevens and Fives)
Cris_Finkler: shows [5d As] (two pair, Sevens and Fives)
Mahu2021 collected 500 from pot
Cris_Finkler collected 500 from pot
*** SUMMARY ***
Total pot 1000 | Rake 0 
Board [7c 7h 5c 6h Ks]
Seat 1: Mahu2021 (small blind) showed [5h Ad] and won (500) with two pair, Sevens and Fives
Seat 2: Cris_Finkler (big blind) showed [5d As] and won (500) with two pair, Sevens and Fives
Seat 3: jvnobrejv (button) folded on the Flop



PokerStars Hand #252316915447: Tournament #3797376668, $1.84+$0.16 USD Hold'em No Limit - Level I (10/20) - 2024/09/06 17:11:31 CET [2024/09/06 11:11:31 ET]
Table '3797376668 1' 3-max Seat #1 is the button
Seat 1: Mahu2021 (500 in chips) 
Seat 2: Cris_Finkler (540 in chips) 
Seat 3: jvnobrejv (460 in chips) 
Cris_Finkler: posts small blind 10
jvnobrejv: posts big blind 20
*** HOLE CARDS ***
Dealt to Mahu2021 [Ks 4h]
Mahu2021: folds 
Cris_Finkler: folds 
Uncalled bet (10) returned to jvnobrejv
jvnobrejv collected 20 from pot
*** SUMMARY ***
Total pot 20 | Rake 0 
Seat 1: Mahu2021 (button) folded before Flop (didn't bet)
Seat 2: Cris_Finkler (small blind) folded before Flop
Seat 3: jvnobrejv (big blind) collected (20)



PokerStars Hand #252316917050: Tournament #3797376668, $1.84+$0.16 USD Hold'em No Limit - Level I (10/20) - 2024/09/06 17:11:39 CET [2024/09/06 11:11:39 ET]
Table '3797376668 1' 3-max Seat #2 is the button
Seat 1: Mahu2021 (500 in chips) 
Seat 2: Cris_Finkler (530 in chips) 
Seat 3: jvnobrejv (470 in chips) 
jvnobrejv: posts small blind 10
Mahu2021: posts big blind 20
*** HOLE CARDS ***
Dealt to Mahu2021 [3h 8d]
Cris_Finkler: raises 20 to 40
jvnobrejv: calls 30
Mahu2021: folds 
*** FLOP *** [5c 4c Td]
jvnobrejv: checks 
Cris_Finkler: bets 37
jvnobrejv: folds 
Uncalled bet (37) returned to Cris_Finkler
Cris_Finkler collected 100 from pot
*** SUMMARY ***
Total pot 100 | Rake 0 
Board [5c 4c Td]
Seat 1: Mahu2021 (big blind) folded before Flop
Seat 2: Cris_Finkler (button) collected (100)
Seat 3: jvnobrejv (small blind) folded on the Flop



PokerStars Hand #252316920580: Tournament #3797376668, $1.84+$0.16 USD Hold'em No Limit - Level I (10/20) - 2024/09/06 17:11:56 CET [2024/09/06 11:11:56 ET]
Table '3797376668 1' 3-max Seat #3 is the button
Seat 1: Mahu2021 (480 in chips) 
Seat 2: Cris_Finkler (590 in chips) 
Seat 3: jvnobrejv (430 in chips) 
Mahu2021: posts small blind 10
Cris_Finkler: posts big blind 20
*** HOLE CARDS ***
Dealt to Mahu2021 [Th Ah]
jvnobrejv: raises 20 to 40
Mahu2021: calls 30
Cris_Finkler: raises 550 to 590 and is all-in
jvnobrejv: folds 
Mahu2021: folds 
Uncalled bet (550) returned to Cris_Finkler
Cris_Finkler collected 120 from pot
*** SUMMARY ***
Total pot 120 | Rake 0 
Seat 1: Mahu2021 (small blind) folded before Flop
Seat 2: Cris_Finkler (big blind) collected (120)
Seat 3: jvnobrejv (button) folded before Flop



PokerStars Hand #252316922850: Tournament #3797376668, $1.84+$0.16 USD Hold'em No Limit - Level I (10/20) - 2024/09/06 17:12:07 CET [2024/09/06 11:12:07 ET]
Table '3797376668 1' 3-max Seat #1 is the button
Seat 1: Mahu2021 (440 in chips) 
Seat 2: Cris_Finkler (670 in chips) 
Seat 3: jvnobrejv (390 in chips) 
Cris_Finkler: posts small blind 10
jvnobrejv: posts big blind 20
*** HOLE CARDS ***
Dealt to Mahu2021 [Ks 5s]
Mahu2021: calls 20
Cris_Finkler: folds 
jvnobrejv: checks 
*** FLOP *** [Qd 4h 8d]
jvnobrejv: checks 
Mahu2021: bets 20
jvnobrejv: calls 20
*** TURN *** [Qd 4h 8d] [Ts]
jvnobrejv: bets 40
Mahu2021: folds 
Uncalled bet (40) returned to jvnobrejv
jvnobrejv collected 90 from pot
*** SUMMARY ***
Total pot 90 | Rake 0 
Board [Qd 4h 8d Ts]
Seat 1: Mahu2021 (button) folded on the Turn
Seat 2: Cris_Finkler (small blind) folded before Flop
Seat 3: jvnobrejv (big blind) collected (90)



PokerStars Hand #252316928090: Tournament #3797376668, $1.84+$0.16 USD Hold'em No Limit - Level I (10/20) - 2024/09/06 17:12:32 CET [2024/09/06 11:12:32 ET]
Table '3797376668 1' 3-max Seat #2 is the button
Seat 1: Mahu2021 (400 in chips) 
Seat 2: Cris_Finkler (660 in chips) 
Seat 3: jvnobrejv (440 in chips) 
jvnobrejv: posts small blind 10
Mahu2021: posts big blind 20
*** HOLE CARDS ***
Dealt to Mahu2021 [3c 8s]
Cris_Finkler: folds 
jvnobrejv: calls 10
Mahu2021: checks 
*** FLOP *** [2s Th Kh]
jvnobrejv: bets 20
Mahu2021: folds 
Uncalled bet (20) returned to jvnobrejv
jvnobrejv collected 40 from pot
*** SUMMARY ***
Total pot 40 | Rake 0 
Board [2s Th Kh]
Seat 1: Mahu2021 (big blind) folded on the Flop
Seat 2: Cris_Finkler (button) folded before Flop (didn't bet)
Seat 3: jvnobrejv (small blind) collected (40)



PokerStars Hand #252316930299: Tournament #3797376668, $1.84+$0.16 USD Hold'em No Limit - Level I (10/20) - 2024/09/06 17:12:43 CET [2024/09/06 11:12:43 ET]
Table '3797376668 1' 3-max Seat #3 is the button
Seat 1: Mahu2021 (380 in chips) 
Seat 2: Cris_Finkler (660 in chips) 
Seat 3: jvnobrejv (460 in chips) 
Mahu2021: posts small blind 10
Cris_Finkler: posts big blind 20
*** HOLE CARDS ***
Dealt to Mahu2021 [5s 8h]
jvnobrejv: raises 440 to 460 and is all-in
Mahu2021: folds 
Cris_Finkler: folds 
Uncalled bet (440) returned to jvnobrejv
jvnobrejv collected 50 from pot
*** SUMMARY ***
Total pot 50 | Rake 0 
Seat 1: Mahu2021 (small blind) folded before Flop
Seat 2: Cris_Finkler (big blind) folded before Flop
Seat 3: jvnobrejv (button) collected (50)



PokerStars Hand #252316933423: Tournament #3797376668, $1.84+$0.16 USD Hold'em No Limit - Level II (15/30) - 2024/09/06 17:12:58 CET [2024/09/06 11:12:58 ET]
Table '3797376668 1' 3-max Seat #1 is the button
Seat 1: Mahu2021 (370 in chips) 
Seat 2: Cris_Finkler (640 in chips) 
Seat 3: jvnobrejv (490 in chips) 
Cris_Finkler: posts small blind 15
jvnobrejv: posts big blind 30
*** HOLE CARDS ***
Dealt to Mahu2021 [7s 4c]
Mahu2021: folds 
Cris_Finkler: folds 
Uncalled bet (15) returned to jvnobrejv
jvnobrejv collected 30 from pot
*** SUMMARY ***
Total pot 30 | Rake 0 
Seat 1: Mahu2021 (button) folded before Flop (didn't bet)
Seat 2: Cris_Finkler (small blind) folded before Flop
Seat 3: jvnobrejv (big blind) collected (30)



PokerStars Hand #252316934577: Tournament #3797376668, $1.84+$0.16 USD Hold'em No Limit - Level II (15/30) - 2024/09/06 17:13:04 CET [2024/09/06 11:13:04 ET]
Table '3797376668 1' 3-max Seat #2 is the button
Seat 1: Mahu2021 (370 in chips) 
Seat 2: Cris_Finkler (625 in chips) 
Seat 3: jvnobrejv (505 in chips) 
jvnobrejv: posts small blind 15
Mahu2021: posts big blind 30
*** HOLE CARDS ***
Dealt to Mahu2021 [6d 2s]
Cris_Finkler: folds 
jvnobrejv: calls 15
Mahu2021: checks 
*** FLOP *** [8s 2c Ts]
jvnobrejv: bets 30
Mahu2021: calls 30
*** TURN *** [8s 2c Ts] [5d]
jvnobrejv: bets 60
Mahu2021: raises 60 to 120
jvnobrejv: folds 
Uncalled bet (60) returned to Mahu2021
Mahu2021 collected 240 from pot
Mahu2021: doesn't show hand 
*** SUMMARY ***
Total pot 240 | Rake 0 
Board [8s 2c Ts 5d]
Seat 1: Mahu2021 (big blind) collected (240)
Seat 2: Cris_Finkler (button) folded before Flop (didn't bet)
Seat 3: jvnobrejv (small blind) folded on the Turn



PokerStars Hand #252316939751: Tournament #3797376668, $1.84+$0.16 USD Hold'em No Limit - Level II (15/30) - 2024/09/06 17:13:28 CET [2024/09/06 11:13:28 ET]
Table '3797376668 1' 3-max Seat #3 is the button
Seat 1: Mahu2021 (490 in chips) 
Seat 2: Cris_Finkler (625 in chips) 
Seat 3: jvnobrejv (385 in chips) 
Mahu2021: posts small blind 15
Cris_Finkler: posts big blind 30
*** HOLE CARDS ***
Dealt to Mahu2021 [8h Qs]
jvnobrejv: raises 30 to 60
Mahu2021: folds 
Cris_Finkler: folds 
Uncalled bet (30) returned to jvnobrejv
jvnobrejv collected 75 from pot
*** SUMMARY ***
Total pot 75 | Rake 0 
Seat 1: Mahu2021 (small blind) folded before Flop
Seat 2: Cris_Finkler (big blind) folded before Flop
Seat 3: jvnobrejv (button) collected (75)



PokerStars Hand #252316942310: Tournament #3797376668, $1.84+$0.16 USD Hold'em No Limit - Level II (15/30) - 2024/09/06 17:13:41 CET [2024/09/06 11:13:41 ET]
Table '3797376668 1' 3-max Seat #1 is the button
Seat 1: Mahu2021 (475 in chips) 
Seat 2: Cris_Finkler (595 in chips) 
Seat 3: jvnobrejv (430 in chips) 
Cris_Finkler: posts small blind 15
jvnobrejv: posts big blind 30
*** HOLE CARDS ***
Dealt to Mahu2021 [Kd 4s]
Mahu2021: folds 
Cris_Finkler: folds 
Uncalled bet (15) returned to jvnobrejv
jvnobrejv collected 30 from pot
*** SUMMARY ***
Total pot 30 | Rake 0 
Seat 1: Mahu2021 (button) folded before Flop (didn't bet)
Seat 2: Cris_Finkler (small blind) folded before Flop
Seat 3: jvnobrejv (big blind) collected (30)



PokerStars Hand #252316944236: Tournament #3797376668, $1.84+$0.16 USD Hold'em No Limit - Level II (15/30) - 2024/09/06 17:13:50 CET [2024/09/06 11:13:50 ET]
Table '3797376668 1' 3-max Seat #2 is the button
Seat 1: Mahu2021 (475 in chips) 
Seat 2: Cris_Finkler (580 in chips) 
Seat 3: jvnobrejv (445 in chips) 
jvnobrejv: posts small blind 15
Mahu2021: posts big blind 30
*** HOLE CARDS ***
Dealt to Mahu2021 [4h 5h]
Cris_Finkler: folds 
jvnobrejv: raises 30 to 60
Mahu2021: calls 30
*** FLOP *** [2h 5d Jd]
jvnobrejv: bets 30
Mahu2021: calls 30
*** TURN *** [2h 5d Jd] [3s]
jvnobrejv: bets 30
Mahu2021: calls 30
*** RIVER *** [2h 5d Jd 3s] [Ts]
jvnobrejv: bets 90
Mahu2021: calls 90
*** SHOW DOWN ***
jvnobrejv: shows [As Jh] (a pair of Jacks)
Mahu2021: mucks hand 
jvnobrejv collected 420 from pot
*** SUMMARY ***
Total pot 420 | Rake 0 
Board [2h 5d Jd 3s Ts]
Seat 1: Mahu2021 (big blind) mucked [4h 5h]
Seat 2: Cris_Finkler (button) folded before Flop (didn't bet)
Seat 3: jvnobrejv (small blind) showed [As Jh] and won (420) with a pair of Jacks



PokerStars Hand #252316948256: Tournament #3797376668, $1.84+$0.16 USD Hold'em No Limit - Level II (15/30) - 2024/09/06 17:14:10 CET [2024/09/06 11:14:10 ET]
Table '3797376668 1' 3-max Seat #3 is the button
Seat 1: Mahu2021 (265 in chips) 
Seat 2: Cris_Finkler (580 in chips) 
Seat 3: jvnobrejv (655 in chips) 
Mahu2021: posts small blind 15
Cris_Finkler: posts big blind 30
*** HOLE CARDS ***
Dealt to Mahu2021 [2s 8d]
jvnobrejv: calls 30
Mahu2021: folds 
Cris_Finkler: checks 
*** FLOP *** [4h 8s Th]
Cris_Finkler: checks 
jvnobrejv: checks 
*** TURN *** [4h 8s Th] [7h]
Cris_Finkler: checks 
jvnobrejv: bets 30
Cris_Finkler: calls 30
*** RIVER *** [4h 8s Th 7h] [Js]
Cris_Finkler: checks 
jvnobrejv: bets 60
Cris_Finkler: calls 60
*** SHOW DOWN ***
jvnobrejv: shows [6c 9s] (a straight, Seven to Jack)
Cris_Finkler: mucks hand 
jvnobrejv collected 255 from pot
*** SUMMARY ***
Total pot 255 | Rake 0 
Board [4h 8s Th 7h Js]
Seat 1: Mahu2021 (small blind) folded before Flop
Seat 2: Cris_Finkler (big blind) mucked [4s Jh]
Seat 3: jvnobrejv (button) showed [6c 9s] and won (255) with a straight, Seven to Jack



PokerStars Hand #252316955440: Tournament #3797376668, $1.84+$0.16 USD Hold'em No Limit - Level II (15/30) - 2024/09/06 17:14:44 CET [2024/09/06 11:14:44 ET]
Table '3797376668 1' 3-max Seat #1 is the button
Seat 1: Mahu2021 (250 in chips) 
Seat 2: Cris_Finkler (460 in chips) 
Seat 3: jvnobrejv (790 in chips) 
Cris_Finkler: posts small blind 15
jvnobrejv: posts big blind 30
*** HOLE CARDS ***
Dealt to Mahu2021 [7s 3h]
Mahu2021: folds 
Cris_Finkler: folds 
Uncalled bet (15) returned to jvnobrejv
jvnobrejv collected 30 from pot
*** SUMMARY ***
Total pot 30 | Rake 0 
Seat 1: Mahu2021 (button) folded before Flop (didn't bet)
Seat 2: Cris_Finkler (small blind) folded before Flop
Seat 3: jvnobrejv (big blind) collected (30)



PokerStars Hand #252316957146: Tournament #3797376668, $1.84+$0.16 USD Hold'em No Limit - Level III (20/40) - 2024/09/06 17:14:53 CET [2024/09/06 11:14:53 ET]
Table '3797376668 1' 3-max Seat #2 is the button
Seat 1: Mahu2021 (250 in chips) 
Seat 2: Cris_Finkler (445 in chips) 
Seat 3: jvnobrejv (805 in chips) 
jvnobrejv: posts small blind 20
Mahu2021: posts big blind 40
*** HOLE CARDS ***
Dealt to Mahu2021 [6h 7c]
Cris_Finkler: folds 
jvnobrejv: calls 20
Mahu2021: checks 
*** FLOP *** [5c 2d Tc]
jvnobrejv: checks 
Mahu2021: checks 
*** TURN *** [5c 2d Tc] [Jd]
jvnobrejv: bets 40
Mahu2021: folds 
Uncalled bet (40) returned to jvnobrejv
jvnobrejv collected 80 from pot
*** SUMMARY ***
Total pot 80 | Rake 0 
Board [5c 2d Tc Jd]
Seat 1: Mahu2021 (big blind) folded on the Turn
Seat 2: Cris_Finkler (button) folded before Flop (didn't bet)
Seat 3: jvnobrejv (small blind) collected (80)



PokerStars Hand #252316959911: Tournament #3797376668, $1.84+$0.16 USD Hold'em No Limit - Level III (20/40) - 2024/09/06 17:15:06 CET [2024/09/06 11:15:06 ET]
Table '3797376668 1' 3-max Seat #3 is the button
Seat 1: Mahu2021 (210 in chips) 
Seat 2: Cris_Finkler (445 in chips) 
Seat 3: jvnobrejv (845 in chips) 
Mahu2021: posts small blind 20
Cris_Finkler: posts big blind 40
*** HOLE CARDS ***
Dealt to Mahu2021 [Kd Qc]
jvnobrejv: calls 40
Mahu2021: raises 170 to 210 and is all-in
Cris_Finkler: raises 235 to 445 and is all-in
jvnobrejv: calls 405
*** FLOP *** [5c 6c Qd]
*** TURN *** [5c 6c Qd] [8h]
*** RIVER *** [5c 6c Qd 8h] [4c]
*** SHOW DOWN ***
Cris_Finkler: shows [Ad 3c] (high card Ace)
jvnobrejv: shows [7h Ac] (a straight, Four to Eight)
jvnobrejv collected 470 from side pot
Mahu2021: shows [Kd Qc] (a pair of Queens)
jvnobrejv collected 630 from main pot
Cris_Finkler finished the tournament in 2nd place
Mahu2021 finished the tournament in 3rd place
jvnobrejv wins the tournament and receives $4.00 - congratulations!
*** SUMMARY ***
Total pot 1100 Main pot 630. Side pot 470. | Rake 0 
Board [5c 6c Qd 8h 4c]
Seat 1: Mahu2021 (small blind) showed [Kd Qc] and lost with a pair of Queens
Seat 2: Cris_Finkler (big blind) showed [Ad 3c] and lost with high card Ace
Seat 3: jvnobrejv (button) showed [7h Ac] and won (1100) with a straight, Four to Eight



