PokerStars Zoom Hand #254610837776:  Hold'em No Limit ($0.05/$0.10) - 2025/01/29 20:35:30 CET [2025/01/29 14:35:30 ET]
Table 'Aludra' 6-max Seat #1 is the button
Seat 1: ozzer9 ($9.12 in chips) 
Seat 2: Panditapkr ($10.83 in chips) 
Seat 3: Mahu2021 ($10 in chips) 
Seat 4: chrisPocket ($10.61 in chips) 
Seat 5: knofan ($11.32 in chips) 
Seat 6: dewrden ($10 in chips) 
Panditapkr: posts small blind $0.05
Mahu2021: posts big blind $0.10
*** HOLE CARDS ***
Dealt to Mahu2021 [3h Js]
chrisPocket: folds 
knofan: folds 
dewrden: folds 
ozzer9: calls $0.10
Panditapkr: folds 
Mahu2021: checks 
*** FLOP *** [Td 7d 4s]
Mahu2021: checks 
ozzer9: checks 
*** TURN *** [Td 7d 4s] [5s]
Mahu2021: checks 
ozzer9: checks 
*** RIVER *** [Td 7d 4s 5s] [Th]
Mahu2021: checks 
ozzer9: checks 
*** SHOW DOWN ***
Mahu2021: shows [3h Js] (a pair of Tens)
ozzer9: shows [8s Ah] (a pair of Tens - Ace kicker)
ozzer9 collected $0.24 from pot
*** SUMMARY ***
Total pot $0.25 | Rake $0.01 
Board [Td 7d 4s 5s Th]
Seat 1: ozzer9 (button) showed [8s Ah] and won ($0.24) with a pair of Tens
Seat 2: Panditapkr (small blind) folded before Flop
Seat 3: Mahu2021 (big blind) showed [3h Js] and lost with a pair of Tens
Seat 4: chrisPocket folded before Flop (didn't bet)
Seat 5: knofan folded before Flop (didn't bet)
Seat 6: dewrden folded before Flop (didn't bet)



PokerStars Zoom Hand #254610849769:  Hold'em No Limit ($0.05/$0.10) - 2025/01/29 20:36:11 CET [2025/01/29 14:36:11 ET]
Table 'Aludra' 6-max Seat #1 is the button
Seat 1: dewrden ($10 in chips) 
Seat 2: Mahu2021 ($9.90 in chips) 
Seat 3: vaffon3 ($27.71 in chips) 
Seat 4: ozzer9 ($9.26 in chips) 
Seat 5: mrs2006 ($10.75 in chips) 
Seat 6: osfp7john ($10.42 in chips) 
Mahu2021: posts small blind $0.05
vaffon3: posts big blind $0.10
*** HOLE CARDS ***
Dealt to Mahu2021 [2s 2c]
ozzer9: calls $0.10
mrs2006: folds 
osfp7john: folds 
dewrden: folds 
Mahu2021: calls $0.05
vaffon3: checks 
*** FLOP *** [Ah Qh 6h]
Mahu2021: checks 
vaffon3: checks 
ozzer9: bets $0.29
Mahu2021: folds 
vaffon3: folds 
Uncalled bet ($0.29) returned to ozzer9
ozzer9 collected $0.29 from pot
ozzer9: doesn't show hand 
*** SUMMARY ***
Total pot $0.30 | Rake $0.01 
Board [Ah Qh 6h]
Seat 1: dewrden (button) folded before Flop (didn't bet)
Seat 2: Mahu2021 (small blind) folded on the Flop
Seat 3: vaffon3 (big blind) folded on the Flop
Seat 4: ozzer9 collected ($0.29)
Seat 5: mrs2006 folded before Flop (didn't bet)
Seat 6: osfp7john folded before Flop (didn't bet)



PokerStars Zoom Hand #254610858871:  Hold'em No Limit ($0.05/$0.10) - 2025/01/29 20:36:42 CET [2025/01/29 14:36:42 ET]
Table 'Aludra' 6-max Seat #1 is the button
Seat 1: Mahu2021 ($9.80 in chips) 
Seat 2: Titsamach ($10.42 in chips) 
Seat 3: DimoshaP ($18.62 in chips) 
Seat 4: knofan ($9.57 in chips) 
Seat 5: Grufva ($10 in chips) 
Seat 6: NutHunt5R ($10 in chips) 
Titsamach: posts small blind $0.05
DimoshaP: posts big blind $0.10
*** HOLE CARDS ***
Dealt to Mahu2021 [Ts 7h]
knofan: folds 
Grufva: folds 
NutHunt5R: folds 
Mahu2021: folds 
Titsamach: folds 
Uncalled bet ($0.05) returned to DimoshaP
DimoshaP collected $0.10 from pot
DimoshaP: doesn't show hand 
*** SUMMARY ***
Total pot $0.10 | Rake $0 
Seat 1: Mahu2021 (button) folded before Flop (didn't bet)
Seat 2: Titsamach (small blind) folded before Flop
Seat 3: DimoshaP (big blind) collected ($0.10)
Seat 4: knofan folded before Flop (didn't bet)
Seat 5: Grufva folded before Flop (didn't bet)
Seat 6: NutHunt5R folded before Flop (didn't bet)



PokerStars Zoom Hand #254610861729:  Hold'em No Limit ($0.05/$0.10) - 2025/01/29 20:36:52 CET [2025/01/29 14:36:52 ET]
Table 'Aludra' 6-max Seat #1 is the button
Seat 1: nathanjones12 ($12.49 in chips) 
Seat 2: Danielitoosk ($34.62 in chips) 
Seat 3: Mahu2021 ($9.75 in chips) 
Seat 4: leleo273 ($4.30 in chips) 
Seat 5: anderson ca6 ($11.68 in chips) 
Seat 6: Reality Reset ($17.83 in chips) 
Danielitoosk: posts small blind $0.05
Mahu2021: posts big blind $0.10
*** HOLE CARDS ***
Dealt to Mahu2021 [9d Jc]
leleo273: folds 
anderson ca6: folds 
Reality Reset: folds 
nathanjones12: raises $0.15 to $0.25
Danielitoosk: folds 
Mahu2021: calls $0.15
*** FLOP *** [Qc 3h 5c]
Mahu2021: checks 
nathanjones12: bets $0.17
Mahu2021: folds 
Uncalled bet ($0.17) returned to nathanjones12
nathanjones12 collected $0.53 from pot
nathanjones12: doesn't show hand 
*** SUMMARY ***
Total pot $0.55 | Rake $0.02 
Board [Qc 3h 5c]
Seat 1: nathanjones12 (button) collected ($0.53)
Seat 2: Danielitoosk (small blind) folded before Flop
Seat 3: Mahu2021 (big blind) folded on the Flop
Seat 4: leleo273 folded before Flop (didn't bet)
Seat 5: anderson ca6 folded before Flop (didn't bet)
Seat 6: Reality Reset folded before Flop (didn't bet)



PokerStars Zoom Hand #254610867719:  Hold'em No Limit ($0.05/$0.10) - 2025/01/29 20:37:13 CET [2025/01/29 14:37:13 ET]
Table 'Aludra' 6-max Seat #1 is the button
Seat 1: knofan ($19.55 in chips) 
Seat 2: ericsen1990 ($14.98 in chips) 
Seat 3: foggz ($10 in chips) 
Seat 4: Titsamach ($10.23 in chips) 
Seat 5: Mahu2021 ($9.50 in chips) 
Seat 6: chessismorefun ($11.81 in chips) 
ericsen1990: posts small blind $0.05
foggz: posts big blind $0.10
*** HOLE CARDS ***
Dealt to Mahu2021 [2h 2d]
Titsamach: folds 
Mahu2021: folds 
chessismorefun: folds 
knofan: folds 
ericsen1990: folds 
Uncalled bet ($0.05) returned to foggz
foggz collected $0.10 from pot
foggz: doesn't show hand 
*** SUMMARY ***
Total pot $0.10 | Rake $0 
Seat 1: knofan (button) folded before Flop (didn't bet)
Seat 2: ericsen1990 (small blind) folded before Flop
Seat 3: foggz (big blind) collected ($0.10)
Seat 4: Titsamach folded before Flop (didn't bet)
Seat 5: Mahu2021 folded before Flop (didn't bet)
Seat 6: chessismorefun folded before Flop (didn't bet)



PokerStars Zoom Hand #254610860835:  Hold'em No Limit ($0.05/$0.10) - 2025/01/29 20:36:49 CET [2025/01/29 14:36:49 ET]
Table 'Aludra' 6-max Seat #1 is the button
Seat 1: dodeer ($10 in chips) 
Seat 2: Mahu2021 ($9.80 in chips) 
Seat 3: izzobozz303 ($14.44 in chips) 
Seat 4: ozzer9 ($9.45 in chips) 
Seat 5: 77irek ($9.98 in chips) 
Seat 6: agusdecarca ($10 in chips) 
Mahu2021: posts small blind $0.05
izzobozz303: posts big blind $0.10
*** HOLE CARDS ***
Dealt to Mahu2021 [2c 5d]
ozzer9: folds 
77irek: folds 
agusdecarca: raises $0.15 to $0.25
dodeer: folds 
Mahu2021: folds 
izzobozz303: calls $0.15
*** FLOP *** [9d Ts 5h]
izzobozz303: bets $0.10
agusdecarca: calls $0.10
*** TURN *** [9d Ts 5h] [8c]
izzobozz303: bets $0.30
agusdecarca: folds 
Uncalled bet ($0.30) returned to izzobozz303
izzobozz303 collected $0.72 from pot
izzobozz303: doesn't show hand 
*** SUMMARY ***
Total pot $0.75 | Rake $0.03 
Board [9d Ts 5h 8c]
Seat 1: dodeer (button) folded before Flop (didn't bet)
Seat 2: Mahu2021 (small blind) folded before Flop
Seat 3: izzobozz303 (big blind) collected ($0.72)
Seat 4: ozzer9 folded before Flop (didn't bet)
Seat 5: 77irek folded before Flop (didn't bet)
Seat 6: agusdecarca folded on the Turn



PokerStars Zoom Hand #254610857594:  Hold'em No Limit ($0.05/$0.10) - 2025/01/29 20:36:38 CET [2025/01/29 14:36:38 ET]
Table 'Aludra' 6-max Seat #1 is the button
Seat 1: Redo3112 ($10.96 in chips) 
Seat 2: dodeer ($10.05 in chips) 
Seat 3: D.shadoww ($11.74 in chips) 
Seat 4: Danielitoosk ($34.62 in chips) 
Seat 5: the_doooze ($12.60 in chips) 
Seat 6: Mahu2021 ($9.80 in chips) 
dodeer: posts small blind $0.05
D.shadoww: posts big blind $0.10
*** HOLE CARDS ***
Dealt to Mahu2021 [9c 4s]
Danielitoosk: folds 
the_doooze: raises $0.20 to $0.30
Mahu2021: folds 
Redo3112: calls $0.30
dodeer: folds 
D.shadoww: folds 
*** FLOP *** [9s 8c 8d]
the_doooze: checks 
Redo3112: checks 
*** TURN *** [9s 8c 8d] [9d]
the_doooze: checks 
Redo3112: checks 
*** RIVER *** [9s 8c 8d 9d] [4h]
the_doooze: bets $0.24
Redo3112: folds 
Uncalled bet ($0.24) returned to the_doooze
the_doooze collected $0.72 from pot
the_doooze: doesn't show hand 
*** SUMMARY ***
Total pot $0.75 | Rake $0.03 
Board [9s 8c 8d 9d 4h]
Seat 1: Redo3112 (button) folded on the River
Seat 2: dodeer (small blind) folded before Flop
Seat 3: D.shadoww (big blind) folded before Flop
Seat 4: Danielitoosk folded before Flop (didn't bet)
Seat 5: the_doooze collected ($0.72)
Seat 6: Mahu2021 folded before Flop (didn't bet)



PokerStars Zoom Hand #254610860014:  Hold'em No Limit ($0.05/$0.10) - 2025/01/29 20:36:46 CET [2025/01/29 14:36:46 ET]
Table 'Aludra' 6-max Seat #1 is the button
Seat 1: mrs2006 ($10.65 in chips) 
Seat 2: MissusMac ($14.59 in chips) 
Seat 3: gamma720 ($10.42 in chips) 
Seat 4: redstarr99 ($10.16 in chips) 
Seat 5: Mahu2021 ($9.80 in chips) 
Seat 6: seeebeeek ($11.39 in chips) 
MissusMac: posts small blind $0.05
gamma720: posts big blind $0.10
*** HOLE CARDS ***
Dealt to Mahu2021 [2c 6d]
redstarr99: folds 
Mahu2021: folds 
seeebeeek: folds 
mrs2006: folds 
MissusMac: calls $0.05
gamma720 is disconnected 
gamma720 has timed out while disconnected
gamma720: checks 
*** FLOP *** [Ts 4c 3s]
MissusMac: bets $0.10
gamma720 has timed out while disconnected
gamma720: folds 
Uncalled bet ($0.10) returned to MissusMac
MissusMac collected $0.19 from pot
MissusMac: doesn't show hand 
*** SUMMARY ***
Total pot $0.20 | Rake $0.01 
Board [Ts 4c 3s]
Seat 1: mrs2006 (button) folded before Flop (didn't bet)
Seat 2: MissusMac (small blind) collected ($0.19)
Seat 3: gamma720 (big blind) folded on the Flop
Seat 4: redstarr99 folded before Flop (didn't bet)
Seat 5: Mahu2021 folded before Flop (didn't bet)
Seat 6: seeebeeek folded before Flop (didn't bet)



PokerStars Zoom Hand #254610870168:  Hold'em No Limit ($0.05/$0.10) - 2025/01/29 20:37:21 CET [2025/01/29 14:37:21 ET]
Table 'Aludra' 6-max Seat #1 is the button
Seat 1: Junihara ($11.40 in chips) 
Seat 2: Black HoleUK ($11.54 in chips) 
Seat 3: osfp7john ($10.22 in chips) 
Seat 4: ASENNA76 ($12.58 in chips) 
Seat 5: knofan ($4.34 in chips) 
Seat 6: Mahu2021 ($9.50 in chips) 
Black HoleUK: posts small blind $0.05
osfp7john: posts big blind $0.10
*** HOLE CARDS ***
Dealt to Mahu2021 [Qs Qd]
ASENNA76: raises $0.20 to $0.30
knofan: folds 
Mahu2021: raises $0.70 to $1
Junihara: folds 
Black HoleUK: folds 
osfp7john: folds 
ASENNA76: folds 
Uncalled bet ($0.70) returned to Mahu2021
Mahu2021 collected $0.75 from pot
Mahu2021: doesn't show hand 
*** SUMMARY ***
Total pot $0.75 | Rake $0 
Seat 1: Junihara (button) folded before Flop (didn't bet)
Seat 2: Black HoleUK (small blind) folded before Flop
Seat 3: osfp7john (big blind) folded before Flop
Seat 4: ASENNA76 folded before Flop
Seat 5: knofan folded before Flop (didn't bet)
Seat 6: Mahu2021 collected ($0.75)



PokerStars Zoom Hand #254610874047:  Hold'em No Limit ($0.05/$0.10) - 2025/01/29 20:37:35 CET [2025/01/29 14:37:35 ET]
Table 'Aludra' 6-max Seat #1 is the button
Seat 1: osfp7john ($10.12 in chips) 
Seat 2: chessismorefun ($11.96 in chips) 
Seat 3: gamma720 ($10 in chips) 
Seat 4: nathanjones12 ($10 in chips) 
Seat 5: Mahu2021 ($9.95 in chips) 
Seat 6: NutHunt5R ($10 in chips) 
chessismorefun: posts small blind $0.05
gamma720: posts big blind $0.10
*** HOLE CARDS ***
Dealt to Mahu2021 [9s 4s]
nathanjones12: raises $0.12 to $0.22
Mahu2021: folds 
NutHunt5R: raises $0.52 to $0.74
osfp7john: folds 
chessismorefun: folds 
gamma720: folds 
nathanjones12: folds 
Uncalled bet ($0.52) returned to NutHunt5R
NutHunt5R collected $0.59 from pot
NutHunt5R: doesn't show hand 
*** SUMMARY ***
Total pot $0.59 | Rake $0 
Seat 1: osfp7john (button) folded before Flop (didn't bet)
Seat 2: chessismorefun (small blind) folded before Flop
Seat 3: gamma720 (big blind) folded before Flop
Seat 4: nathanjones12 folded before Flop
Seat 5: Mahu2021 folded before Flop (didn't bet)
Seat 6: NutHunt5R collected ($0.59)



PokerStars Zoom Hand #254610878311:  Hold'em No Limit ($0.05/$0.10) - 2025/01/29 20:37:49 CET [2025/01/29 14:37:49 ET]
Table 'Aludra' 6-max Seat #1 is the button
Seat 1: gamma720 ($9.85 in chips) 
Seat 2: Mahu2021 ($9.85 in chips) 
Seat 3: osfp7john ($10.12 in chips) 
Seat 4: SpartacusKZZ ($8.23 in chips) 
Seat 5: COVEIROANCAP ($21.18 in chips) 
Seat 6: dewrden ($10 in chips) 
Mahu2021: posts small blind $0.05
osfp7john: posts big blind $0.10
*** HOLE CARDS ***
Dealt to Mahu2021 [9h 5c]
SpartacusKZZ: folds 
COVEIROANCAP: folds 
dewrden: folds 
gamma720: folds 
Mahu2021: folds 
Uncalled bet ($0.05) returned to osfp7john
osfp7john collected $0.10 from pot
osfp7john: doesn't show hand 
*** SUMMARY ***
Total pot $0.10 | Rake $0 
Seat 1: gamma720 (button) folded before Flop (didn't bet)
Seat 2: Mahu2021 (small blind) folded before Flop
Seat 3: osfp7john (big blind) collected ($0.10)
Seat 4: SpartacusKZZ folded before Flop (didn't bet)
Seat 5: COVEIROANCAP folded before Flop (didn't bet)
Seat 6: dewrden folded before Flop (didn't bet)



PokerStars Zoom Hand #254610868973:  Hold'em No Limit ($0.05/$0.10) - 2025/01/29 20:37:17 CET [2025/01/29 14:37:17 ET]
Table 'Aludra' 6-max Seat #1 is the button
Seat 1: Mahu2021 ($9.50 in chips) 
Seat 2: jcoydpsjps ($10.05 in chips) 
Seat 3: hiding.by ($10 in chips) 
Seat 4: TGVon ($21.27 in chips) 
Seat 5: DimoshaP ($18.77 in chips) 
Seat 6: ASENNA76 ($10.05 in chips) 
jcoydpsjps: posts small blind $0.05
hiding.by: posts big blind $0.10
*** HOLE CARDS ***
Dealt to Mahu2021 [Qc 9h]
TGVon: folds 
DimoshaP has timed out
DimoshaP: folds 
ASENNA76: folds 
Mahu2021: folds 
jcoydpsjps: raises $0.20 to $0.30
hiding.by: calls $0.20
*** FLOP *** [Kh 8d 2h]
jcoydpsjps: bets $0.12
hiding.by: calls $0.12
*** TURN *** [Kh 8d 2h] [4s]
jcoydpsjps: checks 
hiding.by: bets $0.53
jcoydpsjps: folds 
Uncalled bet ($0.53) returned to hiding.by
hiding.by collected $0.80 from pot
hiding.by: doesn't show hand 
*** SUMMARY ***
Total pot $0.84 | Rake $0.04 
Board [Kh 8d 2h 4s]
Seat 1: Mahu2021 (button) folded before Flop (didn't bet)
Seat 2: jcoydpsjps (small blind) folded on the Turn
Seat 3: hiding.by (big blind) collected ($0.80)
Seat 4: TGVon folded before Flop (didn't bet)
Seat 5: DimoshaP folded before Flop (didn't bet)
Seat 6: ASENNA76 folded before Flop (didn't bet)



PokerStars Zoom Hand #254610875096:  Hold'em No Limit ($0.05/$0.10) - 2025/01/29 20:37:38 CET [2025/01/29 14:37:38 ET]
Table 'Aludra' 6-max Seat #1 is the button
Seat 1: D.shadoww ($11.44 in chips) 
Seat 2: ElJosen'10 ($19.60 in chips) 
Seat 3: dodeer ($12.43 in chips) 
Seat 4: Mahu2021 ($9.95 in chips) 
Seat 5: Grufva ($11.45 in chips) 
Seat 6: ASENNA76 ($10 in chips) 
ElJosen'10: posts small blind $0.05
dodeer: posts big blind $0.10
*** HOLE CARDS ***
Dealt to Mahu2021 [2h Ac]
Mahu2021: folds 
Grufva: folds 
ASENNA76: folds 
D.shadoww: folds 
ElJosen'10: raises $0.20 to $0.30
dodeer: calls $0.20
*** FLOP *** [3h 3s 2c]
ElJosen'10: bets $0.29
dodeer: folds 
Uncalled bet ($0.29) returned to ElJosen'10
ElJosen'10 collected $0.57 from pot
ElJosen'10: doesn't show hand 
*** SUMMARY ***
Total pot $0.60 | Rake $0.03 
Board [3h 3s 2c]
Seat 1: D.shadoww (button) folded before Flop (didn't bet)
Seat 2: ElJosen'10 (small blind) collected ($0.57)
Seat 3: dodeer (big blind) folded on the Flop
Seat 4: Mahu2021 folded before Flop (didn't bet)
Seat 5: Grufva folded before Flop (didn't bet)
Seat 6: ASENNA76 folded before Flop (didn't bet)



PokerStars Zoom Hand #254610881577:  Hold'em No Limit ($0.05/$0.10) - 2025/01/29 20:38:00 CET [2025/01/29 14:38:00 ET]
Table 'Aludra' 6-max Seat #1 is the button
Seat 1: Mahu2021 ($9.80 in chips) 
Seat 2: Nahuel32327 ($5 in chips) 
Seat 3: TUDODOSADAM ($10 in chips) 
Seat 4: mOberdan ($29.75 in chips) 
Seat 5: osfp7john ($10.17 in chips) 
Seat 6: Xtragirl ($5.75 in chips) 
Nahuel32327: posts small blind $0.05
TUDODOSADAM: posts big blind $0.10
*** HOLE CARDS ***
Dealt to Mahu2021 [Qc Jc]
mOberdan: folds 
osfp7john: folds 
Xtragirl: folds 
Mahu2021: raises $0.20 to $0.30
Nahuel32327: calls $0.25
TUDODOSADAM: calls $0.20
*** FLOP *** [Tc 3s 6c]
Nahuel32327: bets $0.10
TUDODOSADAM: calls $0.10
Mahu2021: calls $0.10
*** TURN *** [Tc 3s 6c] [7s]
Nahuel32327: checks 
TUDODOSADAM: bets $1.15
Mahu2021: calls $1.15
Nahuel32327: calls $1.15
*** RIVER *** [Tc 3s 6c 7s] [2d]
Nahuel32327: checks 
TUDODOSADAM: checks 
Mahu2021: checks 
*** SHOW DOWN ***
Nahuel32327: shows [Ks 3h] (a pair of Threes)
TUDODOSADAM: mucks hand 
Mahu2021: mucks hand 
Nahuel32327 collected $4.44 from pot
*** SUMMARY ***
Total pot $4.65 | Rake $0.21 
Board [Tc 3s 6c 7s 2d]
Seat 1: Mahu2021 (button) mucked [Qc Jc]
Seat 2: Nahuel32327 (small blind) showed [Ks 3h] and won ($4.44) with a pair of Threes
Seat 3: TUDODOSADAM (big blind) mucked [Kd As]
Seat 4: mOberdan folded before Flop (didn't bet)
Seat 5: osfp7john folded before Flop (didn't bet)
Seat 6: Xtragirl folded before Flop (didn't bet)



PokerStars Zoom Hand #254610876302:  Hold'em No Limit ($0.05/$0.10) - 2025/01/29 20:37:42 CET [2025/01/29 14:37:42 ET]
Table 'Aludra' 6-max Seat #1 is the button
Seat 1: Titsamach ($10.23 in chips) 
Seat 2: kloniss ($10.30 in chips) 
Seat 3: Mahu2021 ($9.95 in chips) 
Seat 4: Junihara ($11.98 in chips) 
Seat 5: seignior ($10 in chips) 
Seat 6: SpartacusKZZ ($9.09 in chips) 
kloniss: posts small blind $0.05
Mahu2021: posts big blind $0.10
*** HOLE CARDS ***
Dealt to Mahu2021 [3d 2h]
Junihara: raises $0.15 to $0.25
seignior: folds 
SpartacusKZZ: folds 
Titsamach: raises $0.55 to $0.80
kloniss: folds 
Mahu2021: folds 
Junihara: calls $0.55
*** FLOP *** [7d Kc Qs]
Junihara: checks 
Titsamach: bets $0.55
Junihara: calls $0.55
*** TURN *** [7d Kc Qs] [As]
Junihara: checks 
Titsamach: checks 
*** RIVER *** [7d Kc Qs As] [6h]
Junihara: bets $3.51
Titsamach: folds 
Uncalled bet ($3.51) returned to Junihara
Junihara collected $2.72 from pot
Junihara: doesn't show hand 
*** SUMMARY ***
Total pot $2.85 | Rake $0.13 
Board [7d Kc Qs As 6h]
Seat 1: Titsamach (button) folded on the River
Seat 2: kloniss (small blind) folded before Flop
Seat 3: Mahu2021 (big blind) folded before Flop
Seat 4: Junihara collected ($2.72)
Seat 5: seignior folded before Flop (didn't bet)
Seat 6: SpartacusKZZ folded before Flop (didn't bet)



PokerStars Zoom Hand #254610899963:  Hold'em No Limit ($0.05/$0.10) - 2025/01/29 20:39:04 CET [2025/01/29 14:39:04 ET]
Table 'Aludra' 6-max Seat #1 is the button
Seat 1: Nahuel32327 ($7.89 in chips) 
Seat 2: TUDODOSADAM ($8.45 in chips) 
Seat 3: hiding.by ($10.33 in chips) 
Seat 4: chessismorefun ($11.66 in chips) 
Seat 5: Panditapkr ($10 in chips) 
Seat 6: Mahu2021 ($8.25 in chips) 
TUDODOSADAM: posts small blind $0.05
hiding.by: posts big blind $0.10
*** HOLE CARDS ***
Dealt to Mahu2021 [2d Ts]
chessismorefun: raises $0.10 to $0.20
Panditapkr: folds 
Mahu2021: folds 
Nahuel32327: calls $0.20
TUDODOSADAM: calls $0.15
hiding.by: folds 
*** FLOP *** [6c 5d Th]
TUDODOSADAM: checks 
chessismorefun: bets $0.50
Nahuel32327: calls $0.50
TUDODOSADAM: calls $0.50
*** TURN *** [6c 5d Th] [Qh]
TUDODOSADAM: checks 
chessismorefun: checks 
Nahuel32327: checks 
*** RIVER *** [6c 5d Th Qh] [6d]
TUDODOSADAM: bets $2.10
chessismorefun: raises $8.86 to $10.96 and is all-in
Nahuel32327: folds 
TUDODOSADAM: folds 
Uncalled bet ($8.86) returned to chessismorefun
chessismorefun collected $6.11 from pot
chessismorefun: doesn't show hand 
*** SUMMARY ***
Total pot $6.40 | Rake $0.29 
Board [6c 5d Th Qh 6d]
Seat 1: Nahuel32327 (button) folded on the River
Seat 2: TUDODOSADAM (small blind) folded on the River
Seat 3: hiding.by (big blind) folded before Flop
Seat 4: chessismorefun collected ($6.11)
Seat 5: Panditapkr folded before Flop (didn't bet)
Seat 6: Mahu2021 folded before Flop (didn't bet)



PokerStars Zoom Hand #254610901708:  Hold'em No Limit ($0.05/$0.10) - 2025/01/29 20:39:10 CET [2025/01/29 14:39:10 ET]
Table 'Aludra' 6-max Seat #1 is the button
Seat 1: mOberdan ($29.60 in chips) 
Seat 2: dewrden ($11.69 in chips) 
Seat 3: ElJosen'10 ($12.42 in chips) 
Seat 4: Mahu2021 ($8.25 in chips) 
Seat 5: epereyra1996 ($10 in chips) 
Seat 6: Reality Reset ($19.50 in chips) 
dewrden: posts small blind $0.05
ElJosen'10: posts big blind $0.10
*** HOLE CARDS ***
Dealt to Mahu2021 [Jh Th]
Mahu2021: raises $0.14 to $0.24
epereyra1996: folds 
Reality Reset: folds 
mOberdan: raises $0.46 to $0.70
dewrden: folds 
ElJosen'10: folds 
Mahu2021: calls $0.46
*** FLOP *** [7d 5h 3c]
Mahu2021: checks 
mOberdan: bets $0.74
Mahu2021: folds 
Uncalled bet ($0.74) returned to mOberdan
mOberdan collected $1.48 from pot
mOberdan: doesn't show hand 
*** SUMMARY ***
Total pot $1.55 | Rake $0.07 
Board [7d 5h 3c]
Seat 1: mOberdan (button) collected ($1.48)
Seat 2: dewrden (small blind) folded before Flop
Seat 3: ElJosen'10 (big blind) folded before Flop
Seat 4: Mahu2021 folded on the Flop
Seat 5: epereyra1996 folded before Flop (didn't bet)
Seat 6: Reality Reset folded before Flop (didn't bet)



PokerStars Zoom Hand #254610919244:  Hold'em No Limit ($0.05/$0.10) - 2025/01/29 20:40:10 CET [2025/01/29 14:40:10 ET]
Table 'Aludra' 6-max Seat #1 is the button
Seat 1: LevA1989 ($18.72 in chips) 
Seat 2: DimoshaP ($29.10 in chips) 
Seat 3: vaffon3 ($31.46 in chips) 
Seat 4: Panditapkr ($10.79 in chips) 
Seat 5: Mahu2021 ($7.55 in chips) 
Seat 6: ChemBurt ($9.75 in chips) 
DimoshaP: posts small blind $0.05
vaffon3: posts big blind $0.10
*** HOLE CARDS ***
Dealt to Mahu2021 [8h Ts]
Panditapkr: folds 
Mahu2021: folds 
ChemBurt: raises $0.12 to $0.22
LevA1989: raises $0.59 to $0.81
DimoshaP: folds 
vaffon3: folds 
ChemBurt: raises $0.99 to $1.80
LevA1989: folds 
Uncalled bet ($0.99) returned to ChemBurt
ChemBurt collected $1.77 from pot
ChemBurt: doesn't show hand 
*** SUMMARY ***
Total pot $1.77 | Rake $0 
Seat 1: LevA1989 (button) folded before Flop
Seat 2: DimoshaP (small blind) folded before Flop
Seat 3: vaffon3 (big blind) folded before Flop
Seat 4: Panditapkr folded before Flop (didn't bet)
Seat 5: Mahu2021 folded before Flop (didn't bet)
Seat 6: ChemBurt collected ($1.77)



PokerStars Zoom Hand #254610920799:  Hold'em No Limit ($0.05/$0.10) - 2025/01/29 20:40:15 CET [2025/01/29 14:40:15 ET]
Table 'Aludra' 6-max Seat #1 is the button
Seat 1: TGVon ($11.84 in chips) 
Seat 2: johnyboyjnr ($9.28 in chips) 
Seat 3: Mahu2021 ($7.55 in chips) 
Seat 4: paul pattinson ($47.77 in chips) 
Seat 5: knofan ($15.34 in chips) 
Seat 6: ronny2106 ($15.89 in chips) 
johnyboyjnr: posts small blind $0.05
Mahu2021: posts big blind $0.10
*** HOLE CARDS ***
Dealt to Mahu2021 [Qd Ks]
paul pattinson: raises $0.15 to $0.25
knofan: folds 
ronny2106: folds 
TGVon: folds 
johnyboyjnr: folds 
Mahu2021: calls $0.15
*** FLOP *** [Ad 7c 8h]
Mahu2021: checks 
paul pattinson: bets $0.17
Mahu2021: calls $0.17
*** TURN *** [Ad 7c 8h] [3s]
Mahu2021: checks 
paul pattinson: checks 
*** RIVER *** [Ad 7c 8h 3s] [Kc]
Mahu2021: bets $0.85
paul pattinson: calls $0.85
*** SHOW DOWN ***
Mahu2021: shows [Qd Ks] (a pair of Kings)
paul pattinson: mucks hand 
Mahu2021 collected $2.47 from pot
*** SUMMARY ***
Total pot $2.59 | Rake $0.12 
Board [Ad 7c 8h 3s Kc]
Seat 1: TGVon (button) folded before Flop (didn't bet)
Seat 2: johnyboyjnr (small blind) folded before Flop
Seat 3: Mahu2021 (big blind) showed [Qd Ks] and won ($2.47) with a pair of Kings
Seat 4: paul pattinson mucked [Jh Kh]
Seat 5: knofan folded before Flop (didn't bet)
Seat 6: ronny2106 folded before Flop (didn't bet)



PokerStars Zoom Hand #254610929410:  Hold'em No Limit ($0.05/$0.10) - 2025/01/29 20:40:45 CET [2025/01/29 14:40:45 ET]
Table 'Aludra' 6-max Seat #1 is the button
Seat 1: Sgurilaos ($12.71 in chips) 
Seat 2: Mahu2021 ($8.75 in chips) 
Seat 3: adownunder ($13.57 in chips) 
Seat 4: epereyra1996 ($10.10 in chips) 
Seat 5: mOberdan ($13.84 in chips) 
Seat 6: SpartacusKZZ ($8.62 in chips) 
Mahu2021: posts small blind $0.05
adownunder: posts big blind $0.10
*** HOLE CARDS ***
Dealt to Mahu2021 [Tc 2c]
epereyra1996: folds 
mOberdan: folds 
SpartacusKZZ: folds 
Sgurilaos: folds 
Mahu2021: folds 
Uncalled bet ($0.05) returned to adownunder
adownunder collected $0.10 from pot
adownunder: doesn't show hand 
*** SUMMARY ***
Total pot $0.10 | Rake $0 
Seat 1: Sgurilaos (button) folded before Flop (didn't bet)
Seat 2: Mahu2021 (small blind) folded before Flop
Seat 3: adownunder (big blind) collected ($0.10)
Seat 4: epereyra1996 folded before Flop (didn't bet)
Seat 5: mOberdan folded before Flop (didn't bet)
Seat 6: SpartacusKZZ folded before Flop (didn't bet)



PokerStars Zoom Hand #254610931459:  Hold'em No Limit ($0.05/$0.10) - 2025/01/29 20:40:52 CET [2025/01/29 14:40:52 ET]
Table 'Aludra' 6-max Seat #1 is the button
Seat 1: Al3xrz ($8.60 in chips) 
Seat 2: chessismorefun ($14.22 in chips) 
Seat 3: dewrden ($12.78 in chips) 
Seat 4: anderson ca6 ($12.36 in chips) 
Seat 5: 1976 T ($3.68 in chips) 
Seat 6: Mahu2021 ($8.70 in chips) 
chessismorefun: posts small blind $0.05
dewrden: posts big blind $0.10
*** HOLE CARDS ***
Dealt to Mahu2021 [Ad 5s]
anderson ca6: folds 
1976 T: folds 
Mahu2021: folds 
Al3xrz: folds 
chessismorefun: folds 
Uncalled bet ($0.05) returned to dewrden
dewrden collected $0.10 from pot
dewrden: doesn't show hand 
*** SUMMARY ***
Total pot $0.10 | Rake $0 
Seat 1: Al3xrz (button) folded before Flop (didn't bet)
Seat 2: chessismorefun (small blind) folded before Flop
Seat 3: dewrden (big blind) collected ($0.10)
Seat 4: anderson ca6 folded before Flop (didn't bet)
Seat 5: 1976 T folded before Flop (didn't bet)
Seat 6: Mahu2021 folded before Flop (didn't bet)



PokerStars Zoom Hand #254610933784:  Hold'em No Limit ($0.05/$0.10) - 2025/01/29 20:41:00 CET [2025/01/29 14:41:00 ET]
Table 'Aludra' 6-max Seat #1 is the button
Seat 1: Mahu2021 ($8.70 in chips) 
Seat 2: COVEIROANCAP ($10.15 in chips) 
Seat 3: the_doooze ($10.28 in chips) 
Seat 4: 77irek ($20.34 in chips) 
Seat 5: ElJosen'10 ($12.32 in chips) 
Seat 6: paul pattinson ($46.35 in chips) 
COVEIROANCAP: posts small blind $0.05
the_doooze: posts big blind $0.10
*** HOLE CARDS ***
Dealt to Mahu2021 [6c Ac]
77irek: folds 
ElJosen'10: folds 
paul pattinson: folds 
Mahu2021: raises $0.14 to $0.24
COVEIROANCAP: folds 
the_doooze: calls $0.14
*** FLOP *** [Kd As 5s]
the_doooze: checks 
Mahu2021: checks 
*** TURN *** [Kd As 5s] [Jc]
the_doooze: checks 
Mahu2021: checks 
*** RIVER *** [Kd As 5s Jc] [Qd]
the_doooze: checks 
Mahu2021: bets $0.51
the_doooze: folds 
Uncalled bet ($0.51) returned to Mahu2021
Mahu2021 collected $0.51 from pot
Mahu2021: doesn't show hand 
*** SUMMARY ***
Total pot $0.53 | Rake $0.02 
Board [Kd As 5s Jc Qd]
Seat 1: Mahu2021 (button) collected ($0.51)
Seat 2: COVEIROANCAP (small blind) folded before Flop
Seat 3: the_doooze (big blind) folded on the River
Seat 4: 77irek folded before Flop (didn't bet)
Seat 5: ElJosen'10 folded before Flop (didn't bet)
Seat 6: paul pattinson folded before Flop (didn't bet)



PokerStars Zoom Hand #254610945950:  Hold'em No Limit ($0.05/$0.10) - 2025/01/29 20:41:42 CET [2025/01/29 14:41:42 ET]
Table 'Aludra' 6-max Seat #1 is the button
Seat 1: LevA1989 ($18.06 in chips) 
Seat 2: agusdecarca ($13.30 in chips) 
Seat 3: SpartacusKZZ ($4.21 in chips) 
Seat 4: Panditapkr ($10.49 in chips) 
Seat 5: Mahu2021 ($8.97 in chips) 
Seat 6: COVEIROANCAP ($12 in chips) 
agusdecarca: posts small blind $0.05
SpartacusKZZ: posts big blind $0.10
*** HOLE CARDS ***
Dealt to Mahu2021 [Tc Ac]
Panditapkr: folds 
Mahu2021: raises $0.14 to $0.24
COVEIROANCAP: folds 
LevA1989: calls $0.24
agusdecarca: folds 
SpartacusKZZ: folds 
*** FLOP *** [6d 7d 3h]
Mahu2021: checks 
LevA1989: bets $0.30
Mahu2021: calls $0.30
*** TURN *** [6d 7d 3h] [7c]
Mahu2021: checks 
LevA1989: checks 
*** RIVER *** [6d 7d 3h 7c] [5d]
Mahu2021: checks 
LevA1989: bets $1.68
Mahu2021: folds 
Uncalled bet ($1.68) returned to LevA1989
LevA1989 collected $1.17 from pot
LevA1989: doesn't show hand 
*** SUMMARY ***
Total pot $1.23 | Rake $0.06 
Board [6d 7d 3h 7c 5d]
Seat 1: LevA1989 (button) collected ($1.17)
Seat 2: agusdecarca (small blind) folded before Flop
Seat 3: SpartacusKZZ (big blind) folded before Flop
Seat 4: Panditapkr folded before Flop (didn't bet)
Seat 5: Mahu2021 folded on the River
Seat 6: COVEIROANCAP folded before Flop (didn't bet)



PokerStars Zoom Hand #254610958340:  Hold'em No Limit ($0.05/$0.10) - 2025/01/29 20:42:25 CET [2025/01/29 14:42:25 ET]
Table 'Aludra' 6-max Seat #1 is the button
Seat 1: epereyra1996 ($11.49 in chips) 
Seat 2: Reality Reset ($20 in chips) 
Seat 3: agusdecarca ($19.77 in chips) 
Seat 4: EduardKuzmin ($9.70 in chips) 
Seat 5: knofan ($15.81 in chips) 
Seat 6: Mahu2021 ($8.43 in chips) 
Reality Reset: posts small blind $0.05
agusdecarca: posts big blind $0.10
*** HOLE CARDS ***
Dealt to Mahu2021 [As Kh]
EduardKuzmin: folds 
knofan: folds 
Mahu2021: raises $0.14 to $0.24
epereyra1996: folds 
Reality Reset: folds 
agusdecarca: folds 
Uncalled bet ($0.14) returned to Mahu2021
Mahu2021 collected $0.25 from pot
Mahu2021: doesn't show hand 
*** SUMMARY ***
Total pot $0.25 | Rake $0 
Seat 1: epereyra1996 (button) folded before Flop (didn't bet)
Seat 2: Reality Reset (small blind) folded before Flop
Seat 3: agusdecarca (big blind) folded before Flop
Seat 4: EduardKuzmin folded before Flop (didn't bet)
Seat 5: knofan folded before Flop (didn't bet)
Seat 6: Mahu2021 collected ($0.25)



PokerStars Zoom Hand #254610961975:  Hold'em No Limit ($0.05/$0.10) - 2025/01/29 20:42:37 CET [2025/01/29 14:42:37 ET]
Table 'Aludra' 6-max Seat #1 is the button
Seat 1: DimoshaP ($19.73 in chips) 
Seat 2: the_doooze ($10.15 in chips) 
Seat 3: Mahu2021 ($8.58 in chips) 
Seat 4: epereyra1996 ($11.44 in chips) 
Seat 5: osfp7john ($10 in chips) 
Seat 6: chessismorefun ($14.07 in chips) 
the_doooze: posts small blind $0.05
Mahu2021: posts big blind $0.10
*** HOLE CARDS ***
Dealt to Mahu2021 [6s 3c]
epereyra1996: raises $0.15 to $0.25
osfp7john: folds 
chessismorefun: folds 
DimoshaP: folds 
the_doooze: folds 
Mahu2021: folds 
Uncalled bet ($0.15) returned to epereyra1996
epereyra1996 collected $0.25 from pot
epereyra1996: doesn't show hand 
*** SUMMARY ***
Total pot $0.25 | Rake $0 
Seat 1: DimoshaP (button) folded before Flop (didn't bet)
Seat 2: the_doooze (small blind) folded before Flop
Seat 3: Mahu2021 (big blind) folded before Flop
Seat 4: epereyra1996 collected ($0.25)
Seat 5: osfp7john folded before Flop (didn't bet)
Seat 6: chessismorefun folded before Flop (didn't bet)



PokerStars Zoom Hand #254610967964:  Hold'em No Limit ($0.05/$0.10) - 2025/01/29 20:42:58 CET [2025/01/29 14:42:58 ET]
Table 'Aludra' 6-max Seat #1 is the button
Seat 1: dewrden ($11.45 in chips) 
Seat 2: adownunder ($9.97 in chips) 
Seat 3: chessismorefun ($13.41 in chips) 
Seat 4: Mahu2021 ($8.43 in chips) 
Seat 5: SpartacusKZZ ($12.48 in chips) 
Seat 6: vaffon3 ($32.61 in chips) 
adownunder: posts small blind $0.05
chessismorefun: posts big blind $0.10
*** HOLE CARDS ***
Dealt to Mahu2021 [9d 5c]
Mahu2021: folds 
SpartacusKZZ: folds 
vaffon3: folds 
dewrden: raises $0.15 to $0.25
adownunder: folds 
chessismorefun: folds 
Uncalled bet ($0.15) returned to dewrden
dewrden collected $0.25 from pot
dewrden: doesn't show hand 
*** SUMMARY ***
Total pot $0.25 | Rake $0 
Seat 1: dewrden (button) collected ($0.25)
Seat 2: adownunder (small blind) folded before Flop
Seat 3: chessismorefun (big blind) folded before Flop
Seat 4: Mahu2021 folded before Flop (didn't bet)
Seat 5: SpartacusKZZ folded before Flop (didn't bet)
Seat 6: vaffon3 folded before Flop (didn't bet)



PokerStars Zoom Hand #254610972105:  Hold'em No Limit ($0.05/$0.10) - 2025/01/29 20:43:12 CET [2025/01/29 14:43:12 ET]
Table 'Aludra' 6-max Seat #1 is the button
Seat 1: TOBI 1992 ($6.13 in chips) 
Seat 2: D.shadoww ($10 in chips) 
Seat 3: Redo3112 ($10.92 in chips) 
Seat 4: Mahu2021 ($8.43 in chips) 
Seat 5: agusdecarca ($19.94 in chips) 
Seat 6: knofan ($15.96 in chips) 
D.shadoww: posts small blind $0.05
Redo3112: posts big blind $0.10
*** HOLE CARDS ***
Dealt to Mahu2021 [5d Th]
Mahu2021: folds 
agusdecarca: folds 
knofan: folds 
TOBI 1992: folds 
D.shadoww: folds 
Uncalled bet ($0.05) returned to Redo3112
Redo3112 collected $0.10 from pot
Redo3112: doesn't show hand 
*** SUMMARY ***
Total pot $0.10 | Rake $0 
Seat 1: TOBI 1992 (button) folded before Flop (didn't bet)
Seat 2: D.shadoww (small blind) folded before Flop
Seat 3: Redo3112 (big blind) collected ($0.10)
Seat 4: Mahu2021 folded before Flop (didn't bet)
Seat 5: agusdecarca folded before Flop (didn't bet)
Seat 6: knofan folded before Flop (didn't bet)



PokerStars Zoom Hand #254610972926:  Hold'em No Limit ($0.05/$0.10) - 2025/01/29 20:43:15 CET [2025/01/29 14:43:15 ET]
Table 'Aludra' 6-max Seat #1 is the button
Seat 1: MACNIC007 ($9.70 in chips) 
Seat 2: Danielitoosk ($42.34 in chips) 
Seat 3: Saoz93 ($10 in chips) 
Seat 4: knofan ($12.89 in chips) 
Seat 5: dodeer ($10 in chips) 
Seat 6: Mahu2021 ($8.43 in chips) 
Danielitoosk: posts small blind $0.05
Saoz93: posts big blind $0.10
*** HOLE CARDS ***
Dealt to Mahu2021 [6s Qd]
knofan: folds 
dodeer: folds 
Mahu2021: folds 
MACNIC007: folds 
Danielitoosk: folds 
Uncalled bet ($0.05) returned to Saoz93
Saoz93 collected $0.10 from pot
Saoz93: doesn't show hand 
*** SUMMARY ***
Total pot $0.10 | Rake $0 
Seat 1: MACNIC007 (button) folded before Flop (didn't bet)
Seat 2: Danielitoosk (small blind) folded before Flop
Seat 3: Saoz93 (big blind) collected ($0.10)
Seat 4: knofan folded before Flop (didn't bet)
Seat 5: dodeer folded before Flop (didn't bet)
Seat 6: Mahu2021 folded before Flop (didn't bet)



PokerStars Zoom Hand #254610968976:  Hold'em No Limit ($0.05/$0.10) - 2025/01/29 20:43:01 CET [2025/01/29 14:43:01 ET]
Table 'Aludra' 6-max Seat #1 is the button
Seat 1: dodeer ($10.47 in chips) 
Seat 2: johnyboyjnr ($15.99 in chips) 
Seat 3: DimoshaP ($28.60 in chips) 
Seat 4: Mahu2021 ($8.43 in chips) 
Seat 5: aurelian400 ($24.42 in chips) 
Seat 6: COVEIROANCAP ($10 in chips) 
johnyboyjnr: posts small blind $0.05
DimoshaP: posts big blind $0.10
*** HOLE CARDS ***
Dealt to Mahu2021 [Jh 6h]
Mahu2021: folds 
aurelian400: folds 
COVEIROANCAP: folds 
dodeer: folds 
johnyboyjnr: calls $0.05
DimoshaP: checks 
*** FLOP *** [4d Ah 3d]
johnyboyjnr: checks 
DimoshaP: bets $0.10
johnyboyjnr: folds 
Uncalled bet ($0.10) returned to DimoshaP
DimoshaP collected $0.19 from pot
DimoshaP: doesn't show hand 
*** SUMMARY ***
Total pot $0.20 | Rake $0.01 
Board [4d Ah 3d]
Seat 1: dodeer (button) folded before Flop (didn't bet)
Seat 2: johnyboyjnr (small blind) folded on the Flop
Seat 3: DimoshaP (big blind) collected ($0.19)
Seat 4: Mahu2021 folded before Flop (didn't bet)
Seat 5: aurelian400 folded before Flop (didn't bet)
Seat 6: COVEIROANCAP folded before Flop (didn't bet)



PokerStars Zoom Hand #254610963145:  Hold'em No Limit ($0.05/$0.10) - 2025/01/29 20:42:41 CET [2025/01/29 14:42:41 ET]
Table 'Aludra' 6-max Seat #1 is the button
Seat 1: Junihara ($13.77 in chips) 
Seat 2: Mahu2021 ($8.48 in chips) 
Seat 3: juan19872323 ($37.82 in chips) 
Seat 4: kloniss ($9.35 in chips) 
Seat 5: MyCVVis911 ($8.94 in chips) 
Seat 6: leleo273 ($1.73 in chips) 
Mahu2021: posts small blind $0.05
juan19872323: posts big blind $0.10
*** HOLE CARDS ***
Dealt to Mahu2021 [7s Ts]
kloniss: raises $0.10 to $0.20
MyCVVis911: folds 
leleo273: raises $0.10 to $0.30
Junihara has timed out
Junihara: folds 
Mahu2021: folds 
juan19872323: folds 
kloniss: calls $0.10
*** FLOP *** [4h 8s Kd]
kloniss: checks 
leleo273: bets $0.30
kloniss: calls $0.30
*** TURN *** [4h 8s Kd] [8h]
kloniss: checks 
leleo273: bets $0.30
kloniss: raises $1.42 to $1.72
leleo273: calls $0.83 and is all-in
Uncalled bet ($0.59) returned to kloniss
*** RIVER *** [4h 8s Kd 8h] [2c]
*** SHOW DOWN ***
kloniss: shows [4s 4d] (a full house, Fours full of Eights)
leleo273: shows [Qs Qh] (two pair, Queens and Eights)
kloniss collected $3.45 from pot
*** SUMMARY ***
Total pot $3.61 | Rake $0.16 
Board [4h 8s Kd 8h 2c]
Seat 1: Junihara (button) folded before Flop (didn't bet)
Seat 2: Mahu2021 (small blind) folded before Flop
Seat 3: juan19872323 (big blind) folded before Flop
Seat 4: kloniss showed [4s 4d] and won ($3.45) with a full house, Fours full of Eights
Seat 5: MyCVVis911 folded before Flop (didn't bet)
Seat 6: leleo273 showed [Qs Qh] and lost with two pair, Queens and Eights



PokerStars Zoom Hand #254610973830:  Hold'em No Limit ($0.05/$0.10) - 2025/01/29 20:43:18 CET [2025/01/29 14:43:18 ET]
Table 'Aludra' 6-max Seat #1 is the button
Seat 1: Panditapkr ($9.95 in chips) 
Seat 2: ChemBurt ($9.79 in chips) 
Seat 3: Mahu2021 ($8.43 in chips) 
Seat 4: knelon22 ($5.32 in chips) 
Seat 5: nathanjones12 ($12.65 in chips) 
Seat 6: hotrox19 ($9.96 in chips) 
ChemBurt: posts small blind $0.05
Mahu2021: posts big blind $0.10
*** HOLE CARDS ***
Dealt to Mahu2021 [Kh 8c]
knelon22: folds 
nathanjones12: folds 
hotrox19: folds 
Panditapkr: raises $0.15 to $0.25
ChemBurt: calls $0.20
Mahu2021: calls $0.15
*** FLOP *** [Jd Ac 8h]
ChemBurt: checks 
Mahu2021: checks 
Panditapkr: bets $0.20
ChemBurt: folds 
Mahu2021: calls $0.20
*** TURN *** [Jd Ac 8h] [9c]
Mahu2021: checks 
Panditapkr: checks 
*** RIVER *** [Jd Ac 8h 9c] [8d]
Mahu2021: bets $1.10
Panditapkr: calls $1.10
*** SHOW DOWN ***
Mahu2021: shows [Kh 8c] (three of a kind, Eights)
Panditapkr: mucks hand 
Mahu2021 collected $3.20 from pot
*** SUMMARY ***
Total pot $3.35 | Rake $0.15 
Board [Jd Ac 8h 9c 8d]
Seat 1: Panditapkr (button) mucked [As 7s]
Seat 2: ChemBurt (small blind) folded on the Flop
Seat 3: Mahu2021 (big blind) showed [Kh 8c] and won ($3.20) with three of a kind, Eights
Seat 4: knelon22 folded before Flop (didn't bet)
Seat 5: nathanjones12 folded before Flop (didn't bet)
Seat 6: hotrox19 folded before Flop (didn't bet)



PokerStars Zoom Hand #254610970623:  Hold'em No Limit ($0.05/$0.10) - 2025/01/29 20:43:07 CET [2025/01/29 14:43:07 ET]
Table 'Aludra' 6-max Seat #1 is the button
Seat 1: Mahu2021 ($8.43 in chips) 
Seat 2: Black HoleUK ($10.51 in chips) 
Seat 3: ElJosen'10 ($22.06 in chips) 
Seat 4: SpartacusKZZ ($4.53 in chips) 
Seat 5: ASENNA76 ($10.15 in chips) 
Seat 6: luckbats ($9.92 in chips) 
Black HoleUK: posts small blind $0.05
ElJosen'10: posts big blind $0.10
*** HOLE CARDS ***
Dealt to Mahu2021 [5c 7h]
SpartacusKZZ: folds 
ASENNA76: folds 
luckbats: raises $0.20 to $0.30
Mahu2021: folds 
Black HoleUK: folds 
ElJosen'10: calls $0.20
*** FLOP *** [3c 4h Qs]
ElJosen'10: checks 
luckbats: bets $0.31
ElJosen'10: calls $0.31
*** TURN *** [3c 4h Qs] [4s]
ElJosen'10: checks 
luckbats: bets $0.61
ElJosen'10: raises $1.60 to $2.21
luckbats: folds 
Uncalled bet ($1.60) returned to ElJosen'10
ElJosen'10 collected $2.38 from pot
ElJosen'10: doesn't show hand 
*** SUMMARY ***
Total pot $2.49 | Rake $0.11 
Board [3c 4h Qs 4s]
Seat 1: Mahu2021 (button) folded before Flop (didn't bet)
Seat 2: Black HoleUK (small blind) folded before Flop
Seat 3: ElJosen'10 (big blind) collected ($2.38)
Seat 4: SpartacusKZZ folded before Flop (didn't bet)
Seat 5: ASENNA76 folded before Flop (didn't bet)
Seat 6: luckbats folded on the Turn



PokerStars Zoom Hand #254610987450:  Hold'em No Limit ($0.05/$0.10) - 2025/01/29 20:44:06 CET [2025/01/29 14:44:06 ET]
Table 'Aludra' 6-max Seat #1 is the button
Seat 1: TOBI 1992 ($5.68 in chips) 
Seat 2: mrs2006 ($9.54 in chips) 
Seat 3: juan19872323 ($13.92 in chips) 
Seat 4: Mahu2021 ($10.08 in chips) 
Seat 5: vaffon3 ($42.51 in chips) 
Seat 6: anderson ca6 ($14.06 in chips) 
mrs2006: posts small blind $0.05
juan19872323: posts big blind $0.10
*** HOLE CARDS ***
Dealt to Mahu2021 [5h Kh]
Mahu2021: raises $0.14 to $0.24
vaffon3: raises $0.56 to $0.80
anderson ca6: folds 
TOBI 1992: folds 
mrs2006: folds 
juan19872323: folds 
Mahu2021: folds 
Uncalled bet ($0.56) returned to vaffon3
vaffon3 collected $0.63 from pot
vaffon3: doesn't show hand 
*** SUMMARY ***
Total pot $0.63 | Rake $0 
Seat 1: TOBI 1992 (button) folded before Flop (didn't bet)
Seat 2: mrs2006 (small blind) folded before Flop
Seat 3: juan19872323 (big blind) folded before Flop
Seat 4: Mahu2021 folded before Flop
Seat 5: vaffon3 collected ($0.63)
Seat 6: anderson ca6 folded before Flop (didn't bet)



PokerStars Zoom Hand #254610991751:  Hold'em No Limit ($0.05/$0.10) - 2025/01/29 20:44:20 CET [2025/01/29 14:44:20 ET]
Table 'Aludra' 6-max Seat #1 is the button
Seat 1: Titsamach ($10 in chips) 
Seat 2: Mahu2021 ($9.84 in chips) 
Seat 3: D.shadoww ($10.92 in chips) 
Seat 4: steveno1983 ($13.34 in chips) 
Seat 5: osfp7john ($13.05 in chips) 
Seat 6: jcoydpsjps ($10 in chips) 
Mahu2021: posts small blind $0.05
D.shadoww: posts big blind $0.10
*** HOLE CARDS ***
Dealt to Mahu2021 [Kh 6c]
steveno1983: folds 
osfp7john: folds 
jcoydpsjps: folds 
Titsamach: folds 
Mahu2021: folds 
Uncalled bet ($0.05) returned to D.shadoww
D.shadoww collected $0.10 from pot
D.shadoww: doesn't show hand 
*** SUMMARY ***
Total pot $0.10 | Rake $0 
Seat 1: Titsamach (button) folded before Flop (didn't bet)
Seat 2: Mahu2021 (small blind) folded before Flop
Seat 3: D.shadoww (big blind) collected ($0.10)
Seat 4: steveno1983 folded before Flop (didn't bet)
Seat 5: osfp7john folded before Flop (didn't bet)
Seat 6: jcoydpsjps folded before Flop (didn't bet)



PokerStars Zoom Hand #254610992918:  Hold'em No Limit ($0.05/$0.10) - 2025/01/29 20:44:25 CET [2025/01/29 14:44:25 ET]
Table 'Aludra' 6-max Seat #1 is the button
Seat 1: Mahu2021 ($9.79 in chips) 
Seat 2: DimoshaP ($28.39 in chips) 
Seat 3: clashPx8D ($8.29 in chips) 
Seat 4: Ximilian ($9.85 in chips) 
Seat 5: COVEIROANCAP ($10.50 in chips) 
Seat 6: felisdonio ($22.01 in chips) 
DimoshaP: posts small blind $0.05
clashPx8D: posts big blind $0.10
*** HOLE CARDS ***
Dealt to Mahu2021 [2h Tc]
Ximilian: folds 
COVEIROANCAP: folds 
felisdonio: folds 
Mahu2021: folds 
DimoshaP: folds 
Uncalled bet ($0.05) returned to clashPx8D
clashPx8D collected $0.10 from pot
clashPx8D: doesn't show hand 
*** SUMMARY ***
Total pot $0.10 | Rake $0 
Seat 1: Mahu2021 (button) folded before Flop (didn't bet)
Seat 2: DimoshaP (small blind) folded before Flop
Seat 3: clashPx8D (big blind) collected ($0.10)
Seat 4: Ximilian folded before Flop (didn't bet)
Seat 5: COVEIROANCAP folded before Flop (didn't bet)
Seat 6: felisdonio folded before Flop (didn't bet)



PokerStars Zoom Hand #254610993864:  Hold'em No Limit ($0.05/$0.10) - 2025/01/29 20:44:28 CET [2025/01/29 14:44:28 ET]
Table 'Aludra' 6-max Seat #1 is the button
Seat 1: osfp7john ($10.18 in chips) 
Seat 2: ASENNA76 ($11.70 in chips) 
Seat 3: mmnbvc ($10 in chips) 
Seat 4: simplyNoFold ($10.79 in chips) 
Seat 5: vaffon3 ($42.90 in chips) 
Seat 6: Mahu2021 ($9.79 in chips) 
ASENNA76: posts small blind $0.05
mmnbvc: posts big blind $0.10
*** HOLE CARDS ***
Dealt to Mahu2021 [Qd 7h]
simplyNoFold: folds 
vaffon3: folds 
Mahu2021: folds 
osfp7john: folds 
ASENNA76: folds 
Uncalled bet ($0.05) returned to mmnbvc
mmnbvc collected $0.10 from pot
mmnbvc: doesn't show hand 
*** SUMMARY ***
Total pot $0.10 | Rake $0 
Seat 1: osfp7john (button) folded before Flop (didn't bet)
Seat 2: ASENNA76 (small blind) folded before Flop
Seat 3: mmnbvc (big blind) collected ($0.10)
Seat 4: simplyNoFold folded before Flop (didn't bet)
Seat 5: vaffon3 folded before Flop (didn't bet)
Seat 6: Mahu2021 folded before Flop (didn't bet)



PokerStars Zoom Hand #254611001028:  Hold'em No Limit ($0.05/$0.10) - 2025/01/29 20:44:53 CET [2025/01/29 14:44:53 ET]
Table 'Aludra' 6-max Seat #1 is the button
Seat 1: Miracle of 50k ($10 in chips) 
Seat 2: mmnbvc ($10 in chips) 
Seat 3: vaffon3 ($42.85 in chips) 
Seat 4: SlipperySealion ($10.15 in chips) 
Seat 5: Mahu2021 ($9.59 in chips) 
Seat 6: MACNIC007 ($11.05 in chips) 
mmnbvc: posts small blind $0.05
vaffon3: posts big blind $0.10
*** HOLE CARDS ***
Dealt to Mahu2021 [3c 2d]
SlipperySealion: folds 
Mahu2021: folds 
MACNIC007: folds 
Miracle of 50k: folds 
mmnbvc: folds 
Uncalled bet ($0.05) returned to vaffon3
vaffon3 collected $0.10 from pot
vaffon3: doesn't show hand 
*** SUMMARY ***
Total pot $0.10 | Rake $0 
Seat 1: Miracle of 50k (button) folded before Flop (didn't bet)
Seat 2: mmnbvc (small blind) folded before Flop
Seat 3: vaffon3 (big blind) collected ($0.10)
Seat 4: SlipperySealion folded before Flop (didn't bet)
Seat 5: Mahu2021 folded before Flop (didn't bet)
Seat 6: MACNIC007 folded before Flop (didn't bet)



PokerStars Zoom Hand #254611002205:  Hold'em No Limit ($0.05/$0.10) - 2025/01/29 20:44:57 CET [2025/01/29 14:44:57 ET]
Table 'Aludra' 6-max Seat #1 is the button
Seat 1: Black HoleUK ($10.06 in chips) 
Seat 2: TGVon ($12.51 in chips) 
Seat 3: Mahu2021 ($9.59 in chips) 
Seat 4: adownunder ($6.86 in chips) 
Seat 5: dodeer ($10.15 in chips) 
Seat 6: Miracle of 50k ($10 in chips) 
TGVon: posts small blind $0.05
Mahu2021: posts big blind $0.10
*** HOLE CARDS ***
Dealt to Mahu2021 [Ks Qs]
adownunder: folds 
dodeer: folds 
Miracle of 50k: folds 
Black HoleUK: folds 
TGVon: folds 
Uncalled bet ($0.05) returned to Mahu2021
Mahu2021 collected $0.10 from pot
Mahu2021: doesn't show hand 
*** SUMMARY ***
Total pot $0.10 | Rake $0 
Seat 1: Black HoleUK (button) folded before Flop (didn't bet)
Seat 2: TGVon (small blind) folded before Flop
Seat 3: Mahu2021 (big blind) collected ($0.10)
Seat 4: adownunder folded before Flop (didn't bet)
Seat 5: dodeer folded before Flop (didn't bet)
Seat 6: Miracle of 50k folded before Flop (didn't bet)



PokerStars Zoom Hand #254611006564:  Hold'em No Limit ($0.05/$0.10) - 2025/01/29 20:45:11 CET [2025/01/29 14:45:11 ET]
Table 'Aludra' 6-max Seat #1 is the button
Seat 1: suszi1 ($6.16 in chips) 
Seat 2: Abally2009 ($5.52 in chips) 
Seat 3: ciceron86 ($10 in chips) 
Seat 4: jcoydpsjps ($10.15 in chips) 
Seat 5: Mahu2021 ($9.59 in chips) 
Seat 6: NutHunt5R ($12.50 in chips) 
Abally2009: posts small blind $0.05
ciceron86: posts big blind $0.10
*** HOLE CARDS ***
Dealt to Mahu2021 [Kh 2d]
jcoydpsjps: folds 
Mahu2021: folds 
NutHunt5R: raises $0.10 to $0.20
suszi1: folds 
Abally2009: folds 
ciceron86: folds 
Uncalled bet ($0.10) returned to NutHunt5R
NutHunt5R collected $0.25 from pot
NutHunt5R: doesn't show hand 
*** SUMMARY ***
Total pot $0.25 | Rake $0 
Seat 1: suszi1 (button) folded before Flop (didn't bet)
Seat 2: Abally2009 (small blind) folded before Flop
Seat 3: ciceron86 (big blind) folded before Flop
Seat 4: jcoydpsjps folded before Flop (didn't bet)
Seat 5: Mahu2021 folded before Flop (didn't bet)
Seat 6: NutHunt5R collected ($0.25)



PokerStars Zoom Hand #254610994957:  Hold'em No Limit ($0.05/$0.10) - 2025/01/29 20:44:32 CET [2025/01/29 14:44:32 ET]
Table 'Aludra' 6-max Seat #1 is the button
Seat 1: Mahu2021 ($9.79 in chips) 
Seat 2: jcoydpsjps ($12.15 in chips) 
Seat 3: D.shadoww ($10.35 in chips) 
Seat 4: VieraNeto ($8.79 in chips) 
Seat 5: leleo273 ($5.26 in chips) 
Seat 6: nathanjones12 ($10.60 in chips) 
jcoydpsjps: posts small blind $0.05
D.shadoww: posts big blind $0.10
*** HOLE CARDS ***
Dealt to Mahu2021 [5s 3s]
VieraNeto: raises $0.10 to $0.20
leleo273: folds 
nathanjones12: folds 
Mahu2021: calls $0.20
jcoydpsjps: folds 
D.shadoww: calls $0.10
*** FLOP *** [Tc 2h 5c]
D.shadoww: checks 
VieraNeto: bets $0.50
Mahu2021: folds 
D.shadoww: raises $0.80 to $1.30
VieraNeto: calls $0.80
*** TURN *** [Tc 2h 5c] [Ac]
D.shadoww: bets $0.90
VieraNeto: raises $1 to $1.90
D.shadoww: calls $1
*** RIVER *** [Tc 2h 5c Ac] [Qd]
D.shadoww: checks 
VieraNeto: bets $1.20
D.shadoww: calls $1.20
*** SHOW DOWN ***
VieraNeto: shows [Th 8h] (a pair of Tens)
D.shadoww: shows [2s 2d] (three of a kind, Deuces)
D.shadoww collected $9.02 from pot
*** SUMMARY ***
Total pot $9.45 | Rake $0.43 
Board [Tc 2h 5c Ac Qd]
Seat 1: Mahu2021 (button) folded on the Flop
Seat 2: jcoydpsjps (small blind) folded before Flop
Seat 3: D.shadoww (big blind) showed [2s 2d] and won ($9.02) with three of a kind, Deuces
Seat 4: VieraNeto showed [Th 8h] and lost with a pair of Tens
Seat 5: leleo273 folded before Flop (didn't bet)
Seat 6: nathanjones12 folded before Flop (didn't bet)



PokerStars Zoom Hand #254611008012:  Hold'em No Limit ($0.05/$0.10) - 2025/01/29 20:45:17 CET [2025/01/29 14:45:17 ET]
Table 'Aludra' 6-max Seat #1 is the button
Seat 1: LevA1989 ($18.67 in chips) 
Seat 2: clashPx8D ($8.44 in chips) 
Seat 3: Titsamach ($10.05 in chips) 
Seat 4: SlipperySealion ($10.55 in chips) 
Seat 5: Abally2009 ($5.47 in chips) 
Seat 6: Mahu2021 ($9.59 in chips) 
clashPx8D: posts small blind $0.05
Titsamach: posts big blind $0.10
*** HOLE CARDS ***
Dealt to Mahu2021 [Ts Kd]
SlipperySealion: folds 
Abally2009: folds 
Mahu2021: raises $0.14 to $0.24
LevA1989: folds 
clashPx8D: calls $0.19
Titsamach: folds 
*** FLOP *** [2d 8c 6c]
clashPx8D: checks 
Mahu2021: checks 
*** TURN *** [2d 8c 6c] [3s]
clashPx8D: checks 
Mahu2021: checks 
*** RIVER *** [2d 8c 6c 3s] [4s]
clashPx8D: checks 
Mahu2021: checks 
*** SHOW DOWN ***
clashPx8D: shows [Ac Qc] (high card Ace)
Mahu2021: mucks hand 
clashPx8D collected $0.55 from pot
*** SUMMARY ***
Total pot $0.58 | Rake $0.03 
Board [2d 8c 6c 3s 4s]
Seat 1: LevA1989 (button) folded before Flop (didn't bet)
Seat 2: clashPx8D (small blind) showed [Ac Qc] and won ($0.55) with high card Ace
Seat 3: Titsamach (big blind) folded before Flop
Seat 4: SlipperySealion folded before Flop (didn't bet)
Seat 5: Abally2009 folded before Flop (didn't bet)
Seat 6: Mahu2021 mucked [Ts Kd]



PokerStars Zoom Hand #254611005450:  Hold'em No Limit ($0.05/$0.10) - 2025/01/29 20:45:07 CET [2025/01/29 14:45:07 ET]
Table 'Aludra' 6-max Seat #1 is the button
Seat 1: Abally2009 ($5.52 in chips) 
Seat 2: Mahu2021 ($9.64 in chips) 
Seat 3: olivergraf ($13.58 in chips) 
Seat 4: chessismorefun ($12.42 in chips) 
Seat 5: ElJosen'10 ($15.99 in chips) 
Seat 6: juan19872323 ($35.98 in chips) 
Mahu2021: posts small blind $0.05
olivergraf: posts big blind $0.10
*** HOLE CARDS ***
Dealt to Mahu2021 [3s 6s]
chessismorefun: folds 
ElJosen'10: raises $0.12 to $0.22
juan19872323: calls $0.22
Abally2009: folds 
Mahu2021: folds 
olivergraf: folds 
*** FLOP *** [Kc 4d As]
ElJosen'10: bets $0.18
juan19872323: calls $0.18
*** TURN *** [Kc 4d As] [Ad]
ElJosen'10: bets $0.68
juan19872323: folds 
Uncalled bet ($0.68) returned to ElJosen'10
ElJosen'10 collected $0.91 from pot
ElJosen'10: doesn't show hand 
*** SUMMARY ***
Total pot $0.95 | Rake $0.04 
Board [Kc 4d As Ad]
Seat 1: Abally2009 (button) folded before Flop (didn't bet)
Seat 2: Mahu2021 (small blind) folded before Flop
Seat 3: olivergraf (big blind) folded before Flop
Seat 4: chessismorefun folded before Flop (didn't bet)
Seat 5: ElJosen'10 collected ($0.91)
Seat 6: juan19872323 folded on the Turn



PokerStars Zoom Hand #254611016592:  Hold'em No Limit ($0.05/$0.10) - 2025/01/29 20:45:46 CET [2025/01/29 14:45:46 ET]
Table 'Aludra' 6-max Seat #1 is the button
Seat 1: 77irek ($12.71 in chips) 
Seat 2: Al3xrz ($10.45 in chips) 
Seat 3: Mahu2021 ($9.35 in chips) 
Seat 4: agusdecarca ($12.35 in chips) 
Seat 5: leleo273 ($5.01 in chips) 
Seat 6: ciceron86 ($10 in chips) 
Al3xrz: posts small blind $0.05
Mahu2021: posts big blind $0.10
*** HOLE CARDS ***
Dealt to Mahu2021 [2c Ad]
agusdecarca: folds 
leleo273: folds 
ciceron86: folds 
77irek: folds 
Al3xrz: raises $0.20 to $0.30
Mahu2021: calls $0.20
*** FLOP *** [8s 2h 2s]
Al3xrz: checks 
Mahu2021: checks 
*** TURN *** [8s 2h 2s] [4h]
Al3xrz: bets $0.40
Mahu2021: calls $0.40
*** RIVER *** [8s 2h 2s 4h] [Kc]
Al3xrz: bets $1.20
Mahu2021: raises $1.30 to $2.50
Al3xrz: folds 
Uncalled bet ($1.30) returned to Mahu2021
Mahu2021 collected $3.63 from pot
Mahu2021: doesn't show hand 
*** SUMMARY ***
Total pot $3.80 | Rake $0.17 
Board [8s 2h 2s 4h Kc]
Seat 1: 77irek (button) folded before Flop (didn't bet)
Seat 2: Al3xrz (small blind) folded on the River
Seat 3: Mahu2021 (big blind) collected ($3.63)
Seat 4: agusdecarca folded before Flop (didn't bet)
Seat 5: leleo273 folded before Flop (didn't bet)
Seat 6: ciceron86 folded before Flop (didn't bet)



PokerStars Zoom Hand #254611014622:  Hold'em No Limit ($0.05/$0.10) - 2025/01/29 20:45:39 CET [2025/01/29 14:45:39 ET]
Table 'Aludra' 6-max Seat #1 is the button
Seat 1: simplyNoFold ($10.69 in chips) 
Seat 2: MyCVVis911 ($9.13 in chips) 
Seat 3: chessismorefun ($12.52 in chips) 
Seat 4: Mahu2021 ($9.35 in chips) 
Seat 5: johnyboyjnr ($15.44 in chips) 
Seat 6: Maestro90208 ($20.49 in chips) 
MyCVVis911: posts small blind $0.05
chessismorefun: posts big blind $0.10
*** HOLE CARDS ***
Dealt to Mahu2021 [7c 4h]
Mahu2021: folds 
johnyboyjnr: folds 
Maestro90208: raises $0.15 to $0.25
simplyNoFold: folds 
MyCVVis911: folds 
chessismorefun: raises $1.05 to $1.30
Maestro90208: folds 
Uncalled bet ($1.05) returned to chessismorefun
chessismorefun collected $0.55 from pot
chessismorefun: doesn't show hand 
*** SUMMARY ***
Total pot $0.55 | Rake $0 
Seat 1: simplyNoFold (button) folded before Flop (didn't bet)
Seat 2: MyCVVis911 (small blind) folded before Flop
Seat 3: chessismorefun (big blind) collected ($0.55)
Seat 4: Mahu2021 folded before Flop (didn't bet)
Seat 5: johnyboyjnr folded before Flop (didn't bet)
Seat 6: Maestro90208 folded before Flop



PokerStars Zoom Hand #254611028385:  Hold'em No Limit ($0.05/$0.10) - 2025/01/29 20:46:26 CET [2025/01/29 14:46:26 ET]
Table 'Aludra' 6-max Seat #1 is the button
Seat 1: chessismorefun ($12.82 in chips) 
Seat 2: Jezterscap ($13.25 in chips) 
Seat 3: juan19872323 ($12.87 in chips) 
Seat 4: Emilu95 ($10.72 in chips) 
Seat 5: Mahu2021 ($11.08 in chips) 
Seat 6: 77irek ($11.47 in chips) 
Jezterscap: posts small blind $0.05
juan19872323: posts big blind $0.10
*** HOLE CARDS ***
Dealt to Mahu2021 [8h Ac]
Emilu95: raises $0.15 to $0.25
Mahu2021: folds 
77irek: folds 
chessismorefun: raises $0.50 to $0.75
Jezterscap: folds 
juan19872323: folds 
Emilu95: folds 
Uncalled bet ($0.50) returned to chessismorefun
chessismorefun collected $0.65 from pot
chessismorefun: doesn't show hand 
*** SUMMARY ***
Total pot $0.65 | Rake $0 
Seat 1: chessismorefun (button) collected ($0.65)
Seat 2: Jezterscap (small blind) folded before Flop
Seat 3: juan19872323 (big blind) folded before Flop
Seat 4: Emilu95 folded before Flop
Seat 5: Mahu2021 folded before Flop (didn't bet)
Seat 6: 77irek folded before Flop (didn't bet)



PokerStars Zoom Hand #254611029569:  Hold'em No Limit ($0.05/$0.10) - 2025/01/29 20:46:30 CET [2025/01/29 14:46:30 ET]
Table 'Aludra' 6-max Seat #1 is the button
Seat 1: 77irek ($11.47 in chips) 
Seat 2: Mahu2021 ($11.08 in chips) 
Seat 3: Miracle of 50k ($10 in chips) 
Seat 4: avltree ($10.15 in chips) 
Seat 5: Grufva ($10.33 in chips) 
Seat 6: Panditapkr ($10 in chips) 
Mahu2021: posts small blind $0.05
Miracle of 50k: posts big blind $0.10
*** HOLE CARDS ***
Dealt to Mahu2021 [5s 6s]
avltree: folds 
Grufva: folds 
Panditapkr: raises $0.15 to $0.25
77irek: folds 
Mahu2021: calls $0.20
Miracle of 50k: folds 
*** FLOP *** [Qc Ah Kh]
Mahu2021: checks 
Panditapkr: bets $0.16
Mahu2021: folds 
Uncalled bet ($0.16) returned to Panditapkr
Panditapkr collected $0.57 from pot
Panditapkr: doesn't show hand 
*** SUMMARY ***
Total pot $0.60 | Rake $0.03 
Board [Qc Ah Kh]
Seat 1: 77irek (button) folded before Flop (didn't bet)
Seat 2: Mahu2021 (small blind) folded on the Flop
Seat 3: Miracle of 50k (big blind) folded before Flop
Seat 4: avltree folded before Flop (didn't bet)
Seat 5: Grufva folded before Flop (didn't bet)
Seat 6: Panditapkr collected ($0.57)



PokerStars Zoom Hand #254611035154:  Hold'em No Limit ($0.05/$0.10) - 2025/01/29 20:46:49 CET [2025/01/29 14:46:49 ET]
Table 'Aludra' 6-max Seat #1 is the button
Seat 1: strömma711 ($9.70 in chips) 
Seat 2: ElJosen'10 ($28.17 in chips) 
Seat 3: Redo3112 ($9.74 in chips) 
Seat 4: Mahu2021 ($10.83 in chips) 
Seat 5: COVEIROANCAP ($15.95 in chips) 
Seat 6: chessismorefun ($13.22 in chips) 
ElJosen'10: posts small blind $0.05
Redo3112: posts big blind $0.10
*** HOLE CARDS ***
Dealt to Mahu2021 [2c Ts]
Mahu2021: folds 
COVEIROANCAP: folds 
chessismorefun: raises $0.12 to $0.22
strömma711: folds 
ElJosen'10: folds 
Redo3112: folds 
Uncalled bet ($0.12) returned to chessismorefun
chessismorefun collected $0.25 from pot
chessismorefun: doesn't show hand 
*** SUMMARY ***
Total pot $0.25 | Rake $0 
Seat 1: strömma711 (button) folded before Flop (didn't bet)
Seat 2: ElJosen'10 (small blind) folded before Flop
Seat 3: Redo3112 (big blind) folded before Flop
Seat 4: Mahu2021 folded before Flop (didn't bet)
Seat 5: COVEIROANCAP folded before Flop (didn't bet)
Seat 6: chessismorefun collected ($0.25)



PokerStars Zoom Hand #254611036349:  Hold'em No Limit ($0.05/$0.10) - 2025/01/29 20:46:53 CET [2025/01/29 14:46:53 ET]
Table 'Aludra' 6-max Seat #1 is the button
Seat 1: Mahu2021 ($10.83 in chips) 
Seat 2: jts2011 ($9.12 in chips) 
Seat 3: strömma711 ($9.70 in chips) 
Seat 4: 77irek ($12.66 in chips) 
Seat 5: juan19872323 ($12.72 in chips) 
Seat 6: Miracle of 50k ($10 in chips) 
jts2011: posts small blind $0.05
strömma711: posts big blind $0.10
*** HOLE CARDS ***
Dealt to Mahu2021 [6h Ad]
77irek: folds 
juan19872323: folds 
Miracle of 50k: folds 
Mahu2021: folds 
jts2011: folds 
Uncalled bet ($0.05) returned to strömma711
strömma711 collected $0.10 from pot
strömma711: doesn't show hand 
*** SUMMARY ***
Total pot $0.10 | Rake $0 
Seat 1: Mahu2021 (button) folded before Flop (didn't bet)
Seat 2: jts2011 (small blind) folded before Flop
Seat 3: strömma711 (big blind) collected ($0.10)
Seat 4: 77irek folded before Flop (didn't bet)
Seat 5: juan19872323 folded before Flop (didn't bet)
Seat 6: Miracle of 50k folded before Flop (didn't bet)



PokerStars Zoom Hand #254611037392:  Hold'em No Limit ($0.05/$0.10) - 2025/01/29 20:46:56 CET [2025/01/29 14:46:56 ET]
Table 'Aludra' 6-max Seat #1 is the button
Seat 1: jts2011 ($9.07 in chips) 
Seat 2: MyCVVis911 ($8.83 in chips) 
Seat 3: Hoe_Jyland69 ($7.95 in chips) 
Seat 4: Mahu2021 ($10.83 in chips) 
Seat 5: TOBI 1992 ($5.77 in chips) 
Seat 6: SlipperySealion ($10 in chips) 
MyCVVis911: posts small blind $0.05
Hoe_Jyland69: posts big blind $0.10
*** HOLE CARDS ***
Dealt to Mahu2021 [Qd Tc]
Mahu2021: folds 
TOBI 1992: folds 
SlipperySealion: folds 
jts2011: raises $0.10 to $0.20
MyCVVis911: folds 
Hoe_Jyland69: folds 
Uncalled bet ($0.10) returned to jts2011
jts2011 collected $0.25 from pot
jts2011: doesn't show hand 
*** SUMMARY ***
Total pot $0.25 | Rake $0 
Seat 1: jts2011 (button) collected ($0.25)
Seat 2: MyCVVis911 (small blind) folded before Flop
Seat 3: Hoe_Jyland69 (big blind) folded before Flop
Seat 4: Mahu2021 folded before Flop (didn't bet)
Seat 5: TOBI 1992 folded before Flop (didn't bet)
Seat 6: SlipperySealion folded before Flop (didn't bet)



PokerStars Zoom Hand #254611038316:  Hold'em No Limit ($0.05/$0.10) - 2025/01/29 20:47:00 CET [2025/01/29 14:47:00 ET]
Table 'Aludra' 6-max Seat #1 is the button
Seat 1: MyCVVis911 ($8.78 in chips) 
Seat 2: vaffon3 ($43.07 in chips) 
Seat 3: TOBI 1992 ($5.77 in chips) 
Seat 4: Saoz93 ($11.22 in chips) 
Seat 5: Mahu2021 ($10.83 in chips) 
Seat 6: Al3xrz ($8.60 in chips) 
vaffon3: posts small blind $0.05
TOBI 1992: posts big blind $0.10
*** HOLE CARDS ***
Dealt to Mahu2021 [2h 9h]
Saoz93: folds 
Mahu2021: folds 
Al3xrz: raises $0.20 to $0.30
MyCVVis911: folds 
vaffon3: folds 
TOBI 1992: folds 
Uncalled bet ($0.20) returned to Al3xrz
Al3xrz collected $0.25 from pot
Al3xrz: doesn't show hand 
*** SUMMARY ***
Total pot $0.25 | Rake $0 
Seat 1: MyCVVis911 (button) folded before Flop (didn't bet)
Seat 2: vaffon3 (small blind) folded before Flop
Seat 3: TOBI 1992 (big blind) folded before Flop
Seat 4: Saoz93 folded before Flop (didn't bet)
Seat 5: Mahu2021 folded before Flop (didn't bet)
Seat 6: Al3xrz collected ($0.25)



PokerStars Zoom Hand #254611039587:  Hold'em No Limit ($0.05/$0.10) - 2025/01/29 20:47:04 CET [2025/01/29 14:47:04 ET]
Table 'Aludra' 6-max Seat #1 is the button
Seat 1: juan19872323 ($12.72 in chips) 
Seat 2: seignior ($10 in chips) 
Seat 3: Mahu2021 ($10.83 in chips) 
Seat 4: aurelian400 ($26.05 in chips) 
Seat 5: osfp7john ($10.25 in chips) 
Seat 6: vaffon3 ($43.02 in chips) 
seignior: posts small blind $0.05
Mahu2021: posts big blind $0.10
*** HOLE CARDS ***
Dealt to Mahu2021 [Qd 3s]
aurelian400: folds 
osfp7john: folds 
vaffon3: folds 
juan19872323: raises $0.20 to $0.30
seignior: folds 
Mahu2021: folds 
Uncalled bet ($0.20) returned to juan19872323
juan19872323 collected $0.25 from pot
juan19872323: doesn't show hand 
*** SUMMARY ***
Total pot $0.25 | Rake $0 
Seat 1: juan19872323 (button) collected ($0.25)
Seat 2: seignior (small blind) folded before Flop
Seat 3: Mahu2021 (big blind) folded before Flop
Seat 4: aurelian400 folded before Flop (didn't bet)
Seat 5: osfp7john folded before Flop (didn't bet)
Seat 6: vaffon3 folded before Flop (didn't bet)



PokerStars Zoom Hand #254611041861:  Hold'em No Limit ($0.05/$0.10) - 2025/01/29 20:47:12 CET [2025/01/29 14:47:12 ET]
Table 'Aludra' 6-max Seat #1 is the button
Seat 1: anderson ca6 ($10 in chips) 
Seat 2: Al3xrz ($8.75 in chips) 
Seat 3: 77irek ($20.51 in chips) 
Seat 4: Redo3112 ($9.64 in chips) 
Seat 5: COVEIROANCAP ($11.11 in chips) 
Seat 6: Mahu2021 ($10.73 in chips) 
Al3xrz: posts small blind $0.05
77irek: posts big blind $0.10
*** HOLE CARDS ***
Dealt to Mahu2021 [7h Ad]
Redo3112: folds 
COVEIROANCAP: folds 
Mahu2021: folds 
anderson ca6: folds 
Al3xrz: folds 
Uncalled bet ($0.05) returned to 77irek
77irek collected $0.10 from pot
77irek: doesn't show hand 
*** SUMMARY ***
Total pot $0.10 | Rake $0 
Seat 1: anderson ca6 (button) folded before Flop (didn't bet)
Seat 2: Al3xrz (small blind) folded before Flop
Seat 3: 77irek (big blind) collected ($0.10)
Seat 4: Redo3112 folded before Flop (didn't bet)
Seat 5: COVEIROANCAP folded before Flop (didn't bet)
Seat 6: Mahu2021 folded before Flop (didn't bet)



PokerStars Zoom Hand #254611043317:  Hold'em No Limit ($0.05/$0.10) - 2025/01/29 20:47:17 CET [2025/01/29 14:47:17 ET]
Table 'Aludra' 6-max Seat #1 is the button
Seat 1: osfp7john ($10.25 in chips) 
Seat 2: Mahu2021 ($10.73 in chips) 
Seat 3: Redo3112 ($9.64 in chips) 
Seat 4: TheLonelyGuy ($10.15 in chips) 
Seat 5: jts2011 ($9.22 in chips) 
Seat 6: jcoydpsjps ($10.12 in chips) 
Mahu2021: posts small blind $0.05
Redo3112: posts big blind $0.10
*** HOLE CARDS ***
Dealt to Mahu2021 [Qd 5h]
TheLonelyGuy: folds 
jts2011: folds 
jcoydpsjps: folds 
osfp7john: raises $0.15 to $0.25
Mahu2021: folds 
Redo3112: folds 
Uncalled bet ($0.15) returned to osfp7john
osfp7john collected $0.25 from pot
osfp7john: doesn't show hand 
*** SUMMARY ***
Total pot $0.25 | Rake $0 
Seat 1: osfp7john (button) collected ($0.25)
Seat 2: Mahu2021 (small blind) folded before Flop
Seat 3: Redo3112 (big blind) folded before Flop
Seat 4: TheLonelyGuy folded before Flop (didn't bet)
Seat 5: jts2011 folded before Flop (didn't bet)
Seat 6: jcoydpsjps folded before Flop (didn't bet)



PokerStars Zoom Hand #254611044495:  Hold'em No Limit ($0.05/$0.10) - 2025/01/29 20:47:21 CET [2025/01/29 14:47:21 ET]
Table 'Aludra' 6-max Seat #1 is the button
Seat 1: chessismorefun ($11.28 in chips) 
Seat 2: dodeer ($12.98 in chips) 
Seat 3: jts2011 ($9.22 in chips) 
Seat 4: Mahu2021 ($10.68 in chips) 
Seat 5: johnyboyjnr ($13.13 in chips) 
Seat 6: Junihara ($11.07 in chips) 
dodeer: posts small blind $0.05
jts2011: posts big blind $0.10
*** HOLE CARDS ***
Dealt to Mahu2021 [Tc Ts]
Mahu2021: raises $0.14 to $0.24
johnyboyjnr: folds 
Junihara: folds 
chessismorefun: folds 
dodeer: raises $0.86 to $1.10
jts2011: folds 
Mahu2021: folds 
Uncalled bet ($0.86) returned to dodeer
dodeer collected $0.58 from pot
dodeer: doesn't show hand 
*** SUMMARY ***
Total pot $0.58 | Rake $0 
Seat 1: chessismorefun (button) folded before Flop (didn't bet)
Seat 2: dodeer (small blind) collected ($0.58)
Seat 3: jts2011 (big blind) folded before Flop
Seat 4: Mahu2021 folded before Flop
Seat 5: johnyboyjnr folded before Flop (didn't bet)
Seat 6: Junihara folded before Flop (didn't bet)



PokerStars Zoom Hand #254611052579:  Hold'em No Limit ($0.05/$0.10) - 2025/01/29 20:47:49 CET [2025/01/29 14:47:49 ET]
Table 'Aludra' 6-max Seat #1 is the button
Seat 1: Mahu2021 ($10.44 in chips) 
Seat 2: TGVon ($11.92 in chips) 
Seat 3: mmnbvc ($10.56 in chips) 
Seat 4: Mad_Fish1990 ($9.92 in chips) 
Seat 5: Saoz93 ($10 in chips) 
Seat 6: Panditapkr ($10.07 in chips) 
TGVon: posts small blind $0.05
mmnbvc: posts big blind $0.10
*** HOLE CARDS ***
Dealt to Mahu2021 [7d 8d]
Mad_Fish1990: folds 
Saoz93: folds 
Panditapkr: folds 
Mahu2021: raises $0.14 to $0.24
TGVon: folds 
mmnbvc: folds 
Uncalled bet ($0.14) returned to Mahu2021
Mahu2021 collected $0.25 from pot
Mahu2021: doesn't show hand 
*** SUMMARY ***
Total pot $0.25 | Rake $0 
Seat 1: Mahu2021 (button) collected ($0.25)
Seat 2: TGVon (small blind) folded before Flop
Seat 3: mmnbvc (big blind) folded before Flop
Seat 4: Mad_Fish1990 folded before Flop (didn't bet)
Seat 5: Saoz93 folded before Flop (didn't bet)
Seat 6: Panditapkr folded before Flop (didn't bet)



PokerStars Zoom Hand #254611060672:  Hold'em No Limit ($0.05/$0.10) - 2025/01/29 20:48:17 CET [2025/01/29 14:48:17 ET]
Table 'Aludra' 6-max Seat #1 is the button
Seat 1: knofan ($19.61 in chips) 
Seat 2: Grufva ($10 in chips) 
Seat 3: Mahu2021 ($10.59 in chips) 
Seat 4: ISVÄG ($9.23 in chips) 
Seat 5: clashPx8D ($9.17 in chips) 
Seat 6: johnyboyjnr ($13.03 in chips) 
Grufva: posts small blind $0.05
Mahu2021: posts big blind $0.10
*** HOLE CARDS ***
Dealt to Mahu2021 [Qc Ts]
ISVÄG: calls $0.10
clashPx8D: calls $0.10
johnyboyjnr: folds 
knofan: folds 
Grufva: folds 
Mahu2021: checks 
*** FLOP *** [9d Js 8c]
Mahu2021: checks 
ISVÄG: checks 
clashPx8D: checks 
*** TURN *** [9d Js 8c] [5h]
Mahu2021: checks 
ISVÄG: checks 
clashPx8D: bets $0.17
Mahu2021: raises $0.17 to $0.34
ISVÄG: folds 
clashPx8D: calls $0.17
*** RIVER *** [9d Js 8c 5h] [9c]
Mahu2021: checks 
clashPx8D: bets $1.08
Mahu2021: raises $1.08 to $2.16
clashPx8D: raises $5.30 to $7.46
Mahu2021: calls $5.30
*** SHOW DOWN ***
clashPx8D: shows [5d 5s] (a full house, Fives full of Nines)
Mahu2021: mucks hand 
clashPx8D collected $15.23 from pot
*** SUMMARY ***
Total pot $15.95 | Rake $0.72 
Board [9d Js 8c 5h 9c]
Seat 1: knofan (button) folded before Flop (didn't bet)
Seat 2: Grufva (small blind) folded before Flop
Seat 3: Mahu2021 (big blind) mucked [Qc Ts]
Seat 4: ISVÄG folded on the Turn
Seat 5: clashPx8D showed [5d 5s] and won ($15.23) with a full house, Fives full of Nines
Seat 6: johnyboyjnr folded before Flop (didn't bet)



PokerStars Zoom Hand #254611074565:  Hold'em No Limit ($0.05/$0.10) - 2025/01/29 20:49:05 CET [2025/01/29 14:49:05 ET]
Table 'Aludra' 6-max Seat #1 is the button
Seat 1: ASENNA76 ($10 in chips) 
Seat 2: Mahu2021 ($2.69 in chips) 
Seat 3: agusdecarca ($21.08 in chips) 
Seat 4: anderson ca6 ($14.23 in chips) 
Seat 5: osfp7john ($10.05 in chips) 
Seat 6: artint4 ($4.24 in chips) 
Mahu2021: posts small blind $0.05
agusdecarca: posts big blind $0.10
*** HOLE CARDS ***
Dealt to Mahu2021 [4s 8h]
anderson ca6: folds 
osfp7john: folds 
artint4: folds 
ASENNA76: folds 
Mahu2021: folds 
Uncalled bet ($0.05) returned to agusdecarca
agusdecarca collected $0.10 from pot
agusdecarca: doesn't show hand 
*** SUMMARY ***
Total pot $0.10 | Rake $0 
Seat 1: ASENNA76 (button) folded before Flop (didn't bet)
Seat 2: Mahu2021 (small blind) folded before Flop
Seat 3: agusdecarca (big blind) collected ($0.10)
Seat 4: anderson ca6 folded before Flop (didn't bet)
Seat 5: osfp7john folded before Flop (didn't bet)
Seat 6: artint4 folded before Flop (didn't bet)



