PokerStars Hand #248542615513: Tournament #3707903436, $1.84+$0.16 USD Hold'em No Limit - Level I (10/20) - 2024/01/28 13:17:56 CET [2024/01/28 7:17:56 ET]
Table '3707903436 1' 3-max Seat #1 is the button
Seat 1: Mahu2021 (500 in chips) 
Seat 2: Requp (500 in chips) 
Seat 3: NessXG (500 in chips) is sitting out
Requp: posts small blind 10
NessXG: posts big blind 20
*** HOLE CARDS ***
Dealt to Mahu2021 [2s Kc]
Mahu2021: folds 
Requp: calls 10
NessXG: folds 
Requp collected 40 from pot
NessXG is disconnected 
NessXG has returned
*** SUMMARY ***
Total pot 40 | Rake 0 
Seat 1: Mahu2021 (button) folded before Flop (didn't bet)
Seat 2: Requp (small blind) collected (40)
Seat 3: NessXG (big blind) folded before Flop



PokerStars Hand #248542617409: Tournament #3707903436, $1.84+$0.16 USD Hold'em No Limit - Level I (10/20) - 2024/01/28 13:18:07 CET [2024/01/28 7:18:07 ET]
Table '3707903436 1' 3-max Seat #2 is the button
Seat 1: Mahu2021 (500 in chips) 
Seat 2: Requp (520 in chips) 
Seat 3: NessXG (480 in chips) 
NessXG: posts small blind 10
Mahu2021: posts big blind 20
*** HOLE CARDS ***
Dealt to Mahu2021 [Js 8c]
Requp: folds 
NessXG: calls 10
Mahu2021: checks 
*** FLOP *** [Jc 2c 3h]
NessXG: bets 20
Mahu2021: calls 20
*** TURN *** [Jc 2c 3h] [7h]
NessXG: checks 
Mahu2021: bets 20
NessXG: calls 20
*** RIVER *** [Jc 2c 3h 7h] [Ad]
NessXG: checks 
Mahu2021: checks 
*** SHOW DOWN ***
NessXG: shows [7d Tc] (a pair of Sevens)
Mahu2021: shows [Js 8c] (a pair of Jacks)
Mahu2021 collected 120 from pot
*** SUMMARY ***
Total pot 120 | Rake 0 
Board [Jc 2c 3h 7h Ad]
Seat 1: Mahu2021 (big blind) showed [Js 8c] and won (120) with a pair of Jacks
Seat 2: Requp (button) folded before Flop (didn't bet)
Seat 3: NessXG (small blind) showed [7d Tc] and lost with a pair of Sevens



PokerStars Hand #248542622438: Tournament #3707903436, $1.84+$0.16 USD Hold'em No Limit - Level I (10/20) - 2024/01/28 13:18:35 CET [2024/01/28 7:18:35 ET]
Table '3707903436 1' 3-max Seat #3 is the button
Seat 1: Mahu2021 (560 in chips) 
Seat 2: Requp (520 in chips) 
Seat 3: NessXG (420 in chips) 
Mahu2021: posts small blind 10
Requp: posts big blind 20
*** HOLE CARDS ***
Dealt to Mahu2021 [4s 7c]
NessXG: folds 
Mahu2021: folds 
Uncalled bet (10) returned to Requp
Requp collected 20 from pot
*** SUMMARY ***
Total pot 20 | Rake 0 
Seat 1: Mahu2021 (small blind) folded before Flop
Seat 2: Requp (big blind) collected (20)
Seat 3: NessXG (button) folded before Flop (didn't bet)



PokerStars Hand #248542623618: Tournament #3707903436, $1.84+$0.16 USD Hold'em No Limit - Level I (10/20) - 2024/01/28 13:18:42 CET [2024/01/28 7:18:42 ET]
Table '3707903436 1' 3-max Seat #1 is the button
Seat 1: Mahu2021 (550 in chips) 
Seat 2: Requp (530 in chips) 
Seat 3: NessXG (420 in chips) 
Requp: posts small blind 10
NessXG: posts big blind 20
*** HOLE CARDS ***
Dealt to Mahu2021 [2d 5c]
Mahu2021: folds 
Requp: calls 10
NessXG: checks 
*** FLOP *** [Jh 8s Qd]
Requp: checks 
NessXG: checks 
*** TURN *** [Jh 8s Qd] [8h]
Requp: checks 
NessXG: checks 
*** RIVER *** [Jh 8s Qd 8h] [2c]
Requp: checks 
NessXG: checks 
*** SHOW DOWN ***
Requp: shows [4c Ah] (a pair of Eights)
NessXG: mucks hand 
Requp collected 40 from pot
*** SUMMARY ***
Total pot 40 | Rake 0 
Board [Jh 8s Qd 8h 2c]
Seat 1: Mahu2021 (button) folded before Flop (didn't bet)
Seat 2: Requp (small blind) showed [4c Ah] and won (40) with a pair of Eights
Seat 3: NessXG (big blind) mucked [3d Kd]



PokerStars Hand #248542631276: Tournament #3707903436, $1.84+$0.16 USD Hold'em No Limit - Level I (10/20) - 2024/01/28 13:19:25 CET [2024/01/28 7:19:25 ET]
Table '3707903436 1' 3-max Seat #2 is the button
Seat 1: Mahu2021 (550 in chips) 
Seat 2: Requp (550 in chips) 
Seat 3: NessXG (400 in chips) 
NessXG: posts small blind 10
Mahu2021: posts big blind 20
*** HOLE CARDS ***
Dealt to Mahu2021 [Kd 4h]
Requp: raises 20 to 40
NessXG: folds 
Mahu2021: calls 20
*** FLOP *** [2h Td As]
Mahu2021: checks 
Requp: checks 
*** TURN *** [2h Td As] [8s]
Mahu2021: checks 
Requp: bets 20
Mahu2021: folds 
Uncalled bet (20) returned to Requp
Requp collected 90 from pot
*** SUMMARY ***
Total pot 90 | Rake 0 
Board [2h Td As 8s]
Seat 1: Mahu2021 (big blind) folded on the Turn
Seat 2: Requp (button) collected (90)
Seat 3: NessXG (small blind) folded before Flop



PokerStars Hand #248542634110: Tournament #3707903436, $1.84+$0.16 USD Hold'em No Limit - Level I (10/20) - 2024/01/28 13:19:41 CET [2024/01/28 7:19:41 ET]
Table '3707903436 1' 3-max Seat #3 is the button
Seat 1: Mahu2021 (510 in chips) 
Seat 2: Requp (600 in chips) 
Seat 3: NessXG (390 in chips) 
Mahu2021: posts small blind 10
Requp: posts big blind 20
*** HOLE CARDS ***
Dealt to Mahu2021 [Jc Ad]
NessXG: raises 20 to 40
Mahu2021: calls 30
Requp: calls 20
*** FLOP *** [7d Ah Qc]
Mahu2021: bets 40
Requp: calls 40
NessXG: raises 310 to 350 and is all-in
Mahu2021: calls 310
Requp: folds 
*** TURN *** [7d Ah Qc] [3c]
*** RIVER *** [7d Ah Qc 3c] [5d]
*** SHOW DOWN ***
Mahu2021: shows [Jc Ad] (a pair of Aces)
NessXG: shows [As 7s] (two pair, Aces and Sevens)
NessXG collected 860 from pot
*** SUMMARY ***
Total pot 860 | Rake 0 
Board [7d Ah Qc 3c 5d]
Seat 1: Mahu2021 (small blind) showed [Jc Ad] and lost with a pair of Aces
Seat 2: Requp (big blind) folded on the Flop
Seat 3: NessXG (button) showed [As 7s] and won (860) with two pair, Aces and Sevens



PokerStars Hand #248542639858: Tournament #3707903436, $1.84+$0.16 USD Hold'em No Limit - Level II (15/30) - 2024/01/28 13:20:13 CET [2024/01/28 7:20:13 ET]
Table '3707903436 1' 3-max Seat #1 is the button
Seat 1: Mahu2021 (120 in chips) 
Seat 2: Requp (520 in chips) 
Seat 3: NessXG (860 in chips) 
Requp: posts small blind 15
NessXG: posts big blind 30
*** HOLE CARDS ***
Dealt to Mahu2021 [2h 9h]
Mahu2021: folds 
Requp: calls 15
NessXG: checks 
*** FLOP *** [Ah Jc 4c]
Requp: checks 
NessXG: bets 30
Requp: calls 30
*** TURN *** [Ah Jc 4c] [9s]
Requp: checks 
NessXG: checks 
*** RIVER *** [Ah Jc 4c 9s] [Ac]
Requp: bets 180
NessXG: calls 180
*** SHOW DOWN ***
Requp: shows [Ad 7h] (three of a kind, Aces)
NessXG: mucks hand 
Requp collected 480 from pot
*** SUMMARY ***
Total pot 480 | Rake 0 
Board [Ah Jc 4c 9s Ac]
Seat 1: Mahu2021 (button) folded before Flop (didn't bet)
Seat 2: Requp (small blind) showed [Ad 7h] and won (480) with three of a kind, Aces
Seat 3: NessXG (big blind) mucked [Js 7c]



PokerStars Hand #248542644192: Tournament #3707903436, $1.84+$0.16 USD Hold'em No Limit - Level II (15/30) - 2024/01/28 13:20:38 CET [2024/01/28 7:20:38 ET]
Table '3707903436 1' 3-max Seat #2 is the button
Seat 1: Mahu2021 (120 in chips) 
Seat 2: Requp (760 in chips) 
Seat 3: NessXG (620 in chips) 
NessXG: posts small blind 15
Mahu2021: posts big blind 30
*** HOLE CARDS ***
Dealt to Mahu2021 [Qd Td]
Requp: calls 30
NessXG: calls 15
Mahu2021: raises 90 to 120 and is all-in
Requp: calls 90
NessXG: folds 
*** FLOP *** [3h Ks Ad]
*** TURN *** [3h Ks Ad] [Qc]
*** RIVER *** [3h Ks Ad Qc] [Js]
*** SHOW DOWN ***
Mahu2021: shows [Qd Td] (a straight, Ten to Ace)
Requp: shows [4h 4c] (a pair of Fours)
Mahu2021 collected 270 from pot
*** SUMMARY ***
Total pot 270 | Rake 0 
Board [3h Ks Ad Qc Js]
Seat 1: Mahu2021 (big blind) showed [Qd Td] and won (270) with a straight, Ten to Ace
Seat 2: Requp (button) showed [4h 4c] and lost with a pair of Fours
Seat 3: NessXG (small blind) folded before Flop



PokerStars Hand #248542647487: Tournament #3707903436, $1.84+$0.16 USD Hold'em No Limit - Level II (15/30) - 2024/01/28 13:20:56 CET [2024/01/28 7:20:56 ET]
Table '3707903436 1' 3-max Seat #3 is the button
Seat 1: Mahu2021 (270 in chips) 
Seat 2: Requp (640 in chips) 
Seat 3: NessXG (590 in chips) 
Mahu2021: posts small blind 15
Requp: posts big blind 30
*** HOLE CARDS ***
Dealt to Mahu2021 [5s 6h]
NessXG: folds 
Mahu2021: calls 15
Requp: checks 
*** FLOP *** [2d 8h 4c]
Mahu2021: checks 
Requp: bets 30
Mahu2021: calls 30
*** TURN *** [2d 8h 4c] [6s]
Mahu2021: checks 
Requp: bets 30
Mahu2021: calls 30
*** RIVER *** [2d 8h 4c 6s] [2c]
Mahu2021: checks 
Requp: bets 150
Mahu2021: calls 150
*** SHOW DOWN ***
Requp: shows [Ah 2h] (three of a kind, Deuces)
Mahu2021: mucks hand 
Requp collected 480 from pot
*** SUMMARY ***
Total pot 480 | Rake 0 
Board [2d 8h 4c 6s 2c]
Seat 1: Mahu2021 (small blind) mucked [5s 6h]
Seat 2: Requp (big blind) showed [Ah 2h] and won (480) with three of a kind, Deuces
Seat 3: NessXG (button) folded before Flop (didn't bet)



PokerStars Hand #248542651044: Tournament #3707903436, $1.84+$0.16 USD Hold'em No Limit - Level II (15/30) - 2024/01/28 13:21:16 CET [2024/01/28 7:21:16 ET]
Table '3707903436 1' 3-max Seat #1 is the button
Seat 1: Mahu2021 (30 in chips) 
Seat 2: Requp (880 in chips) 
Seat 3: NessXG (590 in chips) 
Requp: posts small blind 15
NessXG: posts big blind 30
*** HOLE CARDS ***
Dealt to Mahu2021 [7h Ac]
Mahu2021: calls 30 and is all-in
Requp: raises 30 to 60
NessXG: calls 30
*** FLOP *** [Ts 9c 3c]
Requp: checks 
NessXG: checks 
*** TURN *** [Ts 9c 3c] [Qc]
Requp: bets 30
NessXG: calls 30
*** RIVER *** [Ts 9c 3c Qc] [8c]
Requp: bets 30
NessXG: raises 30 to 60
Requp: calls 30
*** SHOW DOWN ***
NessXG: shows [2c Kc] (a flush, King high)
Requp: mucks hand 
NessXG collected 240 from side pot
Mahu2021: shows [7h Ac] (a flush, Ace high)
Mahu2021 collected 90 from main pot
*** SUMMARY ***
Total pot 330 Main pot 90. Side pot 240. | Rake 0 
Board [Ts 9c 3c Qc 8c]
Seat 1: Mahu2021 (button) showed [7h Ac] and won (90) with a flush, Ace high
Seat 2: Requp (small blind) mucked [Ad 6d]
Seat 3: NessXG (big blind) showed [2c Kc] and won (240) with a flush, King high



PokerStars Hand #248542655797: Tournament #3707903436, $1.84+$0.16 USD Hold'em No Limit - Level II (15/30) - 2024/01/28 13:21:43 CET [2024/01/28 7:21:43 ET]
Table '3707903436 1' 3-max Seat #2 is the button
Seat 1: Mahu2021 (90 in chips) 
Seat 2: Requp (730 in chips) 
Seat 3: NessXG (680 in chips) 
NessXG: posts small blind 15
Mahu2021: posts big blind 30
*** HOLE CARDS ***
Dealt to Mahu2021 [Qh Qd]
Requp: calls 30
NessXG: raises 90 to 120
Mahu2021: calls 60 and is all-in
Requp: calls 90
*** FLOP *** [9s Jh Ks]
NessXG: checks 
Requp: checks 
*** TURN *** [9s Jh Ks] [5h]
NessXG: checks 
Requp: checks 
*** RIVER *** [9s Jh Ks 5h] [3s]
NessXG: checks 
Requp: checks 
*** SHOW DOWN ***
NessXG: shows [Tc Ac] (high card Ace)
Requp: mucks hand 
NessXG collected 60 from side pot
Mahu2021: shows [Qh Qd] (a pair of Queens)
Mahu2021 collected 270 from main pot
*** SUMMARY ***
Total pot 330 Main pot 270. Side pot 60. | Rake 0 
Board [9s Jh Ks 5h 3s]
Seat 1: Mahu2021 (big blind) showed [Qh Qd] and won (270) with a pair of Queens
Seat 2: Requp (button) mucked [Qc 7s]
Seat 3: NessXG (small blind) showed [Tc Ac] and won (60) with high card Ace



PokerStars Hand #248542659825: Tournament #3707903436, $1.84+$0.16 USD Hold'em No Limit - Level III (20/40) - 2024/01/28 13:22:06 CET [2024/01/28 7:22:06 ET]
Table '3707903436 1' 3-max Seat #3 is the button
Seat 1: Mahu2021 (270 in chips) 
Seat 2: Requp (610 in chips) 
Seat 3: NessXG (620 in chips) 
Mahu2021: posts small blind 20
Requp: posts big blind 40
*** HOLE CARDS ***
Dealt to Mahu2021 [Kh Kc]
NessXG: folds 
Mahu2021: raises 230 to 270 and is all-in
Requp: folds 
Uncalled bet (230) returned to Mahu2021
Mahu2021 collected 80 from pot
Mahu2021: doesn't show hand 
*** SUMMARY ***
Total pot 80 | Rake 0 
Seat 1: Mahu2021 (small blind) collected (80)
Seat 2: Requp (big blind) folded before Flop
Seat 3: NessXG (button) folded before Flop (didn't bet)



PokerStars Hand #248542661429: Tournament #3707903436, $1.84+$0.16 USD Hold'em No Limit - Level III (20/40) - 2024/01/28 13:22:15 CET [2024/01/28 7:22:15 ET]
Table '3707903436 1' 3-max Seat #1 is the button
Seat 1: Mahu2021 (310 in chips) 
Seat 2: Requp (570 in chips) 
Seat 3: NessXG (620 in chips) 
Requp: posts small blind 20
NessXG: posts big blind 40
*** HOLE CARDS ***
Dealt to Mahu2021 [Tc 6h]
Mahu2021: folds 
Requp: calls 20
NessXG: checks 
*** FLOP *** [5d Jd 4d]
Requp: checks 
NessXG: checks 
*** TURN *** [5d Jd 4d] [3c]
Requp: bets 40
NessXG: calls 40
*** RIVER *** [5d Jd 4d 3c] [As]
Requp: checks 
NessXG: checks 
*** SHOW DOWN ***
Requp: shows [3s 9c] (a pair of Threes)
NessXG: mucks hand 
Requp collected 160 from pot
*** SUMMARY ***
Total pot 160 | Rake 0 
Board [5d Jd 4d 3c As]
Seat 1: Mahu2021 (button) folded before Flop (didn't bet)
Seat 2: Requp (small blind) showed [3s 9c] and won (160) with a pair of Threes
Seat 3: NessXG (big blind) mucked [Qd 9s]



PokerStars Hand #248542664374: Tournament #3707903436, $1.84+$0.16 USD Hold'em No Limit - Level III (20/40) - 2024/01/28 13:22:31 CET [2024/01/28 7:22:31 ET]
Table '3707903436 1' 3-max Seat #2 is the button
Seat 1: Mahu2021 (310 in chips) 
Seat 2: Requp (650 in chips) 
Seat 3: NessXG (540 in chips) 
NessXG: posts small blind 20
Mahu2021: posts big blind 40
*** HOLE CARDS ***
Dealt to Mahu2021 [5c 5s]
Requp: calls 40
NessXG: calls 20
Mahu2021: raises 270 to 310 and is all-in
Requp: folds 
NessXG: folds 
Uncalled bet (270) returned to Mahu2021
Mahu2021 collected 120 from pot
Mahu2021: doesn't show hand 
*** SUMMARY ***
Total pot 120 | Rake 0 
Seat 1: Mahu2021 (big blind) collected (120)
Seat 2: Requp (button) folded before Flop
Seat 3: NessXG (small blind) folded before Flop



PokerStars Hand #248542666111: Tournament #3707903436, $1.84+$0.16 USD Hold'em No Limit - Level III (20/40) - 2024/01/28 13:22:41 CET [2024/01/28 7:22:41 ET]
Table '3707903436 1' 3-max Seat #3 is the button
Seat 1: Mahu2021 (390 in chips) 
Seat 2: Requp (610 in chips) 
Seat 3: NessXG (500 in chips) 
Mahu2021: posts small blind 20
Requp: posts big blind 40
*** HOLE CARDS ***
Dealt to Mahu2021 [9s 5s]
NessXG: folds 
Mahu2021: folds 
Uncalled bet (20) returned to Requp
Requp collected 40 from pot
*** SUMMARY ***
Total pot 40 | Rake 0 
Seat 1: Mahu2021 (small blind) folded before Flop
Seat 2: Requp (big blind) collected (40)
Seat 3: NessXG (button) folded before Flop (didn't bet)



PokerStars Hand #248542667018: Tournament #3707903436, $1.84+$0.16 USD Hold'em No Limit - Level III (20/40) - 2024/01/28 13:22:46 CET [2024/01/28 7:22:46 ET]
Table '3707903436 1' 3-max Seat #1 is the button
Seat 1: Mahu2021 (370 in chips) 
Seat 2: Requp (630 in chips) 
Seat 3: NessXG (500 in chips) 
Requp: posts small blind 20
NessXG: posts big blind 40
*** HOLE CARDS ***
Dealt to Mahu2021 [2c Kh]
Mahu2021: folds 
Requp: calls 20
NessXG: raises 80 to 120
Requp: folds 
Uncalled bet (80) returned to NessXG
NessXG collected 80 from pot
NessXG: doesn't show hand 
*** SUMMARY ***
Total pot 80 | Rake 0 
Seat 1: Mahu2021 (button) folded before Flop (didn't bet)
Seat 2: Requp (small blind) folded before Flop
Seat 3: NessXG (big blind) collected (80)



PokerStars Hand #248542669372: Tournament #3707903436, $1.84+$0.16 USD Hold'em No Limit - Level III (20/40) - 2024/01/28 13:22:59 CET [2024/01/28 7:22:59 ET]
Table '3707903436 1' 3-max Seat #2 is the button
Seat 1: Mahu2021 (370 in chips) 
Seat 2: Requp (590 in chips) 
Seat 3: NessXG (540 in chips) 
NessXG: posts small blind 20
Mahu2021: posts big blind 40
*** HOLE CARDS ***
Dealt to Mahu2021 [7c Kc]
Requp: calls 40
NessXG: raises 500 to 540 and is all-in
Mahu2021: folds 
Requp: folds 
Uncalled bet (500) returned to NessXG
NessXG collected 120 from pot
NessXG: doesn't show hand 
*** SUMMARY ***
Total pot 120 | Rake 0 
Seat 1: Mahu2021 (big blind) folded before Flop
Seat 2: Requp (button) folded before Flop
Seat 3: NessXG (small blind) collected (120)



PokerStars Hand #248542671371: Tournament #3707903436, $1.84+$0.16 USD Hold'em No Limit - Level III (20/40) - 2024/01/28 13:23:11 CET [2024/01/28 7:23:11 ET]
Table '3707903436 1' 3-max Seat #3 is the button
Seat 1: Mahu2021 (330 in chips) 
Seat 2: Requp (550 in chips) 
Seat 3: NessXG (620 in chips) 
Mahu2021: posts small blind 20
Requp: posts big blind 40
*** HOLE CARDS ***
Dealt to Mahu2021 [3c 2h]
NessXG: folds 
Mahu2021: folds 
Uncalled bet (20) returned to Requp
Requp collected 40 from pot
*** SUMMARY ***
Total pot 40 | Rake 0 
Seat 1: Mahu2021 (small blind) folded before Flop
Seat 2: Requp (big blind) collected (40)
Seat 3: NessXG (button) folded before Flop (didn't bet)



PokerStars Hand #248542672649: Tournament #3707903436, $1.84+$0.16 USD Hold'em No Limit - Level III (20/40) - 2024/01/28 13:23:18 CET [2024/01/28 7:23:18 ET]
Table '3707903436 1' 3-max Seat #1 is the button
Seat 1: Mahu2021 (310 in chips) 
Seat 2: Requp (570 in chips) 
Seat 3: NessXG (620 in chips) 
Requp: posts small blind 20
NessXG: posts big blind 40
*** HOLE CARDS ***
Dealt to Mahu2021 [7d Ks]
Mahu2021: folds 
Requp: calls 20
NessXG: checks 
*** FLOP *** [Td 9h Kd]
Requp: checks 
NessXG: checks 
*** TURN *** [Td 9h Kd] [Kh]
Requp: checks 
NessXG: checks 
*** RIVER *** [Td 9h Kd Kh] [As]
Requp: checks 
NessXG: checks 
*** SHOW DOWN ***
Requp: shows [5d 4h] (a pair of Kings)
NessXG: shows [4s 8h] (a pair of Kings)
Requp collected 40 from pot
NessXG collected 40 from pot
*** SUMMARY ***
Total pot 80 | Rake 0 
Board [Td 9h Kd Kh As]
Seat 1: Mahu2021 (button) folded before Flop (didn't bet)
Seat 2: Requp (small blind) showed [5d 4h] and won (40) with a pair of Kings
Seat 3: NessXG (big blind) showed [4s 8h] and won (40) with a pair of Kings



PokerStars Hand #248542675214: Tournament #3707903436, $1.84+$0.16 USD Hold'em No Limit - Level III (20/40) - 2024/01/28 13:23:32 CET [2024/01/28 7:23:32 ET]
Table '3707903436 1' 3-max Seat #2 is the button
Seat 1: Mahu2021 (310 in chips) 
Seat 2: Requp (570 in chips) 
Seat 3: NessXG (620 in chips) 
NessXG: posts small blind 20
Mahu2021: posts big blind 40
*** HOLE CARDS ***
Dealt to Mahu2021 [Ac 5h]
Requp: calls 40
NessXG: calls 20
Mahu2021: checks 
*** FLOP *** [6s 9s 4s]
NessXG: checks 
Mahu2021: checks 
Requp: checks 
*** TURN *** [6s 9s 4s] [Qd]
NessXG: bets 40
Mahu2021: folds 
Requp: folds 
Uncalled bet (40) returned to NessXG
NessXG collected 120 from pot
NessXG: doesn't show hand 
*** SUMMARY ***
Total pot 120 | Rake 0 
Board [6s 9s 4s Qd]
Seat 1: Mahu2021 (big blind) folded on the Turn
Seat 2: Requp (button) folded on the Turn
Seat 3: NessXG (small blind) collected (120)



PokerStars Hand #248542678029: Tournament #3707903436, $1.84+$0.16 USD Hold'em No Limit - Level III (20/40) - 2024/01/28 13:23:48 CET [2024/01/28 7:23:48 ET]
Table '3707903436 1' 3-max Seat #3 is the button
Seat 1: Mahu2021 (270 in chips) 
Seat 2: Requp (530 in chips) 
Seat 3: NessXG (700 in chips) 
Mahu2021: posts small blind 20
Requp: posts big blind 40
*** HOLE CARDS ***
Dealt to Mahu2021 [6s 8s]
NessXG: folds 
Mahu2021: calls 20
Requp: checks 
*** FLOP *** [3c 5c Qh]
Mahu2021: checks 
Requp: checks 
*** TURN *** [3c 5c Qh] [Ks]
Mahu2021: checks 
Requp: checks 
*** RIVER *** [3c 5c Qh Ks] [Js]
Mahu2021: bets 40
Requp: folds 
Uncalled bet (40) returned to Mahu2021
Mahu2021 collected 80 from pot
Mahu2021: doesn't show hand 
*** SUMMARY ***
Total pot 80 | Rake 0 
Board [3c 5c Qh Ks Js]
Seat 1: Mahu2021 (small blind) collected (80)
Seat 2: Requp (big blind) folded on the River
Seat 3: NessXG (button) folded before Flop (didn't bet)



PokerStars Hand #248542681086: Tournament #3707903436, $1.84+$0.16 USD Hold'em No Limit - Level IV (30/60) - 2024/01/28 13:24:05 CET [2024/01/28 7:24:05 ET]
Table '3707903436 1' 3-max Seat #1 is the button
Seat 1: Mahu2021 (310 in chips) 
Seat 2: Requp (490 in chips) 
Seat 3: NessXG (700 in chips) 
Requp: posts small blind 30
NessXG: posts big blind 60
*** HOLE CARDS ***
Dealt to Mahu2021 [Jc 7h]
Mahu2021: folds 
Requp: folds 
Uncalled bet (30) returned to NessXG
NessXG collected 60 from pot
NessXG: doesn't show hand 
*** SUMMARY ***
Total pot 60 | Rake 0 
Seat 1: Mahu2021 (button) folded before Flop (didn't bet)
Seat 2: Requp (small blind) folded before Flop
Seat 3: NessXG (big blind) collected (60)



PokerStars Hand #248542682244: Tournament #3707903436, $1.84+$0.16 USD Hold'em No Limit - Level IV (30/60) - 2024/01/28 13:24:12 CET [2024/01/28 7:24:12 ET]
Table '3707903436 1' 3-max Seat #2 is the button
Seat 1: Mahu2021 (310 in chips) 
Seat 2: Requp (460 in chips) 
Seat 3: NessXG (730 in chips) 
NessXG: posts small blind 30
Mahu2021: posts big blind 60
*** HOLE CARDS ***
Dealt to Mahu2021 [Ah Js]
Requp: folds 
NessXG: raises 670 to 730 and is all-in
Mahu2021: calls 250 and is all-in
Uncalled bet (420) returned to NessXG
*** FLOP *** [Th 7h Qh]
*** TURN *** [Th 7h Qh] [6h]
*** RIVER *** [Th 7h Qh 6h] [3s]
*** SHOW DOWN ***
NessXG: shows [5d 5c] (a pair of Fives)
Mahu2021: shows [Ah Js] (a flush, Ace high)
Mahu2021 collected 620 from pot
*** SUMMARY ***
Total pot 620 | Rake 0 
Board [Th 7h Qh 6h 3s]
Seat 1: Mahu2021 (big blind) showed [Ah Js] and won (620) with a flush, Ace high
Seat 2: Requp (button) folded before Flop (didn't bet)
Seat 3: NessXG (small blind) showed [5d 5c] and lost with a pair of Fives



PokerStars Hand #248542684821: Tournament #3707903436, $1.84+$0.16 USD Hold'em No Limit - Level IV (30/60) - 2024/01/28 13:24:26 CET [2024/01/28 7:24:26 ET]
Table '3707903436 1' 3-max Seat #3 is the button
Seat 1: Mahu2021 (620 in chips) 
Seat 2: Requp (460 in chips) 
Seat 3: NessXG (420 in chips) 
Mahu2021: posts small blind 30
Requp: posts big blind 60
*** HOLE CARDS ***
Dealt to Mahu2021 [Jd 4s]
NessXG: folds 
Mahu2021: calls 30
Requp: checks 
*** FLOP *** [9d 7c Kd]
Mahu2021: checks 
Requp: checks 
*** TURN *** [9d 7c Kd] [Ts]
Mahu2021: checks 
Requp: bets 60
Mahu2021: folds 
Uncalled bet (60) returned to Requp
Requp collected 120 from pot
*** SUMMARY ***
Total pot 120 | Rake 0 
Board [9d 7c Kd Ts]
Seat 1: Mahu2021 (small blind) folded on the Turn
Seat 2: Requp (big blind) collected (120)
Seat 3: NessXG (button) folded before Flop (didn't bet)



PokerStars Hand #248542687216: Tournament #3707903436, $1.84+$0.16 USD Hold'em No Limit - Level IV (30/60) - 2024/01/28 13:24:40 CET [2024/01/28 7:24:40 ET]
Table '3707903436 1' 3-max Seat #1 is the button
Seat 1: Mahu2021 (560 in chips) 
Seat 2: Requp (520 in chips) 
Seat 3: NessXG (420 in chips) 
Requp: posts small blind 30
NessXG: posts big blind 60
*** HOLE CARDS ***
Dealt to Mahu2021 [7d 7s]
Mahu2021: raises 500 to 560 and is all-in
Requp: folds 
NessXG: folds 
Uncalled bet (500) returned to Mahu2021
Mahu2021 collected 150 from pot
Mahu2021: doesn't show hand 
*** SUMMARY ***
Total pot 150 | Rake 0 
Seat 1: Mahu2021 (button) collected (150)
Seat 2: Requp (small blind) folded before Flop
Seat 3: NessXG (big blind) folded before Flop



PokerStars Hand #248542688632: Tournament #3707903436, $1.84+$0.16 USD Hold'em No Limit - Level IV (30/60) - 2024/01/28 13:24:48 CET [2024/01/28 7:24:48 ET]
Table '3707903436 1' 3-max Seat #2 is the button
Seat 1: Mahu2021 (650 in chips) 
Seat 2: Requp (490 in chips) 
Seat 3: NessXG (360 in chips) 
NessXG: posts small blind 30
Mahu2021: posts big blind 60
*** HOLE CARDS ***
Dealt to Mahu2021 [9s 6c]
Requp: calls 60
NessXG: raises 300 to 360 and is all-in
Mahu2021: folds 
Requp: folds 
Uncalled bet (300) returned to NessXG
NessXG collected 180 from pot
NessXG: doesn't show hand 
*** SUMMARY ***
Total pot 180 | Rake 0 
Seat 1: Mahu2021 (big blind) folded before Flop
Seat 2: Requp (button) folded before Flop
Seat 3: NessXG (small blind) collected (180)



PokerStars Hand #248542690700: Tournament #3707903436, $1.84+$0.16 USD Hold'em No Limit - Level IV (30/60) - 2024/01/28 13:24:59 CET [2024/01/28 7:24:59 ET]
Table '3707903436 1' 3-max Seat #3 is the button
Seat 1: Mahu2021 (590 in chips) 
Seat 2: Requp (430 in chips) 
Seat 3: NessXG (480 in chips) 
Mahu2021: posts small blind 30
Requp: posts big blind 60
*** HOLE CARDS ***
Dealt to Mahu2021 [2s 9s]
NessXG: folds 
Mahu2021: folds 
Uncalled bet (30) returned to Requp
Requp collected 60 from pot
*** SUMMARY ***
Total pot 60 | Rake 0 
Seat 1: Mahu2021 (small blind) folded before Flop
Seat 2: Requp (big blind) collected (60)
Seat 3: NessXG (button) folded before Flop (didn't bet)



PokerStars Hand #248542691729: Tournament #3707903436, $1.84+$0.16 USD Hold'em No Limit - Level IV (30/60) - 2024/01/28 13:25:05 CET [2024/01/28 7:25:05 ET]
Table '3707903436 1' 3-max Seat #1 is the button
Seat 1: Mahu2021 (560 in chips) 
Seat 2: Requp (460 in chips) 
Seat 3: NessXG (480 in chips) 
Requp: posts small blind 30
NessXG: posts big blind 60
*** HOLE CARDS ***
Dealt to Mahu2021 [Th 8h]
Mahu2021: calls 60
Requp: calls 30
NessXG: checks 
*** FLOP *** [8d Td Qd]
Requp: bets 60
NessXG: folds 
Mahu2021: raises 440 to 500 and is all-in
Requp: folds 
Uncalled bet (440) returned to Mahu2021
Mahu2021 collected 300 from pot
Mahu2021: doesn't show hand 
*** SUMMARY ***
Total pot 300 | Rake 0 
Board [8d Td Qd]
Seat 1: Mahu2021 (button) collected (300)
Seat 2: Requp (small blind) folded on the Flop
Seat 3: NessXG (big blind) folded on the Flop



PokerStars Hand #248542695536: Tournament #3707903436, $1.84+$0.16 USD Hold'em No Limit - Level IV (30/60) - 2024/01/28 13:25:27 CET [2024/01/28 7:25:27 ET]
Table '3707903436 1' 3-max Seat #2 is the button
Seat 1: Mahu2021 (740 in chips) 
Seat 2: Requp (340 in chips) 
Seat 3: NessXG (420 in chips) 
NessXG: posts small blind 30
Mahu2021: posts big blind 60
*** HOLE CARDS ***
Dealt to Mahu2021 [Jh As]
Requp: calls 60
NessXG: folds 
Mahu2021: raises 120 to 180
Requp: calls 120
*** FLOP *** [3h 8h 8d]
Mahu2021: checks 
Requp: bets 160 and is all-in
Mahu2021: calls 160
*** TURN *** [3h 8h 8d] [7s]
*** RIVER *** [3h 8h 8d 7s] [Qh]
*** SHOW DOWN ***
Mahu2021: shows [Jh As] (a pair of Eights)
Requp: shows [Kc 4s] (a pair of Eights - lower kicker)
Mahu2021 collected 710 from pot
Requp finished the tournament in 3rd place
*** SUMMARY ***
Total pot 710 | Rake 0 
Board [3h 8h 8d 7s Qh]
Seat 1: Mahu2021 (big blind) showed [Jh As] and won (710) with a pair of Eights
Seat 2: Requp (button) showed [Kc 4s] and lost with a pair of Eights
Seat 3: NessXG (small blind) folded before Flop



PokerStars Hand #248542699797: Tournament #3707903436, $1.84+$0.16 USD Hold'em No Limit - Level IV (30/60) - 2024/01/28 13:25:50 CET [2024/01/28 7:25:50 ET]
Table '3707903436 1' 3-max Seat #1 is the button
Seat 1: Mahu2021 (1110 in chips) 
Seat 3: NessXG (390 in chips) 
Mahu2021: posts small blind 30
NessXG: posts big blind 60
*** HOLE CARDS ***
Dealt to Mahu2021 [Jh 5c]
Mahu2021: calls 30
NessXG: checks 
*** FLOP *** [7s 3h Kc]
NessXG: checks 
Mahu2021: bets 60
NessXG: folds 
Uncalled bet (60) returned to Mahu2021
Mahu2021 collected 120 from pot
Mahu2021: doesn't show hand 
*** SUMMARY ***
Total pot 120 | Rake 0 
Board [7s 3h Kc]
Seat 1: Mahu2021 (button) (small blind) collected (120)
Seat 3: NessXG (big blind) folded on the Flop



PokerStars Hand #248542703680: Tournament #3707903436, $1.84+$0.16 USD Hold'em No Limit - Level V (40/80) - 2024/01/28 13:26:12 CET [2024/01/28 7:26:12 ET]
Table '3707903436 1' 3-max Seat #3 is the button
Seat 1: Mahu2021 (1170 in chips) 
Seat 3: NessXG (330 in chips) 
NessXG: posts small blind 40
Mahu2021: posts big blind 80
*** HOLE CARDS ***
Dealt to Mahu2021 [9h 9s]
NessXG: raises 250 to 330 and is all-in
Mahu2021: calls 250
*** FLOP *** [3h Js 9d]
*** TURN *** [3h Js 9d] [4d]
*** RIVER *** [3h Js 9d 4d] [6h]
*** SHOW DOWN ***
Mahu2021: shows [9h 9s] (three of a kind, Nines)
NessXG: shows [Ad 6d] (a pair of Sixes)
Mahu2021 collected 660 from pot
NessXG finished the tournament in 2nd place
Mahu2021 wins the tournament and receives $4.00 - congratulations!
*** SUMMARY ***
Total pot 660 | Rake 0 
Board [3h Js 9d 4d 6h]
Seat 1: Mahu2021 (big blind) showed [9h 9s] and won (660) with three of a kind, Nines
Seat 3: NessXG (button) (small blind) showed [Ad 6d] and lost with a pair of Sixes



