PokerStars Hand #243030747952: Tournament #3576090803, $0.92+$0.08 USD Hold'em No Limit - Level I (10/20) - 2023/04/11 21:06:40 CET [2023/04/11 15:06:40 ET]
Table '3576090803 1' 3-max Seat #1 is the button
Seat 1: aleksei08081 (500 in chips) 
Seat 2: Mahu2021 (500 in chips) 
Seat 3: lehcxela (500 in chips) 
Mahu2021: posts small blind 10
lehcxela: posts big blind 20
*** HOLE CARDS ***
Dealt to Mahu2021 [Jd 5h]
aleksei08081: calls 20
Mahu2021: folds 
lehcxela: raises 60 to 80
aleksei08081: calls 60
*** FLOP *** [As 9h 5s]
lehcxela: bets 85
aleksei08081: raises 335 to 420 and is all-in
lehcxela: calls 335 and is all-in
*** TURN *** [As 9h 5s] [Jh]
*** RIVER *** [As 9h 5s Jh] [Qs]
*** SHOW DOWN ***
lehcxela: shows [Qc Ah] (two pair, Aces and Queens)
aleksei08081: shows [Ks 9d] (a pair of Nines)
lehcxela collected 1010 from pot
aleksei08081 finished the tournament in 3rd place
*** SUMMARY ***
Total pot 1010 | Rake 0 
Board [As 9h 5s Jh Qs]
Seat 1: aleksei08081 (button) showed [Ks 9d] and lost with a pair of Nines
Seat 2: Mahu2021 (small blind) folded before Flop
Seat 3: lehcxela (big blind) showed [Qc Ah] and won (1010) with two pair, Aces and Queens



PokerStars Hand #243030758193: Tournament #3576090803, $0.92+$0.08 USD Hold'em No Limit - Level I (10/20) - 2023/04/11 21:07:06 CET [2023/04/11 15:07:06 ET]
Table '3576090803 1' 3-max Seat #3 is the button
Seat 2: Mahu2021 (490 in chips) 
Seat 3: lehcxela (1010 in chips) 
lehcxela: posts small blind 10
Mahu2021: posts big blind 20
*** HOLE CARDS ***
Dealt to Mahu2021 [5s Ks]
lehcxela: raises 20 to 40
Mahu2021: calls 20
*** FLOP *** [Td 2s 5d]
Mahu2021: checks 
lehcxela: bets 40
Mahu2021: raises 410 to 450 and is all-in
lehcxela: folds 
Uncalled bet (410) returned to Mahu2021
Mahu2021 collected 160 from pot
Mahu2021: doesn't show hand 
*** SUMMARY ***
Total pot 160 | Rake 0 
Board [Td 2s 5d]
Seat 2: Mahu2021 (big blind) collected (160)
Seat 3: lehcxela (button) (small blind) folded on the Flop



PokerStars Hand #243030768458: Tournament #3576090803, $0.92+$0.08 USD Hold'em No Limit - Level I (10/20) - 2023/04/11 21:07:33 CET [2023/04/11 15:07:33 ET]
Table '3576090803 1' 3-max Seat #2 is the button
Seat 2: Mahu2021 (570 in chips) 
Seat 3: lehcxela (930 in chips) 
Mahu2021: posts small blind 10
lehcxela: posts big blind 20
*** HOLE CARDS ***
Dealt to Mahu2021 [3s 4s]
Mahu2021: calls 10
lehcxela: checks 
*** FLOP *** [Ad 5d Qs]
lehcxela: checks 
Mahu2021: checks 
*** TURN *** [Ad 5d Qs] [4d]
lehcxela: checks 
Mahu2021: checks 
*** RIVER *** [Ad 5d Qs 4d] [Qh]
lehcxela: bets 20
Mahu2021: calls 20
*** SHOW DOWN ***
lehcxela: shows [9h Qc] (three of a kind, Queens)
Mahu2021: mucks hand 
lehcxela collected 80 from pot
*** SUMMARY ***
Total pot 80 | Rake 0 
Board [Ad 5d Qs 4d Qh]
Seat 2: Mahu2021 (button) (small blind) mucked [3s 4s]
Seat 3: lehcxela (big blind) showed [9h Qc] and won (80) with three of a kind, Queens



PokerStars Hand #243030775511: Tournament #3576090803, $0.92+$0.08 USD Hold'em No Limit - Level I (10/20) - 2023/04/11 21:07:52 CET [2023/04/11 15:07:52 ET]
Table '3576090803 1' 3-max Seat #3 is the button
Seat 2: Mahu2021 (530 in chips) 
Seat 3: lehcxela (970 in chips) 
lehcxela: posts small blind 10
Mahu2021: posts big blind 20
*** HOLE CARDS ***
Dealt to Mahu2021 [Ks 8c]
lehcxela: raises 20 to 40
Mahu2021: calls 20
*** FLOP *** [7c 4h 6d]
Mahu2021: checks 
lehcxela: checks 
*** TURN *** [7c 4h 6d] [Th]
Mahu2021: checks 
lehcxela: bets 20
Mahu2021: calls 20
*** RIVER *** [7c 4h 6d Th] [7s]
Mahu2021: checks 
lehcxela: checks 
*** SHOW DOWN ***
Mahu2021: shows [Ks 8c] (a pair of Sevens)
lehcxela: shows [4c Ah] (two pair, Sevens and Fours)
lehcxela collected 120 from pot
*** SUMMARY ***
Total pot 120 | Rake 0 
Board [7c 4h 6d Th 7s]
Seat 2: Mahu2021 (big blind) showed [Ks 8c] and lost with a pair of Sevens
Seat 3: lehcxela (button) (small blind) showed [4c Ah] and won (120) with two pair, Sevens and Fours



PokerStars Hand #243030781689: Tournament #3576090803, $0.92+$0.08 USD Hold'em No Limit - Level I (10/20) - 2023/04/11 21:08:08 CET [2023/04/11 15:08:08 ET]
Table '3576090803 1' 3-max Seat #2 is the button
Seat 2: Mahu2021 (470 in chips) 
Seat 3: lehcxela (1030 in chips) 
Mahu2021: posts small blind 10
lehcxela: posts big blind 20
*** HOLE CARDS ***
Dealt to Mahu2021 [Qs Jc]
Mahu2021: raises 20 to 40
lehcxela: calls 20
*** FLOP *** [2s 7c Kc]
lehcxela: checks 
Mahu2021: bets 40
lehcxela: folds 
Uncalled bet (40) returned to Mahu2021
Mahu2021 collected 80 from pot
Mahu2021: doesn't show hand 
*** SUMMARY ***
Total pot 80 | Rake 0 
Board [2s 7c Kc]
Seat 2: Mahu2021 (button) (small blind) collected (80)
Seat 3: lehcxela (big blind) folded on the Flop



PokerStars Hand #243030787460: Tournament #3576090803, $0.92+$0.08 USD Hold'em No Limit - Level I (10/20) - 2023/04/11 21:08:23 CET [2023/04/11 15:08:23 ET]
Table '3576090803 1' 3-max Seat #3 is the button
Seat 2: Mahu2021 (510 in chips) 
Seat 3: lehcxela (990 in chips) 
lehcxela: posts small blind 10
Mahu2021: posts big blind 20
*** HOLE CARDS ***
Dealt to Mahu2021 [9d 2d]
lehcxela: raises 20 to 40
Mahu2021: folds 
Uncalled bet (20) returned to lehcxela
lehcxela collected 40 from pot
*** SUMMARY ***
Total pot 40 | Rake 0 
Seat 2: Mahu2021 (big blind) folded before Flop
Seat 3: lehcxela (button) (small blind) collected (40)



PokerStars Hand #243030789441: Tournament #3576090803, $0.92+$0.08 USD Hold'em No Limit - Level I (10/20) - 2023/04/11 21:08:28 CET [2023/04/11 15:08:28 ET]
Table '3576090803 1' 3-max Seat #2 is the button
Seat 2: Mahu2021 (490 in chips) 
Seat 3: lehcxela (1010 in chips) 
Mahu2021: posts small blind 10
lehcxela: posts big blind 20
*** HOLE CARDS ***
Dealt to Mahu2021 [9s 2d]
Mahu2021: folds 
Uncalled bet (10) returned to lehcxela
lehcxela collected 20 from pot
*** SUMMARY ***
Total pot 20 | Rake 0 
Seat 2: Mahu2021 (button) (small blind) folded before Flop
Seat 3: lehcxela (big blind) collected (20)



PokerStars Hand #243030791204: Tournament #3576090803, $0.92+$0.08 USD Hold'em No Limit - Level I (10/20) - 2023/04/11 21:08:33 CET [2023/04/11 15:08:33 ET]
Table '3576090803 1' 3-max Seat #3 is the button
Seat 2: Mahu2021 (480 in chips) 
Seat 3: lehcxela (1020 in chips) 
lehcxela: posts small blind 10
Mahu2021: posts big blind 20
*** HOLE CARDS ***
Dealt to Mahu2021 [3d 5c]
lehcxela: raises 20 to 40
Mahu2021: folds 
Uncalled bet (20) returned to lehcxela
lehcxela collected 40 from pot
*** SUMMARY ***
Total pot 40 | Rake 0 
Seat 2: Mahu2021 (big blind) folded before Flop
Seat 3: lehcxela (button) (small blind) collected (40)



PokerStars Hand #243030793994: Tournament #3576090803, $0.92+$0.08 USD Hold'em No Limit - Level I (10/20) - 2023/04/11 21:08:40 CET [2023/04/11 15:08:40 ET]
Table '3576090803 1' 3-max Seat #2 is the button
Seat 2: Mahu2021 (460 in chips) 
Seat 3: lehcxela (1040 in chips) 
Mahu2021: posts small blind 10
lehcxela: posts big blind 20
*** HOLE CARDS ***
Dealt to Mahu2021 [5h 4d]
Mahu2021: calls 10
lehcxela: raises 40 to 60
Mahu2021: folds 
Uncalled bet (40) returned to lehcxela
lehcxela collected 40 from pot
*** SUMMARY ***
Total pot 40 | Rake 0 
Seat 2: Mahu2021 (button) (small blind) folded before Flop
Seat 3: lehcxela (big blind) collected (40)



PokerStars Hand #243030798507: Tournament #3576090803, $0.92+$0.08 USD Hold'em No Limit - Level II (15/30) - 2023/04/11 21:08:52 CET [2023/04/11 15:08:52 ET]
Table '3576090803 1' 3-max Seat #3 is the button
Seat 2: Mahu2021 (440 in chips) 
Seat 3: lehcxela (1060 in chips) 
lehcxela: posts small blind 15
Mahu2021: posts big blind 30
*** HOLE CARDS ***
Dealt to Mahu2021 [6d Kh]
lehcxela: folds 
Uncalled bet (15) returned to Mahu2021
Mahu2021 collected 30 from pot
Mahu2021: doesn't show hand 
*** SUMMARY ***
Total pot 30 | Rake 0 
Seat 2: Mahu2021 (big blind) collected (30)
Seat 3: lehcxela (button) (small blind) folded before Flop



PokerStars Hand #243030800427: Tournament #3576090803, $0.92+$0.08 USD Hold'em No Limit - Level II (15/30) - 2023/04/11 21:08:57 CET [2023/04/11 15:08:57 ET]
Table '3576090803 1' 3-max Seat #2 is the button
Seat 2: Mahu2021 (455 in chips) 
Seat 3: lehcxela (1045 in chips) 
Mahu2021: posts small blind 15
lehcxela: posts big blind 30
*** HOLE CARDS ***
Dealt to Mahu2021 [5s 2s]
Mahu2021: calls 15
lehcxela: checks 
*** FLOP *** [6d 7c Jd]
lehcxela: checks 
Mahu2021: checks 
*** TURN *** [6d 7c Jd] [9c]
lehcxela: checks 
Mahu2021: bets 30
lehcxela: folds 
Uncalled bet (30) returned to Mahu2021
Mahu2021 collected 60 from pot
Mahu2021: doesn't show hand 
*** SUMMARY ***
Total pot 60 | Rake 0 
Board [6d 7c Jd 9c]
Seat 2: Mahu2021 (button) (small blind) collected (60)
Seat 3: lehcxela (big blind) folded on the Turn



PokerStars Hand #243030807976: Tournament #3576090803, $0.92+$0.08 USD Hold'em No Limit - Level II (15/30) - 2023/04/11 21:09:17 CET [2023/04/11 15:09:17 ET]
Table '3576090803 1' 3-max Seat #3 is the button
Seat 2: Mahu2021 (485 in chips) 
Seat 3: lehcxela (1015 in chips) 
lehcxela: posts small blind 15
Mahu2021: posts big blind 30
*** HOLE CARDS ***
Dealt to Mahu2021 [7h Kc]
lehcxela: raises 30 to 60
Mahu2021: calls 30
*** FLOP *** [3s 8c 4s]
Mahu2021: checks 
lehcxela: bets 30
Mahu2021: folds 
Uncalled bet (30) returned to lehcxela
lehcxela collected 120 from pot
*** SUMMARY ***
Total pot 120 | Rake 0 
Board [3s 8c 4s]
Seat 2: Mahu2021 (big blind) folded on the Flop
Seat 3: lehcxela (button) (small blind) collected (120)



PokerStars Hand #243030815043: Tournament #3576090803, $0.92+$0.08 USD Hold'em No Limit - Level II (15/30) - 2023/04/11 21:09:36 CET [2023/04/11 15:09:36 ET]
Table '3576090803 1' 3-max Seat #2 is the button
Seat 2: Mahu2021 (425 in chips) 
Seat 3: lehcxela (1075 in chips) 
Mahu2021: posts small blind 15
lehcxela: posts big blind 30
*** HOLE CARDS ***
Dealt to Mahu2021 [Qd Td]
Mahu2021: raises 30 to 60
lehcxela: folds 
Uncalled bet (30) returned to Mahu2021
Mahu2021 collected 60 from pot
Mahu2021: doesn't show hand 
*** SUMMARY ***
Total pot 60 | Rake 0 
Seat 2: Mahu2021 (button) (small blind) collected (60)
Seat 3: lehcxela (big blind) folded before Flop



PokerStars Hand #243030818694: Tournament #3576090803, $0.92+$0.08 USD Hold'em No Limit - Level II (15/30) - 2023/04/11 21:09:45 CET [2023/04/11 15:09:45 ET]
Table '3576090803 1' 3-max Seat #3 is the button
Seat 2: Mahu2021 (455 in chips) 
Seat 3: lehcxela (1045 in chips) 
lehcxela: posts small blind 15
Mahu2021: posts big blind 30
*** HOLE CARDS ***
Dealt to Mahu2021 [5h Qh]
lehcxela: folds 
Uncalled bet (15) returned to Mahu2021
Mahu2021 collected 30 from pot
Mahu2021: doesn't show hand 
*** SUMMARY ***
Total pot 30 | Rake 0 
Seat 2: Mahu2021 (big blind) collected (30)
Seat 3: lehcxela (button) (small blind) folded before Flop



PokerStars Hand #243030820034: Tournament #3576090803, $0.92+$0.08 USD Hold'em No Limit - Level II (15/30) - 2023/04/11 21:09:49 CET [2023/04/11 15:09:49 ET]
Table '3576090803 1' 3-max Seat #2 is the button
Seat 2: Mahu2021 (470 in chips) 
Seat 3: lehcxela (1030 in chips) 
Mahu2021: posts small blind 15
lehcxela: posts big blind 30
*** HOLE CARDS ***
Dealt to Mahu2021 [Kc 8s]
Mahu2021: raises 30 to 60
lehcxela: folds 
Uncalled bet (30) returned to Mahu2021
Mahu2021 collected 60 from pot
Mahu2021: doesn't show hand 
*** SUMMARY ***
Total pot 60 | Rake 0 
Seat 2: Mahu2021 (button) (small blind) collected (60)
Seat 3: lehcxela (big blind) folded before Flop



PokerStars Hand #243030823004: Tournament #3576090803, $0.92+$0.08 USD Hold'em No Limit - Level II (15/30) - 2023/04/11 21:09:57 CET [2023/04/11 15:09:57 ET]
Table '3576090803 1' 3-max Seat #3 is the button
Seat 2: Mahu2021 (500 in chips) 
Seat 3: lehcxela (1000 in chips) 
lehcxela: posts small blind 15
Mahu2021: posts big blind 30
*** HOLE CARDS ***
Dealt to Mahu2021 [7h Ts]
lehcxela: folds 
Uncalled bet (15) returned to Mahu2021
Mahu2021 collected 30 from pot
Mahu2021: doesn't show hand 
*** SUMMARY ***
Total pot 30 | Rake 0 
Seat 2: Mahu2021 (big blind) collected (30)
Seat 3: lehcxela (button) (small blind) folded before Flop



PokerStars Hand #243030824439: Tournament #3576090803, $0.92+$0.08 USD Hold'em No Limit - Level II (15/30) - 2023/04/11 21:10:00 CET [2023/04/11 15:10:00 ET]
Table '3576090803 1' 3-max Seat #2 is the button
Seat 2: Mahu2021 (515 in chips) 
Seat 3: lehcxela (985 in chips) 
Mahu2021: posts small blind 15
lehcxela: posts big blind 30
*** HOLE CARDS ***
Dealt to Mahu2021 [Kc 6s]
Mahu2021: calls 15
lehcxela: checks 
*** FLOP *** [Qd 9h 2h]
lehcxela: checks 
Mahu2021: checks 
*** TURN *** [Qd 9h 2h] [7s]
lehcxela: bets 30
Mahu2021: folds 
Uncalled bet (30) returned to lehcxela
lehcxela collected 60 from pot
*** SUMMARY ***
Total pot 60 | Rake 0 
Board [Qd 9h 2h 7s]
Seat 2: Mahu2021 (button) (small blind) folded on the Turn
Seat 3: lehcxela (big blind) collected (60)



PokerStars Hand #243030830650: Tournament #3576090803, $0.92+$0.08 USD Hold'em No Limit - Level II (15/30) - 2023/04/11 21:10:17 CET [2023/04/11 15:10:17 ET]
Table '3576090803 1' 3-max Seat #3 is the button
Seat 2: Mahu2021 (485 in chips) 
Seat 3: lehcxela (1015 in chips) 
lehcxela: posts small blind 15
Mahu2021: posts big blind 30
*** HOLE CARDS ***
Dealt to Mahu2021 [9d 5d]
lehcxela: raises 30 to 60
Mahu2021: calls 30
*** FLOP *** [Ac Qc 6d]
Mahu2021: checks 
lehcxela: bets 60
Mahu2021: folds 
Uncalled bet (60) returned to lehcxela
lehcxela collected 120 from pot
*** SUMMARY ***
Total pot 120 | Rake 0 
Board [Ac Qc 6d]
Seat 2: Mahu2021 (big blind) folded on the Flop
Seat 3: lehcxela (button) (small blind) collected (120)



PokerStars Hand #243030834619: Tournament #3576090803, $0.92+$0.08 USD Hold'em No Limit - Level II (15/30) - 2023/04/11 21:10:27 CET [2023/04/11 15:10:27 ET]
Table '3576090803 1' 3-max Seat #2 is the button
Seat 2: Mahu2021 (425 in chips) 
Seat 3: lehcxela (1075 in chips) 
Mahu2021: posts small blind 15
lehcxela: posts big blind 30
*** HOLE CARDS ***
Dealt to Mahu2021 [3s Kh]
Mahu2021: calls 15
lehcxela: checks 
*** FLOP *** [Kd Qh 4h]
lehcxela: checks 
Mahu2021: bets 30
lehcxela: raises 60 to 90
Mahu2021: raises 305 to 395 and is all-in
lehcxela: calls 305
*** TURN *** [Kd Qh 4h] [3c]
*** RIVER *** [Kd Qh 4h 3c] [9h]
*** SHOW DOWN ***
lehcxela: shows [4s Qs] (two pair, Queens and Fours)
Mahu2021: shows [3s Kh] (two pair, Kings and Threes)
Mahu2021 collected 850 from pot
*** SUMMARY ***
Total pot 850 | Rake 0 
Board [Kd Qh 4h 3c 9h]
Seat 2: Mahu2021 (button) (small blind) showed [3s Kh] and won (850) with two pair, Kings and Threes
Seat 3: lehcxela (big blind) showed [4s Qs] and lost with two pair, Queens and Fours



PokerStars Hand #243030844764: Tournament #3576090803, $0.92+$0.08 USD Hold'em No Limit - Level III (20/40) - 2023/04/11 21:10:54 CET [2023/04/11 15:10:54 ET]
Table '3576090803 1' 3-max Seat #3 is the button
Seat 2: Mahu2021 (850 in chips) 
Seat 3: lehcxela (650 in chips) 
lehcxela: posts small blind 20
Mahu2021: posts big blind 40
*** HOLE CARDS ***
Dealt to Mahu2021 [9h Qh]
lehcxela: folds 
Uncalled bet (20) returned to Mahu2021
Mahu2021 collected 40 from pot
Mahu2021: doesn't show hand 
*** SUMMARY ***
Total pot 40 | Rake 0 
Seat 2: Mahu2021 (big blind) collected (40)
Seat 3: lehcxela (button) (small blind) folded before Flop



PokerStars Hand #243030846286: Tournament #3576090803, $0.92+$0.08 USD Hold'em No Limit - Level III (20/40) - 2023/04/11 21:10:58 CET [2023/04/11 15:10:58 ET]
Table '3576090803 1' 3-max Seat #2 is the button
Seat 2: Mahu2021 (870 in chips) 
Seat 3: lehcxela (630 in chips) 
Mahu2021: posts small blind 20
lehcxela: posts big blind 40
*** HOLE CARDS ***
Dealt to Mahu2021 [6s 7d]
Mahu2021: calls 20
lehcxela: checks 
*** FLOP *** [6d Qd Kc]
lehcxela: checks 
Mahu2021: bets 40
lehcxela: folds 
Uncalled bet (40) returned to Mahu2021
Mahu2021 collected 80 from pot
Mahu2021: doesn't show hand 
*** SUMMARY ***
Total pot 80 | Rake 0 
Board [6d Qd Kc]
Seat 2: Mahu2021 (button) (small blind) collected (80)
Seat 3: lehcxela (big blind) folded on the Flop



PokerStars Hand #243030852554: Tournament #3576090803, $0.92+$0.08 USD Hold'em No Limit - Level III (20/40) - 2023/04/11 21:11:15 CET [2023/04/11 15:11:15 ET]
Table '3576090803 1' 3-max Seat #3 is the button
Seat 2: Mahu2021 (910 in chips) 
Seat 3: lehcxela (590 in chips) 
lehcxela: posts small blind 20
Mahu2021: posts big blind 40
*** HOLE CARDS ***
Dealt to Mahu2021 [4s Jd]
lehcxela: folds 
Uncalled bet (20) returned to Mahu2021
Mahu2021 collected 40 from pot
Mahu2021: doesn't show hand 
*** SUMMARY ***
Total pot 40 | Rake 0 
Seat 2: Mahu2021 (big blind) collected (40)
Seat 3: lehcxela (button) (small blind) folded before Flop



PokerStars Hand #243030854406: Tournament #3576090803, $0.92+$0.08 USD Hold'em No Limit - Level III (20/40) - 2023/04/11 21:11:19 CET [2023/04/11 15:11:19 ET]
Table '3576090803 1' 3-max Seat #2 is the button
Seat 2: Mahu2021 (930 in chips) 
Seat 3: lehcxela (570 in chips) 
Mahu2021: posts small blind 20
lehcxela: posts big blind 40
*** HOLE CARDS ***
Dealt to Mahu2021 [2c Qd]
Mahu2021: folds 
Uncalled bet (20) returned to lehcxela
lehcxela collected 40 from pot
*** SUMMARY ***
Total pot 40 | Rake 0 
Seat 2: Mahu2021 (button) (small blind) folded before Flop
Seat 3: lehcxela (big blind) collected (40)



PokerStars Hand #243030856166: Tournament #3576090803, $0.92+$0.08 USD Hold'em No Limit - Level III (20/40) - 2023/04/11 21:11:24 CET [2023/04/11 15:11:24 ET]
Table '3576090803 1' 3-max Seat #3 is the button
Seat 2: Mahu2021 (910 in chips) 
Seat 3: lehcxela (590 in chips) 
lehcxela: posts small blind 20
Mahu2021: posts big blind 40
*** HOLE CARDS ***
Dealt to Mahu2021 [As 8c]
lehcxela: raises 40 to 80
Mahu2021: calls 40
*** FLOP *** [3s 4h 8h]
Mahu2021: bets 830 and is all-in
lehcxela: folds 
Uncalled bet (830) returned to Mahu2021
Mahu2021 collected 160 from pot
Mahu2021: doesn't show hand 
*** SUMMARY ***
Total pot 160 | Rake 0 
Board [3s 4h 8h]
Seat 2: Mahu2021 (big blind) collected (160)
Seat 3: lehcxela (button) (small blind) folded on the Flop



PokerStars Hand #243030861205: Tournament #3576090803, $0.92+$0.08 USD Hold'em No Limit - Level III (20/40) - 2023/04/11 21:11:37 CET [2023/04/11 15:11:37 ET]
Table '3576090803 1' 3-max Seat #2 is the button
Seat 2: Mahu2021 (990 in chips) 
Seat 3: lehcxela (510 in chips) 
Mahu2021: posts small blind 20
lehcxela: posts big blind 40
*** HOLE CARDS ***
Dealt to Mahu2021 [2h 4c]
Mahu2021: folds 
Uncalled bet (20) returned to lehcxela
lehcxela collected 40 from pot
*** SUMMARY ***
Total pot 40 | Rake 0 
Seat 2: Mahu2021 (button) (small blind) folded before Flop
Seat 3: lehcxela (big blind) collected (40)



PokerStars Hand #243030862964: Tournament #3576090803, $0.92+$0.08 USD Hold'em No Limit - Level III (20/40) - 2023/04/11 21:11:42 CET [2023/04/11 15:11:42 ET]
Table '3576090803 1' 3-max Seat #3 is the button
Seat 2: Mahu2021 (970 in chips) 
Seat 3: lehcxela (530 in chips) 
lehcxela: posts small blind 20
Mahu2021: posts big blind 40
*** HOLE CARDS ***
Dealt to Mahu2021 [6s Th]
lehcxela: folds 
Uncalled bet (20) returned to Mahu2021
Mahu2021 collected 40 from pot
Mahu2021: doesn't show hand 
*** SUMMARY ***
Total pot 40 | Rake 0 
Seat 2: Mahu2021 (big blind) collected (40)
Seat 3: lehcxela (button) (small blind) folded before Flop



PokerStars Hand #243030864732: Tournament #3576090803, $0.92+$0.08 USD Hold'em No Limit - Level III (20/40) - 2023/04/11 21:11:47 CET [2023/04/11 15:11:47 ET]
Table '3576090803 1' 3-max Seat #2 is the button
Seat 2: Mahu2021 (990 in chips) 
Seat 3: lehcxela (510 in chips) 
Mahu2021: posts small blind 20
lehcxela: posts big blind 40
*** HOLE CARDS ***
Dealt to Mahu2021 [Kh Qd]
Mahu2021: raises 40 to 80
lehcxela: folds 
Uncalled bet (40) returned to Mahu2021
Mahu2021 collected 80 from pot
Mahu2021: doesn't show hand 
*** SUMMARY ***
Total pot 80 | Rake 0 
Seat 2: Mahu2021 (button) (small blind) collected (80)
Seat 3: lehcxela (big blind) folded before Flop



PokerStars Hand #243030867238: Tournament #3576090803, $0.92+$0.08 USD Hold'em No Limit - Level III (20/40) - 2023/04/11 21:11:54 CET [2023/04/11 15:11:54 ET]
Table '3576090803 1' 3-max Seat #3 is the button
Seat 2: Mahu2021 (1030 in chips) 
Seat 3: lehcxela (470 in chips) 
lehcxela: posts small blind 20
Mahu2021: posts big blind 40
*** HOLE CARDS ***
Dealt to Mahu2021 [Qc 2c]
lehcxela: folds 
Uncalled bet (20) returned to Mahu2021
Mahu2021 collected 40 from pot
Mahu2021: doesn't show hand 
*** SUMMARY ***
Total pot 40 | Rake 0 
Seat 2: Mahu2021 (big blind) collected (40)
Seat 3: lehcxela (button) (small blind) folded before Flop



PokerStars Hand #243030868359: Tournament #3576090803, $0.92+$0.08 USD Hold'em No Limit - Level III (20/40) - 2023/04/11 21:11:57 CET [2023/04/11 15:11:57 ET]
Table '3576090803 1' 3-max Seat #2 is the button
Seat 2: Mahu2021 (1050 in chips) 
Seat 3: lehcxela (450 in chips) 
Mahu2021: posts small blind 20
lehcxela: posts big blind 40
*** HOLE CARDS ***
Dealt to Mahu2021 [Ts 3s]
Mahu2021: calls 20
lehcxela: checks 
*** FLOP *** [7d 6d 8c]
lehcxela: checks 
Mahu2021: bets 40
lehcxela: folds 
Uncalled bet (40) returned to Mahu2021
Mahu2021 collected 80 from pot
Mahu2021: doesn't show hand 
*** SUMMARY ***
Total pot 80 | Rake 0 
Board [7d 6d 8c]
Seat 2: Mahu2021 (button) (small blind) collected (80)
Seat 3: lehcxela (big blind) folded on the Flop



PokerStars Hand #243030874433: Tournament #3576090803, $0.92+$0.08 USD Hold'em No Limit - Level III (20/40) - 2023/04/11 21:12:13 CET [2023/04/11 15:12:13 ET]
Table '3576090803 1' 3-max Seat #3 is the button
Seat 2: Mahu2021 (1090 in chips) 
Seat 3: lehcxela (410 in chips) 
lehcxela: posts small blind 20
Mahu2021: posts big blind 40
*** HOLE CARDS ***
Dealt to Mahu2021 [Js 2d]
lehcxela: folds 
Uncalled bet (20) returned to Mahu2021
Mahu2021 collected 40 from pot
Mahu2021: doesn't show hand 
*** SUMMARY ***
Total pot 40 | Rake 0 
Seat 2: Mahu2021 (big blind) collected (40)
Seat 3: lehcxela (button) (small blind) folded before Flop



PokerStars Hand #243030875676: Tournament #3576090803, $0.92+$0.08 USD Hold'em No Limit - Level III (20/40) - 2023/04/11 21:12:16 CET [2023/04/11 15:12:16 ET]
Table '3576090803 1' 3-max Seat #2 is the button
Seat 2: Mahu2021 (1110 in chips) 
Seat 3: lehcxela (390 in chips) 
Mahu2021: posts small blind 20
lehcxela: posts big blind 40
*** HOLE CARDS ***
Dealt to Mahu2021 [2c Ad]
Mahu2021: raises 40 to 80
lehcxela: calls 40
*** FLOP *** [7c 6c Ts]
lehcxela: checks 
Mahu2021: checks 
*** TURN *** [7c 6c Ts] [3s]
lehcxela: bets 80
Mahu2021: folds 
Uncalled bet (80) returned to lehcxela
lehcxela collected 160 from pot
*** SUMMARY ***
Total pot 160 | Rake 0 
Board [7c 6c Ts 3s]
Seat 2: Mahu2021 (button) (small blind) folded on the Turn
Seat 3: lehcxela (big blind) collected (160)



PokerStars Hand #243030881659: Tournament #3576090803, $0.92+$0.08 USD Hold'em No Limit - Level III (20/40) - 2023/04/11 21:12:32 CET [2023/04/11 15:12:32 ET]
Table '3576090803 1' 3-max Seat #3 is the button
Seat 2: Mahu2021 (1030 in chips) 
Seat 3: lehcxela (470 in chips) 
lehcxela: posts small blind 20
Mahu2021: posts big blind 40
*** HOLE CARDS ***
Dealt to Mahu2021 [3s 5s]
lehcxela: calls 20
Mahu2021: checks 
*** FLOP *** [5h 6h 3c]
Mahu2021: bets 40
lehcxela: calls 40
*** TURN *** [5h 6h 3c] [6s]
Mahu2021: bets 40
lehcxela: calls 40
*** RIVER *** [5h 6h 3c 6s] [2s]
Mahu2021: bets 40
lehcxela: raises 120 to 160
Mahu2021: calls 120
*** SHOW DOWN ***
lehcxela: shows [4d Kc] (a straight, Deuce to Six)
Mahu2021: mucks hand 
lehcxela collected 560 from pot
*** SUMMARY ***
Total pot 560 | Rake 0 
Board [5h 6h 3c 6s 2s]
Seat 2: Mahu2021 (big blind) mucked [3s 5s]
Seat 3: lehcxela (button) (small blind) showed [4d Kc] and won (560) with a straight, Deuce to Six



PokerStars Hand #243030893806: Tournament #3576090803, $0.92+$0.08 USD Hold'em No Limit - Level IV (30/60) - 2023/04/11 21:13:04 CET [2023/04/11 15:13:04 ET]
Table '3576090803 1' 3-max Seat #2 is the button
Seat 2: Mahu2021 (750 in chips) 
Seat 3: lehcxela (750 in chips) 
Mahu2021: posts small blind 30
lehcxela: posts big blind 60
*** HOLE CARDS ***
Dealt to Mahu2021 [Ks Js]
Mahu2021: raises 60 to 120
lehcxela: raises 630 to 750 and is all-in
Mahu2021: calls 630 and is all-in
*** FLOP *** [5s 7h Kc]
*** TURN *** [5s 7h Kc] [4h]
*** RIVER *** [5s 7h Kc 4h] [9d]
*** SHOW DOWN ***
lehcxela: shows [7s 7c] (three of a kind, Sevens)
Mahu2021: shows [Ks Js] (a pair of Kings)
lehcxela collected 1500 from pot
Mahu2021 finished the tournament in 2nd place
lehcxela wins the tournament and receives $2.00 - congratulations!
*** SUMMARY ***
Total pot 1500 | Rake 0 
Board [5s 7h Kc 4h 9d]
Seat 2: Mahu2021 (button) (small blind) showed [Ks Js] and lost with a pair of Kings
Seat 3: lehcxela (big blind) showed [7s 7c] and won (1500) with three of a kind, Sevens



