PokerStars Hand #249287264078: Tournament #3725694094, $1.84+$0.16 USD Hold'em No Limit - Level I (10/20) - 2024/03/07 16:01:43 CET [2024/03/07 10:01:43 ET]
Table '3725694094 1' 3-max Seat #1 is the button
Seat 1: bigianmac (500 in chips) 
Seat 2: ChoboPower (500 in chips) 
Seat 3: Mahu2021 (500 in chips) 
ChoboPower: posts small blind 10
Mahu2021: posts big blind 20
*** HOLE CARDS ***
Dealt to Mahu2021 [Kh 2s]
bigianmac: calls 20
ChoboPower: folds 
Mahu2021: checks 
*** FLOP *** [Kc 9d 7d]
Mahu2021: checks 
bigianmac: checks 
*** TURN *** [Kc 9d 7d] [9h]
Mahu2021: bets 40
bigianmac: calls 40
*** RIVER *** [Kc 9d 7d 9h] [2h]
Mahu2021: checks 
bigianmac: checks 
*** SHOW DOWN ***
Mahu2021: shows [Kh 2s] (two pair, Kings and Nines)
bigianmac: mucks hand 
Mahu2021 collected 130 from pot
*** SUMMARY ***
Total pot 130 | Rake 0 
Board [Kc 9d 7d 9h 2h]
Seat 1: bigianmac (button) mucked [5d 5c]
Seat 2: ChoboPower (small blind) folded before Flop
Seat 3: Mahu2021 (big blind) showed [Kh 2s] and won (130) with two pair, Kings and Nines



PokerStars Hand #249287269242: Tournament #3725694094, $1.84+$0.16 USD Hold'em No Limit - Level I (10/20) - 2024/03/07 16:02:09 CET [2024/03/07 10:02:09 ET]
Table '3725694094 1' 3-max Seat #2 is the button
Seat 1: bigianmac (440 in chips) 
Seat 2: ChoboPower (490 in chips) 
Seat 3: Mahu2021 (570 in chips) 
Mahu2021: posts small blind 10
bigianmac: posts big blind 20
*** HOLE CARDS ***
Dealt to Mahu2021 [6h 5h]
ChoboPower: raises 20 to 40
Mahu2021: calls 30
bigianmac: folds 
*** FLOP *** [Td 6d 7s]
Mahu2021: checks 
ChoboPower: checks 
*** TURN *** [Td 6d 7s] [Tc]
Mahu2021: checks 
ChoboPower: checks 
*** RIVER *** [Td 6d 7s Tc] [9c]
Mahu2021: checks 
ChoboPower: checks 
*** SHOW DOWN ***
Mahu2021: shows [6h 5h] (two pair, Tens and Sixes)
ChoboPower: mucks hand 
Mahu2021 collected 100 from pot
*** SUMMARY ***
Total pot 100 | Rake 0 
Board [Td 6d 7s Tc 9c]
Seat 1: bigianmac (big blind) folded before Flop
Seat 2: ChoboPower (button) mucked [Kc Js]
Seat 3: Mahu2021 (small blind) showed [6h 5h] and won (100) with two pair, Tens and Sixes



PokerStars Hand #249287276662: Tournament #3725694094, $1.84+$0.16 USD Hold'em No Limit - Level I (10/20) - 2024/03/07 16:02:44 CET [2024/03/07 10:02:44 ET]
Table '3725694094 1' 3-max Seat #3 is the button
Seat 1: bigianmac (420 in chips) 
Seat 2: ChoboPower (450 in chips) 
Seat 3: Mahu2021 (630 in chips) 
bigianmac: posts small blind 10
ChoboPower: posts big blind 20
*** HOLE CARDS ***
Dealt to Mahu2021 [3s 8s]
Mahu2021: folds 
bigianmac: folds 
Uncalled bet (10) returned to ChoboPower
ChoboPower collected 20 from pot
ChoboPower: doesn't show hand 
*** SUMMARY ***
Total pot 20 | Rake 0 
Seat 1: bigianmac (small blind) folded before Flop
Seat 2: ChoboPower (big blind) collected (20)
Seat 3: Mahu2021 (button) folded before Flop (didn't bet)



PokerStars Hand #249287277925: Tournament #3725694094, $1.84+$0.16 USD Hold'em No Limit - Level I (10/20) - 2024/03/07 16:02:50 CET [2024/03/07 10:02:50 ET]
Table '3725694094 1' 3-max Seat #1 is the button
Seat 1: bigianmac (410 in chips) 
Seat 2: ChoboPower (460 in chips) 
Seat 3: Mahu2021 (630 in chips) 
ChoboPower: posts small blind 10
Mahu2021: posts big blind 20
*** HOLE CARDS ***
Dealt to Mahu2021 [Qh Qc]
bigianmac: folds 
ChoboPower: calls 10
Mahu2021: raises 60 to 80
ChoboPower: calls 60
*** FLOP *** [9h 7s 9d]
ChoboPower: checks 
Mahu2021: bets 160
ChoboPower: folds 
Uncalled bet (160) returned to Mahu2021
Mahu2021 collected 160 from pot
Mahu2021: doesn't show hand 
*** SUMMARY ***
Total pot 160 | Rake 0 
Board [9h 7s 9d]
Seat 1: bigianmac (button) folded before Flop (didn't bet)
Seat 2: ChoboPower (small blind) folded on the Flop
Seat 3: Mahu2021 (big blind) collected (160)



PokerStars Hand #249287282376: Tournament #3725694094, $1.84+$0.16 USD Hold'em No Limit - Level I (10/20) - 2024/03/07 16:03:12 CET [2024/03/07 10:03:12 ET]
Table '3725694094 1' 3-max Seat #2 is the button
Seat 1: bigianmac (410 in chips) 
Seat 2: ChoboPower (380 in chips) 
Seat 3: Mahu2021 (710 in chips) 
Mahu2021: posts small blind 10
bigianmac: posts big blind 20
*** HOLE CARDS ***
Dealt to Mahu2021 [8s 7d]
ChoboPower: folds 
Mahu2021: folds 
Uncalled bet (10) returned to bigianmac
bigianmac collected 20 from pot
bigianmac: doesn't show hand 
*** SUMMARY ***
Total pot 20 | Rake 0 
Seat 1: bigianmac (big blind) collected (20)
Seat 2: ChoboPower (button) folded before Flop (didn't bet)
Seat 3: Mahu2021 (small blind) folded before Flop



PokerStars Hand #249287283426: Tournament #3725694094, $1.84+$0.16 USD Hold'em No Limit - Level I (10/20) - 2024/03/07 16:03:18 CET [2024/03/07 10:03:18 ET]
Table '3725694094 1' 3-max Seat #3 is the button
Seat 1: bigianmac (420 in chips) 
Seat 2: ChoboPower (380 in chips) 
Seat 3: Mahu2021 (700 in chips) 
bigianmac: posts small blind 10
ChoboPower: posts big blind 20
*** HOLE CARDS ***
Dealt to Mahu2021 [2h Kc]
Mahu2021: calls 20
bigianmac: raises 20 to 40
ChoboPower: folds 
Mahu2021: calls 20
*** FLOP *** [7d 2d Qh]
bigianmac: bets 80
Mahu2021: folds 
Uncalled bet (80) returned to bigianmac
bigianmac collected 100 from pot
bigianmac: doesn't show hand 
*** SUMMARY ***
Total pot 100 | Rake 0 
Board [7d 2d Qh]
Seat 1: bigianmac (small blind) collected (100)
Seat 2: ChoboPower (big blind) folded before Flop
Seat 3: Mahu2021 (button) folded on the Flop



PokerStars Hand #249287287992: Tournament #3725694094, $1.84+$0.16 USD Hold'em No Limit - Level I (10/20) - 2024/03/07 16:03:39 CET [2024/03/07 10:03:39 ET]
Table '3725694094 1' 3-max Seat #1 is the button
Seat 1: bigianmac (480 in chips) 
Seat 2: ChoboPower (360 in chips) 
Seat 3: Mahu2021 (660 in chips) 
ChoboPower: posts small blind 10
Mahu2021: posts big blind 20
*** HOLE CARDS ***
Dealt to Mahu2021 [4c 7s]
bigianmac: calls 20
ChoboPower: folds 
Mahu2021: checks 
*** FLOP *** [6c Kc Ac]
Mahu2021: checks 
bigianmac: checks 
*** TURN *** [6c Kc Ac] [2h]
Mahu2021: checks 
bigianmac: checks 
*** RIVER *** [6c Kc Ac 2h] [7c]
Mahu2021: bets 50
bigianmac: folds 
Uncalled bet (50) returned to Mahu2021
Mahu2021 collected 50 from pot
Mahu2021: doesn't show hand 
*** SUMMARY ***
Total pot 50 | Rake 0 
Board [6c Kc Ac 2h 7c]
Seat 1: bigianmac (button) folded on the River
Seat 2: ChoboPower (small blind) folded before Flop
Seat 3: Mahu2021 (big blind) collected (50)



PokerStars Hand #249287292776: Tournament #3725694094, $1.84+$0.16 USD Hold'em No Limit - Level I (10/20) - 2024/03/07 16:04:03 CET [2024/03/07 10:04:03 ET]
Table '3725694094 1' 3-max Seat #2 is the button
Seat 1: bigianmac (460 in chips) 
Seat 2: ChoboPower (350 in chips) 
Seat 3: Mahu2021 (690 in chips) 
Mahu2021: posts small blind 10
bigianmac: posts big blind 20
*** HOLE CARDS ***
Dealt to Mahu2021 [Td 6c]
ChoboPower: raises 20 to 40
Mahu2021: folds 
bigianmac: calls 20
*** FLOP *** [5d 8s Ts]
bigianmac: checks 
ChoboPower: bets 62
bigianmac: folds 
Uncalled bet (62) returned to ChoboPower
ChoboPower collected 90 from pot
ChoboPower: doesn't show hand 
*** SUMMARY ***
Total pot 90 | Rake 0 
Board [5d 8s Ts]
Seat 1: bigianmac (big blind) folded on the Flop
Seat 2: ChoboPower (button) collected (90)
Seat 3: Mahu2021 (small blind) folded before Flop



PokerStars Hand #249287296409: Tournament #3725694094, $1.84+$0.16 USD Hold'em No Limit - Level I (10/20) - 2024/03/07 16:04:20 CET [2024/03/07 10:04:20 ET]
Table '3725694094 1' 3-max Seat #3 is the button
Seat 1: bigianmac (420 in chips) 
Seat 2: ChoboPower (400 in chips) 
Seat 3: Mahu2021 (680 in chips) 
bigianmac: posts small blind 10
ChoboPower: posts big blind 20
*** HOLE CARDS ***
Dealt to Mahu2021 [2s 8d]
Mahu2021: folds 
bigianmac: folds 
Uncalled bet (10) returned to ChoboPower
ChoboPower collected 20 from pot
ChoboPower: doesn't show hand 
*** SUMMARY ***
Total pot 20 | Rake 0 
Seat 1: bigianmac (small blind) folded before Flop
Seat 2: ChoboPower (big blind) collected (20)
Seat 3: Mahu2021 (button) folded before Flop (didn't bet)



PokerStars Hand #249287297755: Tournament #3725694094, $1.84+$0.16 USD Hold'em No Limit - Level I (10/20) - 2024/03/07 16:04:27 CET [2024/03/07 10:04:27 ET]
Table '3725694094 1' 3-max Seat #1 is the button
Seat 1: bigianmac (410 in chips) 
Seat 2: ChoboPower (410 in chips) 
Seat 3: Mahu2021 (680 in chips) 
ChoboPower: posts small blind 10
Mahu2021: posts big blind 20
*** HOLE CARDS ***
Dealt to Mahu2021 [Ks Jc]
bigianmac: folds 
ChoboPower: folds 
Uncalled bet (10) returned to Mahu2021
Mahu2021 collected 20 from pot
Mahu2021: doesn't show hand 
*** SUMMARY ***
Total pot 20 | Rake 0 
Seat 1: bigianmac (button) folded before Flop (didn't bet)
Seat 2: ChoboPower (small blind) folded before Flop
Seat 3: Mahu2021 (big blind) collected (20)



PokerStars Hand #249287299042: Tournament #3725694094, $1.84+$0.16 USD Hold'em No Limit - Level I (10/20) - 2024/03/07 16:04:33 CET [2024/03/07 10:04:33 ET]
Table '3725694094 1' 3-max Seat #2 is the button
Seat 1: bigianmac (410 in chips) 
Seat 2: ChoboPower (400 in chips) 
Seat 3: Mahu2021 (690 in chips) 
Mahu2021: posts small blind 10
bigianmac: posts big blind 20
*** HOLE CARDS ***
Dealt to Mahu2021 [2c Kd]
ChoboPower: raises 20 to 40
Mahu2021: folds 
bigianmac: calls 20
*** FLOP *** [Kc Kh 3c]
bigianmac: bets 20
ChoboPower: calls 20
*** TURN *** [Kc Kh 3c] [3h]
bigianmac: checks 
ChoboPower: checks 
*** RIVER *** [Kc Kh 3c 3h] [3d]
bigianmac: bets 20
ChoboPower: calls 20
*** SHOW DOWN ***
bigianmac: shows [As 6c] (a full house, Threes full of Kings)
ChoboPower: shows [4h 5h] (a full house, Threes full of Kings)
bigianmac collected 85 from pot
ChoboPower collected 85 from pot
*** SUMMARY ***
Total pot 170 | Rake 0 
Board [Kc Kh 3c 3h 3d]
Seat 1: bigianmac (big blind) showed [As 6c] and won (85) with a full house, Threes full of Kings
Seat 2: ChoboPower (button) showed [4h 5h] and won (85) with a full house, Threes full of Kings
Seat 3: Mahu2021 (small blind) folded before Flop



PokerStars Hand #249287305883: Tournament #3725694094, $1.84+$0.16 USD Hold'em No Limit - Level II (15/30) - 2024/03/07 16:05:06 CET [2024/03/07 10:05:06 ET]
Table '3725694094 1' 3-max Seat #3 is the button
Seat 1: bigianmac (415 in chips) 
Seat 2: ChoboPower (405 in chips) 
Seat 3: Mahu2021 (680 in chips) 
bigianmac: posts small blind 15
ChoboPower: posts big blind 30
*** HOLE CARDS ***
Dealt to Mahu2021 [Ts 3c]
Mahu2021: folds 
bigianmac: folds 
Uncalled bet (15) returned to ChoboPower
ChoboPower collected 30 from pot
ChoboPower: doesn't show hand 
*** SUMMARY ***
Total pot 30 | Rake 0 
Seat 1: bigianmac (small blind) folded before Flop
Seat 2: ChoboPower (big blind) collected (30)
Seat 3: Mahu2021 (button) folded before Flop (didn't bet)



PokerStars Hand #249287307938: Tournament #3725694094, $1.84+$0.16 USD Hold'em No Limit - Level II (15/30) - 2024/03/07 16:05:16 CET [2024/03/07 10:05:16 ET]
Table '3725694094 1' 3-max Seat #1 is the button
Seat 1: bigianmac (400 in chips) 
Seat 2: ChoboPower (420 in chips) 
Seat 3: Mahu2021 (680 in chips) 
ChoboPower: posts small blind 15
Mahu2021: posts big blind 30
*** HOLE CARDS ***
Dealt to Mahu2021 [Ts 7h]
bigianmac: folds 
ChoboPower: calls 15
Mahu2021: checks 
*** FLOP *** [3s Kh 6h]
ChoboPower: checks 
Mahu2021: checks 
*** TURN *** [3s Kh 6h] [8c]
ChoboPower: checks 
Mahu2021: checks 
*** RIVER *** [3s Kh 6h 8c] [8h]
ChoboPower: checks 
Mahu2021: checks 
*** SHOW DOWN ***
ChoboPower: shows [Tc Js] (a pair of Eights)
Mahu2021: mucks hand 
ChoboPower collected 60 from pot
*** SUMMARY ***
Total pot 60 | Rake 0 
Board [3s Kh 6h 8c 8h]
Seat 1: bigianmac (button) folded before Flop (didn't bet)
Seat 2: ChoboPower (small blind) showed [Tc Js] and won (60) with a pair of Eights
Seat 3: Mahu2021 (big blind) mucked [Ts 7h]



PokerStars Hand #249287313210: Tournament #3725694094, $1.84+$0.16 USD Hold'em No Limit - Level II (15/30) - 2024/03/07 16:05:41 CET [2024/03/07 10:05:41 ET]
Table '3725694094 1' 3-max Seat #2 is the button
Seat 1: bigianmac (400 in chips) 
Seat 2: ChoboPower (450 in chips) 
Seat 3: Mahu2021 (650 in chips) 
Mahu2021: posts small blind 15
bigianmac: posts big blind 30
*** HOLE CARDS ***
Dealt to Mahu2021 [Qs Js]
ChoboPower: folds 
Mahu2021: raises 30 to 60
bigianmac: raises 340 to 400 and is all-in
Mahu2021: folds 
Uncalled bet (340) returned to bigianmac
bigianmac collected 120 from pot
bigianmac: doesn't show hand 
*** SUMMARY ***
Total pot 120 | Rake 0 
Seat 1: bigianmac (big blind) collected (120)
Seat 2: ChoboPower (button) folded before Flop (didn't bet)
Seat 3: Mahu2021 (small blind) folded before Flop



PokerStars Hand #249287315587: Tournament #3725694094, $1.84+$0.16 USD Hold'em No Limit - Level II (15/30) - 2024/03/07 16:05:53 CET [2024/03/07 10:05:53 ET]
Table '3725694094 1' 3-max Seat #3 is the button
Seat 1: bigianmac (460 in chips) 
Seat 2: ChoboPower (450 in chips) 
Seat 3: Mahu2021 (590 in chips) 
bigianmac: posts small blind 15
ChoboPower: posts big blind 30
*** HOLE CARDS ***
Dealt to Mahu2021 [Jd 2c]
Mahu2021: folds 
bigianmac: calls 15
ChoboPower: checks 
*** FLOP *** [7d Kd Kc]
bigianmac: checks 
ChoboPower: bets 30
bigianmac: folds 
Uncalled bet (30) returned to ChoboPower
ChoboPower collected 60 from pot
ChoboPower: doesn't show hand 
*** SUMMARY ***
Total pot 60 | Rake 0 
Board [7d Kd Kc]
Seat 1: bigianmac (small blind) folded on the Flop
Seat 2: ChoboPower (big blind) collected (60)
Seat 3: Mahu2021 (button) folded before Flop (didn't bet)



PokerStars Hand #249287318438: Tournament #3725694094, $1.84+$0.16 USD Hold'em No Limit - Level II (15/30) - 2024/03/07 16:06:06 CET [2024/03/07 10:06:06 ET]
Table '3725694094 1' 3-max Seat #1 is the button
Seat 1: bigianmac (430 in chips) 
Seat 2: ChoboPower (480 in chips) 
Seat 3: Mahu2021 (590 in chips) 
ChoboPower: posts small blind 15
Mahu2021: posts big blind 30
*** HOLE CARDS ***
Dealt to Mahu2021 [8c 5s]
bigianmac: folds 
ChoboPower: calls 15
Mahu2021: checks 
*** FLOP *** [4s Ah 8s]
ChoboPower: bets 30
Mahu2021: calls 30
*** TURN *** [4s Ah 8s] [5d]
ChoboPower: bets 60
Mahu2021: raises 470 to 530 and is all-in
ChoboPower: calls 360 and is all-in
Uncalled bet (110) returned to Mahu2021
*** RIVER *** [4s Ah 8s 5d] [9d]
*** SHOW DOWN ***
ChoboPower: shows [Ad 3h] (a pair of Aces)
Mahu2021: shows [8c 5s] (two pair, Eights and Fives)
Mahu2021 collected 960 from pot
ChoboPower finished the tournament in 3rd place
*** SUMMARY ***
Total pot 960 | Rake 0 
Board [4s Ah 8s 5d 9d]
Seat 1: bigianmac (button) folded before Flop (didn't bet)
Seat 2: ChoboPower (small blind) showed [Ad 3h] and lost with a pair of Aces
Seat 3: Mahu2021 (big blind) showed [8c 5s] and won (960) with two pair, Eights and Fives



PokerStars Hand #249287325508: Tournament #3725694094, $1.84+$0.16 USD Hold'em No Limit - Level II (15/30) - 2024/03/07 16:06:40 CET [2024/03/07 10:06:40 ET]
Table '3725694094 1' 3-max Seat #3 is the button
Seat 1: bigianmac (430 in chips) 
Seat 3: Mahu2021 (1070 in chips) 
Mahu2021: posts small blind 15
bigianmac: posts big blind 30
*** HOLE CARDS ***
Dealt to Mahu2021 [Qh 2d]
Mahu2021: calls 15
bigianmac: checks 
*** FLOP *** [3h Ah 7s]
bigianmac: checks 
Mahu2021: bets 30
bigianmac: folds 
Uncalled bet (30) returned to Mahu2021
Mahu2021 collected 60 from pot
Mahu2021: doesn't show hand 
*** SUMMARY ***
Total pot 60 | Rake 0 
Board [3h Ah 7s]
Seat 1: bigianmac (big blind) folded on the Flop
Seat 3: Mahu2021 (button) (small blind) collected (60)



PokerStars Hand #249287327690: Tournament #3725694094, $1.84+$0.16 USD Hold'em No Limit - Level II (15/30) - 2024/03/07 16:06:51 CET [2024/03/07 10:06:51 ET]
Table '3725694094 1' 3-max Seat #1 is the button
Seat 1: bigianmac (400 in chips) 
Seat 3: Mahu2021 (1100 in chips) 
bigianmac: posts small blind 15
Mahu2021: posts big blind 30
*** HOLE CARDS ***
Dealt to Mahu2021 [Tc 9c]
bigianmac: calls 15
Mahu2021: checks 
*** FLOP *** [Ah 8h 6d]
Mahu2021: checks 
bigianmac: bets 30
Mahu2021: calls 30
*** TURN *** [Ah 8h 6d] [5h]
Mahu2021: checks 
bigianmac: bets 30
Mahu2021: folds 
Uncalled bet (30) returned to bigianmac
bigianmac collected 120 from pot
bigianmac: doesn't show hand 
*** SUMMARY ***
Total pot 120 | Rake 0 
Board [Ah 8h 6d 5h]
Seat 1: bigianmac (button) (small blind) collected (120)
Seat 3: Mahu2021 (big blind) folded on the Turn



PokerStars Hand #249287331069: Tournament #3725694094, $1.84+$0.16 USD Hold'em No Limit - Level II (15/30) - 2024/03/07 16:07:07 CET [2024/03/07 10:07:07 ET]
Table '3725694094 1' 3-max Seat #3 is the button
Seat 1: bigianmac (460 in chips) 
Seat 3: Mahu2021 (1040 in chips) 
Mahu2021: posts small blind 15
bigianmac: posts big blind 30
*** HOLE CARDS ***
Dealt to Mahu2021 [8d 8h]
Mahu2021: raises 1010 to 1040 and is all-in
bigianmac: calls 430 and is all-in
Uncalled bet (580) returned to Mahu2021
*** FLOP *** [Qh 2c 6d]
*** TURN *** [Qh 2c 6d] [3c]
*** RIVER *** [Qh 2c 6d 3c] [Ac]
*** SHOW DOWN ***
bigianmac: shows [Kd Jd] (high card Ace)
Mahu2021: shows [8d 8h] (a pair of Eights)
Mahu2021 collected 920 from pot
bigianmac finished the tournament in 2nd place
Mahu2021 wins the tournament and receives $10.00 - congratulations!
*** SUMMARY ***
Total pot 920 | Rake 0 
Board [Qh 2c 6d 3c Ac]
Seat 1: bigianmac (big blind) showed [Kd Jd] and lost with high card Ace
Seat 3: Mahu2021 (button) (small blind) showed [8d 8h] and won (920) with a pair of Eights



