PokerStars Hand #244509407049: Tournament #3609948033, $0.92+$0.08 USD Hold'em No Limit - Level I (10/20) - 2023/06/28 15:05:38 CET [2023/06/28 9:05:38 ET]
Table '3609948033 1' 3-max Seat #1 is the button
Seat 1: Mahu2021 (500 in chips) 
Seat 2: LuisChessPoker (500 in chips) 
Seat 3: Pher82 (500 in chips) 
LuisChessPoker: posts small blind 10
Pher82: posts big blind 20
*** HOLE CARDS ***
Dealt to Mahu2021 [4d Qs]
Mahu2021: folds 
LuisChessPoker: calls 10
Pher82 has timed out
Pher82: checks 
*** FLOP *** [6c 6d 8c]
LuisChessPoker: checks 
Pher82: checks 
*** TURN *** [6c 6d 8c] [3c]
LuisChessPoker: bets 27
Pher82: calls 27
*** RIVER *** [6c 6d 8c 3c] [7c]
LuisChessPoker: bets 63
Pher82: raises 117 to 180
LuisChessPoker: raises 273 to 453 and is all-in
Pher82: calls 273 and is all-in
*** SHOW DOWN ***
LuisChessPoker: shows [9c 5c] (a straight flush, Five to Nine)
Pher82: shows [4c Ac] (a flush, Ace high)
LuisChessPoker collected 1000 from pot
Pher82 finished the tournament in 3rd place
*** SUMMARY ***
Total pot 1000 | Rake 0 
Board [6c 6d 8c 3c 7c]
Seat 1: Mahu2021 (button) folded before Flop (didn't bet)
Seat 2: LuisChessPoker (small blind) showed [9c 5c] and won (1000) with a straight flush, Five to Nine
Seat 3: Pher82 (big blind) showed [4c Ac] and lost with a flush, Ace high



PokerStars Hand #244509425499: Tournament #3609948033, $0.92+$0.08 USD Hold'em No Limit - Level I (10/20) - 2023/06/28 15:07:18 CET [2023/06/28 9:07:18 ET]
Table '3609948033 1' 3-max Seat #2 is the button
Seat 1: Mahu2021 (500 in chips) 
Seat 2: LuisChessPoker (1000 in chips) 
LuisChessPoker: posts small blind 10
Mahu2021: posts big blind 20
*** HOLE CARDS ***
Dealt to Mahu2021 [Ah Tc]
LuisChessPoker: raises 20 to 40
Mahu2021: calls 20
*** FLOP *** [Jc 9h 7h]
Mahu2021: checks 
LuisChessPoker: checks 
*** TURN *** [Jc 9h 7h] [4s]
Mahu2021: bets 40
LuisChessPoker: folds 
Uncalled bet (40) returned to Mahu2021
Mahu2021 collected 80 from pot
Mahu2021: doesn't show hand 
*** SUMMARY ***
Total pot 80 | Rake 0 
Board [Jc 9h 7h 4s]
Seat 1: Mahu2021 (big blind) collected (80)
Seat 2: LuisChessPoker (button) (small blind) folded on the Turn



PokerStars Hand #244509432046: Tournament #3609948033, $0.92+$0.08 USD Hold'em No Limit - Level I (10/20) - 2023/06/28 15:07:53 CET [2023/06/28 9:07:53 ET]
Table '3609948033 1' 3-max Seat #1 is the button
Seat 1: Mahu2021 (540 in chips) 
Seat 2: LuisChessPoker (960 in chips) 
Mahu2021: posts small blind 10
LuisChessPoker: posts big blind 20
*** HOLE CARDS ***
Dealt to Mahu2021 [Jh 8c]
Mahu2021: calls 10
LuisChessPoker: checks 
*** FLOP *** [Kd Ah 7d]
LuisChessPoker: checks 
Mahu2021: checks 
*** TURN *** [Kd Ah 7d] [3h]
LuisChessPoker: checks 
Mahu2021: checks 
*** RIVER *** [Kd Ah 7d 3h] [6h]
LuisChessPoker: bets 20
Mahu2021: folds 
Uncalled bet (20) returned to LuisChessPoker
LuisChessPoker collected 40 from pot
LuisChessPoker: doesn't show hand 
*** SUMMARY ***
Total pot 40 | Rake 0 
Board [Kd Ah 7d 3h 6h]
Seat 1: Mahu2021 (button) (small blind) folded on the River
Seat 2: LuisChessPoker (big blind) collected (40)



PokerStars Hand #244509439009: Tournament #3609948033, $0.92+$0.08 USD Hold'em No Limit - Level I (10/20) - 2023/06/28 15:08:30 CET [2023/06/28 9:08:30 ET]
Table '3609948033 1' 3-max Seat #2 is the button
Seat 1: Mahu2021 (520 in chips) 
Seat 2: LuisChessPoker (980 in chips) 
LuisChessPoker: posts small blind 10
Mahu2021: posts big blind 20
*** HOLE CARDS ***
Dealt to Mahu2021 [4h 9h]
LuisChessPoker: raises 20 to 40
Mahu2021: calls 20
*** FLOP *** [5d 3s Ts]
Mahu2021: checks 
LuisChessPoker: bets 26
Mahu2021: folds 
Uncalled bet (26) returned to LuisChessPoker
LuisChessPoker collected 80 from pot
LuisChessPoker: doesn't show hand 
*** SUMMARY ***
Total pot 80 | Rake 0 
Board [5d 3s Ts]
Seat 1: Mahu2021 (big blind) folded on the Flop
Seat 2: LuisChessPoker (button) (small blind) collected (80)



PokerStars Hand #244509442441: Tournament #3609948033, $0.92+$0.08 USD Hold'em No Limit - Level II (15/30) - 2023/06/28 15:08:49 CET [2023/06/28 9:08:49 ET]
Table '3609948033 1' 3-max Seat #1 is the button
Seat 1: Mahu2021 (480 in chips) 
Seat 2: LuisChessPoker (1020 in chips) 
Mahu2021: posts small blind 15
LuisChessPoker: posts big blind 30
*** HOLE CARDS ***
Dealt to Mahu2021 [As 8s]
Mahu2021: raises 30 to 60
LuisChessPoker: calls 30
*** FLOP *** [Ks 7d 6h]
LuisChessPoker: checks 
Mahu2021: bets 120
LuisChessPoker: folds 
Uncalled bet (120) returned to Mahu2021
Mahu2021 collected 120 from pot
Mahu2021: doesn't show hand 
*** SUMMARY ***
Total pot 120 | Rake 0 
Board [Ks 7d 6h]
Seat 1: Mahu2021 (button) (small blind) collected (120)
Seat 2: LuisChessPoker (big blind) folded on the Flop



PokerStars Hand #244509448358: Tournament #3609948033, $0.92+$0.08 USD Hold'em No Limit - Level II (15/30) - 2023/06/28 15:09:21 CET [2023/06/28 9:09:21 ET]
Table '3609948033 1' 3-max Seat #2 is the button
Seat 1: Mahu2021 (540 in chips) 
Seat 2: LuisChessPoker (960 in chips) 
LuisChessPoker: posts small blind 15
Mahu2021: posts big blind 30
*** HOLE CARDS ***
Dealt to Mahu2021 [Th Td]
LuisChessPoker: raises 30 to 60
Mahu2021: raises 480 to 540 and is all-in
LuisChessPoker: folds 
Uncalled bet (480) returned to Mahu2021
Mahu2021 collected 120 from pot
Mahu2021: doesn't show hand 
*** SUMMARY ***
Total pot 120 | Rake 0 
Seat 1: Mahu2021 (big blind) collected (120)
Seat 2: LuisChessPoker (button) (small blind) folded before Flop



PokerStars Hand #244509450551: Tournament #3609948033, $0.92+$0.08 USD Hold'em No Limit - Level II (15/30) - 2023/06/28 15:09:32 CET [2023/06/28 9:09:32 ET]
Table '3609948033 1' 3-max Seat #1 is the button
Seat 1: Mahu2021 (600 in chips) 
Seat 2: LuisChessPoker (900 in chips) 
Mahu2021: posts small blind 15
LuisChessPoker: posts big blind 30
*** HOLE CARDS ***
Dealt to Mahu2021 [7d 9h]
Mahu2021: calls 15
LuisChessPoker: raises 60 to 90
Mahu2021: folds 
Uncalled bet (60) returned to LuisChessPoker
LuisChessPoker collected 60 from pot
LuisChessPoker: doesn't show hand 
*** SUMMARY ***
Total pot 60 | Rake 0 
Seat 1: Mahu2021 (button) (small blind) folded before Flop
Seat 2: LuisChessPoker (big blind) collected (60)



PokerStars Hand #244509453284: Tournament #3609948033, $0.92+$0.08 USD Hold'em No Limit - Level II (15/30) - 2023/06/28 15:09:47 CET [2023/06/28 9:09:47 ET]
Table '3609948033 1' 3-max Seat #2 is the button
Seat 1: Mahu2021 (570 in chips) 
Seat 2: LuisChessPoker (930 in chips) 
LuisChessPoker: posts small blind 15
Mahu2021: posts big blind 30
*** HOLE CARDS ***
Dealt to Mahu2021 [7c 7s]
LuisChessPoker: raises 30 to 60
Mahu2021: calls 30
*** FLOP *** [8s Js Td]
Mahu2021: checks 
LuisChessPoker: bets 60
Mahu2021: calls 60
*** TURN *** [8s Js Td] [3c]
Mahu2021: checks 
LuisChessPoker: bets 160
Mahu2021: raises 290 to 450 and is all-in
LuisChessPoker: folds 
Uncalled bet (290) returned to Mahu2021
Mahu2021 collected 560 from pot
Mahu2021: doesn't show hand 
*** SUMMARY ***
Total pot 560 | Rake 0 
Board [8s Js Td 3c]
Seat 1: Mahu2021 (big blind) collected (560)
Seat 2: LuisChessPoker (button) (small blind) folded on the Turn



PokerStars Hand #244509461559: Tournament #3609948033, $0.92+$0.08 USD Hold'em No Limit - Level II (15/30) - 2023/06/28 15:10:32 CET [2023/06/28 9:10:32 ET]
Table '3609948033 1' 3-max Seat #1 is the button
Seat 1: Mahu2021 (850 in chips) 
Seat 2: LuisChessPoker (650 in chips) 
Mahu2021: posts small blind 15
LuisChessPoker: posts big blind 30
*** HOLE CARDS ***
Dealt to Mahu2021 [7d 3h]
Mahu2021: folds 
Uncalled bet (15) returned to LuisChessPoker
LuisChessPoker collected 30 from pot
LuisChessPoker: doesn't show hand 
*** SUMMARY ***
Total pot 30 | Rake 0 
Seat 1: Mahu2021 (button) (small blind) folded before Flop
Seat 2: LuisChessPoker (big blind) collected (30)



PokerStars Hand #244509462460: Tournament #3609948033, $0.92+$0.08 USD Hold'em No Limit - Level II (15/30) - 2023/06/28 15:10:37 CET [2023/06/28 9:10:37 ET]
Table '3609948033 1' 3-max Seat #2 is the button
Seat 1: Mahu2021 (835 in chips) 
Seat 2: LuisChessPoker (665 in chips) 
LuisChessPoker: posts small blind 15
Mahu2021: posts big blind 30
*** HOLE CARDS ***
Dealt to Mahu2021 [8h Ts]
LuisChessPoker: raises 30 to 60
Mahu2021: calls 30
*** FLOP *** [Td 6c Jh]
Mahu2021: checks 
LuisChessPoker: bets 40
Mahu2021: calls 40
*** TURN *** [Td 6c Jh] [8c]
Mahu2021: checks 
LuisChessPoker: bets 100
Mahu2021: calls 100
*** RIVER *** [Td 6c Jh 8c] [Th]
Mahu2021: checks 
LuisChessPoker: checks 
*** SHOW DOWN ***
Mahu2021: shows [8h Ts] (a full house, Tens full of Eights)
LuisChessPoker: mucks hand 
Mahu2021 collected 400 from pot
*** SUMMARY ***
Total pot 400 | Rake 0 
Board [Td 6c Jh 8c Th]
Seat 1: Mahu2021 (big blind) showed [8h Ts] and won (400) with a full house, Tens full of Eights
Seat 2: LuisChessPoker (button) (small blind) mucked [4h 9h]



PokerStars Hand #244509468557: Tournament #3609948033, $0.92+$0.08 USD Hold'em No Limit - Level II (15/30) - 2023/06/28 15:11:10 CET [2023/06/28 9:11:10 ET]
Table '3609948033 1' 3-max Seat #1 is the button
Seat 1: Mahu2021 (1035 in chips) 
Seat 2: LuisChessPoker (465 in chips) 
Mahu2021: posts small blind 15
LuisChessPoker: posts big blind 30
*** HOLE CARDS ***
Dealt to Mahu2021 [2d 6d]
Mahu2021: calls 15
LuisChessPoker: raises 60 to 90
Mahu2021: calls 60
*** FLOP *** [Kh Qc Qs]
LuisChessPoker: bets 60
Mahu2021: folds 
Uncalled bet (60) returned to LuisChessPoker
LuisChessPoker collected 180 from pot
LuisChessPoker: doesn't show hand 
*** SUMMARY ***
Total pot 180 | Rake 0 
Board [Kh Qc Qs]
Seat 1: Mahu2021 (button) (small blind) folded on the Flop
Seat 2: LuisChessPoker (big blind) collected (180)



PokerStars Hand #244509471875: Tournament #3609948033, $0.92+$0.08 USD Hold'em No Limit - Level II (15/30) - 2023/06/28 15:11:28 CET [2023/06/28 9:11:28 ET]
Table '3609948033 1' 3-max Seat #2 is the button
Seat 1: Mahu2021 (945 in chips) 
Seat 2: LuisChessPoker (555 in chips) 
LuisChessPoker: posts small blind 15
Mahu2021: posts big blind 30
*** HOLE CARDS ***
Dealt to Mahu2021 [9d 4h]
LuisChessPoker: raises 30 to 60
Mahu2021: folds 
Uncalled bet (30) returned to LuisChessPoker
LuisChessPoker collected 60 from pot
LuisChessPoker: doesn't show hand 
*** SUMMARY ***
Total pot 60 | Rake 0 
Seat 1: Mahu2021 (big blind) folded before Flop
Seat 2: LuisChessPoker (button) (small blind) collected (60)



PokerStars Hand #244509472682: Tournament #3609948033, $0.92+$0.08 USD Hold'em No Limit - Level II (15/30) - 2023/06/28 15:11:33 CET [2023/06/28 9:11:33 ET]
Table '3609948033 1' 3-max Seat #1 is the button
Seat 1: Mahu2021 (915 in chips) 
Seat 2: LuisChessPoker (585 in chips) 
Mahu2021: posts small blind 15
LuisChessPoker: posts big blind 30
*** HOLE CARDS ***
Dealt to Mahu2021 [Jd Tc]
Mahu2021: raises 30 to 60
LuisChessPoker: calls 30
*** FLOP *** [As 9s 3h]
LuisChessPoker: checks 
Mahu2021: bets 60
LuisChessPoker: folds 
Uncalled bet (60) returned to Mahu2021
Mahu2021 collected 120 from pot
Mahu2021: doesn't show hand 
*** SUMMARY ***
Total pot 120 | Rake 0 
Board [As 9s 3h]
Seat 1: Mahu2021 (button) (small blind) collected (120)
Seat 2: LuisChessPoker (big blind) folded on the Flop



PokerStars Hand #244509477621: Tournament #3609948033, $0.92+$0.08 USD Hold'em No Limit - Level III (20/40) - 2023/06/28 15:12:00 CET [2023/06/28 9:12:00 ET]
Table '3609948033 1' 3-max Seat #2 is the button
Seat 1: Mahu2021 (975 in chips) 
Seat 2: LuisChessPoker (525 in chips) 
LuisChessPoker: posts small blind 20
Mahu2021: posts big blind 40
*** HOLE CARDS ***
Dealt to Mahu2021 [Qc Th]
LuisChessPoker: raises 40 to 80
Mahu2021: calls 40
*** FLOP *** [Jc 9d Qd]
Mahu2021: checks 
LuisChessPoker: checks 
*** TURN *** [Jc 9d Qd] [4c]
Mahu2021: checks 
LuisChessPoker: checks 
*** RIVER *** [Jc 9d Qd 4c] [2d]
Mahu2021: checks 
LuisChessPoker: checks 
*** SHOW DOWN ***
Mahu2021: shows [Qc Th] (a pair of Queens)
LuisChessPoker: mucks hand 
Mahu2021 collected 160 from pot
*** SUMMARY ***
Total pot 160 | Rake 0 
Board [Jc 9d Qd 4c 2d]
Seat 1: Mahu2021 (big blind) showed [Qc Th] and won (160) with a pair of Queens
Seat 2: LuisChessPoker (button) (small blind) mucked [Kc 4d]



PokerStars Hand #244509481433: Tournament #3609948033, $0.92+$0.08 USD Hold'em No Limit - Level III (20/40) - 2023/06/28 15:12:21 CET [2023/06/28 9:12:21 ET]
Table '3609948033 1' 3-max Seat #1 is the button
Seat 1: Mahu2021 (1055 in chips) 
Seat 2: LuisChessPoker (445 in chips) 
Mahu2021: posts small blind 20
LuisChessPoker: posts big blind 40
*** HOLE CARDS ***
Dealt to Mahu2021 [Qh 9h]
Mahu2021: raises 40 to 80
LuisChessPoker: raises 365 to 445 and is all-in
Mahu2021: calls 365
*** FLOP *** [Ad Ts 2c]
*** TURN *** [Ad Ts 2c] [4s]
*** RIVER *** [Ad Ts 2c 4s] [6h]
*** SHOW DOWN ***
LuisChessPoker: shows [As 5c] (a pair of Aces)
Mahu2021: shows [Qh 9h] (high card Ace)
LuisChessPoker collected 890 from pot
*** SUMMARY ***
Total pot 890 | Rake 0 
Board [Ad Ts 2c 4s 6h]
Seat 1: Mahu2021 (button) (small blind) showed [Qh 9h] and lost with high card Ace
Seat 2: LuisChessPoker (big blind) showed [As 5c] and won (890) with a pair of Aces



PokerStars Hand #244509485338: Tournament #3609948033, $0.92+$0.08 USD Hold'em No Limit - Level III (20/40) - 2023/06/28 15:12:42 CET [2023/06/28 9:12:42 ET]
Table '3609948033 1' 3-max Seat #2 is the button
Seat 1: Mahu2021 (610 in chips) 
Seat 2: LuisChessPoker (890 in chips) 
LuisChessPoker: posts small blind 20
Mahu2021: posts big blind 40
*** HOLE CARDS ***
Dealt to Mahu2021 [Th Ah]
LuisChessPoker: raises 40 to 80
Mahu2021: raises 530 to 610 and is all-in
LuisChessPoker: folds 
Uncalled bet (530) returned to Mahu2021
Mahu2021 collected 160 from pot
Mahu2021: doesn't show hand 
*** SUMMARY ***
Total pot 160 | Rake 0 
Seat 1: Mahu2021 (big blind) collected (160)
Seat 2: LuisChessPoker (button) (small blind) folded before Flop



PokerStars Hand #244509488396: Tournament #3609948033, $0.92+$0.08 USD Hold'em No Limit - Level III (20/40) - 2023/06/28 15:12:59 CET [2023/06/28 9:12:59 ET]
Table '3609948033 1' 3-max Seat #1 is the button
Seat 1: Mahu2021 (690 in chips) 
Seat 2: LuisChessPoker (810 in chips) 
Mahu2021: posts small blind 20
LuisChessPoker: posts big blind 40
*** HOLE CARDS ***
Dealt to Mahu2021 [4c Ts]
Mahu2021: folds 
Uncalled bet (20) returned to LuisChessPoker
LuisChessPoker collected 40 from pot
LuisChessPoker: doesn't show hand 
*** SUMMARY ***
Total pot 40 | Rake 0 
Seat 1: Mahu2021 (button) (small blind) folded before Flop
Seat 2: LuisChessPoker (big blind) collected (40)



PokerStars Hand #244509489262: Tournament #3609948033, $0.92+$0.08 USD Hold'em No Limit - Level III (20/40) - 2023/06/28 15:13:04 CET [2023/06/28 9:13:04 ET]
Table '3609948033 1' 3-max Seat #2 is the button
Seat 1: Mahu2021 (670 in chips) 
Seat 2: LuisChessPoker (830 in chips) 
LuisChessPoker: posts small blind 20
Mahu2021: posts big blind 40
*** HOLE CARDS ***
Dealt to Mahu2021 [Th 2h]
LuisChessPoker: raises 40 to 80
Mahu2021: calls 40
*** FLOP *** [As 6d 7d]
Mahu2021: checks 
LuisChessPoker: bets 53
Mahu2021: folds 
Uncalled bet (53) returned to LuisChessPoker
LuisChessPoker collected 160 from pot
LuisChessPoker: doesn't show hand 
*** SUMMARY ***
Total pot 160 | Rake 0 
Board [As 6d 7d]
Seat 1: Mahu2021 (big blind) folded on the Flop
Seat 2: LuisChessPoker (button) (small blind) collected (160)



PokerStars Hand #244509491980: Tournament #3609948033, $0.92+$0.08 USD Hold'em No Limit - Level III (20/40) - 2023/06/28 15:13:19 CET [2023/06/28 9:13:19 ET]
Table '3609948033 1' 3-max Seat #1 is the button
Seat 1: Mahu2021 (590 in chips) 
Seat 2: LuisChessPoker (910 in chips) 
Mahu2021: posts small blind 20
LuisChessPoker: posts big blind 40
*** HOLE CARDS ***
Dealt to Mahu2021 [3s Td]
Mahu2021: folds 
Uncalled bet (20) returned to LuisChessPoker
LuisChessPoker collected 40 from pot
LuisChessPoker: doesn't show hand 
*** SUMMARY ***
Total pot 40 | Rake 0 
Seat 1: Mahu2021 (button) (small blind) folded before Flop
Seat 2: LuisChessPoker (big blind) collected (40)



PokerStars Hand #244509492781: Tournament #3609948033, $0.92+$0.08 USD Hold'em No Limit - Level III (20/40) - 2023/06/28 15:13:23 CET [2023/06/28 9:13:23 ET]
Table '3609948033 1' 3-max Seat #2 is the button
Seat 1: Mahu2021 (570 in chips) 
Seat 2: LuisChessPoker (930 in chips) 
LuisChessPoker: posts small blind 20
Mahu2021: posts big blind 40
*** HOLE CARDS ***
Dealt to Mahu2021 [Ad 2c]
LuisChessPoker: raises 40 to 80
Mahu2021: calls 40
*** FLOP *** [7h 9s 6d]
Mahu2021: checks 
LuisChessPoker: checks 
*** TURN *** [7h 9s 6d] [6s]
Mahu2021: bets 490 and is all-in
LuisChessPoker: folds 
Uncalled bet (490) returned to Mahu2021
Mahu2021 collected 160 from pot
Mahu2021: doesn't show hand 
*** SUMMARY ***
Total pot 160 | Rake 0 
Board [7h 9s 6d 6s]
Seat 1: Mahu2021 (big blind) collected (160)
Seat 2: LuisChessPoker (button) (small blind) folded on the Turn



PokerStars Hand #244509496309: Tournament #3609948033, $0.92+$0.08 USD Hold'em No Limit - Level III (20/40) - 2023/06/28 15:13:42 CET [2023/06/28 9:13:42 ET]
Table '3609948033 1' 3-max Seat #1 is the button
Seat 1: Mahu2021 (650 in chips) 
Seat 2: LuisChessPoker (850 in chips) 
Mahu2021: posts small blind 20
LuisChessPoker: posts big blind 40
*** HOLE CARDS ***
Dealt to Mahu2021 [4d Qs]
Mahu2021: folds 
Uncalled bet (20) returned to LuisChessPoker
LuisChessPoker collected 40 from pot
LuisChessPoker: doesn't show hand 
*** SUMMARY ***
Total pot 40 | Rake 0 
Seat 1: Mahu2021 (button) (small blind) folded before Flop
Seat 2: LuisChessPoker (big blind) collected (40)



PokerStars Hand #244509497196: Tournament #3609948033, $0.92+$0.08 USD Hold'em No Limit - Level III (20/40) - 2023/06/28 15:13:47 CET [2023/06/28 9:13:47 ET]
Table '3609948033 1' 3-max Seat #2 is the button
Seat 1: Mahu2021 (630 in chips) 
Seat 2: LuisChessPoker (870 in chips) 
LuisChessPoker: posts small blind 20
Mahu2021: posts big blind 40
*** HOLE CARDS ***
Dealt to Mahu2021 [Jd 8h]
LuisChessPoker: raises 40 to 80
Mahu2021: calls 40
*** FLOP *** [9h 4c 7h]
Mahu2021: checks 
LuisChessPoker: bets 53
Mahu2021: calls 53
*** TURN *** [9h 4c 7h] [Td]
Mahu2021: checks 
LuisChessPoker: bets 133
Mahu2021: calls 133
*** RIVER *** [9h 4c 7h Td] [5h]
Mahu2021: bets 160
LuisChessPoker: folds 
Uncalled bet (160) returned to Mahu2021
Mahu2021 collected 532 from pot
Mahu2021: doesn't show hand 
*** SUMMARY ***
Total pot 532 | Rake 0 
Board [9h 4c 7h Td 5h]
Seat 1: Mahu2021 (big blind) collected (532)
Seat 2: LuisChessPoker (button) (small blind) folded on the River



PokerStars Hand #244509504697: Tournament #3609948033, $0.92+$0.08 USD Hold'em No Limit - Level III (20/40) - 2023/06/28 15:14:28 CET [2023/06/28 9:14:28 ET]
Table '3609948033 1' 3-max Seat #1 is the button
Seat 1: Mahu2021 (896 in chips) 
Seat 2: LuisChessPoker (604 in chips) 
Mahu2021: posts small blind 20
LuisChessPoker: posts big blind 40
*** HOLE CARDS ***
Dealt to Mahu2021 [Ac Qh]
Mahu2021: raises 40 to 80
LuisChessPoker: calls 40
*** FLOP *** [As Jc 7d]
LuisChessPoker: checks 
Mahu2021: bets 80
LuisChessPoker: folds 
Uncalled bet (80) returned to Mahu2021
Mahu2021 collected 160 from pot
Mahu2021: doesn't show hand 
*** SUMMARY ***
Total pot 160 | Rake 0 
Board [As Jc 7d]
Seat 1: Mahu2021 (button) (small blind) collected (160)
Seat 2: LuisChessPoker (big blind) folded on the Flop



PokerStars Hand #244509508996: Tournament #3609948033, $0.92+$0.08 USD Hold'em No Limit - Level IV (30/60) - 2023/06/28 15:14:52 CET [2023/06/28 9:14:52 ET]
Table '3609948033 1' 3-max Seat #2 is the button
Seat 1: Mahu2021 (976 in chips) 
Seat 2: LuisChessPoker (524 in chips) 
LuisChessPoker: posts small blind 30
Mahu2021: posts big blind 60
*** HOLE CARDS ***
Dealt to Mahu2021 [3s Js]
LuisChessPoker: calls 30
Mahu2021: checks 
*** FLOP *** [7h Qc 6s]
Mahu2021: checks 
LuisChessPoker: bets 60
Mahu2021: folds 
Uncalled bet (60) returned to LuisChessPoker
LuisChessPoker collected 120 from pot
LuisChessPoker: doesn't show hand 
*** SUMMARY ***
Total pot 120 | Rake 0 
Board [7h Qc 6s]
Seat 1: Mahu2021 (big blind) folded on the Flop
Seat 2: LuisChessPoker (button) (small blind) collected (120)



PokerStars Hand #244509510722: Tournament #3609948033, $0.92+$0.08 USD Hold'em No Limit - Level IV (30/60) - 2023/06/28 15:15:01 CET [2023/06/28 9:15:01 ET]
Table '3609948033 1' 3-max Seat #1 is the button
Seat 1: Mahu2021 (916 in chips) 
Seat 2: LuisChessPoker (584 in chips) 
Mahu2021: posts small blind 30
LuisChessPoker: posts big blind 60
*** HOLE CARDS ***
Dealt to Mahu2021 [8c Kc]
Mahu2021: raises 60 to 120
LuisChessPoker: calls 60
*** FLOP *** [As 4s 7c]
LuisChessPoker: checks 
Mahu2021: bets 120
LuisChessPoker: folds 
Uncalled bet (120) returned to Mahu2021
Mahu2021 collected 240 from pot
Mahu2021: doesn't show hand 
*** SUMMARY ***
Total pot 240 | Rake 0 
Board [As 4s 7c]
Seat 1: Mahu2021 (button) (small blind) collected (240)
Seat 2: LuisChessPoker (big blind) folded on the Flop



PokerStars Hand #244509512986: Tournament #3609948033, $0.92+$0.08 USD Hold'em No Limit - Level IV (30/60) - 2023/06/28 15:15:13 CET [2023/06/28 9:15:13 ET]
Table '3609948033 1' 3-max Seat #2 is the button
Seat 1: Mahu2021 (1036 in chips) 
Seat 2: LuisChessPoker (464 in chips) 
LuisChessPoker: posts small blind 30
Mahu2021: posts big blind 60
*** HOLE CARDS ***
Dealt to Mahu2021 [4s 3s]
LuisChessPoker: folds 
Uncalled bet (30) returned to Mahu2021
Mahu2021 collected 60 from pot
Mahu2021: doesn't show hand 
*** SUMMARY ***
Total pot 60 | Rake 0 
Seat 1: Mahu2021 (big blind) collected (60)
Seat 2: LuisChessPoker (button) (small blind) folded before Flop



PokerStars Hand #244509513601: Tournament #3609948033, $0.92+$0.08 USD Hold'em No Limit - Level IV (30/60) - 2023/06/28 15:15:17 CET [2023/06/28 9:15:17 ET]
Table '3609948033 1' 3-max Seat #1 is the button
Seat 1: Mahu2021 (1066 in chips) 
Seat 2: LuisChessPoker (434 in chips) 
Mahu2021: posts small blind 30
LuisChessPoker: posts big blind 60
*** HOLE CARDS ***
Dealt to Mahu2021 [3c 9h]
Mahu2021: folds 
Uncalled bet (30) returned to LuisChessPoker
LuisChessPoker collected 60 from pot
LuisChessPoker: doesn't show hand 
*** SUMMARY ***
Total pot 60 | Rake 0 
Seat 1: Mahu2021 (button) (small blind) folded before Flop
Seat 2: LuisChessPoker (big blind) collected (60)



PokerStars Hand #244509514453: Tournament #3609948033, $0.92+$0.08 USD Hold'em No Limit - Level IV (30/60) - 2023/06/28 15:15:21 CET [2023/06/28 9:15:21 ET]
Table '3609948033 1' 3-max Seat #2 is the button
Seat 1: Mahu2021 (1036 in chips) 
Seat 2: LuisChessPoker (464 in chips) 
LuisChessPoker: posts small blind 30
Mahu2021: posts big blind 60
*** HOLE CARDS ***
Dealt to Mahu2021 [8d 3h]
LuisChessPoker: raises 60 to 120
Mahu2021: folds 
Uncalled bet (60) returned to LuisChessPoker
LuisChessPoker collected 120 from pot
LuisChessPoker: doesn't show hand 
*** SUMMARY ***
Total pot 120 | Rake 0 
Seat 1: Mahu2021 (big blind) folded before Flop
Seat 2: LuisChessPoker (button) (small blind) collected (120)



PokerStars Hand #244509515330: Tournament #3609948033, $0.92+$0.08 USD Hold'em No Limit - Level IV (30/60) - 2023/06/28 15:15:26 CET [2023/06/28 9:15:26 ET]
Table '3609948033 1' 3-max Seat #1 is the button
Seat 1: Mahu2021 (976 in chips) 
Seat 2: LuisChessPoker (524 in chips) 
Mahu2021: posts small blind 30
LuisChessPoker: posts big blind 60
*** HOLE CARDS ***
Dealt to Mahu2021 [Kd 9s]
Mahu2021: raises 60 to 120
LuisChessPoker: calls 60
*** FLOP *** [3c 5s 6c]
LuisChessPoker: checks 
Mahu2021: checks 
*** TURN *** [3c 5s 6c] [6h]
LuisChessPoker: bets 120
Mahu2021: folds 
Uncalled bet (120) returned to LuisChessPoker
LuisChessPoker collected 240 from pot
LuisChessPoker: doesn't show hand 
*** SUMMARY ***
Total pot 240 | Rake 0 
Board [3c 5s 6c 6h]
Seat 1: Mahu2021 (button) (small blind) folded on the Turn
Seat 2: LuisChessPoker (big blind) collected (240)



PokerStars Hand #244509518678: Tournament #3609948033, $0.92+$0.08 USD Hold'em No Limit - Level IV (30/60) - 2023/06/28 15:15:45 CET [2023/06/28 9:15:45 ET]
Table '3609948033 1' 3-max Seat #2 is the button
Seat 1: Mahu2021 (856 in chips) 
Seat 2: LuisChessPoker (644 in chips) 
LuisChessPoker: posts small blind 30
Mahu2021: posts big blind 60
*** HOLE CARDS ***
Dealt to Mahu2021 [Qh Js]
LuisChessPoker: calls 30
Mahu2021: checks 
*** FLOP *** [Qc 9h Jc]
Mahu2021: checks 
LuisChessPoker: checks 
*** TURN *** [Qc 9h Jc] [Ts]
Mahu2021: checks 
LuisChessPoker: checks 
*** RIVER *** [Qc 9h Jc Ts] [7s]
Mahu2021: checks 
LuisChessPoker: checks 
*** SHOW DOWN ***
Mahu2021: shows [Qh Js] (two pair, Queens and Jacks)
LuisChessPoker: mucks hand 
Mahu2021 collected 120 from pot
*** SUMMARY ***
Total pot 120 | Rake 0 
Board [Qc 9h Jc Ts 7s]
Seat 1: Mahu2021 (big blind) showed [Qh Js] and won (120) with two pair, Queens and Jacks
Seat 2: LuisChessPoker (button) (small blind) mucked [As 6d]



PokerStars Hand #244509522752: Tournament #3609948033, $0.92+$0.08 USD Hold'em No Limit - Level IV (30/60) - 2023/06/28 15:16:08 CET [2023/06/28 9:16:08 ET]
Table '3609948033 1' 3-max Seat #1 is the button
Seat 1: Mahu2021 (916 in chips) 
Seat 2: LuisChessPoker (584 in chips) 
Mahu2021: posts small blind 30
LuisChessPoker: posts big blind 60
*** HOLE CARDS ***
Dealt to Mahu2021 [2d 8c]
Mahu2021: folds 
Uncalled bet (30) returned to LuisChessPoker
LuisChessPoker collected 60 from pot
LuisChessPoker: doesn't show hand 
*** SUMMARY ***
Total pot 60 | Rake 0 
Seat 1: Mahu2021 (button) (small blind) folded before Flop
Seat 2: LuisChessPoker (big blind) collected (60)



PokerStars Hand #244509523715: Tournament #3609948033, $0.92+$0.08 USD Hold'em No Limit - Level IV (30/60) - 2023/06/28 15:16:13 CET [2023/06/28 9:16:13 ET]
Table '3609948033 1' 3-max Seat #2 is the button
Seat 1: Mahu2021 (886 in chips) 
Seat 2: LuisChessPoker (614 in chips) 
LuisChessPoker: posts small blind 30
Mahu2021: posts big blind 60
*** HOLE CARDS ***
Dealt to Mahu2021 [5d Ah]
LuisChessPoker: raises 60 to 120
Mahu2021: calls 60
*** FLOP *** [Td 5c 4h]
Mahu2021: checks 
LuisChessPoker: bets 79
Mahu2021: raises 687 to 766 and is all-in
LuisChessPoker: folds 
Uncalled bet (687) returned to Mahu2021
Mahu2021 collected 398 from pot
Mahu2021: doesn't show hand 
*** SUMMARY ***
Total pot 398 | Rake 0 
Board [Td 5c 4h]
Seat 1: Mahu2021 (big blind) collected (398)
Seat 2: LuisChessPoker (button) (small blind) folded on the Flop



PokerStars Hand #244509526247: Tournament #3609948033, $0.92+$0.08 USD Hold'em No Limit - Level IV (30/60) - 2023/06/28 15:16:27 CET [2023/06/28 9:16:27 ET]
Table '3609948033 1' 3-max Seat #1 is the button
Seat 1: Mahu2021 (1085 in chips) 
Seat 2: LuisChessPoker (415 in chips) 
Mahu2021: posts small blind 30
LuisChessPoker: posts big blind 60
*** HOLE CARDS ***
Dealt to Mahu2021 [5d 2d]
Mahu2021: calls 30
LuisChessPoker: raises 355 to 415 and is all-in
Mahu2021: folds 
Uncalled bet (355) returned to LuisChessPoker
LuisChessPoker collected 120 from pot
LuisChessPoker: doesn't show hand 
*** SUMMARY ***
Total pot 120 | Rake 0 
Seat 1: Mahu2021 (button) (small blind) folded before Flop
Seat 2: LuisChessPoker (big blind) collected (120)



PokerStars Hand #244509527600: Tournament #3609948033, $0.92+$0.08 USD Hold'em No Limit - Level IV (30/60) - 2023/06/28 15:16:34 CET [2023/06/28 9:16:34 ET]
Table '3609948033 1' 3-max Seat #2 is the button
Seat 1: Mahu2021 (1025 in chips) 
Seat 2: LuisChessPoker (475 in chips) 
LuisChessPoker: posts small blind 30
Mahu2021: posts big blind 60
*** HOLE CARDS ***
Dealt to Mahu2021 [2c Td]
LuisChessPoker: calls 30
Mahu2021: checks 
*** FLOP *** [Qd 7d Kd]
Mahu2021: checks 
LuisChessPoker: bets 60
Mahu2021: calls 60
*** TURN *** [Qd 7d Kd] [8s]
Mahu2021: checks 
LuisChessPoker: bets 120
Mahu2021: folds 
Uncalled bet (120) returned to LuisChessPoker
LuisChessPoker collected 240 from pot
LuisChessPoker: doesn't show hand 
*** SUMMARY ***
Total pot 240 | Rake 0 
Board [Qd 7d Kd 8s]
Seat 1: Mahu2021 (big blind) folded on the Turn
Seat 2: LuisChessPoker (button) (small blind) collected (240)



PokerStars Hand #244509531452: Tournament #3609948033, $0.92+$0.08 USD Hold'em No Limit - Level IV (30/60) - 2023/06/28 15:16:55 CET [2023/06/28 9:16:55 ET]
Table '3609948033 1' 3-max Seat #1 is the button
Seat 1: Mahu2021 (905 in chips) 
Seat 2: LuisChessPoker (595 in chips) 
Mahu2021: posts small blind 30
LuisChessPoker: posts big blind 60
*** HOLE CARDS ***
Dealt to Mahu2021 [Ah 5d]
Mahu2021: raises 60 to 120
LuisChessPoker: folds 
Uncalled bet (60) returned to Mahu2021
Mahu2021 collected 120 from pot
Mahu2021: doesn't show hand 
*** SUMMARY ***
Total pot 120 | Rake 0 
Seat 1: Mahu2021 (button) (small blind) collected (120)
Seat 2: LuisChessPoker (big blind) folded before Flop



PokerStars Hand #244509533736: Tournament #3609948033, $0.92+$0.08 USD Hold'em No Limit - Level IV (30/60) - 2023/06/28 15:17:07 CET [2023/06/28 9:17:07 ET]
Table '3609948033 1' 3-max Seat #2 is the button
Seat 1: Mahu2021 (965 in chips) 
Seat 2: LuisChessPoker (535 in chips) 
LuisChessPoker: posts small blind 30
Mahu2021: posts big blind 60
*** HOLE CARDS ***
Dealt to Mahu2021 [5s 3s]
LuisChessPoker: calls 30
Mahu2021: checks 
*** FLOP *** [6h Qd Th]
Mahu2021: checks 
LuisChessPoker: bets 60
Mahu2021: folds 
Uncalled bet (60) returned to LuisChessPoker
LuisChessPoker collected 120 from pot
LuisChessPoker: doesn't show hand 
*** SUMMARY ***
Total pot 120 | Rake 0 
Board [6h Qd Th]
Seat 1: Mahu2021 (big blind) folded on the Flop
Seat 2: LuisChessPoker (button) (small blind) collected (120)



PokerStars Hand #244509536370: Tournament #3609948033, $0.92+$0.08 USD Hold'em No Limit - Level IV (30/60) - 2023/06/28 15:17:22 CET [2023/06/28 9:17:22 ET]
Table '3609948033 1' 3-max Seat #1 is the button
Seat 1: Mahu2021 (905 in chips) 
Seat 2: LuisChessPoker (595 in chips) 
Mahu2021: posts small blind 30
LuisChessPoker: posts big blind 60
*** HOLE CARDS ***
Dealt to Mahu2021 [2c Ah]
Mahu2021: raises 60 to 120
LuisChessPoker: folds 
Uncalled bet (60) returned to Mahu2021
Mahu2021 collected 120 from pot
Mahu2021: doesn't show hand 
*** SUMMARY ***
Total pot 120 | Rake 0 
Seat 1: Mahu2021 (button) (small blind) collected (120)
Seat 2: LuisChessPoker (big blind) folded before Flop



PokerStars Hand #244509537969: Tournament #3609948033, $0.92+$0.08 USD Hold'em No Limit - Level IV (30/60) - 2023/06/28 15:17:30 CET [2023/06/28 9:17:30 ET]
Table '3609948033 1' 3-max Seat #2 is the button
Seat 1: Mahu2021 (965 in chips) 
Seat 2: LuisChessPoker (535 in chips) 
LuisChessPoker: posts small blind 30
Mahu2021: posts big blind 60
*** HOLE CARDS ***
Dealt to Mahu2021 [3s 4d]
LuisChessPoker: calls 30
Mahu2021: checks 
*** FLOP *** [9s 8c Kc]
Mahu2021: checks 
LuisChessPoker: bets 60
Mahu2021: folds 
Uncalled bet (60) returned to LuisChessPoker
LuisChessPoker collected 120 from pot
LuisChessPoker: doesn't show hand 
*** SUMMARY ***
Total pot 120 | Rake 0 
Board [9s 8c Kc]
Seat 1: Mahu2021 (big blind) folded on the Flop
Seat 2: LuisChessPoker (button) (small blind) collected (120)



PokerStars Hand #244509541240: Tournament #3609948033, $0.92+$0.08 USD Hold'em No Limit - Level V (40/80) - 2023/06/28 15:17:48 CET [2023/06/28 9:17:48 ET]
Table '3609948033 1' 3-max Seat #1 is the button
Seat 1: Mahu2021 (905 in chips) 
Seat 2: LuisChessPoker (595 in chips) 
Mahu2021: posts small blind 40
LuisChessPoker: posts big blind 80
*** HOLE CARDS ***
Dealt to Mahu2021 [3h Kc]
Mahu2021: calls 40
LuisChessPoker: raises 515 to 595 and is all-in
Mahu2021: folds 
Uncalled bet (515) returned to LuisChessPoker
LuisChessPoker collected 160 from pot
LuisChessPoker: doesn't show hand 
*** SUMMARY ***
Total pot 160 | Rake 0 
Seat 1: Mahu2021 (button) (small blind) folded before Flop
Seat 2: LuisChessPoker (big blind) collected (160)



PokerStars Hand #244509543126: Tournament #3609948033, $0.92+$0.08 USD Hold'em No Limit - Level V (40/80) - 2023/06/28 15:17:58 CET [2023/06/28 9:17:58 ET]
Table '3609948033 1' 3-max Seat #2 is the button
Seat 1: Mahu2021 (825 in chips) 
Seat 2: LuisChessPoker (675 in chips) 
LuisChessPoker: posts small blind 40
Mahu2021: posts big blind 80
*** HOLE CARDS ***
Dealt to Mahu2021 [Kc 6h]
LuisChessPoker: raises 80 to 160
Mahu2021: calls 80
*** FLOP *** [Ad Ts Kd]
Mahu2021: checks 
LuisChessPoker: checks 
*** TURN *** [Ad Ts Kd] [4c]
Mahu2021: checks 
LuisChessPoker: bets 160
Mahu2021: raises 505 to 665 and is all-in
LuisChessPoker: calls 355 and is all-in
Uncalled bet (150) returned to Mahu2021
*** RIVER *** [Ad Ts Kd 4c] [5h]
*** SHOW DOWN ***
Mahu2021: shows [Kc 6h] (a pair of Kings)
LuisChessPoker: shows [Kh Jc] (a pair of Kings - Ace+Jack kicker)
LuisChessPoker collected 1350 from pot
*** SUMMARY ***
Total pot 1350 | Rake 0 
Board [Ad Ts Kd 4c 5h]
Seat 1: Mahu2021 (big blind) showed [Kc 6h] and lost with a pair of Kings
Seat 2: LuisChessPoker (button) (small blind) showed [Kh Jc] and won (1350) with a pair of Kings



PokerStars Hand #244509549555: Tournament #3609948033, $0.92+$0.08 USD Hold'em No Limit - Level V (40/80) - 2023/06/28 15:18:33 CET [2023/06/28 9:18:33 ET]
Table '3609948033 1' 3-max Seat #1 is the button
Seat 1: Mahu2021 (150 in chips) 
Seat 2: LuisChessPoker (1350 in chips) 
Mahu2021: posts small blind 40
LuisChessPoker: posts big blind 80
*** HOLE CARDS ***
Dealt to Mahu2021 [3h Th]
Mahu2021: raises 70 to 150 and is all-in
LuisChessPoker: calls 70
*** FLOP *** [Ah Kc Kh]
*** TURN *** [Ah Kc Kh] [Jc]
*** RIVER *** [Ah Kc Kh Jc] [9c]
*** SHOW DOWN ***
LuisChessPoker: shows [2s Ks] (three of a kind, Kings)
Mahu2021: shows [3h Th] (a pair of Kings)
LuisChessPoker collected 300 from pot
Mahu2021 finished the tournament in 2nd place
LuisChessPoker wins the tournament and receives $3.00 - congratulations!
*** SUMMARY ***
Total pot 300 | Rake 0 
Board [Ah Kc Kh Jc 9c]
Seat 1: Mahu2021 (button) (small blind) showed [3h Th] and lost with a pair of Kings
Seat 2: LuisChessPoker (big blind) showed [2s Ks] and won (300) with three of a kind, Kings



