PokerStars Hand #247083807506: Tournament #3672608286, $1.84+$0.16 USD Hold'em No Limit - Level I (10/20) - 2023/11/13 12:25:44 CET [2023/11/13 6:25:44 ET]
Table '3672608286 1' 3-max Seat #1 is the button
Seat 1: Valuk_SD (500 in chips) 
Seat 2: ll0ll1ll (500 in chips) 
Seat 3: Mahu2021 (500 in chips) 
ll0ll1ll: posts small blind 10
Mahu2021: posts big blind 20
*** HOLE CARDS ***
Dealt to Mahu2021 [Jc 9h]
Valuk_SD: raises 20 to 40
ll0ll1ll: folds 
Mahu2021: calls 20
*** FLOP *** [As Qh 6h]
Mahu2021: checks 
Valuk_SD: bets 30
Mahu2021: folds 
Uncalled bet (30) returned to Valuk_SD
Valuk_SD collected 90 from pot
Valuk_SD: doesn't show hand 
*** SUMMARY ***
Total pot 90 | Rake 0 
Board [As Qh 6h]
Seat 1: Valuk_SD (button) collected (90)
Seat 2: ll0ll1ll (small blind) folded before Flop
Seat 3: Mahu2021 (big blind) folded on the Flop



PokerStars Hand #247083810136: Tournament #3672608286, $1.84+$0.16 USD Hold'em No Limit - Level I (10/20) - 2023/11/13 12:26:03 CET [2023/11/13 6:26:03 ET]
Table '3672608286 1' 3-max Seat #2 is the button
Seat 1: Valuk_SD (550 in chips) 
Seat 2: ll0ll1ll (490 in chips) 
Seat 3: Mahu2021 (460 in chips) 
Mahu2021: posts small blind 10
Valuk_SD: posts big blind 20
*** HOLE CARDS ***
Dealt to Mahu2021 [Th 3d]
ll0ll1ll: raises 20 to 40
Mahu2021: folds 
Valuk_SD: folds 
Uncalled bet (20) returned to ll0ll1ll
ll0ll1ll collected 50 from pot
ll0ll1ll: doesn't show hand 
*** SUMMARY ***
Total pot 50 | Rake 0 
Seat 1: Valuk_SD (big blind) folded before Flop
Seat 2: ll0ll1ll (button) collected (50)
Seat 3: Mahu2021 (small blind) folded before Flop



PokerStars Hand #247083812539: Tournament #3672608286, $1.84+$0.16 USD Hold'em No Limit - Level I (10/20) - 2023/11/13 12:26:19 CET [2023/11/13 6:26:19 ET]
Table '3672608286 1' 3-max Seat #3 is the button
Seat 1: Valuk_SD (530 in chips) 
Seat 2: ll0ll1ll (520 in chips) 
Seat 3: Mahu2021 (450 in chips) 
Valuk_SD: posts small blind 10
ll0ll1ll: posts big blind 20
*** HOLE CARDS ***
Dealt to Mahu2021 [8h Ks]
Mahu2021: raises 20 to 40
Valuk_SD: folds 
ll0ll1ll: folds 
Uncalled bet (20) returned to Mahu2021
Mahu2021 collected 50 from pot
Mahu2021: doesn't show hand 
*** SUMMARY ***
Total pot 50 | Rake 0 
Seat 1: Valuk_SD (small blind) folded before Flop
Seat 2: ll0ll1ll (big blind) folded before Flop
Seat 3: Mahu2021 (button) collected (50)



PokerStars Hand #247083814250: Tournament #3672608286, $1.84+$0.16 USD Hold'em No Limit - Level I (10/20) - 2023/11/13 12:26:31 CET [2023/11/13 6:26:31 ET]
Table '3672608286 1' 3-max Seat #1 is the button
Seat 1: Valuk_SD (520 in chips) 
Seat 2: ll0ll1ll (500 in chips) 
Seat 3: Mahu2021 (480 in chips) 
ll0ll1ll: posts small blind 10
Mahu2021: posts big blind 20
*** HOLE CARDS ***
Dealt to Mahu2021 [5c Ah]
Valuk_SD: folds 
ll0ll1ll: calls 10
Mahu2021: checks 
*** FLOP *** [6c 3h Kd]
ll0ll1ll: checks 
Mahu2021: bets 20
ll0ll1ll: folds 
Uncalled bet (20) returned to Mahu2021
Mahu2021 collected 40 from pot
Mahu2021: doesn't show hand 
*** SUMMARY ***
Total pot 40 | Rake 0 
Board [6c 3h Kd]
Seat 1: Valuk_SD (button) folded before Flop (didn't bet)
Seat 2: ll0ll1ll (small blind) folded on the Flop
Seat 3: Mahu2021 (big blind) collected (40)



PokerStars Hand #247083816821: Tournament #3672608286, $1.84+$0.16 USD Hold'em No Limit - Level I (10/20) - 2023/11/13 12:26:49 CET [2023/11/13 6:26:49 ET]
Table '3672608286 1' 3-max Seat #2 is the button
Seat 1: Valuk_SD (520 in chips) 
Seat 2: ll0ll1ll (480 in chips) 
Seat 3: Mahu2021 (500 in chips) 
Mahu2021: posts small blind 10
Valuk_SD: posts big blind 20
*** HOLE CARDS ***
Dealt to Mahu2021 [Qc 5h]
ll0ll1ll: raises 20 to 40
Mahu2021: folds 
Valuk_SD: calls 20
*** FLOP *** [Qd 8c 8d]
Valuk_SD: checks 
ll0ll1ll: bets 27
Valuk_SD: folds 
Uncalled bet (27) returned to ll0ll1ll
ll0ll1ll collected 90 from pot
ll0ll1ll: doesn't show hand 
*** SUMMARY ***
Total pot 90 | Rake 0 
Board [Qd 8c 8d]
Seat 1: Valuk_SD (big blind) folded on the Flop
Seat 2: ll0ll1ll (button) collected (90)
Seat 3: Mahu2021 (small blind) folded before Flop



PokerStars Hand #247083820652: Tournament #3672608286, $1.84+$0.16 USD Hold'em No Limit - Level I (10/20) - 2023/11/13 12:27:16 CET [2023/11/13 6:27:16 ET]
Table '3672608286 1' 3-max Seat #3 is the button
Seat 1: Valuk_SD (480 in chips) 
Seat 2: ll0ll1ll (530 in chips) 
Seat 3: Mahu2021 (490 in chips) 
Valuk_SD: posts small blind 10
ll0ll1ll: posts big blind 20
*** HOLE CARDS ***
Dealt to Mahu2021 [6s 5h]
Mahu2021: folds 
Valuk_SD: raises 30 to 50
ll0ll1ll: calls 30
*** FLOP *** [7d 3c Ac]
Valuk_SD: bets 33
ll0ll1ll: folds 
Uncalled bet (33) returned to Valuk_SD
Valuk_SD collected 100 from pot
Valuk_SD: doesn't show hand 
*** SUMMARY ***
Total pot 100 | Rake 0 
Board [7d 3c Ac]
Seat 1: Valuk_SD (small blind) collected (100)
Seat 2: ll0ll1ll (big blind) folded on the Flop
Seat 3: Mahu2021 (button) folded before Flop (didn't bet)



PokerStars Hand #247083823231: Tournament #3672608286, $1.84+$0.16 USD Hold'em No Limit - Level I (10/20) - 2023/11/13 12:27:34 CET [2023/11/13 6:27:34 ET]
Table '3672608286 1' 3-max Seat #1 is the button
Seat 1: Valuk_SD (530 in chips) 
Seat 2: ll0ll1ll (480 in chips) 
Seat 3: Mahu2021 (490 in chips) 
ll0ll1ll: posts small blind 10
Mahu2021: posts big blind 20
*** HOLE CARDS ***
Dealt to Mahu2021 [5d 2d]
Valuk_SD: folds 
ll0ll1ll: raises 30 to 50
Mahu2021: calls 30
*** FLOP *** [5c 5h Qc]
ll0ll1ll: bets 30
Mahu2021: calls 30
*** TURN *** [5c 5h Qc] [3c]
ll0ll1ll: bets 110
Mahu2021: calls 110
*** RIVER *** [5c 5h Qc 3c] [5s]
ll0ll1ll: bets 114
Mahu2021: raises 186 to 300 and is all-in
ll0ll1ll: calls 176 and is all-in
Uncalled bet (10) returned to Mahu2021
*** SHOW DOWN ***
Mahu2021: shows [5d 2d] (four of a kind, Fives)
ll0ll1ll: shows [Qh 8d] (a full house, Fives full of Queens)
Mahu2021 collected 960 from pot
ll0ll1ll finished the tournament in 3rd place
*** SUMMARY ***
Total pot 960 | Rake 0 
Board [5c 5h Qc 3c 5s]
Seat 1: Valuk_SD (button) folded before Flop (didn't bet)
Seat 2: ll0ll1ll (small blind) showed [Qh 8d] and lost with a full house, Fives full of Queens
Seat 3: Mahu2021 (big blind) showed [5d 2d] and won (960) with four of a kind, Fives



PokerStars Hand #247083828056: Tournament #3672608286, $1.84+$0.16 USD Hold'em No Limit - Level II (15/30) - 2023/11/13 12:28:07 CET [2023/11/13 6:28:07 ET]
Table '3672608286 1' 3-max Seat #3 is the button
Seat 1: Valuk_SD (530 in chips) 
Seat 3: Mahu2021 (970 in chips) 
Mahu2021: posts small blind 15
Valuk_SD: posts big blind 30
*** HOLE CARDS ***
Dealt to Mahu2021 [9h 9d]
Mahu2021: raises 30 to 60
Valuk_SD: folds 
Uncalled bet (30) returned to Mahu2021
Mahu2021 collected 60 from pot
Mahu2021: doesn't show hand 
*** SUMMARY ***
Total pot 60 | Rake 0 
Seat 1: Valuk_SD (big blind) folded before Flop
Seat 3: Mahu2021 (button) (small blind) collected (60)



PokerStars Hand #247083829284: Tournament #3672608286, $1.84+$0.16 USD Hold'em No Limit - Level II (15/30) - 2023/11/13 12:28:16 CET [2023/11/13 6:28:16 ET]
Table '3672608286 1' 3-max Seat #1 is the button
Seat 1: Valuk_SD (500 in chips) 
Seat 3: Mahu2021 (1000 in chips) 
Valuk_SD: posts small blind 15
Mahu2021: posts big blind 30
*** HOLE CARDS ***
Dealt to Mahu2021 [7d 5d]
Valuk_SD: raises 30 to 60
Mahu2021: calls 30
*** FLOP *** [3h Qc Jh]
Mahu2021: checks 
Valuk_SD: bets 45
Mahu2021: folds 
Uncalled bet (45) returned to Valuk_SD
Valuk_SD collected 120 from pot
Valuk_SD: doesn't show hand 
*** SUMMARY ***
Total pot 120 | Rake 0 
Board [3h Qc Jh]
Seat 1: Valuk_SD (button) (small blind) collected (120)
Seat 3: Mahu2021 (big blind) folded on the Flop



PokerStars Hand #247083831076: Tournament #3672608286, $1.84+$0.16 USD Hold'em No Limit - Level II (15/30) - 2023/11/13 12:28:28 CET [2023/11/13 6:28:28 ET]
Table '3672608286 1' 3-max Seat #3 is the button
Seat 1: Valuk_SD (560 in chips) 
Seat 3: Mahu2021 (940 in chips) 
Mahu2021: posts small blind 15
Valuk_SD: posts big blind 30
*** HOLE CARDS ***
Dealt to Mahu2021 [Js 9s]
Mahu2021: raises 30 to 60
Valuk_SD: raises 500 to 560 and is all-in
Mahu2021: folds 
Uncalled bet (500) returned to Valuk_SD
Valuk_SD collected 120 from pot
Valuk_SD: doesn't show hand 
*** SUMMARY ***
Total pot 120 | Rake 0 
Seat 1: Valuk_SD (big blind) collected (120)
Seat 3: Mahu2021 (button) (small blind) folded before Flop



PokerStars Hand #247083832669: Tournament #3672608286, $1.84+$0.16 USD Hold'em No Limit - Level II (15/30) - 2023/11/13 12:28:39 CET [2023/11/13 6:28:39 ET]
Table '3672608286 1' 3-max Seat #1 is the button
Seat 1: Valuk_SD (620 in chips) 
Seat 3: Mahu2021 (880 in chips) 
Valuk_SD: posts small blind 15
Mahu2021: posts big blind 30
*** HOLE CARDS ***
Dealt to Mahu2021 [Qc Th]
Valuk_SD: raises 30 to 60
Mahu2021: calls 30
*** FLOP *** [9c 5h 4h]
Mahu2021: checks 
Valuk_SD: checks 
*** TURN *** [9c 5h 4h] [4c]
Mahu2021: checks 
Valuk_SD: checks 
*** RIVER *** [9c 5h 4h 4c] [Td]
Mahu2021: bets 120
Valuk_SD: folds 
Uncalled bet (120) returned to Mahu2021
Mahu2021 collected 120 from pot
Mahu2021: doesn't show hand 
*** SUMMARY ***
Total pot 120 | Rake 0 
Board [9c 5h 4h 4c Td]
Seat 1: Valuk_SD (button) (small blind) folded on the River
Seat 3: Mahu2021 (big blind) collected (120)



PokerStars Hand #247083836966: Tournament #3672608286, $1.84+$0.16 USD Hold'em No Limit - Level II (15/30) - 2023/11/13 12:29:09 CET [2023/11/13 6:29:09 ET]
Table '3672608286 1' 3-max Seat #3 is the button
Seat 1: Valuk_SD (560 in chips) 
Seat 3: Mahu2021 (940 in chips) 
Mahu2021: posts small blind 15
Valuk_SD: posts big blind 30
*** HOLE CARDS ***
Dealt to Mahu2021 [Jc 7s]
Mahu2021: calls 15
Valuk_SD: checks 
*** FLOP *** [8s 9c 2c]
Valuk_SD: checks 
Mahu2021: checks 
*** TURN *** [8s 9c 2c] [Th]
Valuk_SD: bets 45
Mahu2021: raises 75 to 120
Valuk_SD: folds 
Uncalled bet (75) returned to Mahu2021
Mahu2021 collected 150 from pot
Mahu2021: doesn't show hand 
*** SUMMARY ***
Total pot 150 | Rake 0 
Board [8s 9c 2c Th]
Seat 1: Valuk_SD (big blind) folded on the Turn
Seat 3: Mahu2021 (button) (small blind) collected (150)



PokerStars Hand #247083840426: Tournament #3672608286, $1.84+$0.16 USD Hold'em No Limit - Level II (15/30) - 2023/11/13 12:29:34 CET [2023/11/13 6:29:34 ET]
Table '3672608286 1' 3-max Seat #1 is the button
Seat 1: Valuk_SD (485 in chips) 
Seat 3: Mahu2021 (1015 in chips) 
Valuk_SD: posts small blind 15
Mahu2021: posts big blind 30
*** HOLE CARDS ***
Dealt to Mahu2021 [8d 3h]
Valuk_SD: raises 30 to 60
Mahu2021: folds 
Uncalled bet (30) returned to Valuk_SD
Valuk_SD collected 60 from pot
Valuk_SD: doesn't show hand 
*** SUMMARY ***
Total pot 60 | Rake 0 
Seat 1: Valuk_SD (button) (small blind) collected (60)
Seat 3: Mahu2021 (big blind) folded before Flop



PokerStars Hand #247083841515: Tournament #3672608286, $1.84+$0.16 USD Hold'em No Limit - Level II (15/30) - 2023/11/13 12:29:41 CET [2023/11/13 6:29:41 ET]
Table '3672608286 1' 3-max Seat #3 is the button
Seat 1: Valuk_SD (515 in chips) 
Seat 3: Mahu2021 (985 in chips) 
Mahu2021: posts small blind 15
Valuk_SD: posts big blind 30
*** HOLE CARDS ***
Dealt to Mahu2021 [Ac 7d]
Mahu2021: raises 30 to 60
Valuk_SD: folds 
Uncalled bet (30) returned to Mahu2021
Mahu2021 collected 60 from pot
Mahu2021: doesn't show hand 
*** SUMMARY ***
Total pot 60 | Rake 0 
Seat 1: Valuk_SD (big blind) folded before Flop
Seat 3: Mahu2021 (button) (small blind) collected (60)



PokerStars Hand #247083843433: Tournament #3672608286, $1.84+$0.16 USD Hold'em No Limit - Level III (20/40) - 2023/11/13 12:29:55 CET [2023/11/13 6:29:55 ET]
Table '3672608286 1' 3-max Seat #1 is the button
Seat 1: Valuk_SD (485 in chips) 
Seat 3: Mahu2021 (1015 in chips) 
Valuk_SD: posts small blind 20
Mahu2021: posts big blind 40
*** HOLE CARDS ***
Dealt to Mahu2021 [8d Qh]
Valuk_SD: raises 40 to 80
Mahu2021: calls 40
*** FLOP *** [Kc Qs 8h]
Mahu2021: checks 
Valuk_SD: bets 60
Mahu2021: raises 100 to 160
Valuk_SD: raises 245 to 405 and is all-in
Mahu2021: calls 245
*** TURN *** [Kc Qs 8h] [2h]
*** RIVER *** [Kc Qs 8h 2h] [As]
*** SHOW DOWN ***
Mahu2021: shows [8d Qh] (two pair, Queens and Eights)
Valuk_SD: shows [Ac Ah] (three of a kind, Aces)
Valuk_SD collected 970 from pot
*** SUMMARY ***
Total pot 970 | Rake 0 
Board [Kc Qs 8h 2h As]
Seat 1: Valuk_SD (button) (small blind) showed [Ac Ah] and won (970) with three of a kind, Aces
Seat 3: Mahu2021 (big blind) showed [8d Qh] and lost with two pair, Queens and Eights



PokerStars Hand #247083847629: Tournament #3672608286, $1.84+$0.16 USD Hold'em No Limit - Level III (20/40) - 2023/11/13 12:30:24 CET [2023/11/13 6:30:24 ET]
Table '3672608286 1' 3-max Seat #3 is the button
Seat 1: Valuk_SD (970 in chips) 
Seat 3: Mahu2021 (530 in chips) 
Mahu2021: posts small blind 20
Valuk_SD: posts big blind 40
*** HOLE CARDS ***
Dealt to Mahu2021 [3d 4s]
Mahu2021: folds 
Uncalled bet (20) returned to Valuk_SD
Valuk_SD collected 40 from pot
Valuk_SD: doesn't show hand 
*** SUMMARY ***
Total pot 40 | Rake 0 
Seat 1: Valuk_SD (big blind) collected (40)
Seat 3: Mahu2021 (button) (small blind) folded before Flop



PokerStars Hand #247083849209: Tournament #3672608286, $1.84+$0.16 USD Hold'em No Limit - Level III (20/40) - 2023/11/13 12:30:35 CET [2023/11/13 6:30:35 ET]
Table '3672608286 1' 3-max Seat #1 is the button
Seat 1: Valuk_SD (990 in chips) 
Seat 3: Mahu2021 (510 in chips) 
Valuk_SD: posts small blind 20
Mahu2021: posts big blind 40
*** HOLE CARDS ***
Dealt to Mahu2021 [3s 3d]
Valuk_SD: folds 
Uncalled bet (20) returned to Mahu2021
Mahu2021 collected 40 from pot
Mahu2021: doesn't show hand 
*** SUMMARY ***
Total pot 40 | Rake 0 
Seat 1: Valuk_SD (button) (small blind) folded before Flop
Seat 3: Mahu2021 (big blind) collected (40)



PokerStars Hand #247083849908: Tournament #3672608286, $1.84+$0.16 USD Hold'em No Limit - Level III (20/40) - 2023/11/13 12:30:39 CET [2023/11/13 6:30:39 ET]
Table '3672608286 1' 3-max Seat #3 is the button
Seat 1: Valuk_SD (970 in chips) 
Seat 3: Mahu2021 (530 in chips) 
Mahu2021: posts small blind 20
Valuk_SD: posts big blind 40
*** HOLE CARDS ***
Dealt to Mahu2021 [2d Th]
Mahu2021: folds 
Uncalled bet (20) returned to Valuk_SD
Valuk_SD collected 40 from pot
Valuk_SD: doesn't show hand 
*** SUMMARY ***
Total pot 40 | Rake 0 
Seat 1: Valuk_SD (big blind) collected (40)
Seat 3: Mahu2021 (button) (small blind) folded before Flop



PokerStars Hand #247083850521: Tournament #3672608286, $1.84+$0.16 USD Hold'em No Limit - Level III (20/40) - 2023/11/13 12:30:44 CET [2023/11/13 6:30:44 ET]
Table '3672608286 1' 3-max Seat #1 is the button
Seat 1: Valuk_SD (990 in chips) 
Seat 3: Mahu2021 (510 in chips) 
Valuk_SD: posts small blind 20
Mahu2021: posts big blind 40
*** HOLE CARDS ***
Dealt to Mahu2021 [Ah 4c]
Valuk_SD: folds 
Uncalled bet (20) returned to Mahu2021
Mahu2021 collected 40 from pot
Mahu2021: doesn't show hand 
*** SUMMARY ***
Total pot 40 | Rake 0 
Seat 1: Valuk_SD (button) (small blind) folded before Flop
Seat 3: Mahu2021 (big blind) collected (40)



PokerStars Hand #247083851549: Tournament #3672608286, $1.84+$0.16 USD Hold'em No Limit - Level III (20/40) - 2023/11/13 12:30:51 CET [2023/11/13 6:30:51 ET]
Table '3672608286 1' 3-max Seat #3 is the button
Seat 1: Valuk_SD (970 in chips) 
Seat 3: Mahu2021 (530 in chips) 
Mahu2021: posts small blind 20
Valuk_SD: posts big blind 40
*** HOLE CARDS ***
Dealt to Mahu2021 [Qs 9d]
Mahu2021: calls 20
Valuk_SD: checks 
*** FLOP *** [2h Qc Th]
Valuk_SD: checks 
Mahu2021: bets 80
Valuk_SD: folds 
Uncalled bet (80) returned to Mahu2021
Mahu2021 collected 80 from pot
Mahu2021: doesn't show hand 
*** SUMMARY ***
Total pot 80 | Rake 0 
Board [2h Qc Th]
Seat 1: Valuk_SD (big blind) folded on the Flop
Seat 3: Mahu2021 (button) (small blind) collected (80)



PokerStars Hand #247083855011: Tournament #3672608286, $1.84+$0.16 USD Hold'em No Limit - Level III (20/40) - 2023/11/13 12:31:15 CET [2023/11/13 6:31:15 ET]
Table '3672608286 1' 3-max Seat #1 is the button
Seat 1: Valuk_SD (930 in chips) 
Seat 3: Mahu2021 (570 in chips) 
Valuk_SD: posts small blind 20
Mahu2021: posts big blind 40
*** HOLE CARDS ***
Dealt to Mahu2021 [6s Jc]
Valuk_SD: folds 
Uncalled bet (20) returned to Mahu2021
Mahu2021 collected 40 from pot
Mahu2021: doesn't show hand 
*** SUMMARY ***
Total pot 40 | Rake 0 
Seat 1: Valuk_SD (button) (small blind) folded before Flop
Seat 3: Mahu2021 (big blind) collected (40)



PokerStars Hand #247083855602: Tournament #3672608286, $1.84+$0.16 USD Hold'em No Limit - Level III (20/40) - 2023/11/13 12:31:19 CET [2023/11/13 6:31:19 ET]
Table '3672608286 1' 3-max Seat #3 is the button
Seat 1: Valuk_SD (910 in chips) 
Seat 3: Mahu2021 (590 in chips) 
Mahu2021: posts small blind 20
Valuk_SD: posts big blind 40
*** HOLE CARDS ***
Dealt to Mahu2021 [7s Kd]
Mahu2021: calls 20
Valuk_SD: raises 80 to 120
Mahu2021: calls 80
*** FLOP *** [Th Qh 3h]
Valuk_SD: checks 
Mahu2021: checks 
*** TURN *** [Th Qh 3h] [Ad]
Valuk_SD: bets 79
Mahu2021: raises 391 to 470 and is all-in
Valuk_SD: folds 
Uncalled bet (391) returned to Mahu2021
Mahu2021 collected 398 from pot
Mahu2021: doesn't show hand 
*** SUMMARY ***
Total pot 398 | Rake 0 
Board [Th Qh 3h Ad]
Seat 1: Valuk_SD (big blind) folded on the Turn
Seat 3: Mahu2021 (button) (small blind) collected (398)



PokerStars Hand #247083861460: Tournament #3672608286, $1.84+$0.16 USD Hold'em No Limit - Level IV (30/60) - 2023/11/13 12:32:00 CET [2023/11/13 6:32:00 ET]
Table '3672608286 1' 3-max Seat #1 is the button
Seat 1: Valuk_SD (711 in chips) 
Seat 3: Mahu2021 (789 in chips) 
Valuk_SD: posts small blind 30
Mahu2021: posts big blind 60
*** HOLE CARDS ***
Dealt to Mahu2021 [7d 8c]
Valuk_SD: calls 30
Mahu2021: checks 
*** FLOP *** [4c Qc 9d]
Mahu2021: checks 
Valuk_SD: bets 60
Mahu2021: folds 
Uncalled bet (60) returned to Valuk_SD
Valuk_SD collected 120 from pot
Valuk_SD: doesn't show hand 
*** SUMMARY ***
Total pot 120 | Rake 0 
Board [4c Qc 9d]
Seat 1: Valuk_SD (button) (small blind) collected (120)
Seat 3: Mahu2021 (big blind) folded on the Flop



PokerStars Hand #247083864021: Tournament #3672608286, $1.84+$0.16 USD Hold'em No Limit - Level IV (30/60) - 2023/11/13 12:32:17 CET [2023/11/13 6:32:17 ET]
Table '3672608286 1' 3-max Seat #3 is the button
Seat 1: Valuk_SD (771 in chips) 
Seat 3: Mahu2021 (729 in chips) 
Mahu2021: posts small blind 30
Valuk_SD: posts big blind 60
*** HOLE CARDS ***
Dealt to Mahu2021 [8h 6d]
Mahu2021: folds 
Uncalled bet (30) returned to Valuk_SD
Valuk_SD collected 60 from pot
Valuk_SD: doesn't show hand 
*** SUMMARY ***
Total pot 60 | Rake 0 
Seat 1: Valuk_SD (big blind) collected (60)
Seat 3: Mahu2021 (button) (small blind) folded before Flop



PokerStars Hand #247083864642: Tournament #3672608286, $1.84+$0.16 USD Hold'em No Limit - Level IV (30/60) - 2023/11/13 12:32:22 CET [2023/11/13 6:32:22 ET]
Table '3672608286 1' 3-max Seat #1 is the button
Seat 1: Valuk_SD (801 in chips) 
Seat 3: Mahu2021 (699 in chips) 
Valuk_SD: posts small blind 30
Mahu2021: posts big blind 60
*** HOLE CARDS ***
Dealt to Mahu2021 [9s 8h]
Valuk_SD: raises 60 to 120
Mahu2021: calls 60
*** FLOP *** [8c 2h 2d]
Mahu2021: bets 579 and is all-in
Valuk_SD: folds 
Uncalled bet (579) returned to Mahu2021
Mahu2021 collected 240 from pot
Mahu2021: doesn't show hand 
*** SUMMARY ***
Total pot 240 | Rake 0 
Board [8c 2h 2d]
Seat 1: Valuk_SD (button) (small blind) folded on the Flop
Seat 3: Mahu2021 (big blind) collected (240)



PokerStars Hand #247083867640: Tournament #3672608286, $1.84+$0.16 USD Hold'em No Limit - Level IV (30/60) - 2023/11/13 12:32:42 CET [2023/11/13 6:32:42 ET]
Table '3672608286 1' 3-max Seat #3 is the button
Seat 1: Valuk_SD (681 in chips) 
Seat 3: Mahu2021 (819 in chips) 
Mahu2021: posts small blind 30
Valuk_SD: posts big blind 60
*** HOLE CARDS ***
Dealt to Mahu2021 [9d Ts]
Mahu2021: calls 30
Valuk_SD: checks 
*** FLOP *** [Ac 2s 4h]
Valuk_SD: checks 
Mahu2021: bets 60
Valuk_SD: folds 
Uncalled bet (60) returned to Mahu2021
Mahu2021 collected 120 from pot
Mahu2021: doesn't show hand 
*** SUMMARY ***
Total pot 120 | Rake 0 
Board [Ac 2s 4h]
Seat 1: Valuk_SD (big blind) folded on the Flop
Seat 3: Mahu2021 (button) (small blind) collected (120)



PokerStars Hand #247083870431: Tournament #3672608286, $1.84+$0.16 USD Hold'em No Limit - Level IV (30/60) - 2023/11/13 12:33:01 CET [2023/11/13 6:33:01 ET]
Table '3672608286 1' 3-max Seat #1 is the button
Seat 1: Valuk_SD (621 in chips) 
Seat 3: Mahu2021 (879 in chips) 
Valuk_SD: posts small blind 30
Mahu2021: posts big blind 60
*** HOLE CARDS ***
Dealt to Mahu2021 [7h 5s]
Valuk_SD: folds 
Uncalled bet (30) returned to Mahu2021
Mahu2021 collected 60 from pot
Mahu2021: doesn't show hand 
*** SUMMARY ***
Total pot 60 | Rake 0 
Seat 1: Valuk_SD (button) (small blind) folded before Flop
Seat 3: Mahu2021 (big blind) collected (60)



PokerStars Hand #247083870971: Tournament #3672608286, $1.84+$0.16 USD Hold'em No Limit - Level IV (30/60) - 2023/11/13 12:33:05 CET [2023/11/13 6:33:05 ET]
Table '3672608286 1' 3-max Seat #3 is the button
Seat 1: Valuk_SD (591 in chips) 
Seat 3: Mahu2021 (909 in chips) 
Mahu2021: posts small blind 30
Valuk_SD: posts big blind 60
*** HOLE CARDS ***
Dealt to Mahu2021 [4h 3c]
Mahu2021: calls 30
Valuk_SD: checks 
*** FLOP *** [Jh Th 5s]
Valuk_SD: checks 
Mahu2021: checks 
*** TURN *** [Jh Th 5s] [Qs]
Valuk_SD: checks 
Mahu2021: checks 
*** RIVER *** [Jh Th 5s Qs] [8h]
Valuk_SD: checks 
Mahu2021: bets 120
Valuk_SD: folds 
Uncalled bet (120) returned to Mahu2021
Mahu2021 collected 120 from pot
Mahu2021: doesn't show hand 
*** SUMMARY ***
Total pot 120 | Rake 0 
Board [Jh Th 5s Qs 8h]
Seat 1: Valuk_SD (big blind) folded on the River
Seat 3: Mahu2021 (button) (small blind) collected (120)



PokerStars Hand #247083877396: Tournament #3672608286, $1.84+$0.16 USD Hold'em No Limit - Level V (40/80) - 2023/11/13 12:33:50 CET [2023/11/13 6:33:50 ET]
Table '3672608286 1' 3-max Seat #1 is the button
Seat 1: Valuk_SD (531 in chips) 
Seat 3: Mahu2021 (969 in chips) 
Valuk_SD: posts small blind 40
Mahu2021: posts big blind 80
*** HOLE CARDS ***
Dealt to Mahu2021 [3c 8c]
Valuk_SD: calls 40
Mahu2021: checks 
*** FLOP *** [Kd 9h 6c]
Mahu2021: checks 
Valuk_SD: bets 80
Mahu2021: folds 
Uncalled bet (80) returned to Valuk_SD
Valuk_SD collected 160 from pot
Valuk_SD: doesn't show hand 
*** SUMMARY ***
Total pot 160 | Rake 0 
Board [Kd 9h 6c]
Seat 1: Valuk_SD (button) (small blind) collected (160)
Seat 3: Mahu2021 (big blind) folded on the Flop



PokerStars Hand #247083878901: Tournament #3672608286, $1.84+$0.16 USD Hold'em No Limit - Level V (40/80) - 2023/11/13 12:34:01 CET [2023/11/13 6:34:01 ET]
Table '3672608286 1' 3-max Seat #3 is the button
Seat 1: Valuk_SD (611 in chips) 
Seat 3: Mahu2021 (889 in chips) 
Mahu2021: posts small blind 40
Valuk_SD: posts big blind 80
*** HOLE CARDS ***
Dealt to Mahu2021 [2d 6s]
Mahu2021: folds 
Uncalled bet (40) returned to Valuk_SD
Valuk_SD collected 80 from pot
Valuk_SD: doesn't show hand 
*** SUMMARY ***
Total pot 80 | Rake 0 
Seat 1: Valuk_SD (big blind) collected (80)
Seat 3: Mahu2021 (button) (small blind) folded before Flop



PokerStars Hand #247083879536: Tournament #3672608286, $1.84+$0.16 USD Hold'em No Limit - Level V (40/80) - 2023/11/13 12:34:06 CET [2023/11/13 6:34:06 ET]
Table '3672608286 1' 3-max Seat #1 is the button
Seat 1: Valuk_SD (651 in chips) 
Seat 3: Mahu2021 (849 in chips) 
Valuk_SD: posts small blind 40
Mahu2021: posts big blind 80
*** HOLE CARDS ***
Dealt to Mahu2021 [7h 8d]
Valuk_SD: folds 
Uncalled bet (40) returned to Mahu2021
Mahu2021 collected 80 from pot
Mahu2021: doesn't show hand 
*** SUMMARY ***
Total pot 80 | Rake 0 
Seat 1: Valuk_SD (button) (small blind) folded before Flop
Seat 3: Mahu2021 (big blind) collected (80)



PokerStars Hand #247083880422: Tournament #3672608286, $1.84+$0.16 USD Hold'em No Limit - Level V (40/80) - 2023/11/13 12:34:12 CET [2023/11/13 6:34:12 ET]
Table '3672608286 1' 3-max Seat #3 is the button
Seat 1: Valuk_SD (611 in chips) 
Seat 3: Mahu2021 (889 in chips) 
Mahu2021: posts small blind 40
Valuk_SD: posts big blind 80
*** HOLE CARDS ***
Dealt to Mahu2021 [2h 6d]
Mahu2021: folds 
Uncalled bet (40) returned to Valuk_SD
Valuk_SD collected 80 from pot
Valuk_SD: doesn't show hand 
*** SUMMARY ***
Total pot 80 | Rake 0 
Seat 1: Valuk_SD (big blind) collected (80)
Seat 3: Mahu2021 (button) (small blind) folded before Flop



PokerStars Hand #247083881164: Tournament #3672608286, $1.84+$0.16 USD Hold'em No Limit - Level V (40/80) - 2023/11/13 12:34:17 CET [2023/11/13 6:34:17 ET]
Table '3672608286 1' 3-max Seat #1 is the button
Seat 1: Valuk_SD (651 in chips) 
Seat 3: Mahu2021 (849 in chips) 
Valuk_SD: posts small blind 40
Mahu2021: posts big blind 80
*** HOLE CARDS ***
Dealt to Mahu2021 [Ts 9c]
Valuk_SD: calls 40
Mahu2021: checks 
*** FLOP *** [Td Ks 3c]
Mahu2021: checks 
Valuk_SD: bets 80
Mahu2021: calls 80
*** TURN *** [Td Ks 3c] [As]
Mahu2021: checks 
Valuk_SD: bets 160
Mahu2021: folds 
Uncalled bet (160) returned to Valuk_SD
Valuk_SD collected 320 from pot
Valuk_SD: doesn't show hand 
*** SUMMARY ***
Total pot 320 | Rake 0 
Board [Td Ks 3c As]
Seat 1: Valuk_SD (button) (small blind) collected (320)
Seat 3: Mahu2021 (big blind) folded on the Turn



PokerStars Hand #247083883930: Tournament #3672608286, $1.84+$0.16 USD Hold'em No Limit - Level V (40/80) - 2023/11/13 12:34:36 CET [2023/11/13 6:34:36 ET]
Table '3672608286 1' 3-max Seat #3 is the button
Seat 1: Valuk_SD (811 in chips) 
Seat 3: Mahu2021 (689 in chips) 
Mahu2021: posts small blind 40
Valuk_SD: posts big blind 80
*** HOLE CARDS ***
Dealt to Mahu2021 [Td 2c]
Mahu2021: folds 
Uncalled bet (40) returned to Valuk_SD
Valuk_SD collected 80 from pot
Valuk_SD: doesn't show hand 
*** SUMMARY ***
Total pot 80 | Rake 0 
Seat 1: Valuk_SD (big blind) collected (80)
Seat 3: Mahu2021 (button) (small blind) folded before Flop



PokerStars Hand #247083884598: Tournament #3672608286, $1.84+$0.16 USD Hold'em No Limit - Level V (40/80) - 2023/11/13 12:34:41 CET [2023/11/13 6:34:41 ET]
Table '3672608286 1' 3-max Seat #1 is the button
Seat 1: Valuk_SD (851 in chips) 
Seat 3: Mahu2021 (649 in chips) 
Valuk_SD: posts small blind 40
Mahu2021: posts big blind 80
*** HOLE CARDS ***
Dealt to Mahu2021 [6c 4h]
Valuk_SD: raises 771 to 851 and is all-in
Mahu2021: folds 
Uncalled bet (771) returned to Valuk_SD
Valuk_SD collected 160 from pot
Valuk_SD: doesn't show hand 
*** SUMMARY ***
Total pot 160 | Rake 0 
Seat 1: Valuk_SD (button) (small blind) collected (160)
Seat 3: Mahu2021 (big blind) folded before Flop



PokerStars Hand #247083885775: Tournament #3672608286, $1.84+$0.16 USD Hold'em No Limit - Level V (40/80) - 2023/11/13 12:34:49 CET [2023/11/13 6:34:49 ET]
Table '3672608286 1' 3-max Seat #3 is the button
Seat 1: Valuk_SD (931 in chips) 
Seat 3: Mahu2021 (569 in chips) 
Mahu2021: posts small blind 40
Valuk_SD: posts big blind 80
*** HOLE CARDS ***
Dealt to Mahu2021 [Jh 8c]
Mahu2021: calls 40
Valuk_SD: raises 851 to 931 and is all-in
Mahu2021: folds 
Uncalled bet (851) returned to Valuk_SD
Valuk_SD collected 160 from pot
Valuk_SD: doesn't show hand 
*** SUMMARY ***
Total pot 160 | Rake 0 
Seat 1: Valuk_SD (big blind) collected (160)
Seat 3: Mahu2021 (button) (small blind) folded before Flop



PokerStars Hand #247083886918: Tournament #3672608286, $1.84+$0.16 USD Hold'em No Limit - Level V (40/80) - 2023/11/13 12:34:57 CET [2023/11/13 6:34:57 ET]
Table '3672608286 1' 3-max Seat #1 is the button
Seat 1: Valuk_SD (1011 in chips) 
Seat 3: Mahu2021 (489 in chips) 
Valuk_SD: posts small blind 40
Mahu2021: posts big blind 80
*** HOLE CARDS ***
Dealt to Mahu2021 [Js 3h]
Valuk_SD: raises 931 to 1011 and is all-in
Mahu2021: folds 
Uncalled bet (931) returned to Valuk_SD
Valuk_SD collected 160 from pot
Valuk_SD: doesn't show hand 
*** SUMMARY ***
Total pot 160 | Rake 0 
Seat 1: Valuk_SD (button) (small blind) collected (160)
Seat 3: Mahu2021 (big blind) folded before Flop



PokerStars Hand #247083888113: Tournament #3672608286, $1.84+$0.16 USD Hold'em No Limit - Level V (40/80) - 2023/11/13 12:35:06 CET [2023/11/13 6:35:06 ET]
Table '3672608286 1' 3-max Seat #3 is the button
Seat 1: Valuk_SD (1091 in chips) 
Seat 3: Mahu2021 (409 in chips) 
Mahu2021: posts small blind 40
Valuk_SD: posts big blind 80
*** HOLE CARDS ***
Dealt to Mahu2021 [2s 5h]
Mahu2021: folds 
Uncalled bet (40) returned to Valuk_SD
Valuk_SD collected 80 from pot
Valuk_SD: doesn't show hand 
*** SUMMARY ***
Total pot 80 | Rake 0 
Seat 1: Valuk_SD (big blind) collected (80)
Seat 3: Mahu2021 (button) (small blind) folded before Flop



PokerStars Hand #247083888781: Tournament #3672608286, $1.84+$0.16 USD Hold'em No Limit - Level V (40/80) - 2023/11/13 12:35:10 CET [2023/11/13 6:35:10 ET]
Table '3672608286 1' 3-max Seat #1 is the button
Seat 1: Valuk_SD (1131 in chips) 
Seat 3: Mahu2021 (369 in chips) 
Valuk_SD: posts small blind 40
Mahu2021: posts big blind 80
*** HOLE CARDS ***
Dealt to Mahu2021 [3s 9d]
Valuk_SD: folds 
Uncalled bet (40) returned to Mahu2021
Mahu2021 collected 80 from pot
Mahu2021: doesn't show hand 
*** SUMMARY ***
Total pot 80 | Rake 0 
Seat 1: Valuk_SD (button) (small blind) folded before Flop
Seat 3: Mahu2021 (big blind) collected (80)



PokerStars Hand #247083889421: Tournament #3672608286, $1.84+$0.16 USD Hold'em No Limit - Level V (40/80) - 2023/11/13 12:35:15 CET [2023/11/13 6:35:15 ET]
Table '3672608286 1' 3-max Seat #3 is the button
Seat 1: Valuk_SD (1091 in chips) 
Seat 3: Mahu2021 (409 in chips) 
Mahu2021: posts small blind 40
Valuk_SD: posts big blind 80
*** HOLE CARDS ***
Dealt to Mahu2021 [As 6s]
Mahu2021: calls 40
Valuk_SD: checks 
*** FLOP *** [Jh 8h 3s]
Valuk_SD: checks 
Mahu2021: bets 80
Valuk_SD: calls 80
*** TURN *** [Jh 8h 3s] [2d]
Valuk_SD: checks 
Mahu2021: bets 249 and is all-in
Valuk_SD: folds 
Uncalled bet (249) returned to Mahu2021
Mahu2021 collected 320 from pot
Mahu2021: doesn't show hand 
*** SUMMARY ***
Total pot 320 | Rake 0 
Board [Jh 8h 3s 2d]
Seat 1: Valuk_SD (big blind) folded on the Turn
Seat 3: Mahu2021 (button) (small blind) collected (320)



PokerStars Hand #247083893055: Tournament #3672608286, $1.84+$0.16 USD Hold'em No Limit - Level V (40/80) - 2023/11/13 12:35:40 CET [2023/11/13 6:35:40 ET]
Table '3672608286 1' 3-max Seat #1 is the button
Seat 1: Valuk_SD (931 in chips) 
Seat 3: Mahu2021 (569 in chips) 
Valuk_SD: posts small blind 40
Mahu2021: posts big blind 80
*** HOLE CARDS ***
Dealt to Mahu2021 [Td 2s]
Valuk_SD: folds 
Uncalled bet (40) returned to Mahu2021
Mahu2021 collected 80 from pot
Mahu2021: doesn't show hand 
*** SUMMARY ***
Total pot 80 | Rake 0 
Seat 1: Valuk_SD (button) (small blind) folded before Flop
Seat 3: Mahu2021 (big blind) collected (80)



PokerStars Hand #247083893810: Tournament #3672608286, $1.84+$0.16 USD Hold'em No Limit - Level V (40/80) - 2023/11/13 12:35:45 CET [2023/11/13 6:35:45 ET]
Table '3672608286 1' 3-max Seat #3 is the button
Seat 1: Valuk_SD (891 in chips) 
Seat 3: Mahu2021 (609 in chips) 
Mahu2021: posts small blind 40
Valuk_SD: posts big blind 80
*** HOLE CARDS ***
Dealt to Mahu2021 [4s 3h]
Mahu2021: folds 
Uncalled bet (40) returned to Valuk_SD
Valuk_SD collected 80 from pot
Valuk_SD: doesn't show hand 
*** SUMMARY ***
Total pot 80 | Rake 0 
Seat 1: Valuk_SD (big blind) collected (80)
Seat 3: Mahu2021 (button) (small blind) folded before Flop



PokerStars Hand #247083894918: Tournament #3672608286, $1.84+$0.16 USD Hold'em No Limit - Level VI (50/100) - 2023/11/13 12:35:52 CET [2023/11/13 6:35:52 ET]
Table '3672608286 1' 3-max Seat #1 is the button
Seat 1: Valuk_SD (931 in chips) 
Seat 3: Mahu2021 (569 in chips) 
Valuk_SD: posts small blind 50
Mahu2021: posts big blind 100
*** HOLE CARDS ***
Dealt to Mahu2021 [Js 4c]
Valuk_SD: raises 831 to 931 and is all-in
Mahu2021: folds 
Uncalled bet (831) returned to Valuk_SD
Valuk_SD collected 200 from pot
Valuk_SD: doesn't show hand 
*** SUMMARY ***
Total pot 200 | Rake 0 
Seat 1: Valuk_SD (button) (small blind) collected (200)
Seat 3: Mahu2021 (big blind) folded before Flop



PokerStars Hand #247083896017: Tournament #3672608286, $1.84+$0.16 USD Hold'em No Limit - Level VI (50/100) - 2023/11/13 12:36:00 CET [2023/11/13 6:36:00 ET]
Table '3672608286 1' 3-max Seat #3 is the button
Seat 1: Valuk_SD (1031 in chips) 
Seat 3: Mahu2021 (469 in chips) 
Mahu2021: posts small blind 50
Valuk_SD: posts big blind 100
*** HOLE CARDS ***
Dealt to Mahu2021 [Th 2d]
Mahu2021: folds 
Uncalled bet (50) returned to Valuk_SD
Valuk_SD collected 100 from pot
Valuk_SD: doesn't show hand 
*** SUMMARY ***
Total pot 100 | Rake 0 
Seat 1: Valuk_SD (big blind) collected (100)
Seat 3: Mahu2021 (button) (small blind) folded before Flop



PokerStars Hand #247083896670: Tournament #3672608286, $1.84+$0.16 USD Hold'em No Limit - Level VI (50/100) - 2023/11/13 12:36:04 CET [2023/11/13 6:36:04 ET]
Table '3672608286 1' 3-max Seat #1 is the button
Seat 1: Valuk_SD (1081 in chips) 
Seat 3: Mahu2021 (419 in chips) 
Valuk_SD: posts small blind 50
Mahu2021: posts big blind 100
*** HOLE CARDS ***
Dealt to Mahu2021 [Jd 6c]
Valuk_SD: raises 981 to 1081 and is all-in
Mahu2021: calls 319 and is all-in
Uncalled bet (662) returned to Valuk_SD
*** FLOP *** [Th Qs 6s]
*** TURN *** [Th Qs 6s] [8d]
*** RIVER *** [Th Qs 6s 8d] [Qd]
*** SHOW DOWN ***
Mahu2021: shows [Jd 6c] (two pair, Queens and Sixes)
Valuk_SD: shows [9h 8s] (two pair, Queens and Eights)
Valuk_SD collected 838 from pot
Mahu2021 finished the tournament in 2nd place
Valuk_SD wins the tournament and receives $4.00 - congratulations!
*** SUMMARY ***
Total pot 838 | Rake 0 
Board [Th Qs 6s 8d Qd]
Seat 1: Valuk_SD (button) (small blind) showed [9h 8s] and won (838) with two pair, Queens and Eights
Seat 3: Mahu2021 (big blind) showed [Jd 6c] and lost with two pair, Queens and Sixes



