PokerStars Hand #247552937906: Tournament #3683872468, $1.84+$0.16 USD Hold'em No Limit - Level I (10/20) - 2023/12/08 22:56:56 CET [2023/12/08 16:56:56 ET]
Table '3683872468 1' 3-max Seat #1 is the button
Seat 1: Mahu2021 (500 in chips) 
Seat 2: RATZ0915 (500 in chips) 
Seat 3: JC MAGO-SP (500 in chips) 
RATZ0915: posts small blind 10
JC MAGO-SP: posts big blind 20
*** HOLE CARDS ***
Dealt to Mahu2021 [6s 5s]
Mahu2021: calls 20
RATZ0915: calls 10
JC MAGO-SP: checks 
*** FLOP *** [8c 4h 9h]
RATZ0915: bets 20
JC MAGO-SP: calls 20
Mahu2021: calls 20
*** TURN *** [8c 4h 9h] [4c]
RATZ0915: bets 40
JC MAGO-SP: calls 40
Mahu2021: calls 40
*** RIVER *** [8c 4h 9h 4c] [8h]
RATZ0915: bets 60
JC MAGO-SP: calls 60
Mahu2021: folds 
*** SHOW DOWN ***
RATZ0915: shows [8s 8d] (four of a kind, Eights)
JC MAGO-SP: mucks hand 
RATZ0915 collected 360 from pot
*** SUMMARY ***
Total pot 360 | Rake 0 
Board [8c 4h 9h 4c 8h]
Seat 1: Mahu2021 (button) folded on the River
Seat 2: RATZ0915 (small blind) showed [8s 8d] and won (360) with four of a kind, Eights
Seat 3: JC MAGO-SP (big blind) mucked [Kh 9c]



PokerStars Hand #247552948540: Tournament #3683872468, $1.84+$0.16 USD Hold'em No Limit - Level I (10/20) - 2023/12/08 22:57:37 CET [2023/12/08 16:57:37 ET]
Table '3683872468 1' 3-max Seat #2 is the button
Seat 1: Mahu2021 (420 in chips) 
Seat 2: RATZ0915 (720 in chips) 
Seat 3: JC MAGO-SP (360 in chips) 
JC MAGO-SP: posts small blind 10
Mahu2021: posts big blind 20
*** HOLE CARDS ***
Dealt to Mahu2021 [4c 3h]
RATZ0915: calls 20
JC MAGO-SP: raises 20 to 40
Mahu2021: calls 20
RATZ0915: calls 20
*** FLOP *** [Qc Qh 7s]
JC MAGO-SP: bets 20
Mahu2021: folds 
RATZ0915: folds 
Uncalled bet (20) returned to JC MAGO-SP
JC MAGO-SP collected 120 from pot
JC MAGO-SP: doesn't show hand 
*** SUMMARY ***
Total pot 120 | Rake 0 
Board [Qc Qh 7s]
Seat 1: Mahu2021 (big blind) folded on the Flop
Seat 2: RATZ0915 (button) folded on the Flop
Seat 3: JC MAGO-SP (small blind) collected (120)



PokerStars Hand #247552952430: Tournament #3683872468, $1.84+$0.16 USD Hold'em No Limit - Level I (10/20) - 2023/12/08 22:57:53 CET [2023/12/08 16:57:53 ET]
Table '3683872468 1' 3-max Seat #3 is the button
Seat 1: Mahu2021 (380 in chips) 
Seat 2: RATZ0915 (680 in chips) 
Seat 3: JC MAGO-SP (440 in chips) 
Mahu2021: posts small blind 10
RATZ0915: posts big blind 20
*** HOLE CARDS ***
Dealt to Mahu2021 [8s As]
JC MAGO-SP: raises 20 to 40
Mahu2021: calls 30
RATZ0915: calls 20
*** FLOP *** [6h Qd Tc]
Mahu2021: checks 
RATZ0915: checks 
JC MAGO-SP: checks 
*** TURN *** [6h Qd Tc] [7c]
Mahu2021: checks 
RATZ0915: bets 20
JC MAGO-SP: calls 20
Mahu2021: calls 20
*** RIVER *** [6h Qd Tc 7c] [5s]
Mahu2021: checks 
RATZ0915: checks 
JC MAGO-SP: bets 90
Mahu2021: folds 
RATZ0915: folds 
Uncalled bet (90) returned to JC MAGO-SP
JC MAGO-SP collected 180 from pot
JC MAGO-SP: doesn't show hand 
*** SUMMARY ***
Total pot 180 | Rake 0 
Board [6h Qd Tc 7c 5s]
Seat 1: Mahu2021 (small blind) folded on the River
Seat 2: RATZ0915 (big blind) folded on the River
Seat 3: JC MAGO-SP (button) collected (180)



PokerStars Hand #247552958785: Tournament #3683872468, $1.84+$0.16 USD Hold'em No Limit - Level I (10/20) - 2023/12/08 22:58:17 CET [2023/12/08 16:58:17 ET]
Table '3683872468 1' 3-max Seat #1 is the button
Seat 1: Mahu2021 (320 in chips) 
Seat 2: RATZ0915 (620 in chips) 
Seat 3: JC MAGO-SP (560 in chips) 
RATZ0915: posts small blind 10
JC MAGO-SP: posts big blind 20
*** HOLE CARDS ***
Dealt to Mahu2021 [2s 2c]
Mahu2021: raises 300 to 320 and is all-in
RATZ0915: folds 
JC MAGO-SP: folds 
Uncalled bet (300) returned to Mahu2021
Mahu2021 collected 50 from pot
Mahu2021: doesn't show hand 
*** SUMMARY ***
Total pot 50 | Rake 0 
Seat 1: Mahu2021 (button) collected (50)
Seat 2: RATZ0915 (small blind) folded before Flop
Seat 3: JC MAGO-SP (big blind) folded before Flop



PokerStars Hand #247552961022: Tournament #3683872468, $1.84+$0.16 USD Hold'em No Limit - Level I (10/20) - 2023/12/08 22:58:26 CET [2023/12/08 16:58:26 ET]
Table '3683872468 1' 3-max Seat #2 is the button
Seat 1: Mahu2021 (350 in chips) 
Seat 2: RATZ0915 (610 in chips) 
Seat 3: JC MAGO-SP (540 in chips) 
JC MAGO-SP: posts small blind 10
Mahu2021: posts big blind 20
*** HOLE CARDS ***
Dealt to Mahu2021 [8h 8c]
RATZ0915: calls 20
JC MAGO-SP: calls 10
Mahu2021: checks 
*** FLOP *** [Ah Kc Tc]
JC MAGO-SP: checks 
Mahu2021: checks 
RATZ0915: bets 30
JC MAGO-SP: folds 
Mahu2021: folds 
Uncalled bet (30) returned to RATZ0915
RATZ0915 collected 60 from pot
*** SUMMARY ***
Total pot 60 | Rake 0 
Board [Ah Kc Tc]
Seat 1: Mahu2021 (big blind) folded on the Flop
Seat 2: RATZ0915 (button) collected (60)
Seat 3: JC MAGO-SP (small blind) folded on the Flop



PokerStars Hand #247552964824: Tournament #3683872468, $1.84+$0.16 USD Hold'em No Limit - Level I (10/20) - 2023/12/08 22:58:41 CET [2023/12/08 16:58:41 ET]
Table '3683872468 1' 3-max Seat #3 is the button
Seat 1: Mahu2021 (330 in chips) 
Seat 2: RATZ0915 (650 in chips) 
Seat 3: JC MAGO-SP (520 in chips) 
Mahu2021: posts small blind 10
RATZ0915: posts big blind 20
*** HOLE CARDS ***
Dealt to Mahu2021 [Qd 6c]
JC MAGO-SP: folds 
Mahu2021: calls 10
RATZ0915: checks 
*** FLOP *** [4d Jd Ah]
Mahu2021: checks 
RATZ0915: bets 20
Mahu2021: folds 
Uncalled bet (20) returned to RATZ0915
RATZ0915 collected 40 from pot
*** SUMMARY ***
Total pot 40 | Rake 0 
Board [4d Jd Ah]
Seat 1: Mahu2021 (small blind) folded on the Flop
Seat 2: RATZ0915 (big blind) collected (40)
Seat 3: JC MAGO-SP (button) folded before Flop (didn't bet)



PokerStars Hand #247552968084: Tournament #3683872468, $1.84+$0.16 USD Hold'em No Limit - Level I (10/20) - 2023/12/08 22:58:54 CET [2023/12/08 16:58:54 ET]
Table '3683872468 1' 3-max Seat #1 is the button
Seat 1: Mahu2021 (310 in chips) 
Seat 2: RATZ0915 (670 in chips) 
Seat 3: JC MAGO-SP (520 in chips) 
RATZ0915: posts small blind 10
JC MAGO-SP: posts big blind 20
*** HOLE CARDS ***
Dealt to Mahu2021 [Td 4c]
Mahu2021: folds 
RATZ0915: calls 10
JC MAGO-SP: checks 
*** FLOP *** [2h Ah 5h]
RATZ0915: checks 
JC MAGO-SP: bets 20
RATZ0915: calls 20
*** TURN *** [2h Ah 5h] [6s]
RATZ0915: checks 
JC MAGO-SP: bets 20
RATZ0915: calls 20
*** RIVER *** [2h Ah 5h 6s] [8d]
RATZ0915: checks 
JC MAGO-SP: bets 20
RATZ0915: folds 
Uncalled bet (20) returned to JC MAGO-SP
JC MAGO-SP collected 120 from pot
JC MAGO-SP: doesn't show hand 
*** SUMMARY ***
Total pot 120 | Rake 0 
Board [2h Ah 5h 6s 8d]
Seat 1: Mahu2021 (button) folded before Flop (didn't bet)
Seat 2: RATZ0915 (small blind) folded on the River
Seat 3: JC MAGO-SP (big blind) collected (120)



PokerStars Hand #247552975988: Tournament #3683872468, $1.84+$0.16 USD Hold'em No Limit - Level II (15/30) - 2023/12/08 22:59:24 CET [2023/12/08 16:59:24 ET]
Table '3683872468 1' 3-max Seat #2 is the button
Seat 1: Mahu2021 (310 in chips) 
Seat 2: RATZ0915 (610 in chips) 
Seat 3: JC MAGO-SP (580 in chips) 
JC MAGO-SP: posts small blind 15
Mahu2021: posts big blind 30
*** HOLE CARDS ***
Dealt to Mahu2021 [5h Kh]
RATZ0915: calls 30
JC MAGO-SP: calls 15
Mahu2021: checks 
*** FLOP *** [8s Qc 9s]
JC MAGO-SP: checks 
Mahu2021: checks 
RATZ0915: bets 30
JC MAGO-SP: folds 
Mahu2021: folds 
Uncalled bet (30) returned to RATZ0915
RATZ0915 collected 90 from pot
*** SUMMARY ***
Total pot 90 | Rake 0 
Board [8s Qc 9s]
Seat 1: Mahu2021 (big blind) folded on the Flop
Seat 2: RATZ0915 (button) collected (90)
Seat 3: JC MAGO-SP (small blind) folded on the Flop



PokerStars Hand #247552983930: Tournament #3683872468, $1.84+$0.16 USD Hold'em No Limit - Level II (15/30) - 2023/12/08 22:59:54 CET [2023/12/08 16:59:54 ET]
Table '3683872468 1' 3-max Seat #3 is the button
Seat 1: Mahu2021 (280 in chips) 
Seat 2: RATZ0915 (670 in chips) 
Seat 3: JC MAGO-SP (550 in chips) 
Mahu2021: posts small blind 15
RATZ0915: posts big blind 30
*** HOLE CARDS ***
Dealt to Mahu2021 [2h Js]
JC MAGO-SP: raises 30 to 60
Mahu2021: folds 
RATZ0915: calls 30
*** FLOP *** [Ac 7d 9s]
RATZ0915: checks 
JC MAGO-SP: bets 30
RATZ0915: folds 
Uncalled bet (30) returned to JC MAGO-SP
JC MAGO-SP collected 135 from pot
JC MAGO-SP: doesn't show hand 
*** SUMMARY ***
Total pot 135 | Rake 0 
Board [Ac 7d 9s]
Seat 1: Mahu2021 (small blind) folded before Flop
Seat 2: RATZ0915 (big blind) folded on the Flop
Seat 3: JC MAGO-SP (button) collected (135)



PokerStars Hand #247552991251: Tournament #3683872468, $1.84+$0.16 USD Hold'em No Limit - Level II (15/30) - 2023/12/08 23:00:22 CET [2023/12/08 17:00:22 ET]
Table '3683872468 1' 3-max Seat #1 is the button
Seat 1: Mahu2021 (265 in chips) 
Seat 2: RATZ0915 (610 in chips) 
Seat 3: JC MAGO-SP (625 in chips) 
RATZ0915: posts small blind 15
JC MAGO-SP: posts big blind 30
*** HOLE CARDS ***
Dealt to Mahu2021 [Kc 3d]
Mahu2021: folds 
RATZ0915: calls 15
JC MAGO-SP: checks 
*** FLOP *** [8h 6s 4d]
RATZ0915: bets 30
JC MAGO-SP: folds 
Uncalled bet (30) returned to RATZ0915
RATZ0915 collected 60 from pot
*** SUMMARY ***
Total pot 60 | Rake 0 
Board [8h 6s 4d]
Seat 1: Mahu2021 (button) folded before Flop (didn't bet)
Seat 2: RATZ0915 (small blind) collected (60)
Seat 3: JC MAGO-SP (big blind) folded on the Flop



PokerStars Hand #247552997066: Tournament #3683872468, $1.84+$0.16 USD Hold'em No Limit - Level II (15/30) - 2023/12/08 23:00:43 CET [2023/12/08 17:00:43 ET]
Table '3683872468 1' 3-max Seat #2 is the button
Seat 1: Mahu2021 (265 in chips) 
Seat 2: RATZ0915 (640 in chips) 
Seat 3: JC MAGO-SP (595 in chips) 
JC MAGO-SP: posts small blind 15
Mahu2021: posts big blind 30
*** HOLE CARDS ***
Dealt to Mahu2021 [5d 5s]
RATZ0915: folds 
JC MAGO-SP: folds 
Uncalled bet (15) returned to Mahu2021
Mahu2021 collected 30 from pot
Mahu2021: doesn't show hand 
*** SUMMARY ***
Total pot 30 | Rake 0 
Seat 1: Mahu2021 (big blind) collected (30)
Seat 2: RATZ0915 (button) folded before Flop (didn't bet)
Seat 3: JC MAGO-SP (small blind) folded before Flop



PokerStars Hand #247552999862: Tournament #3683872468, $1.84+$0.16 USD Hold'em No Limit - Level II (15/30) - 2023/12/08 23:00:53 CET [2023/12/08 17:00:53 ET]
Table '3683872468 1' 3-max Seat #3 is the button
Seat 1: Mahu2021 (280 in chips) 
Seat 2: RATZ0915 (640 in chips) 
Seat 3: JC MAGO-SP (580 in chips) 
Mahu2021: posts small blind 15
RATZ0915: posts big blind 30
*** HOLE CARDS ***
Dealt to Mahu2021 [Qc 8c]
JC MAGO-SP: calls 30
Mahu2021: calls 15
RATZ0915: raises 30 to 60
JC MAGO-SP: calls 30
Mahu2021: calls 30
*** FLOP *** [3s Jd 6h]
Mahu2021: checks 
RATZ0915: bets 30
JC MAGO-SP: calls 30
Mahu2021: folds 
*** TURN *** [3s Jd 6h] [6d]
RATZ0915: bets 60
JC MAGO-SP: calls 60
*** RIVER *** [3s Jd 6h 6d] [4s]
RATZ0915: checks 
JC MAGO-SP: bets 360
RATZ0915: folds 
Uncalled bet (360) returned to JC MAGO-SP
JC MAGO-SP collected 360 from pot
JC MAGO-SP: doesn't show hand 
*** SUMMARY ***
Total pot 360 | Rake 0 
Board [3s Jd 6h 6d 4s]
Seat 1: Mahu2021 (small blind) folded on the Flop
Seat 2: RATZ0915 (big blind) folded on the River
Seat 3: JC MAGO-SP (button) collected (360)



PokerStars Hand #247553011235: Tournament #3683872468, $1.84+$0.16 USD Hold'em No Limit - Level III (20/40) - 2023/12/08 23:01:30 CET [2023/12/08 17:01:30 ET]
Table '3683872468 1' 3-max Seat #1 is the button
Seat 1: Mahu2021 (220 in chips) 
Seat 2: RATZ0915 (490 in chips) 
Seat 3: JC MAGO-SP (790 in chips) 
RATZ0915: posts small blind 20
JC MAGO-SP: posts big blind 40
*** HOLE CARDS ***
Dealt to Mahu2021 [Jd 8d]
Mahu2021: raises 40 to 80
RATZ0915: raises 410 to 490 and is all-in
JC MAGO-SP: calls 450
Mahu2021: calls 140 and is all-in
*** FLOP *** [3c 2s Th]
*** TURN *** [3c 2s Th] [8c]
*** RIVER *** [3c 2s Th 8c] [4d]
*** SHOW DOWN ***
RATZ0915: shows [9c Ac] (high card Ace)
JC MAGO-SP: shows [Ah Ts] (a pair of Tens)
JC MAGO-SP collected 540 from side pot
Mahu2021: shows [Jd 8d] (a pair of Eights)
JC MAGO-SP collected 660 from main pot
RATZ0915 finished the tournament in 2nd place
Mahu2021 finished the tournament in 3rd place
JC MAGO-SP wins the tournament and receives $4.00 - congratulations!
*** SUMMARY ***
Total pot 1200 Main pot 660. Side pot 540. | Rake 0 
Board [3c 2s Th 8c 4d]
Seat 1: Mahu2021 (button) showed [Jd 8d] and lost with a pair of Eights
Seat 2: RATZ0915 (small blind) showed [9c Ac] and lost with high card Ace
Seat 3: JC MAGO-SP (big blind) showed [Ah Ts] and won (1200) with a pair of Tens



