PokerStars Hand #252842395299: Tournament #3809965350, $1.84+$0.16 USD Hold'em No Limit - Level I (10/20) - 2024/10/09 16:11:50 CET [2024/10/09 10:11:50 ET]
Table '3809965350 1' 3-max Seat #1 is the button
Seat 1: maafenix (500 in chips) 
Seat 2: Andvou (500 in chips) 
Seat 3: Mahu2021 (500 in chips) 
Andvou: posts small blind 10
Mahu2021: posts big blind 20
*** HOLE CARDS ***
Dealt to Mahu2021 [2d 8d]
maafenix: calls 20
Andvou: folds 
Mahu2021: checks 
*** FLOP *** [5s 9s 8s]
Mahu2021: checks 
maafenix: checks 
*** TURN *** [5s 9s 8s] [9d]
Mahu2021: bets 20
maafenix: raises 20 to 40
Mahu2021: calls 20
*** RIVER *** [5s 9s 8s 9d] [Td]
Mahu2021: checks 
maafenix: bets 20
Mahu2021: calls 20
*** SHOW DOWN ***
maafenix: shows [Jc Jd] (two pair, Jacks and Nines)
Mahu2021: mucks hand 
maafenix collected 170 from pot
*** SUMMARY ***
Total pot 170 | Rake 0 
Board [5s 9s 8s 9d Td]
Seat 1: maafenix (button) showed [Jc Jd] and won (170) with two pair, Jacks and Nines
Seat 2: Andvou (small blind) folded before Flop
Seat 3: Mahu2021 (big blind) mucked [2d 8d]



PokerStars Hand #252842398375: Tournament #3809965350, $1.84+$0.16 USD Hold'em No Limit - Level I (10/20) - 2024/10/09 16:12:07 CET [2024/10/09 10:12:07 ET]
Table '3809965350 1' 3-max Seat #2 is the button
Seat 1: maafenix (590 in chips) 
Seat 2: Andvou (490 in chips) 
Seat 3: Mahu2021 (420 in chips) 
Mahu2021: posts small blind 10
maafenix: posts big blind 20
*** HOLE CARDS ***
Dealt to Mahu2021 [9s 6d]
Andvou: raises 20 to 40
Mahu2021: folds 
maafenix: calls 20
*** FLOP *** [Kh Tc 5h]
maafenix: checks 
Andvou: bets 30
maafenix: calls 30
*** TURN *** [Kh Tc 5h] [7h]
maafenix: checks 
Andvou: bets 50
maafenix: folds 
Uncalled bet (50) returned to Andvou
Andvou collected 150 from pot
Andvou: doesn't show hand 
*** SUMMARY ***
Total pot 150 | Rake 0 
Board [Kh Tc 5h 7h]
Seat 1: maafenix (big blind) folded on the Turn
Seat 2: Andvou (button) collected (150)
Seat 3: Mahu2021 (small blind) folded before Flop



PokerStars Hand #252842401711: Tournament #3809965350, $1.84+$0.16 USD Hold'em No Limit - Level I (10/20) - 2024/10/09 16:12:25 CET [2024/10/09 10:12:25 ET]
Table '3809965350 1' 3-max Seat #3 is the button
Seat 1: maafenix (520 in chips) 
Seat 2: Andvou (570 in chips) 
Seat 3: Mahu2021 (410 in chips) 
maafenix: posts small blind 10
Andvou: posts big blind 20
*** HOLE CARDS ***
Dealt to Mahu2021 [Ts 7s]
Mahu2021: raises 20 to 40
maafenix: folds 
Andvou: calls 20
*** FLOP *** [5h 8s 6h]
Andvou: checks 
Mahu2021: bets 40
Andvou: folds 
Uncalled bet (40) returned to Mahu2021
Mahu2021 collected 90 from pot
Mahu2021: doesn't show hand 
*** SUMMARY ***
Total pot 90 | Rake 0 
Board [5h 8s 6h]
Seat 1: maafenix (small blind) folded before Flop
Seat 2: Andvou (big blind) folded on the Flop
Seat 3: Mahu2021 (button) collected (90)



PokerStars Hand #252842404419: Tournament #3809965350, $1.84+$0.16 USD Hold'em No Limit - Level I (10/20) - 2024/10/09 16:12:39 CET [2024/10/09 10:12:39 ET]
Table '3809965350 1' 3-max Seat #1 is the button
Seat 1: maafenix (510 in chips) 
Seat 2: Andvou (530 in chips) 
Seat 3: Mahu2021 (460 in chips) 
Andvou: posts small blind 10
Mahu2021: posts big blind 20
*** HOLE CARDS ***
Dealt to Mahu2021 [3c Th]
maafenix: raises 20 to 40
Andvou: folds 
Mahu2021: folds 
Uncalled bet (20) returned to maafenix
maafenix collected 50 from pot
maafenix: doesn't show hand 
*** SUMMARY ***
Total pot 50 | Rake 0 
Seat 1: maafenix (button) collected (50)
Seat 2: Andvou (small blind) folded before Flop
Seat 3: Mahu2021 (big blind) folded before Flop



PokerStars Hand #252842405578: Tournament #3809965350, $1.84+$0.16 USD Hold'em No Limit - Level I (10/20) - 2024/10/09 16:12:45 CET [2024/10/09 10:12:45 ET]
Table '3809965350 1' 3-max Seat #2 is the button
Seat 1: maafenix (540 in chips) 
Seat 2: Andvou (520 in chips) 
Seat 3: Mahu2021 (440 in chips) 
Mahu2021: posts small blind 10
maafenix: posts big blind 20
*** HOLE CARDS ***
Dealt to Mahu2021 [2d 7d]
Andvou: raises 20 to 40
Mahu2021: folds 
maafenix: calls 20
*** FLOP *** [7s 9h 5d]
maafenix: bets 20
Andvou: raises 43 to 63
maafenix: calls 43
*** TURN *** [7s 9h 5d] [3c]
maafenix: checks 
Andvou: bets 71
maafenix: calls 71
*** RIVER *** [7s 9h 5d 3c] [Kc]
maafenix: checks 
Andvou: bets 346 and is all-in
maafenix: folds 
Uncalled bet (346) returned to Andvou
Andvou collected 358 from pot
Andvou: doesn't show hand 
*** SUMMARY ***
Total pot 358 | Rake 0 
Board [7s 9h 5d 3c Kc]
Seat 1: maafenix (big blind) folded on the River
Seat 2: Andvou (button) collected (358)
Seat 3: Mahu2021 (small blind) folded before Flop



PokerStars Hand #252842411957: Tournament #3809965350, $1.84+$0.16 USD Hold'em No Limit - Level I (10/20) - 2024/10/09 16:13:19 CET [2024/10/09 10:13:19 ET]
Table '3809965350 1' 3-max Seat #3 is the button
Seat 1: maafenix (366 in chips) 
Seat 2: Andvou (704 in chips) 
Seat 3: Mahu2021 (430 in chips) 
maafenix: posts small blind 10
Andvou: posts big blind 20
*** HOLE CARDS ***
Dealt to Mahu2021 [3s 5h]
Mahu2021: folds 
maafenix: calls 10
Andvou: checks 
*** FLOP *** [Kc 8c 4h]
maafenix: bets 100
Andvou: folds 
Uncalled bet (100) returned to maafenix
maafenix collected 40 from pot
maafenix: doesn't show hand 
*** SUMMARY ***
Total pot 40 | Rake 0 
Board [Kc 8c 4h]
Seat 1: maafenix (small blind) collected (40)
Seat 2: Andvou (big blind) folded on the Flop
Seat 3: Mahu2021 (button) folded before Flop (didn't bet)



PokerStars Hand #252842415125: Tournament #3809965350, $1.84+$0.16 USD Hold'em No Limit - Level I (10/20) - 2024/10/09 16:13:35 CET [2024/10/09 10:13:35 ET]
Table '3809965350 1' 3-max Seat #1 is the button
Seat 1: maafenix (386 in chips) 
Seat 2: Andvou (684 in chips) 
Seat 3: Mahu2021 (430 in chips) 
Andvou: posts small blind 10
Mahu2021: posts big blind 20
*** HOLE CARDS ***
Dealt to Mahu2021 [5s 7h]
maafenix: folds 
Andvou: folds 
Uncalled bet (10) returned to Mahu2021
Mahu2021 collected 20 from pot
Mahu2021: doesn't show hand 
*** SUMMARY ***
Total pot 20 | Rake 0 
Seat 1: maafenix (button) folded before Flop (didn't bet)
Seat 2: Andvou (small blind) folded before Flop
Seat 3: Mahu2021 (big blind) collected (20)



PokerStars Hand #252842417446: Tournament #3809965350, $1.84+$0.16 USD Hold'em No Limit - Level I (10/20) - 2024/10/09 16:13:48 CET [2024/10/09 10:13:48 ET]
Table '3809965350 1' 3-max Seat #2 is the button
Seat 1: maafenix (386 in chips) 
Seat 2: Andvou (674 in chips) 
Seat 3: Mahu2021 (440 in chips) 
Mahu2021: posts small blind 10
maafenix: posts big blind 20
*** HOLE CARDS ***
Dealt to Mahu2021 [3h 7c]
Andvou: raises 20 to 40
Mahu2021: folds 
maafenix: calls 20
*** FLOP *** [Kc 4s 8d]
maafenix: checks 
Andvou: checks 
*** TURN *** [Kc 4s 8d] [6s]
maafenix: checks 
Andvou: checks 
*** RIVER *** [Kc 4s 8d 6s] [2h]
maafenix: bets 20
Andvou: raises 600 to 620
maafenix: calls 326 and is all-in
Uncalled bet (274) returned to Andvou
*** SHOW DOWN ***
Andvou: shows [Ah Tc] (high card Ace)
maafenix: shows [2s Qs] (a pair of Deuces)
maafenix collected 782 from pot
*** SUMMARY ***
Total pot 782 | Rake 0 
Board [Kc 4s 8d 6s 2h]
Seat 1: maafenix (big blind) showed [2s Qs] and won (782) with a pair of Deuces
Seat 2: Andvou (button) showed [Ah Tc] and lost with high card Ace
Seat 3: Mahu2021 (small blind) folded before Flop



PokerStars Hand #252842423096: Tournament #3809965350, $1.84+$0.16 USD Hold'em No Limit - Level II (15/30) - 2024/10/09 16:14:18 CET [2024/10/09 10:14:18 ET]
Table '3809965350 1' 3-max Seat #3 is the button
Seat 1: maafenix (782 in chips) 
Seat 2: Andvou (288 in chips) 
Seat 3: Mahu2021 (430 in chips) 
maafenix: posts small blind 15
Andvou: posts big blind 30
*** HOLE CARDS ***
Dealt to Mahu2021 [Qs 7d]
Mahu2021: folds 
maafenix: raises 752 to 782 and is all-in
Andvou: calls 258 and is all-in
Uncalled bet (494) returned to maafenix
*** FLOP *** [2c 4s 3d]
*** TURN *** [2c 4s 3d] [3h]
*** RIVER *** [2c 4s 3d 3h] [8d]
*** SHOW DOWN ***
maafenix: shows [9c Ac] (a pair of Threes)
Andvou: shows [7c 7s] (two pair, Sevens and Threes)
Andvou collected 576 from pot
*** SUMMARY ***
Total pot 576 | Rake 0 
Board [2c 4s 3d 3h 8d]
Seat 1: maafenix (small blind) showed [9c Ac] and lost with a pair of Threes
Seat 2: Andvou (big blind) showed [7c 7s] and won (576) with two pair, Sevens and Threes
Seat 3: Mahu2021 (button) folded before Flop (didn't bet)



PokerStars Hand #252842425620: Tournament #3809965350, $1.84+$0.16 USD Hold'em No Limit - Level II (15/30) - 2024/10/09 16:14:31 CET [2024/10/09 10:14:31 ET]
Table '3809965350 1' 3-max Seat #1 is the button
Seat 1: maafenix (494 in chips) 
Seat 2: Andvou (576 in chips) 
Seat 3: Mahu2021 (430 in chips) 
Andvou: posts small blind 15
Mahu2021: posts big blind 30
*** HOLE CARDS ***
Dealt to Mahu2021 [2h 5c]
maafenix: calls 30
Andvou: folds 
Mahu2021: checks 
*** FLOP *** [2c 3h Jh]
Mahu2021: checks 
maafenix: checks 
*** TURN *** [2c 3h Jh] [Js]
Mahu2021: bets 30
maafenix: calls 30
*** RIVER *** [2c 3h Jh Js] [Tc]
Mahu2021: bets 30
maafenix: calls 30
*** SHOW DOWN ***
Mahu2021: shows [2h 5c] (two pair, Jacks and Deuces)
maafenix: mucks hand 
Mahu2021 collected 195 from pot
*** SUMMARY ***
Total pot 195 | Rake 0 
Board [2c 3h Jh Js Tc]
Seat 1: maafenix (button) mucked [4d Kh]
Seat 2: Andvou (small blind) folded before Flop
Seat 3: Mahu2021 (big blind) showed [2h 5c] and won (195) with two pair, Jacks and Deuces



PokerStars Hand #252842428644: Tournament #3809965350, $1.84+$0.16 USD Hold'em No Limit - Level II (15/30) - 2024/10/09 16:14:47 CET [2024/10/09 10:14:47 ET]
Table '3809965350 1' 3-max Seat #2 is the button
Seat 1: maafenix (404 in chips) 
Seat 2: Andvou (561 in chips) 
Seat 3: Mahu2021 (535 in chips) 
Mahu2021: posts small blind 15
maafenix: posts big blind 30
*** HOLE CARDS ***
Dealt to Mahu2021 [Jc 3s]
Andvou: raises 30 to 60
Mahu2021: folds 
maafenix: calls 30
*** FLOP *** [Jh Kd Kh]
maafenix: bets 344 and is all-in
Andvou: calls 344
*** TURN *** [Jh Kd Kh] [9h]
*** RIVER *** [Jh Kd Kh 9h] [As]
*** SHOW DOWN ***
maafenix: shows [Qs Ac] (two pair, Aces and Kings)
Andvou: shows [Ah 2d] (two pair, Aces and Kings - lower kicker)
maafenix collected 823 from pot
*** SUMMARY ***
Total pot 823 | Rake 0 
Board [Jh Kd Kh 9h As]
Seat 1: maafenix (big blind) showed [Qs Ac] and won (823) with two pair, Aces and Kings
Seat 2: Andvou (button) showed [Ah 2d] and lost with two pair, Aces and Kings
Seat 3: Mahu2021 (small blind) folded before Flop



PokerStars Hand #252842432022: Tournament #3809965350, $1.84+$0.16 USD Hold'em No Limit - Level II (15/30) - 2024/10/09 16:15:05 CET [2024/10/09 10:15:05 ET]
Table '3809965350 1' 3-max Seat #3 is the button
Seat 1: maafenix (823 in chips) 
Seat 2: Andvou (157 in chips) 
Seat 3: Mahu2021 (520 in chips) 
maafenix: posts small blind 15
Andvou: posts big blind 30
*** HOLE CARDS ***
Dealt to Mahu2021 [Qs 9h]
Mahu2021: folds 
maafenix: raises 793 to 823 and is all-in
Andvou: calls 127 and is all-in
Uncalled bet (666) returned to maafenix
*** FLOP *** [8d 7s 7h]
*** TURN *** [8d 7s 7h] [7c]
*** RIVER *** [8d 7s 7h 7c] [8s]
*** SHOW DOWN ***
maafenix: shows [Ad 9d] (a full house, Sevens full of Eights)
Andvou: shows [Ks Ts] (a full house, Sevens full of Eights)
maafenix collected 157 from pot
Andvou collected 157 from pot
*** SUMMARY ***
Total pot 314 | Rake 0 
Board [8d 7s 7h 7c 8s]
Seat 1: maafenix (small blind) showed [Ad 9d] and won (157) with a full house, Sevens full of Eights
Seat 2: Andvou (big blind) showed [Ks Ts] and won (157) with a full house, Sevens full of Eights
Seat 3: Mahu2021 (button) folded before Flop (didn't bet)



PokerStars Hand #252842434833: Tournament #3809965350, $1.84+$0.16 USD Hold'em No Limit - Level II (15/30) - 2024/10/09 16:15:19 CET [2024/10/09 10:15:19 ET]
Table '3809965350 1' 3-max Seat #1 is the button
Seat 1: maafenix (823 in chips) 
Seat 2: Andvou (157 in chips) 
Seat 3: Mahu2021 (520 in chips) 
Andvou: posts small blind 15
Mahu2021: posts big blind 30
*** HOLE CARDS ***
Dealt to Mahu2021 [Ks Jh]
maafenix: raises 30 to 60
Andvou: raises 97 to 157 and is all-in
Mahu2021: folds 
maafenix: calls 97
*** FLOP *** [3h 3c 2d]
*** TURN *** [3h 3c 2d] [6d]
*** RIVER *** [3h 3c 2d 6d] [2c]
*** SHOW DOWN ***
Andvou: shows [Ac 8s] (two pair, Threes and Deuces)
maafenix: shows [7s Kc] (two pair, Threes and Deuces - lower kicker)
Andvou collected 344 from pot
*** SUMMARY ***
Total pot 344 | Rake 0 
Board [3h 3c 2d 6d 2c]
Seat 1: maafenix (button) showed [7s Kc] and lost with two pair, Threes and Deuces
Seat 2: Andvou (small blind) showed [Ac 8s] and won (344) with two pair, Threes and Deuces
Seat 3: Mahu2021 (big blind) folded before Flop



PokerStars Hand #252842438938: Tournament #3809965350, $1.84+$0.16 USD Hold'em No Limit - Level II (15/30) - 2024/10/09 16:15:40 CET [2024/10/09 10:15:40 ET]
Table '3809965350 1' 3-max Seat #2 is the button
Seat 1: maafenix (666 in chips) 
Seat 2: Andvou (344 in chips) 
Seat 3: Mahu2021 (490 in chips) 
Mahu2021: posts small blind 15
maafenix: posts big blind 30
*** HOLE CARDS ***
Dealt to Mahu2021 [2s 5s]
Andvou: raises 30 to 60
Mahu2021: folds 
maafenix: raises 606 to 666 and is all-in
Andvou: folds 
Uncalled bet (606) returned to maafenix
maafenix collected 135 from pot
maafenix: doesn't show hand 
*** SUMMARY ***
Total pot 135 | Rake 0 
Seat 1: maafenix (big blind) collected (135)
Seat 2: Andvou (button) folded before Flop
Seat 3: Mahu2021 (small blind) folded before Flop



PokerStars Hand #252842442151: Tournament #3809965350, $1.84+$0.16 USD Hold'em No Limit - Level III (20/40) - 2024/10/09 16:15:57 CET [2024/10/09 10:15:57 ET]
Table '3809965350 1' 3-max Seat #3 is the button
Seat 1: maafenix (741 in chips) 
Seat 2: Andvou (284 in chips) 
Seat 3: Mahu2021 (475 in chips) 
maafenix: posts small blind 20
Andvou: posts big blind 40
*** HOLE CARDS ***
Dealt to Mahu2021 [8c 9s]
Mahu2021: folds 
maafenix: folds 
Uncalled bet (20) returned to Andvou
Andvou collected 40 from pot
Andvou: doesn't show hand 
*** SUMMARY ***
Total pot 40 | Rake 0 
Seat 1: maafenix (small blind) folded before Flop
Seat 2: Andvou (big blind) collected (40)
Seat 3: Mahu2021 (button) folded before Flop (didn't bet)



PokerStars Hand #252842443995: Tournament #3809965350, $1.84+$0.16 USD Hold'em No Limit - Level III (20/40) - 2024/10/09 16:16:06 CET [2024/10/09 10:16:06 ET]
Table '3809965350 1' 3-max Seat #1 is the button
Seat 1: maafenix (721 in chips) 
Seat 2: Andvou (304 in chips) 
Seat 3: Mahu2021 (475 in chips) 
Andvou: posts small blind 20
Mahu2021: posts big blind 40
*** HOLE CARDS ***
Dealt to Mahu2021 [6h 4c]
maafenix: raises 681 to 721 and is all-in
Andvou: folds 
Mahu2021: folds 
Uncalled bet (681) returned to maafenix
maafenix collected 100 from pot
maafenix: doesn't show hand 
*** SUMMARY ***
Total pot 100 | Rake 0 
Seat 1: maafenix (button) collected (100)
Seat 2: Andvou (small blind) folded before Flop
Seat 3: Mahu2021 (big blind) folded before Flop



PokerStars Hand #252842445271: Tournament #3809965350, $1.84+$0.16 USD Hold'em No Limit - Level III (20/40) - 2024/10/09 16:16:13 CET [2024/10/09 10:16:13 ET]
Table '3809965350 1' 3-max Seat #2 is the button
Seat 1: maafenix (781 in chips) 
Seat 2: Andvou (284 in chips) 
Seat 3: Mahu2021 (435 in chips) 
Mahu2021: posts small blind 20
maafenix: posts big blind 40
*** HOLE CARDS ***
Dealt to Mahu2021 [Ks 7h]
Andvou: folds 
Mahu2021: raises 395 to 435 and is all-in
maafenix: folds 
Uncalled bet (395) returned to Mahu2021
Mahu2021 collected 80 from pot
Mahu2021: doesn't show hand 
*** SUMMARY ***
Total pot 80 | Rake 0 
Seat 1: maafenix (big blind) folded before Flop
Seat 2: Andvou (button) folded before Flop (didn't bet)
Seat 3: Mahu2021 (small blind) collected (80)



PokerStars Hand #252842447185: Tournament #3809965350, $1.84+$0.16 USD Hold'em No Limit - Level III (20/40) - 2024/10/09 16:16:23 CET [2024/10/09 10:16:23 ET]
Table '3809965350 1' 3-max Seat #3 is the button
Seat 1: maafenix (741 in chips) 
Seat 2: Andvou (284 in chips) 
Seat 3: Mahu2021 (475 in chips) 
maafenix: posts small blind 20
Andvou: posts big blind 40
*** HOLE CARDS ***
Dealt to Mahu2021 [2h As]
Mahu2021: folds 
maafenix: folds 
Uncalled bet (20) returned to Andvou
Andvou collected 40 from pot
Andvou: doesn't show hand 
*** SUMMARY ***
Total pot 40 | Rake 0 
Seat 1: maafenix (small blind) folded before Flop
Seat 2: Andvou (big blind) collected (40)
Seat 3: Mahu2021 (button) folded before Flop (didn't bet)



PokerStars Hand #252842448177: Tournament #3809965350, $1.84+$0.16 USD Hold'em No Limit - Level III (20/40) - 2024/10/09 16:16:28 CET [2024/10/09 10:16:28 ET]
Table '3809965350 1' 3-max Seat #1 is the button
Seat 1: maafenix (721 in chips) 
Seat 2: Andvou (304 in chips) 
Seat 3: Mahu2021 (475 in chips) 
Andvou: posts small blind 20
Mahu2021: posts big blind 40
*** HOLE CARDS ***
Dealt to Mahu2021 [7c 4c]
maafenix: folds 
Andvou: folds 
Uncalled bet (20) returned to Mahu2021
Mahu2021 collected 40 from pot
Mahu2021: doesn't show hand 
*** SUMMARY ***
Total pot 40 | Rake 0 
Seat 1: maafenix (button) folded before Flop (didn't bet)
Seat 2: Andvou (small blind) folded before Flop
Seat 3: Mahu2021 (big blind) collected (40)



PokerStars Hand #252842450278: Tournament #3809965350, $1.84+$0.16 USD Hold'em No Limit - Level III (20/40) - 2024/10/09 16:16:39 CET [2024/10/09 10:16:39 ET]
Table '3809965350 1' 3-max Seat #2 is the button
Seat 1: maafenix (721 in chips) 
Seat 2: Andvou (284 in chips) 
Seat 3: Mahu2021 (495 in chips) 
Mahu2021: posts small blind 20
maafenix: posts big blind 40
*** HOLE CARDS ***
Dealt to Mahu2021 [2s Kd]
Andvou: folds 
Mahu2021: folds 
Uncalled bet (20) returned to maafenix
maafenix collected 40 from pot
maafenix: doesn't show hand 
*** SUMMARY ***
Total pot 40 | Rake 0 
Seat 1: maafenix (big blind) collected (40)
Seat 2: Andvou (button) folded before Flop (didn't bet)
Seat 3: Mahu2021 (small blind) folded before Flop



PokerStars Hand #252842451198: Tournament #3809965350, $1.84+$0.16 USD Hold'em No Limit - Level III (20/40) - 2024/10/09 16:16:44 CET [2024/10/09 10:16:44 ET]
Table '3809965350 1' 3-max Seat #3 is the button
Seat 1: maafenix (741 in chips) 
Seat 2: Andvou (284 in chips) 
Seat 3: Mahu2021 (475 in chips) 
maafenix: posts small blind 20
Andvou: posts big blind 40
*** HOLE CARDS ***
Dealt to Mahu2021 [8d 2d]
Mahu2021: folds 
maafenix: calls 20
Andvou: checks 
*** FLOP *** [4h Ah 2c]
maafenix: checks 
Andvou: checks 
*** TURN *** [4h Ah 2c] [9s]
maafenix: checks 
Andvou: checks 
*** RIVER *** [4h Ah 2c 9s] [6d]
maafenix: checks 
Andvou: bets 244 and is all-in
maafenix: folds 
Uncalled bet (244) returned to Andvou
Andvou collected 80 from pot
Andvou: doesn't show hand 
*** SUMMARY ***
Total pot 80 | Rake 0 
Board [4h Ah 2c 9s 6d]
Seat 1: maafenix (small blind) folded on the River
Seat 2: Andvou (big blind) collected (80)
Seat 3: Mahu2021 (button) folded before Flop (didn't bet)



PokerStars Hand #252842455300: Tournament #3809965350, $1.84+$0.16 USD Hold'em No Limit - Level III (20/40) - 2024/10/09 16:17:05 CET [2024/10/09 10:17:05 ET]
Table '3809965350 1' 3-max Seat #1 is the button
Seat 1: maafenix (701 in chips) 
Seat 2: Andvou (324 in chips) 
Seat 3: Mahu2021 (475 in chips) 
Andvou: posts small blind 20
Mahu2021: posts big blind 40
*** HOLE CARDS ***
Dealt to Mahu2021 [7c As]
maafenix: calls 40
Andvou: raises 240 to 280
Mahu2021: raises 195 to 475 and is all-in
maafenix: raises 226 to 701 and is all-in
Andvou: calls 44 and is all-in
Uncalled bet (226) returned to maafenix
*** FLOP *** [2h 3s 7s]
*** TURN *** [2h 3s 7s] [Tc]
*** RIVER *** [2h 3s 7s Tc] [Jh]
*** SHOW DOWN ***
Mahu2021: shows [7c As] (a pair of Sevens)
maafenix: shows [Ts Qd] (a pair of Tens)
maafenix collected 302 from side pot
Andvou: shows [Ad Jc] (a pair of Jacks)
Andvou collected 972 from main pot
Mahu2021 finished the tournament in 3rd place
*** SUMMARY ***
Total pot 1274 Main pot 972. Side pot 302. | Rake 0 
Board [2h 3s 7s Tc Jh]
Seat 1: maafenix (button) showed [Ts Qd] and won (302) with a pair of Tens
Seat 2: Andvou (small blind) showed [Ad Jc] and won (972) with a pair of Jacks
Seat 3: Mahu2021 (big blind) showed [7c As] and lost with a pair of Sevens



