PokerStars Zoom Hand #255093702899:  Hold'em No Limit ($0.05/$0.10) - 2025/03/01 21:31:42 CET [2025/03/01 15:31:42 ET]
Table 'Aludra' 6-max Seat #1 is the button
Seat 1: PokerSchütze241 ($10.34 in chips) 
Seat 2: Rene19800211 ($13.59 in chips) 
Seat 3: Mahu2021 ($10 in chips) 
Seat 4: Ritter00 ($5.68 in chips) 
Seat 5: teebeutel16 ($7.57 in chips) 
Seat 6: pokersenis ($17.65 in chips) 
Rene19800211: posts small blind $0.05
Mahu2021: posts big blind $0.10
*** HOLE CARDS ***
Dealt to Mahu2021 [Ah 2s]
Ritter00: folds 
teebeutel16: folds 
pokersenis: folds 
PokerSchütze241: calls $0.10
Rene19800211: folds 
Mahu2021: checks 
*** FLOP *** [Kh Ts 5d]
Mahu2021: checks 
PokerSchütze241: bets $0.12
Mahu2021: folds 
Uncalled bet ($0.12) returned to PokerSchütze241
PokerSchütze241 collected $0.24 from pot
PokerSchütze241: doesn't show hand 
*** SUMMARY ***
Total pot $0.25 | Rake $0.01 
Board [Kh Ts 5d]
Seat 1: PokerSchütze241 (button) collected ($0.24)
Seat 2: Rene19800211 (small blind) folded before Flop
Seat 3: Mahu2021 (big blind) folded on the Flop
Seat 4: Ritter00 folded before Flop (didn't bet)
Seat 5: teebeutel16 folded before Flop (didn't bet)
Seat 6: pokersenis folded before Flop (didn't bet)



PokerStars Zoom Hand #255093710241:  Hold'em No Limit ($0.05/$0.10) - 2025/03/01 21:32:08 CET [2025/03/01 15:32:08 ET]
Table 'Aludra' 6-max Seat #1 is the button
Seat 1: Mahu2021 ($9.85 in chips) 
Seat 2: AnjinhoTrex ($10.76 in chips) 
Seat 3: Hopewar ($10.92 in chips) 
Seat 4: Jajje7 ($13.71 in chips) 
Seat 5: Latte is horse ($15.80 in chips) 
Seat 6: TiaMarek ($14.47 in chips) 
AnjinhoTrex: posts small blind $0.05
Hopewar: posts big blind $0.10
*** HOLE CARDS ***
Dealt to Mahu2021 [7c 3d]
Latte is horse is disconnected 
Jajje7: folds 
Latte is horse has timed out while disconnected
Latte is horse: folds 
TiaMarek: folds 
Mahu2021: folds 
AnjinhoTrex: folds 
Uncalled bet ($0.05) returned to Hopewar
Hopewar collected $0.10 from pot
Hopewar: doesn't show hand 
*** SUMMARY ***
Total pot $0.10 | Rake $0 
Seat 1: Mahu2021 (button) folded before Flop (didn't bet)
Seat 2: AnjinhoTrex (small blind) folded before Flop
Seat 3: Hopewar (big blind) collected ($0.10)
Seat 4: Jajje7 folded before Flop (didn't bet)
Seat 5: Latte is horse folded before Flop (didn't bet)
Seat 6: TiaMarek folded before Flop (didn't bet)



PokerStars Zoom Hand #255093713993:  Hold'em No Limit ($0.05/$0.10) - 2025/03/01 21:32:21 CET [2025/03/01 15:32:21 ET]
Table 'Aludra' 6-max Seat #1 is the button
Seat 1: Mahu2021 ($9.85 in chips) 
Seat 2: JonnHsk ($16.99 in chips) 
Seat 3: shabaBOBO ($10 in chips) 
Seat 4: rlawnsdud ($21.93 in chips) 
Seat 5: dh7889 ($11.80 in chips) 
Seat 6: Last70 ($20.37 in chips) 
JonnHsk: posts small blind $0.05
shabaBOBO: posts big blind $0.10
*** HOLE CARDS ***
Dealt to Mahu2021 [9c 4h]
rlawnsdud: folds 
dh7889: folds 
Last70: folds 
Mahu2021: folds 
JonnHsk: folds 
Uncalled bet ($0.05) returned to shabaBOBO
shabaBOBO collected $0.10 from pot
shabaBOBO: doesn't show hand 
*** SUMMARY ***
Total pot $0.10 | Rake $0 
Seat 1: Mahu2021 (button) folded before Flop (didn't bet)
Seat 2: JonnHsk (small blind) folded before Flop
Seat 3: shabaBOBO (big blind) collected ($0.10)
Seat 4: rlawnsdud folded before Flop (didn't bet)
Seat 5: dh7889 folded before Flop (didn't bet)
Seat 6: Last70 folded before Flop (didn't bet)



PokerStars Zoom Hand #255093711702:  Hold'em No Limit ($0.05/$0.10) - 2025/03/01 21:32:13 CET [2025/03/01 15:32:13 ET]
Table 'Aludra' 6-max Seat #1 is the button
Seat 1: AnjinhoTrex ($10.71 in chips) 
Seat 2: RrOoMmAaNn1978 ($10.84 in chips) 
Seat 3: pokeripuikko ($24.60 in chips) 
Seat 4: km1883 ($10.15 in chips) 
Seat 5: shabaBOBO ($10 in chips) 
Seat 6: Mahu2021 ($9.85 in chips) 
RrOoMmAaNn1978: posts small blind $0.05
pokeripuikko: posts big blind $0.10
*** HOLE CARDS ***
Dealt to Mahu2021 [Th 8c]
km1883: folds 
shabaBOBO: folds 
Mahu2021: folds 
AnjinhoTrex: folds 
RrOoMmAaNn1978: calls $0.05
pokeripuikko: checks 
*** FLOP *** [Tc 6c Td]
RrOoMmAaNn1978: checks 
pokeripuikko: checks 
*** TURN *** [Tc 6c Td] [Ks]
RrOoMmAaNn1978: checks 
pokeripuikko: checks 
*** RIVER *** [Tc 6c Td Ks] [5h]
RrOoMmAaNn1978: checks 
pokeripuikko: checks 
*** SHOW DOWN ***
RrOoMmAaNn1978: shows [2c Ac] (a pair of Tens)
pokeripuikko: mucks hand 
RrOoMmAaNn1978 collected $0.19 from pot
*** SUMMARY ***
Total pot $0.20 | Rake $0.01 
Board [Tc 6c Td Ks 5h]
Seat 1: AnjinhoTrex (button) folded before Flop (didn't bet)
Seat 2: RrOoMmAaNn1978 (small blind) showed [2c Ac] and won ($0.19) with a pair of Tens
Seat 3: pokeripuikko (big blind) mucked [4d 3c]
Seat 4: km1883 folded before Flop (didn't bet)
Seat 5: shabaBOBO folded before Flop (didn't bet)
Seat 6: Mahu2021 folded before Flop (didn't bet)



PokerStars Zoom Hand #255093713163:  Hold'em No Limit ($0.05/$0.10) - 2025/03/01 21:32:18 CET [2025/03/01 15:32:18 ET]
Table 'Aludra' 6-max Seat #1 is the button
Seat 1: zamponios ($22.87 in chips) 
Seat 2: theacesofdeath ($8.19 in chips) 
Seat 3: aveitsch ($17.61 in chips) 
Seat 4: Die8 ($10 in chips) 
Seat 5: Mahu2021 ($9.85 in chips) 
Seat 6: rlawnsdud ($21.93 in chips) 
theacesofdeath: posts small blind $0.05
aveitsch: posts big blind $0.10
*** HOLE CARDS ***
Dealt to Mahu2021 [6h 5c]
Die8: folds 
Mahu2021: folds 
rlawnsdud: folds 
zamponios: raises $0.10 to $0.20
theacesofdeath: folds 
aveitsch: raises $0.75 to $0.95
zamponios: calls $0.75
*** FLOP *** [Kd 7c Kh]
aveitsch: bets $0.60
zamponios: folds 
Uncalled bet ($0.60) returned to aveitsch
aveitsch collected $1.86 from pot
aveitsch: doesn't show hand 
*** SUMMARY ***
Total pot $1.95 | Rake $0.09 
Board [Kd 7c Kh]
Seat 1: zamponios (button) folded on the Flop
Seat 2: theacesofdeath (small blind) folded before Flop
Seat 3: aveitsch (big blind) collected ($1.86)
Seat 4: Die8 folded before Flop (didn't bet)
Seat 5: Mahu2021 folded before Flop (didn't bet)
Seat 6: rlawnsdud folded before Flop (didn't bet)



PokerStars Zoom Hand #255093708258:  Hold'em No Limit ($0.05/$0.10) - 2025/03/01 21:32:01 CET [2025/03/01 15:32:01 ET]
Table 'Aludra' 6-max Seat #1 is the button
Seat 1: DH1996LFC ($20.55 in chips) 
Seat 2: Mahu2021 ($9.90 in chips) 
Seat 3: dh7889 ($10 in chips) 
Seat 4: Sinan123488 ($25.27 in chips) 
Seat 5: darryn1973 ($6.85 in chips) 
Seat 6: Omaha Craig ($10.05 in chips) 
Mahu2021: posts small blind $0.05
dh7889: posts big blind $0.10
*** HOLE CARDS ***
Dealt to Mahu2021 [9s 6s]
Sinan123488: raises $0.10 to $0.20
darryn1973: folds 
Omaha Craig: folds 
DH1996LFC: calls $0.20
Mahu2021: folds 
dh7889: raises $0.80 to $1
Sinan123488: calls $0.80
DH1996LFC: calls $0.80
*** FLOP *** [5h 3d 7d]
dh7889: checks 
Sinan123488: checks 
DH1996LFC: bets $1.10
dh7889: raises $7.90 to $9 and is all-in
Sinan123488: folds 
DH1996LFC: calls $7.90
*** TURN *** [5h 3d 7d] [Th]
*** RIVER *** [5h 3d 7d Th] [3c]
*** SHOW DOWN ***
dh7889: shows [Qh Qc] (two pair, Queens and Threes)
DH1996LFC: shows [7c 7s] (a full house, Sevens full of Threes)
DH1996LFC cashed out the hand for $17.85 | Cash Out Fee $0.36
*** SUMMARY ***
Total pot $21.05 | Rake $0.95 
Board [5h 3d 7d Th 3c]
Seat 1: DH1996LFC (button) showed [7c 7s] and won ($20.10) with a full house, Sevens full of Threes (pot not awarded as player cashed out)
Seat 2: Mahu2021 (small blind) folded before Flop
Seat 3: dh7889 (big blind) showed [Qh Qc] and lost with two pair, Queens and Threes
Seat 4: Sinan123488 folded on the Flop
Seat 5: darryn1973 folded before Flop (didn't bet)
Seat 6: Omaha Craig folded before Flop (didn't bet)



PokerStars Zoom Hand #255093715151:  Hold'em No Limit ($0.05/$0.10) - 2025/03/01 21:32:25 CET [2025/03/01 15:32:25 ET]
Table 'Aludra' 6-max Seat #1 is the button
Seat 1: marcioadrs ($10.64 in chips) 
Seat 2: wilson91169 ($14.47 in chips) 
Seat 3: Mahu2021 ($9.85 in chips) 
Seat 4: Rezzotto0208 ($14.53 in chips) 
Seat 5: JonnHsk ($16.94 in chips) 
Seat 6: fargofargo ($11.89 in chips) 
wilson91169: posts small blind $0.05
Mahu2021: posts big blind $0.10
*** HOLE CARDS ***
Dealt to Mahu2021 [Tc 7c]
Rezzotto0208: folds 
JonnHsk: folds 
fargofargo: raises $0.15 to $0.25
marcioadrs: calls $0.25
wilson91169: folds 
Mahu2021: calls $0.15
*** FLOP *** [3h 6h Kc]
Mahu2021: checks 
fargofargo: bets $0.25
marcioadrs: folds 
Mahu2021: folds 
Uncalled bet ($0.25) returned to fargofargo
fargofargo collected $0.76 from pot
fargofargo: doesn't show hand 
*** SUMMARY ***
Total pot $0.80 | Rake $0.04 
Board [3h 6h Kc]
Seat 1: marcioadrs (button) folded on the Flop
Seat 2: wilson91169 (small blind) folded before Flop
Seat 3: Mahu2021 (big blind) folded on the Flop
Seat 4: Rezzotto0208 folded before Flop (didn't bet)
Seat 5: JonnHsk folded before Flop (didn't bet)
Seat 6: fargofargo collected ($0.76)



PokerStars Zoom Hand #255093726708:  Hold'em No Limit ($0.05/$0.10) - 2025/03/01 21:33:05 CET [2025/03/01 15:33:05 ET]
Table 'Aludra' 6-max Seat #1 is the button
Seat 1: ocef1968 ($19.08 in chips) 
Seat 2: enry7.ice ($10.16 in chips) 
Seat 3: ukouta ($21.18 in chips) 
Seat 4: emo114 ($23.85 in chips) 
Seat 5: stand123 ($10.09 in chips) 
Seat 6: Mahu2021 ($9.55 in chips) 
enry7.ice: posts small blind $0.05
ukouta: posts big blind $0.10
*** HOLE CARDS ***
Dealt to Mahu2021 [3d 5h]
emo114: folds 
stand123: folds 
Mahu2021: folds 
ocef1968: folds 
enry7.ice: raises $0.20 to $0.30
ukouta: folds 
Uncalled bet ($0.20) returned to enry7.ice
enry7.ice collected $0.20 from pot
enry7.ice: doesn't show hand 
*** SUMMARY ***
Total pot $0.20 | Rake $0 
Seat 1: ocef1968 (button) folded before Flop (didn't bet)
Seat 2: enry7.ice (small blind) collected ($0.20)
Seat 3: ukouta (big blind) folded before Flop
Seat 4: emo114 folded before Flop (didn't bet)
Seat 5: stand123 folded before Flop (didn't bet)
Seat 6: Mahu2021 folded before Flop (didn't bet)



PokerStars Zoom Hand #255093728226:  Hold'em No Limit ($0.05/$0.10) - 2025/03/01 21:33:10 CET [2025/03/01 15:33:10 ET]
Table 'Aludra' 6-max Seat #1 is the button
Seat 1: kong121291 ($12.40 in chips) 
Seat 2: NutHunt5R ($28.59 in chips) 
Seat 3: pokersenis ($13.16 in chips) 
Seat 4: ocef1968 ($19.08 in chips) 
Seat 5: Mahu2021 ($9.55 in chips) 
Seat 6: Spud1729 ($9.13 in chips) 
NutHunt5R: posts small blind $0.05
pokersenis: posts big blind $0.10
*** HOLE CARDS ***
Dealt to Mahu2021 [3c 3h]
ocef1968: folds 
Mahu2021: raises $0.14 to $0.24
Spud1729: folds 
kong121291: folds 
NutHunt5R: folds 
pokersenis: folds 
Uncalled bet ($0.14) returned to Mahu2021
Mahu2021 collected $0.25 from pot
Mahu2021: doesn't show hand 
*** SUMMARY ***
Total pot $0.25 | Rake $0 
Seat 1: kong121291 (button) folded before Flop (didn't bet)
Seat 2: NutHunt5R (small blind) folded before Flop
Seat 3: pokersenis (big blind) folded before Flop
Seat 4: ocef1968 folded before Flop (didn't bet)
Seat 5: Mahu2021 collected ($0.25)
Seat 6: Spud1729 folded before Flop (didn't bet)



PokerStars Zoom Hand #255093732355:  Hold'em No Limit ($0.05/$0.10) - 2025/03/01 21:33:25 CET [2025/03/01 15:33:25 ET]
Table 'Aludra' 6-max Seat #1 is the button
Seat 1: Sinan123488 ($24.12 in chips) 
Seat 2: SharkBeraz ($12.20 in chips) 
Seat 3: goettems1992 ($29.02 in chips) 
Seat 4: Mahu2021 ($9.70 in chips) 
Seat 5: ocef1968 ($18.98 in chips) 
Seat 6: Last70 ($24.45 in chips) 
SharkBeraz: posts small blind $0.05
goettems1992: posts big blind $0.10
*** HOLE CARDS ***
Dealt to Mahu2021 [Jc Ad]
Mahu2021: raises $0.14 to $0.24
ocef1968: folds 
Last70: raises $0.76 to $1
Sinan123488: folds 
SharkBeraz: folds 
goettems1992: folds 
Mahu2021: calls $0.76
*** FLOP *** [Qc Qh 4c]
Mahu2021: checks 
Last70: checks 
*** TURN *** [Qc Qh 4c] [9c]
Mahu2021: bets $2.05
Last70: folds 
Uncalled bet ($2.05) returned to Mahu2021
Mahu2021 collected $2.05 from pot
Mahu2021: doesn't show hand 
*** SUMMARY ***
Total pot $2.15 | Rake $0.10 
Board [Qc Qh 4c 9c]
Seat 1: Sinan123488 (button) folded before Flop (didn't bet)
Seat 2: SharkBeraz (small blind) folded before Flop
Seat 3: goettems1992 (big blind) folded before Flop
Seat 4: Mahu2021 collected ($2.05)
Seat 5: ocef1968 folded before Flop (didn't bet)
Seat 6: Last70 folded on the Turn



PokerStars Zoom Hand #255093742274:  Hold'em No Limit ($0.05/$0.10) - 2025/03/01 21:34:00 CET [2025/03/01 15:34:00 ET]
Table 'Aludra' 6-max Seat #1 is the button
Seat 1: JonKing75 ($36.42 in chips) 
Seat 2: Anesme1 ($10.01 in chips) 
Seat 3: Mahu2021 ($10.75 in chips) 
Seat 4: polina70 ($4.75 in chips) 
Seat 5: pokeripuikko ($21.28 in chips) 
Seat 6: Chakman1990 ($12.43 in chips) 
Anesme1: posts small blind $0.05
Mahu2021: posts big blind $0.10
*** HOLE CARDS ***
Dealt to Mahu2021 [2h Td]
polina70: folds 
pokeripuikko: folds 
Chakman1990: folds 
JonKing75: folds 
Anesme1: folds 
Uncalled bet ($0.05) returned to Mahu2021
Mahu2021 collected $0.10 from pot
Mahu2021: doesn't show hand 
*** SUMMARY ***
Total pot $0.10 | Rake $0 
Seat 1: JonKing75 (button) folded before Flop (didn't bet)
Seat 2: Anesme1 (small blind) folded before Flop
Seat 3: Mahu2021 (big blind) collected ($0.10)
Seat 4: polina70 folded before Flop (didn't bet)
Seat 5: pokeripuikko folded before Flop (didn't bet)
Seat 6: Chakman1990 folded before Flop (didn't bet)



