PokerStars Hand #253771975307: Tournament #3832039961, $0.46+$0.04 USD Hold'em No Limit - Level I (10/20) - 2024/12/09 8:00:02 CET [2024/12/09 2:00:02 ET]
Table '3832039961 1' 3-max Seat #1 is the button
Seat 1: Captain1183 (500 in chips) 
Seat 2: 00Joe76 (500 in chips) 
Seat 3: Mahu2021 (500 in chips) 
00Joe76: posts small blind 10
Mahu2021: posts big blind 20
*** HOLE CARDS ***
Dealt to Mahu2021 [Qh 8c]
Captain1183: raises 20 to 40
00Joe76: calls 30
Mahu2021: calls 20
*** FLOP *** [Jh 3s Ts]
00Joe76: checks 
Mahu2021: checks 
Captain1183: bets 40
00Joe76: folds 
Mahu2021: folds 
Uncalled bet (40) returned to Captain1183
Captain1183 collected 120 from pot
Captain1183: doesn't show hand 
*** SUMMARY ***
Total pot 120 | Rake 0 
Board [Jh 3s Ts]
Seat 1: Captain1183 (button) collected (120)
Seat 2: 00Joe76 (small blind) folded on the Flop
Seat 3: Mahu2021 (big blind) folded on the Flop



PokerStars Hand #253771976719: Tournament #3832039961, $0.46+$0.04 USD Hold'em No Limit - Level I (10/20) - 2024/12/09 8:00:27 CET [2024/12/09 2:00:27 ET]
Table '3832039961 1' 3-max Seat #2 is the button
Seat 1: Captain1183 (580 in chips) 
Seat 2: 00Joe76 (460 in chips) 
Seat 3: Mahu2021 (460 in chips) 
Mahu2021: posts small blind 10
Captain1183: posts big blind 20
*** HOLE CARDS ***
Dealt to Mahu2021 [6s 6c]
00Joe76: raises 20 to 40
Mahu2021: calls 30
Captain1183: calls 20
*** FLOP *** [Tc Jc 9s]
Mahu2021: checks 
Captain1183: bets 20
00Joe76: calls 20
Mahu2021: folds 
*** TURN *** [Tc Jc 9s] [2c]
Captain1183: bets 40
00Joe76: folds 
Uncalled bet (40) returned to Captain1183
Captain1183 collected 160 from pot
Captain1183: doesn't show hand 
*** SUMMARY ***
Total pot 160 | Rake 0 
Board [Tc Jc 9s 2c]
Seat 1: Captain1183 (big blind) collected (160)
Seat 2: 00Joe76 (button) folded on the Turn
Seat 3: Mahu2021 (small blind) folded on the Flop



PokerStars Hand #253771978775: Tournament #3832039961, $0.46+$0.04 USD Hold'em No Limit - Level I (10/20) - 2024/12/09 8:01:01 CET [2024/12/09 2:01:01 ET]
Table '3832039961 1' 3-max Seat #3 is the button
Seat 1: Captain1183 (680 in chips) 
Seat 2: 00Joe76 (400 in chips) 
Seat 3: Mahu2021 (420 in chips) 
Captain1183: posts small blind 10
00Joe76: posts big blind 20
*** HOLE CARDS ***
Dealt to Mahu2021 [7c 2d]
Mahu2021: folds 
Captain1183: raises 20 to 40
00Joe76: calls 20
*** FLOP *** [5d 6s Tc]
Captain1183: bets 20
00Joe76: calls 20
*** TURN *** [5d 6s Tc] [5c]
Captain1183: bets 20
00Joe76: folds 
Uncalled bet (20) returned to Captain1183
Captain1183 collected 120 from pot
Captain1183: doesn't show hand 
*** SUMMARY ***
Total pot 120 | Rake 0 
Board [5d 6s Tc 5c]
Seat 1: Captain1183 (small blind) collected (120)
Seat 2: 00Joe76 (big blind) folded on the Turn
Seat 3: Mahu2021 (button) folded before Flop (didn't bet)



PokerStars Hand #253771980431: Tournament #3832039961, $0.46+$0.04 USD Hold'em No Limit - Level I (10/20) - 2024/12/09 8:01:29 CET [2024/12/09 2:01:29 ET]
Table '3832039961 1' 3-max Seat #1 is the button
Seat 1: Captain1183 (740 in chips) 
Seat 2: 00Joe76 (340 in chips) 
Seat 3: Mahu2021 (420 in chips) 
00Joe76: posts small blind 10
Mahu2021: posts big blind 20
*** HOLE CARDS ***
Dealt to Mahu2021 [4c 6h]
Captain1183: folds 
00Joe76: raises 20 to 40
Mahu2021: folds 
Uncalled bet (20) returned to 00Joe76
00Joe76 collected 40 from pot
*** SUMMARY ***
Total pot 40 | Rake 0 
Seat 1: Captain1183 (button) folded before Flop (didn't bet)
Seat 2: 00Joe76 (small blind) collected (40)
Seat 3: Mahu2021 (big blind) folded before Flop



PokerStars Hand #253771981315: Tournament #3832039961, $0.46+$0.04 USD Hold'em No Limit - Level I (10/20) - 2024/12/09 8:01:43 CET [2024/12/09 2:01:43 ET]
Table '3832039961 1' 3-max Seat #2 is the button
Seat 1: Captain1183 (740 in chips) 
Seat 2: 00Joe76 (360 in chips) 
Seat 3: Mahu2021 (400 in chips) 
Mahu2021: posts small blind 10
Captain1183: posts big blind 20
*** HOLE CARDS ***
Dealt to Mahu2021 [Ad 5h]
00Joe76: calls 20
Mahu2021: calls 10
Captain1183: checks 
*** FLOP *** [Td 9c Th]
Mahu2021: checks 
Captain1183: checks 
00Joe76: checks 
*** TURN *** [Td 9c Th] [Qs]
Mahu2021: checks 
Captain1183: bets 20
00Joe76: calls 20
Mahu2021: folds 
*** RIVER *** [Td 9c Th Qs] [Kd]
Captain1183: bets 20
00Joe76: calls 20
*** SHOW DOWN ***
Captain1183: shows [2s Ts] (three of a kind, Tens)
00Joe76: mucks hand 
Captain1183 collected 140 from pot
*** SUMMARY ***
Total pot 140 | Rake 0 
Board [Td 9c Th Qs Kd]
Seat 1: Captain1183 (big blind) showed [2s Ts] and won (140) with three of a kind, Tens
Seat 2: 00Joe76 (button) mucked [2c Kh]
Seat 3: Mahu2021 (small blind) folded on the Turn



PokerStars Hand #253771984666: Tournament #3832039961, $0.46+$0.04 USD Hold'em No Limit - Level II (15/30) - 2024/12/09 8:02:38 CET [2024/12/09 2:02:38 ET]
Table '3832039961 1' 3-max Seat #3 is the button
Seat 1: Captain1183 (820 in chips) 
Seat 2: 00Joe76 (300 in chips) 
Seat 3: Mahu2021 (380 in chips) 
Captain1183: posts small blind 15
00Joe76: posts big blind 30
*** HOLE CARDS ***
Dealt to Mahu2021 [7d 7h]
Mahu2021: raises 350 to 380 and is all-in
Captain1183: folds 
00Joe76: folds 
Uncalled bet (350) returned to Mahu2021
Mahu2021 collected 75 from pot
Mahu2021: doesn't show hand 
*** SUMMARY ***
Total pot 75 | Rake 0 
Seat 1: Captain1183 (small blind) folded before Flop
Seat 2: 00Joe76 (big blind) folded before Flop
Seat 3: Mahu2021 (button) collected (75)



PokerStars Hand #253771985121: Tournament #3832039961, $0.46+$0.04 USD Hold'em No Limit - Level II (15/30) - 2024/12/09 8:02:45 CET [2024/12/09 2:02:45 ET]
Table '3832039961 1' 3-max Seat #1 is the button
Seat 1: Captain1183 (805 in chips) 
Seat 2: 00Joe76 (270 in chips) 
Seat 3: Mahu2021 (425 in chips) 
00Joe76: posts small blind 15
Mahu2021: posts big blind 30
*** HOLE CARDS ***
Dealt to Mahu2021 [8h 2h]
Captain1183: folds 
00Joe76: raises 30 to 60
Mahu2021: folds 
Uncalled bet (30) returned to 00Joe76
00Joe76 collected 60 from pot
*** SUMMARY ***
Total pot 60 | Rake 0 
Seat 1: Captain1183 (button) folded before Flop (didn't bet)
Seat 2: 00Joe76 (small blind) collected (60)
Seat 3: Mahu2021 (big blind) folded before Flop



PokerStars Hand #253771985881: Tournament #3832039961, $0.46+$0.04 USD Hold'em No Limit - Level II (15/30) - 2024/12/09 8:02:57 CET [2024/12/09 2:02:57 ET]
Table '3832039961 1' 3-max Seat #2 is the button
Seat 1: Captain1183 (805 in chips) 
Seat 2: 00Joe76 (300 in chips) 
Seat 3: Mahu2021 (395 in chips) 
Mahu2021: posts small blind 15
Captain1183: posts big blind 30
*** HOLE CARDS ***
Dealt to Mahu2021 [2h 7d]
00Joe76: folds 
Mahu2021: folds 
Uncalled bet (15) returned to Captain1183
Captain1183 collected 30 from pot
Captain1183: doesn't show hand 
*** SUMMARY ***
Total pot 30 | Rake 0 
Seat 1: Captain1183 (big blind) collected (30)
Seat 2: 00Joe76 (button) folded before Flop (didn't bet)
Seat 3: Mahu2021 (small blind) folded before Flop



PokerStars Hand #253771986417: Tournament #3832039961, $0.46+$0.04 USD Hold'em No Limit - Level II (15/30) - 2024/12/09 8:03:06 CET [2024/12/09 2:03:06 ET]
Table '3832039961 1' 3-max Seat #3 is the button
Seat 1: Captain1183 (820 in chips) 
Seat 2: 00Joe76 (300 in chips) 
Seat 3: Mahu2021 (380 in chips) 
Captain1183: posts small blind 15
00Joe76: posts big blind 30
*** HOLE CARDS ***
Dealt to Mahu2021 [2c Kd]
Mahu2021: folds 
Captain1183: folds 
Uncalled bet (15) returned to 00Joe76
00Joe76 collected 30 from pot
*** SUMMARY ***
Total pot 30 | Rake 0 
Seat 1: Captain1183 (small blind) folded before Flop
Seat 2: 00Joe76 (big blind) collected (30)
Seat 3: Mahu2021 (button) folded before Flop (didn't bet)



PokerStars Hand #253771986857: Tournament #3832039961, $0.46+$0.04 USD Hold'em No Limit - Level II (15/30) - 2024/12/09 8:03:13 CET [2024/12/09 2:03:13 ET]
Table '3832039961 1' 3-max Seat #1 is the button
Seat 1: Captain1183 (805 in chips) 
Seat 2: 00Joe76 (315 in chips) 
Seat 3: Mahu2021 (380 in chips) 
00Joe76: posts small blind 15
Mahu2021: posts big blind 30
*** HOLE CARDS ***
Dealt to Mahu2021 [6c Td]
Captain1183: folds 
00Joe76: raises 60 to 90
Mahu2021: folds 
Uncalled bet (60) returned to 00Joe76
00Joe76 collected 60 from pot
*** SUMMARY ***
Total pot 60 | Rake 0 
Seat 1: Captain1183 (button) folded before Flop (didn't bet)
Seat 2: 00Joe76 (small blind) collected (60)
Seat 3: Mahu2021 (big blind) folded before Flop



PokerStars Hand #253771987812: Tournament #3832039961, $0.46+$0.04 USD Hold'em No Limit - Level II (15/30) - 2024/12/09 8:03:30 CET [2024/12/09 2:03:30 ET]
Table '3832039961 1' 3-max Seat #2 is the button
Seat 1: Captain1183 (805 in chips) 
Seat 2: 00Joe76 (345 in chips) 
Seat 3: Mahu2021 (350 in chips) 
Mahu2021: posts small blind 15
Captain1183: posts big blind 30
*** HOLE CARDS ***
Dealt to Mahu2021 [Jd 3d]
00Joe76: calls 30
Mahu2021: calls 15
Captain1183: checks 
*** FLOP *** [7d 9h 6s]
Mahu2021: checks 
Captain1183: checks 
00Joe76: checks 
*** TURN *** [7d 9h 6s] [3s]
Mahu2021: bets 30
Captain1183: folds 
00Joe76: calls 30
*** RIVER *** [7d 9h 6s 3s] [8d]
Mahu2021: bets 90
00Joe76: calls 90
*** SHOW DOWN ***
Mahu2021: shows [Jd 3d] (a pair of Threes)
00Joe76: shows [Qs 5c] (a straight, Five to Nine)
00Joe76 collected 330 from pot
*** SUMMARY ***
Total pot 330 | Rake 0 
Board [7d 9h 6s 3s 8d]
Seat 1: Captain1183 (big blind) folded on the Turn
Seat 2: 00Joe76 (button) showed [Qs 5c] and won (330) with a straight, Five to Nine
Seat 3: Mahu2021 (small blind) showed [Jd 3d] and lost with a pair of Threes



PokerStars Hand #253771989790: Tournament #3832039961, $0.46+$0.04 USD Hold'em No Limit - Level II (15/30) - 2024/12/09 8:04:01 CET [2024/12/09 2:04:01 ET]
Table '3832039961 1' 3-max Seat #3 is the button
Seat 1: Captain1183 (775 in chips) 
Seat 2: 00Joe76 (525 in chips) 
Seat 3: Mahu2021 (200 in chips) 
Captain1183: posts small blind 15
00Joe76: posts big blind 30
*** HOLE CARDS ***
Dealt to Mahu2021 [Qs Qd]
Mahu2021: raises 170 to 200 and is all-in
Captain1183: calls 185
00Joe76: folds 
*** FLOP *** [8s Ac 9h]
*** TURN *** [8s Ac 9h] [2s]
*** RIVER *** [8s Ac 9h 2s] [6h]
*** SHOW DOWN ***
Captain1183: shows [Th Ah] (a pair of Aces)
Mahu2021: shows [Qs Qd] (a pair of Queens)
Captain1183 collected 430 from pot
Mahu2021 finished the tournament in 3rd place
*** SUMMARY ***
Total pot 430 | Rake 0 
Board [8s Ac 9h 2s 6h]
Seat 1: Captain1183 (small blind) showed [Th Ah] and won (430) with a pair of Aces
Seat 2: 00Joe76 (big blind) folded before Flop
Seat 3: Mahu2021 (button) showed [Qs Qd] and lost with a pair of Queens



