PokerStars Zoom Hand #254073933413:  Hold'em No Limit ($0.05/$0.10) - 2024/12/28 20:36:18 CET [2024/12/28 14:36:18 ET]
Table 'Aludra' 6-max Seat #1 is the button
Seat 1: Dimon_55_77 ($13.44 in chips) 
Seat 2: roo198 ($10 in chips) 
Seat 3: Mahu2021 ($10 in chips) 
Seat 4: gjosi ($4.01 in chips) 
Seat 5: latchatemi ($5.21 in chips) 
Seat 6: dress blue ($7.52 in chips) 
roo198: posts small blind $0.05
Mahu2021: posts big blind $0.10
*** HOLE CARDS ***
Dealt to Mahu2021 [Kh Qc]
gjosi: folds 
latchatemi: calls $0.10
dress blue: raises $0.10 to $0.20
Dimon_55_77: folds 
roo198: folds 
Mahu2021: calls $0.10
latchatemi: calls $0.10
*** FLOP *** [5s 8h 8d]
Mahu2021: checks 
latchatemi: checks 
dress blue: bets $0.31
Mahu2021: calls $0.31
latchatemi: folds 
*** TURN *** [5s 8h 8d] [Ts]
Mahu2021: checks 
dress blue: checks 
*** RIVER *** [5s 8h 8d Ts] [Td]
Mahu2021: bets $0.50
dress blue: folds 
Uncalled bet ($0.50) returned to Mahu2021
Mahu2021 collected $1.21 from pot
Mahu2021: doesn't show hand 
*** SUMMARY ***
Total pot $1.27 | Rake $0.06 
Board [5s 8h 8d Ts Td]
Seat 1: Dimon_55_77 (button) folded before Flop (didn't bet)
Seat 2: roo198 (small blind) folded before Flop
Seat 3: Mahu2021 (big blind) collected ($1.21)
Seat 4: gjosi folded before Flop (didn't bet)
Seat 5: latchatemi folded on the Flop
Seat 6: dress blue folded on the River



PokerStars Zoom Hand #254073951786:  Hold'em No Limit ($0.05/$0.10) - 2024/12/28 20:37:11 CET [2024/12/28 14:37:11 ET]
Table 'Aludra' 6-max Seat #1 is the button
Seat 1: SkunkBoy77 ($18.38 in chips) 
Seat 2: gelik32 ($11.64 in chips) 
Seat 3: digones88 ($10 in chips) 
Seat 4: Mahu2021 ($10.70 in chips) 
Seat 5: elvis_genius ($28.41 in chips) 
Seat 6: b0neCrusha ($12.19 in chips) 
gelik32: posts small blind $0.05
digones88: posts big blind $0.10
*** HOLE CARDS ***
Dealt to Mahu2021 [7h As]
Mahu2021: folds 
elvis_genius: folds 
b0neCrusha: raises $0.12 to $0.22
SkunkBoy77: folds 
gelik32: folds 
digones88: folds 
Uncalled bet ($0.12) returned to b0neCrusha
b0neCrusha collected $0.25 from pot
b0neCrusha: doesn't show hand 
*** SUMMARY ***
Total pot $0.25 | Rake $0 
Seat 1: SkunkBoy77 (button) folded before Flop (didn't bet)
Seat 2: gelik32 (small blind) folded before Flop
Seat 3: digones88 (big blind) folded before Flop
Seat 4: Mahu2021 folded before Flop (didn't bet)
Seat 5: elvis_genius folded before Flop (didn't bet)
Seat 6: b0neCrusha collected ($0.25)



PokerStars Zoom Hand #254073954916:  Hold'em No Limit ($0.05/$0.10) - 2024/12/28 20:37:21 CET [2024/12/28 14:37:21 ET]
Table 'Aludra' 6-max Seat #1 is the button
Seat 1: Mahu2021 ($10.65 in chips) 
Seat 2: checkthedif ($24.18 in chips) 
Seat 3: auraph333 ($7.38 in chips) 
Seat 4: Boymack05 ($10 in chips) 
Seat 5: bartez29 ($28.67 in chips) 
Seat 6: gelik32 ($10.97 in chips) 
checkthedif: posts small blind $0.05
auraph333: posts big blind $0.10
*** HOLE CARDS ***
Dealt to Mahu2021 [5h 3c]
Boymack05: folds 
bartez29: folds 
gelik32: folds 
Mahu2021: folds 
checkthedif: raises $0.20 to $0.30
auraph333: folds 
Uncalled bet ($0.20) returned to checkthedif
checkthedif collected $0.20 from pot
checkthedif: doesn't show hand 
*** SUMMARY ***
Total pot $0.20 | Rake $0 
Seat 1: Mahu2021 (button) folded before Flop (didn't bet)
Seat 2: checkthedif (small blind) collected ($0.20)
Seat 3: auraph333 (big blind) folded before Flop
Seat 4: Boymack05 folded before Flop (didn't bet)
Seat 5: bartez29 folded before Flop (didn't bet)
Seat 6: gelik32 folded before Flop (didn't bet)



PokerStars Zoom Hand #254073953552:  Hold'em No Limit ($0.05/$0.10) - 2024/12/28 20:37:16 CET [2024/12/28 14:37:16 ET]
Table 'Aludra' 6-max Seat #1 is the button
Seat 1: essa143 ($17.61 in chips) 
Seat 2: Mahu2021 ($10.70 in chips) 
Seat 3: beghini86 ($9.07 in chips) 
Seat 4: H&PAG ($13 in chips) 
Seat 5: bartez29 ($19.08 in chips) 
Seat 6: Dimon_55_77 ($10.40 in chips) 
Mahu2021: posts small blind $0.05
beghini86: posts big blind $0.10
*** HOLE CARDS ***
Dealt to Mahu2021 [Jc 3s]
H&PAG: folds 
bartez29: folds 
Dimon_55_77: folds 
essa143: folds 
Mahu2021: folds 
Uncalled bet ($0.05) returned to beghini86
beghini86 collected $0.10 from pot
beghini86: doesn't show hand 
*** SUMMARY ***
Total pot $0.10 | Rake $0 
Seat 1: essa143 (button) folded before Flop (didn't bet)
Seat 2: Mahu2021 (small blind) folded before Flop
Seat 3: beghini86 (big blind) collected ($0.10)
Seat 4: H&PAG folded before Flop (didn't bet)
Seat 5: bartez29 folded before Flop (didn't bet)
Seat 6: Dimon_55_77 folded before Flop (didn't bet)



PokerStars Zoom Hand #254073956281:  Hold'em No Limit ($0.05/$0.10) - 2024/12/28 20:37:25 CET [2024/12/28 14:37:25 ET]
Table 'Aludra' 6-max Seat #1 is the button
Seat 1: digones88 ($10 in chips) 
Seat 2: Boymack05 ($10 in chips) 
Seat 3: Pr0Hooker ($10.48 in chips) 
Seat 4: SimoDa39 ($18.07 in chips) 
Seat 5: 65446418 ($9.65 in chips) 
Seat 6: Mahu2021 ($10.65 in chips) 
Boymack05: posts small blind $0.05
Pr0Hooker: posts big blind $0.10
*** HOLE CARDS ***
Dealt to Mahu2021 [4s Ts]
SimoDa39: folds 
65446418: folds 
Mahu2021: folds 
digones88: raises $0.30 to $0.40
Boymack05: folds 
Pr0Hooker: folds 
Uncalled bet ($0.30) returned to digones88
digones88 collected $0.25 from pot
digones88: doesn't show hand 
*** SUMMARY ***
Total pot $0.25 | Rake $0 
Seat 1: digones88 (button) collected ($0.25)
Seat 2: Boymack05 (small blind) folded before Flop
Seat 3: Pr0Hooker (big blind) folded before Flop
Seat 4: SimoDa39 folded before Flop (didn't bet)
Seat 5: 65446418 folded before Flop (didn't bet)
Seat 6: Mahu2021 folded before Flop (didn't bet)



PokerStars Zoom Hand #254073958767:  Hold'em No Limit ($0.05/$0.10) - 2024/12/28 20:37:32 CET [2024/12/28 14:37:32 ET]
Table 'Aludra' 6-max Seat #1 is the button
Seat 1: Zugzwand ($8.13 in chips) 
Seat 2: Mahu2021 ($10.65 in chips) 
Seat 3: Ísaak44 ($14.77 in chips) 
Seat 4: Wezzer I ($11.63 in chips) 
Seat 5: Rubbernicks ($11.73 in chips) 
Seat 6: Karina2707 ($13.35 in chips) 
Mahu2021: posts small blind $0.05
Ísaak44: posts big blind $0.10
*** HOLE CARDS ***
Dealt to Mahu2021 [3c Qc]
Wezzer I: folds 
Rubbernicks: folds 
Karina2707: folds 
Zugzwand: folds 
Mahu2021: raises $0.20 to $0.30
Ísaak44: calls $0.20
*** FLOP *** [4h Kc 9h]
Mahu2021: checks 
Ísaak44: checks 
*** TURN *** [4h Kc 9h] [7d]
Mahu2021: checks 
Ísaak44: checks 
*** RIVER *** [4h Kc 9h 7d] [2d]
Mahu2021: checks 
Ísaak44: bets $0.43
Mahu2021: folds 
Uncalled bet ($0.43) returned to Ísaak44
Ísaak44 collected $0.57 from pot
Ísaak44: doesn't show hand 
*** SUMMARY ***
Total pot $0.60 | Rake $0.03 
Board [4h Kc 9h 7d 2d]
Seat 1: Zugzwand (button) folded before Flop (didn't bet)
Seat 2: Mahu2021 (small blind) folded on the River
Seat 3: Ísaak44 (big blind) collected ($0.57)
Seat 4: Wezzer I folded before Flop (didn't bet)
Seat 5: Rubbernicks folded before Flop (didn't bet)
Seat 6: Karina2707 folded before Flop (didn't bet)



PokerStars Zoom Hand #254073974586:  Hold'em No Limit ($0.05/$0.10) - 2024/12/28 20:38:18 CET [2024/12/28 14:38:18 ET]
Table 'Aludra' 6-max Seat #1 is the button
Seat 1: szabarna ($10 in chips) 
Seat 2: anno 67.1 ($11.42 in chips) 
Seat 3: Mahu2021 ($10.35 in chips) 
Seat 4: Nork756 ($12.53 in chips) 
Seat 5: Bornin10 ($11.50 in chips) 
Seat 6: Wezzer I ($11.38 in chips) 
anno 67.1: posts small blind $0.05
Mahu2021: posts big blind $0.10
*** HOLE CARDS ***
Dealt to Mahu2021 [5s Ah]
Nork756: folds 
Bornin10: folds 
Wezzer I: folds 
szabarna: folds 
anno 67.1: folds 
Uncalled bet ($0.05) returned to Mahu2021
Mahu2021 collected $0.10 from pot
Mahu2021: doesn't show hand 
*** SUMMARY ***
Total pot $0.10 | Rake $0 
Seat 1: szabarna (button) folded before Flop (didn't bet)
Seat 2: anno 67.1 (small blind) folded before Flop
Seat 3: Mahu2021 (big blind) collected ($0.10)
Seat 4: Nork756 folded before Flop (didn't bet)
Seat 5: Bornin10 folded before Flop (didn't bet)
Seat 6: Wezzer I folded before Flop (didn't bet)



PokerStars Zoom Hand #254073979380:  Hold'em No Limit ($0.05/$0.10) - 2024/12/28 20:38:31 CET [2024/12/28 14:38:31 ET]
Table 'Aludra' 6-max Seat #1 is the button
Seat 1: GKallai ($11.03 in chips) 
Seat 2: hankapry ($9.90 in chips) 
Seat 3: auraph333 ($7.60 in chips) 
Seat 4: bartez29 ($10 in chips) 
Seat 5: Mahu2021 ($10.40 in chips) 
Seat 6: Luffy V ($10.67 in chips) 
hankapry: posts small blind $0.05
auraph333: posts big blind $0.10
*** HOLE CARDS ***
Dealt to Mahu2021 [2c 5s]
bartez29: folds 
Mahu2021: folds 
Luffy V: folds 
GKallai: raises $0.15 to $0.25
hankapry: folds 
auraph333: folds 
Uncalled bet ($0.15) returned to GKallai
GKallai collected $0.25 from pot
GKallai: doesn't show hand 
*** SUMMARY ***
Total pot $0.25 | Rake $0 
Seat 1: GKallai (button) collected ($0.25)
Seat 2: hankapry (small blind) folded before Flop
Seat 3: auraph333 (big blind) folded before Flop
Seat 4: bartez29 folded before Flop (didn't bet)
Seat 5: Mahu2021 folded before Flop (didn't bet)
Seat 6: Luffy V folded before Flop (didn't bet)



PokerStars Zoom Hand #254073980749:  Hold'em No Limit ($0.05/$0.10) - 2024/12/28 20:38:35 CET [2024/12/28 14:38:35 ET]
Table 'Aludra' 6-max Seat #1 is the button
Seat 1: gelik32 ($11.49 in chips) 
Seat 2: roo198 ($10 in chips) 
Seat 3: Dimon_55_77 ($10.74 in chips) 
Seat 4: Luffy V ($11.93 in chips) 
Seat 5: Mahu2021 ($10.40 in chips) 
Seat 6: pikachu302 ($11.15 in chips) 
roo198: posts small blind $0.05
Dimon_55_77: posts big blind $0.10
*** HOLE CARDS ***
Dealt to Mahu2021 [9h 3h]
Luffy V: raises $0.15 to $0.25
Mahu2021: folds 
pikachu302: folds 
gelik32: folds 
roo198: folds 
Dimon_55_77: folds 
Uncalled bet ($0.15) returned to Luffy V
Luffy V collected $0.25 from pot
Luffy V: doesn't show hand 
*** SUMMARY ***
Total pot $0.25 | Rake $0 
Seat 1: gelik32 (button) folded before Flop (didn't bet)
Seat 2: roo198 (small blind) folded before Flop
Seat 3: Dimon_55_77 (big blind) folded before Flop
Seat 4: Luffy V collected ($0.25)
Seat 5: Mahu2021 folded before Flop (didn't bet)
Seat 6: pikachu302 folded before Flop (didn't bet)



PokerStars Zoom Hand #254073982157:  Hold'em No Limit ($0.05/$0.10) - 2024/12/28 20:38:40 CET [2024/12/28 14:38:40 ET]
Table 'Aludra' 6-max Seat #1 is the button
Seat 1: Mahu2021 ($10.40 in chips) 
Seat 2: gelik32 ($11.49 in chips) 
Seat 3: cz83 ($10 in chips) 
Seat 4: Poklrll02 ($21.41 in chips) 
Seat 5: H&PAG ($10.63 in chips) 
Seat 6: pokking876 ($4.22 in chips) 
gelik32: posts small blind $0.05
cz83: posts big blind $0.10
*** HOLE CARDS ***
Dealt to Mahu2021 [9h Kh]
Poklrll02: folds 
H&PAG: folds 
pokking876: folds 
Mahu2021: raises $0.20 to $0.30
gelik32: raises $0.90 to $1.20
cz83: folds 
Mahu2021: folds 
Uncalled bet ($0.90) returned to gelik32
gelik32 collected $0.70 from pot
gelik32: doesn't show hand 
*** SUMMARY ***
Total pot $0.70 | Rake $0 
Seat 1: Mahu2021 (button) folded before Flop
Seat 2: gelik32 (small blind) collected ($0.70)
Seat 3: cz83 (big blind) folded before Flop
Seat 4: Poklrll02 folded before Flop (didn't bet)
Seat 5: H&PAG folded before Flop (didn't bet)
Seat 6: pokking876 folded before Flop (didn't bet)



PokerStars Zoom Hand #254073990721:  Hold'em No Limit ($0.05/$0.10) - 2024/12/28 20:39:05 CET [2024/12/28 14:39:05 ET]
Table 'Aludra' 6-max Seat #1 is the button
Seat 1: felprsousa ($39.70 in chips) 
Seat 2: cz83 ($10 in chips) 
Seat 3: aimless0 ($14.20 in chips) 
Seat 4: Mahu2021 ($10.10 in chips) 
Seat 5: Dimon_55_77 ($10.20 in chips) 
Seat 6: digones88 ($10.71 in chips) 
cz83: posts small blind $0.05
aimless0: posts big blind $0.10
*** HOLE CARDS ***
Dealt to Mahu2021 [Ks 8c]
Mahu2021: folds 
Dimon_55_77: folds 
digones88: folds 
felprsousa: folds 
cz83: folds 
Uncalled bet ($0.05) returned to aimless0
aimless0 collected $0.10 from pot
aimless0: doesn't show hand 
*** SUMMARY ***
Total pot $0.10 | Rake $0 
Seat 1: felprsousa (button) folded before Flop (didn't bet)
Seat 2: cz83 (small blind) folded before Flop
Seat 3: aimless0 (big blind) collected ($0.10)
Seat 4: Mahu2021 folded before Flop (didn't bet)
Seat 5: Dimon_55_77 folded before Flop (didn't bet)
Seat 6: digones88 folded before Flop (didn't bet)



PokerStars Zoom Hand #254073996272:  Hold'em No Limit ($0.05/$0.10) - 2024/12/28 20:39:21 CET [2024/12/28 14:39:21 ET]
Table 'Aludra' 6-max Seat #1 is the button
Seat 1: zloy_00 ($11.63 in chips) 
Seat 2: Mahu2021 ($10 in chips) 
Seat 3: Fuerte53 ($10.30 in chips) 
Seat 4: Luffy V ($12.26 in chips) 
Seat 5: Dimon_55_77 ($17.75 in chips) 
Seat 6: GKallai ($31.82 in chips) 
Mahu2021: posts small blind $0.05
Fuerte53: posts big blind $0.10
*** HOLE CARDS ***
Dealt to Mahu2021 [4h Ts]
Luffy V: folds 
Dimon_55_77: folds 
GKallai: raises $0.15 to $0.25
zloy_00: folds 
Mahu2021: folds 
Fuerte53: calls $0.15
*** FLOP *** [3s 3h Ks]
Fuerte53: bets $0.53
GKallai: folds 
Uncalled bet ($0.53) returned to Fuerte53
Fuerte53 collected $0.53 from pot
Fuerte53: doesn't show hand 
*** SUMMARY ***
Total pot $0.55 | Rake $0.02 
Board [3s 3h Ks]
Seat 1: zloy_00 (button) folded before Flop (didn't bet)
Seat 2: Mahu2021 (small blind) folded before Flop
Seat 3: Fuerte53 (big blind) collected ($0.53)
Seat 4: Luffy V folded before Flop (didn't bet)
Seat 5: Dimon_55_77 folded before Flop (didn't bet)
Seat 6: GKallai folded on the Flop



PokerStars Zoom Hand #254073997505:  Hold'em No Limit ($0.05/$0.10) - 2024/12/28 20:39:24 CET [2024/12/28 14:39:24 ET]
Table 'Aludra' 6-max Seat #1 is the button
Seat 1: Mahu2021 ($9.95 in chips) 
Seat 2: Wezzer I ($11.13 in chips) 
Seat 3: smilsoo ($11.66 in chips) 
Seat 4: Eimoss ($5.20 in chips) 
Seat 5: minusche ($16.74 in chips) 
Seat 6: 65446418 ($11.30 in chips) 
Wezzer I: posts small blind $0.05
smilsoo: posts big blind $0.10
*** HOLE CARDS ***
Dealt to Mahu2021 [Th 6h]
Eimoss: folds 
minusche: raises $0.10 to $0.20
65446418: folds 
Mahu2021: calls $0.20
Wezzer I: folds 
smilsoo: folds 
*** FLOP *** [3c 8c 3s]
minusche: checks 
Mahu2021: checks 
*** TURN *** [3c 8c 3s] [7c]
minusche: checks 
Mahu2021: checks 
*** RIVER *** [3c 8c 3s 7c] [8h]
minusche: checks 
Mahu2021: checks 
*** SHOW DOWN ***
minusche: shows [Ac 5d] (two pair, Eights and Threes)
Mahu2021: mucks hand 
minusche collected $0.53 from pot
*** SUMMARY ***
Total pot $0.55 | Rake $0.02 
Board [3c 8c 3s 7c 8h]
Seat 1: Mahu2021 (button) mucked [Th 6h]
Seat 2: Wezzer I (small blind) folded before Flop
Seat 3: smilsoo (big blind) folded before Flop
Seat 4: Eimoss folded before Flop (didn't bet)
Seat 5: minusche showed [Ac 5d] and won ($0.53) with two pair, Eights and Threes
Seat 6: 65446418 folded before Flop (didn't bet)



PokerStars Zoom Hand #254074004658:  Hold'em No Limit ($0.05/$0.10) - 2024/12/28 20:39:45 CET [2024/12/28 14:39:45 ET]
Table 'Aludra' 6-max Seat #1 is the button
Seat 1: minusche ($17.07 in chips) 
Seat 2: SkunkBoy77 ($27.68 in chips) 
Seat 3: cz83 ($10 in chips) 
Seat 4: szabarna ($10.15 in chips) 
Seat 5: Mahu2021 ($9.75 in chips) 
Seat 6: miro.popov ($10.55 in chips) 
SkunkBoy77: posts small blind $0.05
cz83: posts big blind $0.10
*** HOLE CARDS ***
Dealt to Mahu2021 [3h Ac]
szabarna: folds 
Mahu2021: folds 
miro.popov: folds 
minusche: folds 
SkunkBoy77: folds 
Uncalled bet ($0.05) returned to cz83
cz83 collected $0.10 from pot
cz83: doesn't show hand 
*** SUMMARY ***
Total pot $0.10 | Rake $0 
Seat 1: minusche (button) folded before Flop (didn't bet)
Seat 2: SkunkBoy77 (small blind) folded before Flop
Seat 3: cz83 (big blind) collected ($0.10)
Seat 4: szabarna folded before Flop (didn't bet)
Seat 5: Mahu2021 folded before Flop (didn't bet)
Seat 6: miro.popov folded before Flop (didn't bet)



PokerStars Zoom Hand #254073991982:  Hold'em No Limit ($0.05/$0.10) - 2024/12/28 20:39:08 CET [2024/12/28 14:39:08 ET]
Table 'Aludra' 6-max Seat #1 is the button
Seat 1: craigbissett ($10.23 in chips) 
Seat 2: JaysFan1971 ($9.75 in chips) 
Seat 3: Mahu2021 ($10.10 in chips) 
Seat 4: Nork756 ($23.53 in chips) 
Seat 5: Thesheep69 ($10 in chips) 
Seat 6: JAntdog ($20.52 in chips) 
JaysFan1971: posts small blind $0.05
Mahu2021: posts big blind $0.10
*** HOLE CARDS ***
Dealt to Mahu2021 [3s 6h]
Nork756: folds 
Thesheep69: folds 
JAntdog: folds 
craigbissett: raises $0.15 to $0.25
JaysFan1971: calls $0.20
Mahu2021: folds 
*** FLOP *** [7d 2d As]
JaysFan1971: checks 
craigbissett: bets $0.19
JaysFan1971: raises $0.31 to $0.50
craigbissett: calls $0.31
*** TURN *** [7d 2d As] [Ad]
JaysFan1971: bets $1.50
craigbissett: folds 
Uncalled bet ($1.50) returned to JaysFan1971
JaysFan1971 collected $1.53 from pot
JaysFan1971: doesn't show hand 
*** SUMMARY ***
Total pot $1.60 | Rake $0.07 
Board [7d 2d As Ad]
Seat 1: craigbissett (button) folded on the Turn
Seat 2: JaysFan1971 (small blind) collected ($1.53)
Seat 3: Mahu2021 (big blind) folded before Flop
Seat 4: Nork756 folded before Flop (didn't bet)
Seat 5: Thesheep69 folded before Flop (didn't bet)
Seat 6: JAntdog folded before Flop (didn't bet)



PokerStars Zoom Hand #254074008260:  Hold'em No Limit ($0.05/$0.10) - 2024/12/28 20:39:56 CET [2024/12/28 14:39:56 ET]
Table 'Aludra' 6-max Seat #1 is the button
Seat 1: Jhanr ($9.75 in chips) 
Seat 2: beghini86 ($8.39 in chips) 
Seat 3: Nork756 ($13.74 in chips) 
Seat 4: felprsousa ($39.60 in chips) 
Seat 5: Alzuboi ($8.50 in chips) 
Seat 6: Mahu2021 ($9.75 in chips) 
beghini86: posts small blind $0.05
Nork756: posts big blind $0.10
*** HOLE CARDS ***
Dealt to Mahu2021 [Jh Qs]
felprsousa: folds 
Alzuboi: folds 
Mahu2021: raises $0.20 to $0.30
Jhanr: raises $0.60 to $0.90
beghini86: folds 
Nork756: folds 
Mahu2021: folds 
Uncalled bet ($0.60) returned to Jhanr
Jhanr collected $0.75 from pot
Jhanr: doesn't show hand 
*** SUMMARY ***
Total pot $0.75 | Rake $0 
Seat 1: Jhanr (button) collected ($0.75)
Seat 2: beghini86 (small blind) folded before Flop
Seat 3: Nork756 (big blind) folded before Flop
Seat 4: felprsousa folded before Flop (didn't bet)
Seat 5: Alzuboi folded before Flop (didn't bet)
Seat 6: Mahu2021 folded before Flop



PokerStars Zoom Hand #254073989043:  Hold'em No Limit ($0.05/$0.10) - 2024/12/28 20:39:00 CET [2024/12/28 14:39:00 ET]
Table 'Aludra' 6-max Seat #1 is the button
Seat 1: sirnimax ($27.18 in chips) 
Seat 2: essa143 ($13.09 in chips) 
Seat 3: pokking876 ($4.22 in chips) 
Seat 4: Bornin10 ($11.85 in chips) 
Seat 5: Ísaak44 ($15.04 in chips) 
Seat 6: Mahu2021 ($10.10 in chips) 
essa143: posts small blind $0.05
pokking876: posts big blind $0.10
*** HOLE CARDS ***
Dealt to Mahu2021 [Js 5h]
Bornin10: folds 
Ísaak44: folds 
Mahu2021: folds 
sirnimax: calls $0.10
essa143: raises $0.40 to $0.50
pokking876: folds 
sirnimax: calls $0.40
*** FLOP *** [2d 9d 6s]
essa143: checks 
sirnimax: checks 
*** TURN *** [2d 9d 6s] [8h]
essa143: bets $0.79
sirnimax: calls $0.79
*** RIVER *** [2d 9d 6s 8h] [7c]
essa143: checks 
sirnimax: bets $1.28
essa143: calls $1.28
*** SHOW DOWN ***
sirnimax: shows [Jh Th] (a straight, Seven to Jack)
essa143: mucks hand 
sirnimax collected $5 from pot
*** SUMMARY ***
Total pot $5.24 | Rake $0.24 
Board [2d 9d 6s 8h 7c]
Seat 1: sirnimax (button) showed [Jh Th] and won ($5) with a straight, Seven to Jack
Seat 2: essa143 (small blind) mucked [7s 7h]
Seat 3: pokking876 (big blind) folded before Flop
Seat 4: Bornin10 folded before Flop (didn't bet)
Seat 5: Ísaak44 folded before Flop (didn't bet)
Seat 6: Mahu2021 folded before Flop (didn't bet)



PokerStars Zoom Hand #254074012354:  Hold'em No Limit ($0.05/$0.10) - 2024/12/28 20:40:08 CET [2024/12/28 14:40:08 ET]
Table 'Aludra' 6-max Seat #1 is the button
Seat 1: hankapry ($10.03 in chips) 
Seat 2: Mahu2021 ($9.45 in chips) 
Seat 3: Nork756 ($22.73 in chips) 
Seat 4: gelik32 ($10.66 in chips) 
Seat 5: lEternamente ($15.03 in chips) 
Seat 6: tibockrmn ($11.50 in chips) 
Mahu2021: posts small blind $0.05
Nork756: posts big blind $0.10
*** HOLE CARDS ***
Dealt to Mahu2021 [9d 7c]
gelik32: raises $0.15 to $0.25
lEternamente: folds 
tibockrmn: folds 
hankapry: folds 
Mahu2021: folds 
Nork756: folds 
Uncalled bet ($0.15) returned to gelik32
gelik32 collected $0.25 from pot
gelik32: doesn't show hand 
*** SUMMARY ***
Total pot $0.25 | Rake $0 
Seat 1: hankapry (button) folded before Flop (didn't bet)
Seat 2: Mahu2021 (small blind) folded before Flop
Seat 3: Nork756 (big blind) folded before Flop
Seat 4: gelik32 collected ($0.25)
Seat 5: lEternamente folded before Flop (didn't bet)
Seat 6: tibockrmn folded before Flop (didn't bet)



PokerStars Zoom Hand #254074006598:  Hold'em No Limit ($0.05/$0.10) - 2024/12/28 20:39:51 CET [2024/12/28 14:39:51 ET]
Table 'Aludra' 6-max Seat #1 is the button
Seat 1: gjosi ($3.96 in chips) 
Seat 2: Boymack05 ($13.35 in chips) 
Seat 3: NyanRetired ($23.63 in chips) 
Seat 4: roo198 ($10.15 in chips) 
Seat 5: Eimoss ($5.20 in chips) 
Seat 6: Mahu2021 ($9.75 in chips) 
Boymack05: posts small blind $0.05
NyanRetired: posts big blind $0.10
*** HOLE CARDS ***
Dealt to Mahu2021 [6d Th]
roo198: folds 
Eimoss: raises $0.10 to $0.20
Mahu2021: folds 
gjosi: calls $0.20
Boymack05: folds 
NyanRetired: raises $0.90 to $1.10
Eimoss: folds 
gjosi: folds 
Uncalled bet ($0.90) returned to NyanRetired
NyanRetired collected $0.65 from pot
NyanRetired: doesn't show hand 
*** SUMMARY ***
Total pot $0.65 | Rake $0 
Seat 1: gjosi (button) folded before Flop
Seat 2: Boymack05 (small blind) folded before Flop
Seat 3: NyanRetired (big blind) collected ($0.65)
Seat 4: roo198 folded before Flop (didn't bet)
Seat 5: Eimoss folded before Flop
Seat 6: Mahu2021 folded before Flop (didn't bet)



PokerStars Zoom Hand #254074014707:  Hold'em No Limit ($0.05/$0.10) - 2024/12/28 20:40:15 CET [2024/12/28 14:40:15 ET]
Table 'Aludra' 6-max Seat #1 is the button
Seat 1: Boymack05 ($13.30 in chips) 
Seat 2: atvcar ($6.09 in chips) 
Seat 3: Mahu2021 ($9.40 in chips) 
Seat 4: bartez29 ($19.09 in chips) 
Seat 5: aimless0 ($14.10 in chips) 
Seat 6: Rubbernicks ($10 in chips) 
atvcar: posts small blind $0.05
Mahu2021: posts big blind $0.10
*** HOLE CARDS ***
Dealt to Mahu2021 [7s 2d]
bartez29: folds 
aimless0: folds 
Rubbernicks: folds 
Boymack05: folds 
atvcar: folds 
Uncalled bet ($0.05) returned to Mahu2021
Mahu2021 collected $0.10 from pot
Mahu2021: doesn't show hand 
*** SUMMARY ***
Total pot $0.10 | Rake $0 
Seat 1: Boymack05 (button) folded before Flop (didn't bet)
Seat 2: atvcar (small blind) folded before Flop
Seat 3: Mahu2021 (big blind) collected ($0.10)
Seat 4: bartez29 folded before Flop (didn't bet)
Seat 5: aimless0 folded before Flop (didn't bet)
Seat 6: Rubbernicks folded before Flop (didn't bet)



PokerStars Zoom Hand #254074028171:  Hold'em No Limit ($0.05/$0.10) - 2024/12/28 20:40:55 CET [2024/12/28 14:40:55 ET]
Table 'Aludra' 6-max Seat #1 is the button
Seat 1: NyanRetired ($24.03 in chips) 
Seat 2: Oli4&Jack ($5.65 in chips) 
Seat 3: Karina2707 ($13.32 in chips) 
Seat 4: Boymack05 ($10.91 in chips) 
Seat 5: Mahu2021 ($9.45 in chips) 
Seat 6: hankapry ($9.88 in chips) 
Oli4&Jack: posts small blind $0.05
Karina2707: posts big blind $0.10
*** HOLE CARDS ***
Dealt to Mahu2021 [8c 9c]
Boymack05: folds 
Mahu2021: raises $0.20 to $0.30
hankapry: folds 
NyanRetired: folds 
Oli4&Jack: folds 
Karina2707: folds 
Uncalled bet ($0.20) returned to Mahu2021
Mahu2021 collected $0.25 from pot
Mahu2021: doesn't show hand 
*** SUMMARY ***
Total pot $0.25 | Rake $0 
Seat 1: NyanRetired (button) folded before Flop (didn't bet)
Seat 2: Oli4&Jack (small blind) folded before Flop
Seat 3: Karina2707 (big blind) folded before Flop
Seat 4: Boymack05 folded before Flop (didn't bet)
Seat 5: Mahu2021 collected ($0.25)
Seat 6: hankapry folded before Flop (didn't bet)



PokerStars Zoom Hand #254074026160:  Hold'em No Limit ($0.05/$0.10) - 2024/12/28 20:40:49 CET [2024/12/28 14:40:49 ET]
Table 'Aludra' 6-max Seat #1 is the button
Seat 1: Mahu2021 ($9.45 in chips) 
Seat 2: bartez29 ($18.84 in chips) 
Seat 3: leonardo4199 ($3.32 in chips) 
Seat 4: Dominic11w ($2.01 in chips) 
Seat 5: pokking876 ($3.97 in chips) 
Seat 6: Lentwood ($5.21 in chips) 
bartez29: posts small blind $0.05
leonardo4199: posts big blind $0.10
*** HOLE CARDS ***
Dealt to Mahu2021 [Tc 5h]
Dominic11w: raises $0.25 to $0.35
pokking876: folds 
Lentwood: folds 
Mahu2021: folds 
bartez29: folds 
leonardo4199: raises $0.25 to $0.60
Dominic11w: calls $0.25
*** FLOP *** [5d 9s Kd]
leonardo4199: bets $2.72 and is all-in
Dominic11w: calls $1.41 and is all-in
Uncalled bet ($1.31) returned to leonardo4199
*** TURN *** [5d 9s Kd] [4d]
*** RIVER *** [5d 9s Kd 4d] [6s]
*** SHOW DOWN ***
leonardo4199: shows [Ks Ts] (a pair of Kings)
Dominic11w: shows [Jc As] (high card Ace)
leonardo4199 collected $3.89 from pot
*** SUMMARY ***
Total pot $4.07 | Rake $0.18 
Board [5d 9s Kd 4d 6s]
Seat 1: Mahu2021 (button) folded before Flop (didn't bet)
Seat 2: bartez29 (small blind) folded before Flop
Seat 3: leonardo4199 (big blind) showed [Ks Ts] and won ($3.89) with a pair of Kings
Seat 4: Dominic11w showed [Jc As] and lost with high card Ace
Seat 5: pokking876 folded before Flop (didn't bet)
Seat 6: Lentwood folded before Flop (didn't bet)



PokerStars Zoom Hand #254074035859:  Hold'em No Limit ($0.05/$0.10) - 2024/12/28 20:41:18 CET [2024/12/28 14:41:18 ET]
Table 'Aludra' 6-max Seat #1 is the button
Seat 1: Luffy V ($10 in chips) 
Seat 2: luizcknc ($10 in chips) 
Seat 3: Debith ($10 in chips) 
Seat 4: HyperBete ($9.85 in chips) 
Seat 5: Mahu2021 ($9.60 in chips) 
Seat 6: SkunkBoy77 ($27.96 in chips) 
luizcknc: posts small blind $0.05
Debith: posts big blind $0.10
*** HOLE CARDS ***
Dealt to Mahu2021 [8d Td]
HyperBete: raises $0.13 to $0.23
Mahu2021: folds 
SkunkBoy77: folds 
Luffy V: folds 
luizcknc: folds 
Debith: folds 
Uncalled bet ($0.13) returned to HyperBete
HyperBete collected $0.25 from pot
HyperBete: doesn't show hand 
*** SUMMARY ***
Total pot $0.25 | Rake $0 
Seat 1: Luffy V (button) folded before Flop (didn't bet)
Seat 2: luizcknc (small blind) folded before Flop
Seat 3: Debith (big blind) folded before Flop
Seat 4: HyperBete collected ($0.25)
Seat 5: Mahu2021 folded before Flop (didn't bet)
Seat 6: SkunkBoy77 folded before Flop (didn't bet)



PokerStars Zoom Hand #254074037053:  Hold'em No Limit ($0.05/$0.10) - 2024/12/28 20:41:21 CET [2024/12/28 14:41:21 ET]
Table 'Aludra' 6-max Seat #1 is the button
Seat 1: Dimon_55_77 ($10.79 in chips) 
Seat 2: fl0w1992 ($12.17 in chips) 
Seat 3: Mahu2021 ($9.60 in chips) 
Seat 4: Alzuboi ($8.80 in chips) 
Seat 5: pikachu302 ($12.74 in chips) 
Seat 6: Karina2707 ($13.17 in chips) 
fl0w1992: posts small blind $0.05
Mahu2021: posts big blind $0.10
*** HOLE CARDS ***
Dealt to Mahu2021 [4s 7d]
Alzuboi: folds 
pikachu302: folds 
Karina2707: folds 
Dimon_55_77: raises $0.20 to $0.30
fl0w1992: folds 
Mahu2021: folds 
Uncalled bet ($0.20) returned to Dimon_55_77
Dimon_55_77 collected $0.25 from pot
Dimon_55_77: doesn't show hand 
*** SUMMARY ***
Total pot $0.25 | Rake $0 
Seat 1: Dimon_55_77 (button) collected ($0.25)
Seat 2: fl0w1992 (small blind) folded before Flop
Seat 3: Mahu2021 (big blind) folded before Flop
Seat 4: Alzuboi folded before Flop (didn't bet)
Seat 5: pikachu302 folded before Flop (didn't bet)
Seat 6: Karina2707 folded before Flop (didn't bet)



PokerStars Zoom Hand #254074034578:  Hold'em No Limit ($0.05/$0.10) - 2024/12/28 20:41:14 CET [2024/12/28 14:41:14 ET]
Table 'Aludra' 6-max Seat #1 is the button
Seat 1: Luffy V ($10.05 in chips) 
Seat 2: hankapry ($14.03 in chips) 
Seat 3: WolcharaAP ($9.13 in chips) 
Seat 4: Mahu2021 ($9.60 in chips) 
Seat 5: cz83 ($12.57 in chips) 
Seat 6: grahamers ($9.50 in chips) 
hankapry: posts small blind $0.05
WolcharaAP: posts big blind $0.10
*** HOLE CARDS ***
Dealt to Mahu2021 [8s Ad]
Mahu2021: folds 
cz83: raises $0.15 to $0.25
grahamers: folds 
Luffy V: folds 
hankapry: folds 
WolcharaAP: folds 
Uncalled bet ($0.15) returned to cz83
cz83 collected $0.25 from pot
cz83: doesn't show hand 
*** SUMMARY ***
Total pot $0.25 | Rake $0 
Seat 1: Luffy V (button) folded before Flop (didn't bet)
Seat 2: hankapry (small blind) folded before Flop
Seat 3: WolcharaAP (big blind) folded before Flop
Seat 4: Mahu2021 folded before Flop (didn't bet)
Seat 5: cz83 collected ($0.25)
Seat 6: grahamers folded before Flop (didn't bet)



PokerStars Zoom Hand #254074042241:  Hold'em No Limit ($0.05/$0.10) - 2024/12/28 20:41:37 CET [2024/12/28 14:41:37 ET]
Table 'Aludra' 6-max Seat #1 is the button
Seat 1: craigbissett ($11.47 in chips) 
Seat 2: Thesheep69 ($10 in chips) 
Seat 3: dress blue ($10.32 in chips) 
Seat 4: lucasdorre ($10 in chips) 
Seat 5: roo198 ($10.51 in chips) 
Seat 6: Mahu2021 ($9.50 in chips) 
Thesheep69: posts small blind $0.05
dress blue: posts big blind $0.10
*** HOLE CARDS ***
Dealt to Mahu2021 [As Qh]
lucasdorre: folds 
roo198: folds 
Mahu2021: raises $0.20 to $0.30
craigbissett: folds 
Thesheep69: folds 
dress blue: folds 
Uncalled bet ($0.20) returned to Mahu2021
Mahu2021 collected $0.25 from pot
Mahu2021: doesn't show hand 
*** SUMMARY ***
Total pot $0.25 | Rake $0 
Seat 1: craigbissett (button) folded before Flop (didn't bet)
Seat 2: Thesheep69 (small blind) folded before Flop
Seat 3: dress blue (big blind) folded before Flop
Seat 4: lucasdorre folded before Flop (didn't bet)
Seat 5: roo198 folded before Flop (didn't bet)
Seat 6: Mahu2021 collected ($0.25)



PokerStars Zoom Hand #254074051117:  Hold'em No Limit ($0.05/$0.10) - 2024/12/28 20:42:03 CET [2024/12/28 14:42:03 ET]
Table 'Aludra' 6-max Seat #1 is the button
Seat 1: Luffy V ($11.99 in chips) 
Seat 2: Mahu2021 ($9.65 in chips) 
Seat 3: bartez29 ($15.84 in chips) 
Seat 4: JAntdog ($20.42 in chips) 
Seat 5: SkunkBoy77 ($27.91 in chips) 
Seat 6: luizcknc ($10.36 in chips) 
Mahu2021: posts small blind $0.05
bartez29: posts big blind $0.10
*** HOLE CARDS ***
Dealt to Mahu2021 [As Kd]
JAntdog: raises $0.15 to $0.25
SkunkBoy77: folds 
luizcknc: folds 
Luffy V: folds 
Mahu2021: raises $0.45 to $0.70
bartez29: folds 
JAntdog: calls $0.45
*** FLOP *** [Kh 8c 7d]
Mahu2021: bets $1.43
JAntdog: folds 
Uncalled bet ($1.43) returned to Mahu2021
Mahu2021 collected $1.43 from pot
Mahu2021: doesn't show hand 
*** SUMMARY ***
Total pot $1.50 | Rake $0.07 
Board [Kh 8c 7d]
Seat 1: Luffy V (button) folded before Flop (didn't bet)
Seat 2: Mahu2021 (small blind) collected ($1.43)
Seat 3: bartez29 (big blind) folded before Flop
Seat 4: JAntdog folded on the Flop
Seat 5: SkunkBoy77 folded before Flop (didn't bet)
Seat 6: luizcknc folded before Flop (didn't bet)



PokerStars Zoom Hand #254074058222:  Hold'em No Limit ($0.05/$0.10) - 2024/12/28 20:42:24 CET [2024/12/28 14:42:24 ET]
Table 'Aludra' 6-max Seat #1 is the button
Seat 1: bartez29 ($10 in chips) 
Seat 2: Boymack05 ($12.71 in chips) 
Seat 3: leonardo4199 ($6.32 in chips) 
Seat 4: Mahu2021 ($10.38 in chips) 
Seat 5: tibockrmn ($11.85 in chips) 
Seat 6: pokking876 ($7.27 in chips) 
Boymack05: posts small blind $0.05
leonardo4199: posts big blind $0.10
*** HOLE CARDS ***
Dealt to Mahu2021 [Kd Jd]
Mahu2021: raises $0.20 to $0.30
tibockrmn: folds 
pokking876: folds 
bartez29: folds 
Boymack05: folds 
leonardo4199: folds 
Uncalled bet ($0.20) returned to Mahu2021
Mahu2021 collected $0.25 from pot
Mahu2021: doesn't show hand 
*** SUMMARY ***
Total pot $0.25 | Rake $0 
Seat 1: bartez29 (button) folded before Flop (didn't bet)
Seat 2: Boymack05 (small blind) folded before Flop
Seat 3: leonardo4199 (big blind) folded before Flop
Seat 4: Mahu2021 collected ($0.25)
Seat 5: tibockrmn folded before Flop (didn't bet)
Seat 6: pokking876 folded before Flop (didn't bet)



PokerStars Zoom Hand #254074070300:  Hold'em No Limit ($0.05/$0.10) - 2024/12/28 20:43:00 CET [2024/12/28 14:43:00 ET]
Table 'Aludra' 6-max Seat #1 is the button
Seat 1: Luffy V ($11.94 in chips) 
Seat 2: chevins ($11.41 in chips) 
Seat 3: essa143 ($13.13 in chips) 
Seat 4: Mahu2021 ($10.53 in chips) 
Seat 5: minusche ($16.59 in chips) 
Seat 6: atvcar ($5.04 in chips) 
chevins: posts small blind $0.05
essa143: posts big blind $0.10
*** HOLE CARDS ***
Dealt to Mahu2021 [3s 6h]
Mahu2021: folds 
minusche: raises $0.10 to $0.20
atvcar: folds 
Luffy V: folds 
chevins: folds 
essa143: folds 
Uncalled bet ($0.10) returned to minusche
minusche collected $0.25 from pot
minusche: doesn't show hand 
*** SUMMARY ***
Total pot $0.25 | Rake $0 
Seat 1: Luffy V (button) folded before Flop (didn't bet)
Seat 2: chevins (small blind) folded before Flop
Seat 3: essa143 (big blind) folded before Flop
Seat 4: Mahu2021 folded before Flop (didn't bet)
Seat 5: minusche collected ($0.25)
Seat 6: atvcar folded before Flop (didn't bet)



PokerStars Zoom Hand #254074071511:  Hold'em No Limit ($0.05/$0.10) - 2024/12/28 20:43:03 CET [2024/12/28 14:43:03 ET]
Table 'Aludra' 6-max Seat #1 is the button
Seat 1: cz83 ($10.28 in chips) 
Seat 2: Poklrll02 ($15.90 in chips) 
Seat 3: Mahu2021 ($10.53 in chips) 
Seat 4: Karina2707 ($15.50 in chips) 
Seat 5: Thesheep69 ($10 in chips) 
Seat 6: luizcknc ($10 in chips) 
Poklrll02: posts small blind $0.05
Mahu2021: posts big blind $0.10
*** HOLE CARDS ***
Dealt to Mahu2021 [7d 9s]
Karina2707: folds 
Thesheep69: folds 
luizcknc: folds 
cz83: folds 
Poklrll02: folds 
Uncalled bet ($0.05) returned to Mahu2021
Mahu2021 collected $0.10 from pot
Mahu2021: doesn't show hand 
*** SUMMARY ***
Total pot $0.10 | Rake $0 
Seat 1: cz83 (button) folded before Flop (didn't bet)
Seat 2: Poklrll02 (small blind) folded before Flop
Seat 3: Mahu2021 (big blind) collected ($0.10)
Seat 4: Karina2707 folded before Flop (didn't bet)
Seat 5: Thesheep69 folded before Flop (didn't bet)
Seat 6: luizcknc folded before Flop (didn't bet)



PokerStars Zoom Hand #254074069106:  Hold'em No Limit ($0.05/$0.10) - 2024/12/28 20:42:56 CET [2024/12/28 14:42:56 ET]
Table 'Aludra' 6-max Seat #1 is the button
Seat 1: essa143 ($13.13 in chips) 
Seat 2: b0neCrusha ($28.52 in chips) 
Seat 3: Dimon_55_77 ($18.10 in chips) 
Seat 4: aces882 ($57.90 in chips) 
Seat 5: Mahu2021 ($10.53 in chips) 
Seat 6: leonardo4199 ($6.12 in chips) 
b0neCrusha: posts small blind $0.05
Dimon_55_77: posts big blind $0.10
*** HOLE CARDS ***
Dealt to Mahu2021 [Kh 2h]
aces882: folds 
Mahu2021: folds 
leonardo4199: calls $0.10
essa143: folds 
b0neCrusha: folds 
Dimon_55_77: checks 
*** FLOP *** [7h Jd Js]
Dimon_55_77: checks 
leonardo4199: checks 
*** TURN *** [7h Jd Js] [Qh]
Dimon_55_77: bets $0.18
leonardo4199: raises $0.18 to $0.36
Dimon_55_77: calls $0.18
*** RIVER *** [7h Jd Js Qh] [6d]
Dimon_55_77: checks 
leonardo4199: checks 
*** SHOW DOWN ***
Dimon_55_77: shows [Jc 9h] (three of a kind, Jacks)
leonardo4199: shows [Kd Jh] (three of a kind, Jacks - King kicker)
leonardo4199 collected $0.93 from pot
*** SUMMARY ***
Total pot $0.97 | Rake $0.04 
Board [7h Jd Js Qh 6d]
Seat 1: essa143 (button) folded before Flop (didn't bet)
Seat 2: b0neCrusha (small blind) folded before Flop
Seat 3: Dimon_55_77 (big blind) showed [Jc 9h] and lost with three of a kind, Jacks
Seat 4: aces882 folded before Flop (didn't bet)
Seat 5: Mahu2021 folded before Flop (didn't bet)
Seat 6: leonardo4199 showed [Kd Jh] and won ($0.93) with three of a kind, Jacks



PokerStars Zoom Hand #254074074501:  Hold'em No Limit ($0.05/$0.10) - 2024/12/28 20:43:12 CET [2024/12/28 14:43:12 ET]
Table 'Aludra' 6-max Seat #1 is the button
Seat 1: GKallai ($32.37 in chips) 
Seat 2: Mahu2021 ($10.58 in chips) 
Seat 3: latchatemi ($3.28 in chips) 
Seat 4: Boymack05 ($12.81 in chips) 
Seat 5: Debith ($10.29 in chips) 
Seat 6: Bornin10 ($15.17 in chips) 
Mahu2021: posts small blind $0.05
latchatemi: posts big blind $0.10
*** HOLE CARDS ***
Dealt to Mahu2021 [Qh 7c]
Boymack05: folds 
Debith: folds 
Bornin10: folds 
GKallai: folds 
Mahu2021: folds 
Uncalled bet ($0.05) returned to latchatemi
latchatemi collected $0.10 from pot
latchatemi: doesn't show hand 
*** SUMMARY ***
Total pot $0.10 | Rake $0 
Seat 1: GKallai (button) folded before Flop (didn't bet)
Seat 2: Mahu2021 (small blind) folded before Flop
Seat 3: latchatemi (big blind) collected ($0.10)
Seat 4: Boymack05 folded before Flop (didn't bet)
Seat 5: Debith folded before Flop (didn't bet)
Seat 6: Bornin10 folded before Flop (didn't bet)



PokerStars Zoom Hand #254074067356:  Hold'em No Limit ($0.05/$0.10) - 2024/12/28 20:42:51 CET [2024/12/28 14:42:51 ET]
Table 'Aludra' 6-max Seat #1 is the button
Seat 1: Mahu2021 ($10.53 in chips) 
Seat 2: luizcknc ($10.05 in chips) 
Seat 3: pokking876 ($3.42 in chips) 
Seat 4: alex656570 ($6.40 in chips) 
Seat 5: Ísaak44 ($45.54 in chips) 
Seat 6: JimPat95 ($7.54 in chips) 
luizcknc: posts small blind $0.05
pokking876: posts big blind $0.10
*** HOLE CARDS ***
Dealt to Mahu2021 [Td 3h]
alex656570: raises $0.20 to $0.30
Ísaak44: calls $0.30
JimPat95: folds 
Mahu2021: folds 
luizcknc: folds 
pokking876: folds 
*** FLOP *** [Ad 7s Jd]
alex656570: checks 
Ísaak44: checks 
*** TURN *** [Ad 7s Jd] [4h]
alex656570: bets $0.36
Ísaak44: folds 
Uncalled bet ($0.36) returned to alex656570
alex656570 collected $0.72 from pot
alex656570: doesn't show hand 
*** SUMMARY ***
Total pot $0.75 | Rake $0.03 
Board [Ad 7s Jd 4h]
Seat 1: Mahu2021 (button) folded before Flop (didn't bet)
Seat 2: luizcknc (small blind) folded before Flop
Seat 3: pokking876 (big blind) folded before Flop
Seat 4: alex656570 collected ($0.72)
Seat 5: Ísaak44 folded on the Turn
Seat 6: JimPat95 folded before Flop (didn't bet)



PokerStars Zoom Hand #254074089283:  Hold'em No Limit ($0.05/$0.10) - 2024/12/28 20:43:57 CET [2024/12/28 14:43:57 ET]
Table 'Aludra' 6-max Seat #1 is the button
Seat 1: szabarna ($11.31 in chips) 
Seat 2: lucasdorre ($10 in chips) 
Seat 3: Rubbernicks ($10.39 in chips) 
Seat 4: Poklrll02 ($26.77 in chips) 
Seat 5: gelik32 ($10.52 in chips) 
Seat 6: Mahu2021 ($10.43 in chips) 
lucasdorre: posts small blind $0.05
Rubbernicks: posts big blind $0.10
*** HOLE CARDS ***
Dealt to Mahu2021 [9h 5c]
Poklrll02: folds 
gelik32: folds 
Mahu2021: folds 
szabarna: folds 
lucasdorre: raises $0.20 to $0.30
Rubbernicks: raises $0.80 to $1.10
lucasdorre: folds 
Uncalled bet ($0.80) returned to Rubbernicks
Rubbernicks collected $0.60 from pot
Rubbernicks: doesn't show hand 
*** SUMMARY ***
Total pot $0.60 | Rake $0 
Seat 1: szabarna (button) folded before Flop (didn't bet)
Seat 2: lucasdorre (small blind) folded before Flop
Seat 3: Rubbernicks (big blind) collected ($0.60)
Seat 4: Poklrll02 folded before Flop (didn't bet)
Seat 5: gelik32 folded before Flop (didn't bet)
Seat 6: Mahu2021 folded before Flop (didn't bet)



PokerStars Zoom Hand #254074076198:  Hold'em No Limit ($0.05/$0.10) - 2024/12/28 20:43:18 CET [2024/12/28 14:43:18 ET]
Table 'Aludra' 6-max Seat #1 is the button
Seat 1: Mahu2021 ($10.53 in chips) 
Seat 2: bartez29 ($10.56 in chips) 
Seat 3: Dbentleyy ($30.95 in chips) 
Seat 4: essa143 ($17.74 in chips) 
Seat 5: sirnimax ($27.44 in chips) 
Seat 6: b0neCrusha ($15.08 in chips) 
bartez29: posts small blind $0.05
Dbentleyy: posts big blind $0.10
*** HOLE CARDS ***
Dealt to Mahu2021 [Ts Jd]
essa143: folds 
sirnimax: calls $0.10
b0neCrusha: folds 
Mahu2021: calls $0.10
bartez29: calls $0.05
Dbentleyy: checks 
*** FLOP *** [Ah 4c 3d]
bartez29: checks 
Dbentleyy: checks 
sirnimax: checks 
Mahu2021: checks 
*** TURN *** [Ah 4c 3d] [6s]
bartez29: checks 
Dbentleyy: bets $0.19
sirnimax: calls $0.19
Mahu2021: folds 
bartez29: folds 
*** RIVER *** [Ah 4c 3d 6s] [6c]
Dbentleyy: checks 
sirnimax: checks 
*** SHOW DOWN ***
Dbentleyy: shows [8s Ac] (two pair, Aces and Sixes)
sirnimax: mucks hand 
Dbentleyy collected $0.74 from pot
*** SUMMARY ***
Total pot $0.78 | Rake $0.04 
Board [Ah 4c 3d 6s 6c]
Seat 1: Mahu2021 (button) folded on the Turn
Seat 2: bartez29 (small blind) folded on the Turn
Seat 3: Dbentleyy (big blind) showed [8s Ac] and won ($0.74) with two pair, Aces and Sixes
Seat 4: essa143 folded before Flop (didn't bet)
Seat 5: sirnimax mucked [Tc Th]
Seat 6: b0neCrusha folded before Flop (didn't bet)



PokerStars Zoom Hand #254074090695:  Hold'em No Limit ($0.05/$0.10) - 2024/12/28 20:44:01 CET [2024/12/28 14:44:01 ET]
Table 'Aludra' 6-max Seat #1 is the button
Seat 1: Wezzer I ($12.19 in chips) 
Seat 2: xarmanis98 ($10.34 in chips) 
Seat 3: gobro1 ($5.62 in chips) 
Seat 4: Jhanr ($9.36 in chips) 
Seat 5: dress blue ($9.95 in chips) 
Seat 6: Mahu2021 ($10.43 in chips) 
xarmanis98: posts small blind $0.05
gobro1: posts big blind $0.10
*** HOLE CARDS ***
Dealt to Mahu2021 [7d Kc]
Jhanr: folds 
dress blue: folds 
Mahu2021: folds 
Wezzer I: folds 
xarmanis98: raises $0.20 to $0.30
gobro1: calls $0.20
*** FLOP *** [Jh 6d 8d]
xarmanis98: bets $0.29
gobro1: folds 
Uncalled bet ($0.29) returned to xarmanis98
xarmanis98 collected $0.57 from pot
xarmanis98: doesn't show hand 
*** SUMMARY ***
Total pot $0.60 | Rake $0.03 
Board [Jh 6d 8d]
Seat 1: Wezzer I (button) folded before Flop (didn't bet)
Seat 2: xarmanis98 (small blind) collected ($0.57)
Seat 3: gobro1 (big blind) folded on the Flop
Seat 4: Jhanr folded before Flop (didn't bet)
Seat 5: dress blue folded before Flop (didn't bet)
Seat 6: Mahu2021 folded before Flop (didn't bet)



PokerStars Zoom Hand #254074091977:  Hold'em No Limit ($0.05/$0.10) - 2024/12/28 20:44:04 CET [2024/12/28 14:44:04 ET]
Table 'Aludra' 6-max Seat #1 is the button
Seat 1: gelik32 ($10.83 in chips) 
Seat 2: beghini86 ($9.56 in chips) 
Seat 3: Mahu2021 ($10.43 in chips) 
Seat 4: pokking876 ($3.17 in chips) 
Seat 5: bartez29 ($10.46 in chips) 
Seat 6: smilsoo ($11.12 in chips) 
beghini86: posts small blind $0.05
Mahu2021: posts big blind $0.10
*** HOLE CARDS ***
Dealt to Mahu2021 [Ad Ac]
pokking876: folds 
bartez29: folds 
smilsoo: folds 
gelik32: raises $0.15 to $0.25
beghini86: folds 
Mahu2021: raises $10.18 to $10.43 and is all-in
gelik32: folds 
Uncalled bet ($10.18) returned to Mahu2021
Mahu2021 collected $0.55 from pot
Mahu2021: doesn't show hand 
*** SUMMARY ***
Total pot $0.55 | Rake $0 
Seat 1: gelik32 (button) folded before Flop
Seat 2: beghini86 (small blind) folded before Flop
Seat 3: Mahu2021 (big blind) collected ($0.55)
Seat 4: pokking876 folded before Flop (didn't bet)
Seat 5: bartez29 folded before Flop (didn't bet)
Seat 6: smilsoo folded before Flop (didn't bet)



PokerStars Zoom Hand #254074097227:  Hold'em No Limit ($0.05/$0.10) - 2024/12/28 20:44:20 CET [2024/12/28 14:44:20 ET]
Table 'Aludra' 6-max Seat #1 is the button
Seat 1: lucasdorre ($10 in chips) 
Seat 2: Mahu2021 ($10.73 in chips) 
Seat 3: Ísaak44 ($14.40 in chips) 
Seat 4: Wezzer I ($12.14 in chips) 
Seat 5: ninugaf ($17.65 in chips) 
Seat 6: craigbissett ($10 in chips) 
Mahu2021: posts small blind $0.05
Ísaak44: posts big blind $0.10
*** HOLE CARDS ***
Dealt to Mahu2021 [9h 2s]
Wezzer I: folds 
ninugaf: raises $0.25 to $0.35
craigbissett: folds 
lucasdorre: folds 
Mahu2021: folds 
Ísaak44: folds 
Uncalled bet ($0.25) returned to ninugaf
ninugaf collected $0.25 from pot
ninugaf: doesn't show hand 
*** SUMMARY ***
Total pot $0.25 | Rake $0 
Seat 1: lucasdorre (button) folded before Flop (didn't bet)
Seat 2: Mahu2021 (small blind) folded before Flop
Seat 3: Ísaak44 (big blind) folded before Flop
Seat 4: Wezzer I folded before Flop (didn't bet)
Seat 5: ninugaf collected ($0.25)
Seat 6: craigbissett folded before Flop (didn't bet)



PokerStars Zoom Hand #254074101869:  Hold'em No Limit ($0.05/$0.10) - 2024/12/28 20:44:34 CET [2024/12/28 14:44:34 ET]
Table 'Aludra' 6-max Seat #1 is the button
Seat 1: WolcharaAP ($8.63 in chips) 
Seat 2: Poklrll02 ($21.96 in chips) 
Seat 3: nutte1963 ($11.61 in chips) 
Seat 4: Mahu2021 ($10.68 in chips) 
Seat 5: GKallai ($32.17 in chips) 
Seat 6: stormers73 ($10.61 in chips) 
Poklrll02: posts small blind $0.05
nutte1963: posts big blind $0.10
*** HOLE CARDS ***
Dealt to Mahu2021 [Jd Ac]
Mahu2021: raises $0.20 to $0.30
GKallai: folds 
stormers73: folds 
WolcharaAP: folds 
Poklrll02: folds 
nutte1963: folds 
Uncalled bet ($0.20) returned to Mahu2021
Mahu2021 collected $0.25 from pot
Mahu2021: doesn't show hand 
*** SUMMARY ***
Total pot $0.25 | Rake $0 
Seat 1: WolcharaAP (button) folded before Flop (didn't bet)
Seat 2: Poklrll02 (small blind) folded before Flop
Seat 3: nutte1963 (big blind) folded before Flop
Seat 4: Mahu2021 collected ($0.25)
Seat 5: GKallai folded before Flop (didn't bet)
Seat 6: stormers73 folded before Flop (didn't bet)



PokerStars Zoom Hand #254074098368:  Hold'em No Limit ($0.05/$0.10) - 2024/12/28 20:44:23 CET [2024/12/28 14:44:23 ET]
Table 'Aludra' 6-max Seat #1 is the button
Seat 1: Wezzer I ($12.14 in chips) 
Seat 2: GKallai ($32.22 in chips) 
Seat 3: Fuerte53 ($12.36 in chips) 
Seat 4: cz83 ($13.30 in chips) 
Seat 5: Mahu2021 ($10.68 in chips) 
Seat 6: chrisb2605 ($20.09 in chips) 
GKallai: posts small blind $0.05
Fuerte53: posts big blind $0.10
*** HOLE CARDS ***
Dealt to Mahu2021 [Ah 3s]
cz83: folds 
Mahu2021: folds 
chrisb2605: raises $0.20 to $0.30
Wezzer I: folds 
GKallai: folds 
Fuerte53: calls $0.20
*** FLOP *** [Jh 4d 7d]
Fuerte53: bets $0.10
chrisb2605: calls $0.10
*** TURN *** [Jh 4d 7d] [2h]
Fuerte53: bets $0.20
chrisb2605: raises $0.80 to $1
Fuerte53: calls $0.80
*** RIVER *** [Jh 4d 7d 2h] [8s]
Fuerte53: checks 
chrisb2605: bets $2.72
Fuerte53: folds 
Uncalled bet ($2.72) returned to chrisb2605
chrisb2605 collected $2.72 from pot
chrisb2605: doesn't show hand 
*** SUMMARY ***
Total pot $2.85 | Rake $0.13 
Board [Jh 4d 7d 2h 8s]
Seat 1: Wezzer I (button) folded before Flop (didn't bet)
Seat 2: GKallai (small blind) folded before Flop
Seat 3: Fuerte53 (big blind) folded on the River
Seat 4: cz83 folded before Flop (didn't bet)
Seat 5: Mahu2021 folded before Flop (didn't bet)
Seat 6: chrisb2605 collected ($2.72)



PokerStars Zoom Hand #254074105229:  Hold'em No Limit ($0.05/$0.10) - 2024/12/28 20:44:44 CET [2024/12/28 14:44:44 ET]
Table 'Aludra' 6-max Seat #1 is the button
Seat 1: H&PAG ($17.13 in chips) 
Seat 2: tosaa ($9.70 in chips) 
Seat 3: lucasdorre ($10 in chips) 
Seat 4: Dimon_55_77 ($17.44 in chips) 
Seat 5: szabarna ($11.11 in chips) 
Seat 6: Mahu2021 ($10.83 in chips) 
tosaa: posts small blind $0.05
lucasdorre: posts big blind $0.10
*** HOLE CARDS ***
Dealt to Mahu2021 [Ac Td]
Dimon_55_77: folds 
szabarna: raises $0.20 to $0.30
Mahu2021: calls $0.30
H&PAG: folds 
tosaa: folds 
lucasdorre: folds 
*** FLOP *** [4d 5s Jh]
szabarna: checks 
Mahu2021: checks 
*** TURN *** [4d 5s Jh] [Kh]
szabarna: bets $0.24
Mahu2021: calls $0.24
*** RIVER *** [4d 5s Jh Kh] [9h]
szabarna: checks 
Mahu2021: bets $1.17
szabarna: folds 
Uncalled bet ($1.17) returned to Mahu2021
Mahu2021 collected $1.17 from pot
Mahu2021: doesn't show hand 
*** SUMMARY ***
Total pot $1.23 | Rake $0.06 
Board [4d 5s Jh Kh 9h]
Seat 1: H&PAG (button) folded before Flop (didn't bet)
Seat 2: tosaa (small blind) folded before Flop
Seat 3: lucasdorre (big blind) folded before Flop
Seat 4: Dimon_55_77 folded before Flop (didn't bet)
Seat 5: szabarna folded on the River
Seat 6: Mahu2021 collected ($1.17)



PokerStars Zoom Hand #254074116638:  Hold'em No Limit ($0.05/$0.10) - 2024/12/28 20:45:18 CET [2024/12/28 14:45:18 ET]
Table 'Aludra' 6-max Seat #1 is the button
Seat 1: Mahu2021 ($11.46 in chips) 
Seat 2: roo198 ($10 in chips) 
Seat 3: Boymack05 ($10 in chips) 
Seat 4: bartez29 ($28.33 in chips) 
Seat 5: b0neCrusha ($11.72 in chips) 
Seat 6: luizcknc ($10.25 in chips) 
roo198: posts small blind $0.05
Boymack05: posts big blind $0.10
*** HOLE CARDS ***
Dealt to Mahu2021 [8d Js]
bartez29: folds 
b0neCrusha: folds 
luizcknc: folds 
Mahu2021: folds 
roo198: folds 
Uncalled bet ($0.05) returned to Boymack05
Boymack05 collected $0.10 from pot
Boymack05: doesn't show hand 
*** SUMMARY ***
Total pot $0.10 | Rake $0 
Seat 1: Mahu2021 (button) folded before Flop (didn't bet)
Seat 2: roo198 (small blind) folded before Flop
Seat 3: Boymack05 (big blind) collected ($0.10)
Seat 4: bartez29 folded before Flop (didn't bet)
Seat 5: b0neCrusha folded before Flop (didn't bet)
Seat 6: luizcknc folded before Flop (didn't bet)



PokerStars Zoom Hand #254074100593:  Hold'em No Limit ($0.05/$0.10) - 2024/12/28 20:44:30 CET [2024/12/28 14:44:30 ET]
Table 'Aludra' 6-max Seat #1 is the button
Seat 1: Mahu2021 ($10.68 in chips) 
Seat 2: Bornin10 ($14.87 in chips) 
Seat 3: minusche ($16.46 in chips) 
Seat 4: Poklrll02 ($21.96 in chips) 
Seat 5: Nork756 ($10.64 in chips) 
Seat 6: szabarna ($11.16 in chips) 
Bornin10: posts small blind $0.05
minusche: posts big blind $0.10
*** HOLE CARDS ***
Dealt to Mahu2021 [3h 6h]
Poklrll02: folds 
Nork756: raises $0.20 to $0.30
szabarna: folds 
Mahu2021: folds 
Bornin10: raises $0.70 to $1
minusche: folds 
Nork756: calls $0.70
*** FLOP *** [6d 7d 4h]
Bornin10: bets $1.28
Nork756: calls $1.28
*** TURN *** [6d 7d 4h] [6s]
Bornin10: bets $2.63
Nork756: calls $2.63
*** RIVER *** [6d 7d 4h 6s] [6c]
Bornin10: checks 
Nork756: bets $5.73 and is all-in
Bornin10: calls $5.73
*** SHOW DOWN ***
Nork756: shows [As 5s] (three of a kind, Sixes)
Bornin10: shows [Jc Ad] (three of a kind, Sixes - Ace+Jack kicker)
Bornin10 collected $20.42 from pot
*** SUMMARY ***
Total pot $21.38 | Rake $0.96 
Board [6d 7d 4h 6s 6c]
Seat 1: Mahu2021 (button) folded before Flop (didn't bet)
Seat 2: Bornin10 (small blind) showed [Jc Ad] and won ($20.42) with three of a kind, Sixes
Seat 3: minusche (big blind) folded before Flop
Seat 4: Poklrll02 folded before Flop (didn't bet)
Seat 5: Nork756 showed [As 5s] and lost with three of a kind, Sixes
Seat 6: szabarna folded before Flop (didn't bet)



PokerStars Zoom Hand #254074117936:  Hold'em No Limit ($0.05/$0.10) - 2024/12/28 20:45:22 CET [2024/12/28 14:45:22 ET]
Table 'Aludra' 6-max Seat #1 is the button
Seat 1: 2sword4 ($14.38 in chips) 
Seat 2: luizcknc ($10.25 in chips) 
Seat 3: Mahu2021 ($11.46 in chips) 
Seat 4: szabarna ($10.57 in chips) 
Seat 5: Luffy V ($10 in chips) 
Seat 6: cz83 ($12.90 in chips) 
luizcknc: posts small blind $0.05
Mahu2021: posts big blind $0.10
*** HOLE CARDS ***
Dealt to Mahu2021 [8h Kc]
szabarna: folds 
Luffy V: folds 
cz83: folds 
2sword4: raises $0.17 to $0.27
luizcknc: folds 
Mahu2021: calls $0.17
*** FLOP *** [3c Ts 3h]
Mahu2021: checks 
2sword4: bets $0.42
Mahu2021: folds 
Uncalled bet ($0.42) returned to 2sword4
2sword4 collected $0.56 from pot
2sword4: doesn't show hand 
*** SUMMARY ***
Total pot $0.59 | Rake $0.03 
Board [3c Ts 3h]
Seat 1: 2sword4 (button) collected ($0.56)
Seat 2: luizcknc (small blind) folded before Flop
Seat 3: Mahu2021 (big blind) folded on the Flop
Seat 4: szabarna folded before Flop (didn't bet)
Seat 5: Luffy V folded before Flop (didn't bet)
Seat 6: cz83 folded before Flop (didn't bet)



PokerStars Zoom Hand #254074128626:  Hold'em No Limit ($0.05/$0.10) - 2024/12/28 20:45:54 CET [2024/12/28 14:45:54 ET]
Table 'Aludra' 6-max Seat #1 is the button
Seat 1: lEternamente ($18.01 in chips) 
Seat 2: Mahu2021 ($11.19 in chips) 
Seat 3: Boymack05 ($16.78 in chips) 
Seat 4: Luffy V ($16.86 in chips) 
Seat 5: Eimoss ($4.43 in chips) 
Seat 6: NyanRetired ($10 in chips) 
Mahu2021: posts small blind $0.05
Boymack05: posts big blind $0.10
*** HOLE CARDS ***
Dealt to Mahu2021 [Th Jh]
Luffy V: folds 
Eimoss: folds 
NyanRetired: folds 
lEternamente: folds 
Mahu2021: raises $0.20 to $0.30
Boymack05: folds 
Uncalled bet ($0.20) returned to Mahu2021
Mahu2021 collected $0.20 from pot
Mahu2021: doesn't show hand 
*** SUMMARY ***
Total pot $0.20 | Rake $0 
Seat 1: lEternamente (button) folded before Flop (didn't bet)
Seat 2: Mahu2021 (small blind) collected ($0.20)
Seat 3: Boymack05 (big blind) folded before Flop
Seat 4: Luffy V folded before Flop (didn't bet)
Seat 5: Eimoss folded before Flop (didn't bet)
Seat 6: NyanRetired folded before Flop (didn't bet)



PokerStars Zoom Hand #254074126872:  Hold'em No Limit ($0.05/$0.10) - 2024/12/28 20:45:49 CET [2024/12/28 14:45:49 ET]
Table 'Aludra' 6-max Seat #1 is the button
Seat 1: Theprof55 ($7.08 in chips) 
Seat 2: Poklrll02 ($27.99 in chips) 
Seat 3: jimbannon474 ($6.41 in chips) 
Seat 4: aimless0 ($20.75 in chips) 
Seat 5: Mahu2021 ($11.19 in chips) 
Seat 6: Eimoss ($4.43 in chips) 
Poklrll02: posts small blind $0.05
jimbannon474: posts big blind $0.10
*** HOLE CARDS ***
Dealt to Mahu2021 [4s 9s]
aimless0: folds 
Mahu2021: folds 
Eimoss: folds 
Theprof55: calls $0.10
Poklrll02: folds 
jimbannon474: checks 
*** FLOP *** [Qh 5s 2c]
jimbannon474: checks 
Theprof55: checks 
*** TURN *** [Qh 5s 2c] [8d]
jimbannon474: checks 
Theprof55: checks 
*** RIVER *** [Qh 5s 2c 8d] [Qc]
jimbannon474: checks 
Theprof55: bets $0.40
jimbannon474: folds 
Uncalled bet ($0.40) returned to Theprof55
Theprof55 collected $0.24 from pot
Theprof55: doesn't show hand 
*** SUMMARY ***
Total pot $0.25 | Rake $0.01 
Board [Qh 5s 2c 8d Qc]
Seat 1: Theprof55 (button) collected ($0.24)
Seat 2: Poklrll02 (small blind) folded before Flop
Seat 3: jimbannon474 (big blind) folded on the River
Seat 4: aimless0 folded before Flop (didn't bet)
Seat 5: Mahu2021 folded before Flop (didn't bet)
Seat 6: Eimoss folded before Flop (didn't bet)



PokerStars Zoom Hand #254074139585:  Hold'em No Limit ($0.05/$0.10) - 2024/12/28 20:46:27 CET [2024/12/28 14:46:27 ET]
Table 'Aludra' 6-max Seat #1 is the button
Seat 1: lEternamente ($17.91 in chips) 
Seat 2: bartez29 ($22.60 in chips) 
Seat 3: Nork756 ($13.10 in chips) 
Seat 4: Thesheep69 ($10 in chips) 
Seat 5: Mahu2021 ($11.29 in chips) 
Seat 6: roo198 ($10 in chips) 
bartez29: posts small blind $0.05
Nork756: posts big blind $0.10
*** HOLE CARDS ***
Dealt to Mahu2021 [3s 6s]
Thesheep69: folds 
Mahu2021: folds 
roo198: raises $0.20 to $0.30
lEternamente: folds 
bartez29: folds 
Nork756: folds 
Uncalled bet ($0.20) returned to roo198
roo198 collected $0.25 from pot
roo198: doesn't show hand 
*** SUMMARY ***
Total pot $0.25 | Rake $0 
Seat 1: lEternamente (button) folded before Flop (didn't bet)
Seat 2: bartez29 (small blind) folded before Flop
Seat 3: Nork756 (big blind) folded before Flop
Seat 4: Thesheep69 folded before Flop (didn't bet)
Seat 5: Mahu2021 folded before Flop (didn't bet)
Seat 6: roo198 collected ($0.25)



PokerStars Zoom Hand #254074140845:  Hold'em No Limit ($0.05/$0.10) - 2024/12/28 20:46:31 CET [2024/12/28 14:46:31 ET]
Table 'Aludra' 6-max Seat #1 is the button
Seat 1: Ísaak44 ($13.95 in chips) 
Seat 2: sirnimax ($26.21 in chips) 
Seat 3: Mahu2021 ($11.29 in chips) 
Seat 4: Jhanr ($9.30 in chips) 
Seat 5: essa143 ($10.93 in chips) 
Seat 6: steklianniy ($8.75 in chips) 
sirnimax: posts small blind $0.05
Mahu2021: posts big blind $0.10
*** HOLE CARDS ***
Dealt to Mahu2021 [9s 7h]
Jhanr: folds 
essa143: folds 
steklianniy: calls $0.10
Ísaak44: folds 
sirnimax: raises $0.10 to $0.20
Mahu2021: calls $0.10
steklianniy: calls $0.10
*** FLOP *** [Ts Qs 9h]
sirnimax: checks 
Mahu2021: checks 
steklianniy: checks 
*** TURN *** [Ts Qs 9h] [Ks]
sirnimax: bets $0.10
Mahu2021: calls $0.10
steklianniy: folds 
*** RIVER *** [Ts Qs 9h Ks] [7s]
sirnimax: bets $0.10
Mahu2021: calls $0.10
*** SHOW DOWN ***
sirnimax: shows [Jd 5s] (a flush, King high)
Mahu2021: shows [9s 7h] (a flush, King high - Nine higher)
Mahu2021 collected $0.96 from pot
*** SUMMARY ***
Total pot $1 | Rake $0.04 
Board [Ts Qs 9h Ks 7s]
Seat 1: Ísaak44 (button) folded before Flop (didn't bet)
Seat 2: sirnimax (small blind) showed [Jd 5s] and lost with a flush, King high
Seat 3: Mahu2021 (big blind) showed [9s 7h] and won ($0.96) with a flush, King high
Seat 4: Jhanr folded before Flop (didn't bet)
Seat 5: essa143 folded before Flop (didn't bet)
Seat 6: steklianniy folded on the Turn



PokerStars Zoom Hand #254074137848:  Hold'em No Limit ($0.05/$0.10) - 2024/12/28 20:46:22 CET [2024/12/28 14:46:22 ET]
Table 'Aludra' 6-max Seat #1 is the button
Seat 1: Luffy V ($16.76 in chips) 
Seat 2: gelik32 ($10 in chips) 
Seat 3: Eimoss ($4.43 in chips) 
Seat 4: dress blue ($13.19 in chips) 
Seat 5: gobro1 ($5.17 in chips) 
Seat 6: Mahu2021 ($11.29 in chips) 
gelik32: posts small blind $0.05
Eimoss: posts big blind $0.10
*** HOLE CARDS ***
Dealt to Mahu2021 [9s 8d]
dress blue: folds 
gobro1: calls $0.10
Mahu2021: folds 
Luffy V: folds 
gelik32: folds 
Eimoss: raises $0.20 to $0.30
gobro1: raises $0.20 to $0.50
Eimoss: calls $0.20
*** FLOP *** [5c Jh Kh]
Eimoss: checks 
gobro1: bets $0.50
Eimoss: calls $0.50
*** TURN *** [5c Jh Kh] [9d]
Eimoss: checks 
gobro1: bets $0.90
Eimoss: calls $0.90
*** RIVER *** [5c Jh Kh 9d] [2h]
Eimoss: checks 
gobro1: bets $1.60
Eimoss: raises $0.93 to $2.53 and is all-in
gobro1: calls $0.93
*** SHOW DOWN ***
Eimoss: shows [8h 9h] (a flush, King high)
gobro1: shows [Qd Kd] (a pair of Kings)
Eimoss collected $8.51 from pot
*** SUMMARY ***
Total pot $8.91 | Rake $0.40 
Board [5c Jh Kh 9d 2h]
Seat 1: Luffy V (button) folded before Flop (didn't bet)
Seat 2: gelik32 (small blind) folded before Flop
Seat 3: Eimoss (big blind) showed [8h 9h] and won ($8.51) with a flush, King high
Seat 4: dress blue folded before Flop (didn't bet)
Seat 5: gobro1 showed [Qd Kd] and lost with a pair of Kings
Seat 6: Mahu2021 folded before Flop (didn't bet)



PokerStars Zoom Hand #254074149449:  Hold'em No Limit ($0.05/$0.10) - 2024/12/28 20:46:57 CET [2024/12/28 14:46:57 ET]
Table 'Aludra' 6-max Seat #1 is the button
Seat 1: Mahu2021 ($11.85 in chips) 
Seat 2: Bornin10 ($19.68 in chips) 
Seat 3: Luffy V ($16.71 in chips) 
Seat 4: b0neCrusha ($18.96 in chips) 
Seat 5: founder9 ($8.20 in chips) 
Seat 6: elvis_genius ($42.57 in chips) 
Bornin10: posts small blind $0.05
Luffy V: posts big blind $0.10
*** HOLE CARDS ***
Dealt to Mahu2021 [9h 7h]
b0neCrusha: raises $0.12 to $0.22
founder9: folds 
elvis_genius: folds 
Mahu2021: calls $0.22
Bornin10: folds 
Luffy V: folds 
*** FLOP *** [6s 5c Ts]
b0neCrusha: checks 
Mahu2021: checks 
*** TURN *** [6s 5c Ts] [2h]
b0neCrusha: checks 
Mahu2021: checks 
*** RIVER *** [6s 5c Ts 2h] [5h]
b0neCrusha: checks 
Mahu2021: checks 
*** SHOW DOWN ***
b0neCrusha: shows [Kc Ac] (a pair of Fives)
Mahu2021: mucks hand 
b0neCrusha collected $0.56 from pot
*** SUMMARY ***
Total pot $0.59 | Rake $0.03 
Board [6s 5c Ts 2h 5h]
Seat 1: Mahu2021 (button) mucked [9h 7h]
Seat 2: Bornin10 (small blind) folded before Flop
Seat 3: Luffy V (big blind) folded before Flop
Seat 4: b0neCrusha showed [Kc Ac] and won ($0.56) with a pair of Fives
Seat 5: founder9 folded before Flop (didn't bet)
Seat 6: elvis_genius folded before Flop (didn't bet)



PokerStars Zoom Hand #254074161385:  Hold'em No Limit ($0.05/$0.10) - 2024/12/28 20:47:33 CET [2024/12/28 14:47:33 ET]
Table 'Aludra' 6-max Seat #1 is the button
Seat 1: Poklrll02 ($14.39 in chips) 
Seat 2: Mahu2021 ($11.63 in chips) 
Seat 3: kudria6ka ($3.45 in chips) 
Seat 4: grahamers ($0.51 in chips) 
Seat 5: Carrorc87 ($22.74 in chips) 
Seat 6: JackJohnsonson ($20.39 in chips) 
Mahu2021: posts small blind $0.05
kudria6ka: posts big blind $0.10
*** HOLE CARDS ***
Dealt to Mahu2021 [Jd Qs]
grahamers: folds 
Carrorc87: folds 
JackJohnsonson: folds 
Poklrll02: folds 
Mahu2021: raises $0.20 to $0.30
kudria6ka: raises $3.15 to $3.45 and is all-in
Mahu2021: folds 
Uncalled bet ($3.15) returned to kudria6ka
kudria6ka collected $0.60 from pot
kudria6ka: doesn't show hand 
*** SUMMARY ***
Total pot $0.60 | Rake $0 
Seat 1: Poklrll02 (button) folded before Flop (didn't bet)
Seat 2: Mahu2021 (small blind) folded before Flop
Seat 3: kudria6ka (big blind) collected ($0.60)
Seat 4: grahamers folded before Flop (didn't bet)
Seat 5: Carrorc87 folded before Flop (didn't bet)
Seat 6: JackJohnsonson folded before Flop (didn't bet)



PokerStars Zoom Hand #254074159780:  Hold'em No Limit ($0.05/$0.10) - 2024/12/28 20:47:28 CET [2024/12/28 14:47:28 ET]
Table 'Aludra' 6-max Seat #1 is the button
Seat 1: Luffy V ($10.46 in chips) 
Seat 2: WONDALOT ($6.37 in chips) 
Seat 3: Magic Nic ($9.23 in chips) 
Seat 4: Mahu2021 ($11.63 in chips) 
Seat 5: szabarna ($11.66 in chips) 
Seat 6: Nork756 ($22.30 in chips) 
WONDALOT: posts small blind $0.05
Magic Nic: posts big blind $0.10
*** HOLE CARDS ***
Dealt to Mahu2021 [Jd 8s]
Mahu2021: folds 
szabarna: raises $0.20 to $0.30
Nork756: folds 
Luffy V: folds 
WONDALOT: raises $0.30 to $0.60
Magic Nic: folds 
szabarna: calls $0.30
*** FLOP *** [9s 7h 5d]
WONDALOT: bets $1.24
szabarna: folds 
Uncalled bet ($1.24) returned to WONDALOT
WONDALOT collected $1.24 from pot
WONDALOT: doesn't show hand 
*** SUMMARY ***
Total pot $1.30 | Rake $0.06 
Board [9s 7h 5d]
Seat 1: Luffy V (button) folded before Flop (didn't bet)
Seat 2: WONDALOT (small blind) collected ($1.24)
Seat 3: Magic Nic (big blind) folded before Flop
Seat 4: Mahu2021 folded before Flop (didn't bet)
Seat 5: szabarna folded on the Flop
Seat 6: Nork756 folded before Flop (didn't bet)



PokerStars Zoom Hand #254074167788:  Hold'em No Limit ($0.05/$0.10) - 2024/12/28 20:47:52 CET [2024/12/28 14:47:52 ET]
Table 'Aludra' 6-max Seat #1 is the button
Seat 1: gelik32 ($11.99 in chips) 
Seat 2: Boymack05 ($17.13 in chips) 
Seat 3: bartez29 ($28.10 in chips) 
Seat 4: jelle2012 ($8.07 in chips) 
Seat 5: Mahu2021 ($11.33 in chips) 
Seat 6: SkunkBoy77 ($27.01 in chips) 
Boymack05: posts small blind $0.05
bartez29: posts big blind $0.10
*** HOLE CARDS ***
Dealt to Mahu2021 [Th 8s]
jelle2012: raises $0.10 to $0.20
Mahu2021: folds 
SkunkBoy77: raises $0.50 to $0.70
gelik32: folds 
Boymack05: folds 
bartez29: folds 
jelle2012: calls $0.50
*** FLOP *** [Qc 7d 6h]
jelle2012: checks 
SkunkBoy77: checks 
*** TURN *** [Qc 7d 6h] [Tc]
jelle2012: bets $0.50
SkunkBoy77: calls $0.50
*** RIVER *** [Qc 7d 6h Tc] [5h]
jelle2012: bets $2.44
SkunkBoy77: calls $2.44
*** SHOW DOWN ***
jelle2012: shows [8h 9h] (a straight, Six to Ten)
SkunkBoy77: mucks hand 
jelle2012 collected $7.02 from pot
*** SUMMARY ***
Total pot $7.43 | Rake $0.41 
Board [Qc 7d 6h Tc 5h]
Seat 1: gelik32 (button) folded before Flop (didn't bet)
Seat 2: Boymack05 (small blind) folded before Flop
Seat 3: bartez29 (big blind) folded before Flop
Seat 4: jelle2012 showed [8h 9h] and won ($7.02) with a straight, Six to Ten
Seat 5: Mahu2021 folded before Flop (didn't bet)
Seat 6: SkunkBoy77 mucked [Ac Qs]



PokerStars Zoom Hand #254074168927:  Hold'em No Limit ($0.05/$0.10) - 2024/12/28 20:47:56 CET [2024/12/28 14:47:56 ET]
Table 'Aludra' 6-max Seat #1 is the button
Seat 1: redmonkey98 ($10 in chips) 
Seat 2: craigbissett ($12.33 in chips) 
Seat 3: Mahu2021 ($11.33 in chips) 
Seat 4: kamiKatze27 ($8.92 in chips) 
Seat 5: Fuerte53 ($8.98 in chips) 
Seat 6: pokking876 ($29.58 in chips) 
craigbissett: posts small blind $0.05
Mahu2021: posts big blind $0.10
*** HOLE CARDS ***
Dealt to Mahu2021 [Qc Js]
kamiKatze27: folds 
Fuerte53: calls $0.10
pokking876: calls $0.10
redmonkey98: folds 
craigbissett: folds 
Mahu2021: checks 
*** FLOP *** [Kh Ks 9s]
Mahu2021: checks 
Fuerte53: checks 
pokking876: checks 
*** TURN *** [Kh Ks 9s] [As]
Mahu2021: checks 
Fuerte53: bets $0.80
pokking876: folds 
Mahu2021: folds 
Uncalled bet ($0.80) returned to Fuerte53
Fuerte53 collected $0.33 from pot
Fuerte53: doesn't show hand 
*** SUMMARY ***
Total pot $0.35 | Rake $0.02 
Board [Kh Ks 9s As]
Seat 1: redmonkey98 (button) folded before Flop (didn't bet)
Seat 2: craigbissett (small blind) folded before Flop
Seat 3: Mahu2021 (big blind) folded on the Turn
Seat 4: kamiKatze27 folded before Flop (didn't bet)
Seat 5: Fuerte53 collected ($0.33)
Seat 6: pokking876 folded on the Turn



PokerStars Zoom Hand #254074188291:  Hold'em No Limit ($0.05/$0.10) - 2024/12/28 20:48:54 CET [2024/12/28 14:48:54 ET]
Table 'Aludra' 6-max Seat #1 is the button
Seat 1: cz83 ($11.16 in chips) 
Seat 2: essa143 ($16.24 in chips) 
Seat 3: Karina2707 ($18.46 in chips) 
Seat 4: tosaa ($11.40 in chips) 
Seat 5: szabarna ($11.37 in chips) 
Seat 6: Mahu2021 ($11.23 in chips) 
essa143: posts small blind $0.05
Karina2707: posts big blind $0.10
*** HOLE CARDS ***
Dealt to Mahu2021 [7d 3d]
tosaa: folds 
szabarna: folds 
Mahu2021: folds 
cz83: folds 
essa143: folds 
Uncalled bet ($0.05) returned to Karina2707
Karina2707 collected $0.10 from pot
Karina2707: doesn't show hand 
*** SUMMARY ***
Total pot $0.10 | Rake $0 
Seat 1: cz83 (button) folded before Flop (didn't bet)
Seat 2: essa143 (small blind) folded before Flop
Seat 3: Karina2707 (big blind) collected ($0.10)
Seat 4: tosaa folded before Flop (didn't bet)
Seat 5: szabarna folded before Flop (didn't bet)
Seat 6: Mahu2021 folded before Flop (didn't bet)



PokerStars Zoom Hand #254074189217:  Hold'em No Limit ($0.05/$0.10) - 2024/12/28 20:48:57 CET [2024/12/28 14:48:57 ET]
Table 'Aludra' 6-max Seat #1 is the button
Seat 1: Mahu2021 ($11.23 in chips) 
Seat 2: lEternamente ($17.31 in chips) 
Seat 3: grahamers ($2.47 in chips) 
Seat 4: elvis_genius ($24.59 in chips) 
Seat 5: luizcknc ($20.35 in chips) 
Seat 6: jelle2012 ($11.30 in chips) 
lEternamente: posts small blind $0.05
grahamers: posts big blind $0.10
*** HOLE CARDS ***
Dealt to Mahu2021 [5c 2h]
elvis_genius: folds 
luizcknc: folds 
jelle2012: folds 
Mahu2021: folds 
lEternamente: raises $0.20 to $0.30
grahamers: folds 
Uncalled bet ($0.20) returned to lEternamente
lEternamente collected $0.20 from pot
lEternamente: doesn't show hand 
*** SUMMARY ***
Total pot $0.20 | Rake $0 
Seat 1: Mahu2021 (button) folded before Flop (didn't bet)
Seat 2: lEternamente (small blind) collected ($0.20)
Seat 3: grahamers (big blind) folded before Flop
Seat 4: elvis_genius folded before Flop (didn't bet)
Seat 5: luizcknc folded before Flop (didn't bet)
Seat 6: jelle2012 folded before Flop (didn't bet)



PokerStars Zoom Hand #254074190040:  Hold'em No Limit ($0.05/$0.10) - 2024/12/28 20:49:00 CET [2024/12/28 14:49:00 ET]
Table 'Aludra' 6-max Seat #1 is the button
Seat 1: gelik32 ($10 in chips) 
Seat 2: Mahu2021 ($11.23 in chips) 
Seat 3: Nork756 ($10 in chips) 
Seat 4: WONDALOT ($6.76 in chips) 
Seat 5: pokking876 ($7.66 in chips) 
Seat 6: craigbissett ($11.58 in chips) 
Mahu2021: posts small blind $0.05
Nork756: posts big blind $0.10
*** HOLE CARDS ***
Dealt to Mahu2021 [8c Js]
WONDALOT: folds 
pokking876: raises $0.10 to $0.20
craigbissett: folds 
gelik32: folds 
Mahu2021: folds 
Nork756: folds 
Uncalled bet ($0.10) returned to pokking876
pokking876 collected $0.25 from pot
pokking876: doesn't show hand 
*** SUMMARY ***
Total pot $0.25 | Rake $0 
Seat 1: gelik32 (button) folded before Flop (didn't bet)
Seat 2: Mahu2021 (small blind) folded before Flop
Seat 3: Nork756 (big blind) folded before Flop
Seat 4: WONDALOT folded before Flop (didn't bet)
Seat 5: pokking876 collected ($0.25)
Seat 6: craigbissett folded before Flop (didn't bet)



PokerStars Zoom Hand #254074186907:  Hold'em No Limit ($0.05/$0.10) - 2024/12/28 20:48:50 CET [2024/12/28 14:48:50 ET]
Table 'Aludra' 6-max Seat #1 is the button
Seat 1: craigbissett ($15.37 in chips) 
Seat 2: GKallai ($24.58 in chips) 
Seat 3: luizcknc ($12.24 in chips) 
Seat 4: Mahu2021 ($11.23 in chips) 
Seat 5: SkunkBoy77 ($23.37 in chips) 
Seat 6: Jhanr ($9.45 in chips) 
GKallai: posts small blind $0.05
luizcknc: posts big blind $0.10
*** HOLE CARDS ***
Dealt to Mahu2021 [4c Th]
Mahu2021: folds 
SkunkBoy77: folds 
Jhanr: raises $0.13 to $0.23
craigbissett: folds 
GKallai: calls $0.18
luizcknc: folds 
*** FLOP *** [4s 2s 4h]
GKallai: checks 
Jhanr: bets $0.35
GKallai: folds 
Uncalled bet ($0.35) returned to Jhanr
Jhanr collected $0.53 from pot
Jhanr: doesn't show hand 
*** SUMMARY ***
Total pot $0.56 | Rake $0.03 
Board [4s 2s 4h]
Seat 1: craigbissett (button) folded before Flop (didn't bet)
Seat 2: GKallai (small blind) folded on the Flop
Seat 3: luizcknc (big blind) folded before Flop
Seat 4: Mahu2021 folded before Flop (didn't bet)
Seat 5: SkunkBoy77 folded before Flop (didn't bet)
Seat 6: Jhanr collected ($0.53)



PokerStars Zoom Hand #254074192795:  Hold'em No Limit ($0.05/$0.10) - 2024/12/28 20:49:08 CET [2024/12/28 14:49:08 ET]
Table 'Aludra' 6-max Seat #1 is the button
Seat 1: luizcknc ($12.14 in chips) 
Seat 2: Alzuboi ($12.79 in chips) 
Seat 3: SkunkBoy77 ($30.08 in chips) 
Seat 4: Mahu2021 ($11.18 in chips) 
Seat 5: gobro1 ($5.20 in chips) 
Seat 6: essa143 ($16.19 in chips) 
Alzuboi: posts small blind $0.05
SkunkBoy77: posts big blind $0.10
*** HOLE CARDS ***
Dealt to Mahu2021 [2h Ah]
Mahu2021: raises $0.20 to $0.30
gobro1: folds 
essa143: folds 
luizcknc: folds 
Alzuboi: calls $0.25
SkunkBoy77: folds 
*** FLOP *** [6c Qd 3c]
Alzuboi: checks 
Mahu2021: checks 
*** TURN *** [6c Qd 3c] [4h]
Alzuboi: checks 
Mahu2021: checks 
*** RIVER *** [6c Qd 3c 4h] [9h]
Alzuboi: checks 
Mahu2021: checks 
*** SHOW DOWN ***
Alzuboi: shows [Ks 8s] (high card King)
Mahu2021: shows [2h Ah] (high card Ace)
Mahu2021 collected $0.67 from pot
*** SUMMARY ***
Total pot $0.70 | Rake $0.03 
Board [6c Qd 3c 4h 9h]
Seat 1: luizcknc (button) folded before Flop (didn't bet)
Seat 2: Alzuboi (small blind) showed [Ks 8s] and lost with high card King
Seat 3: SkunkBoy77 (big blind) folded before Flop
Seat 4: Mahu2021 showed [2h Ah] and won ($0.67) with high card Ace
Seat 5: gobro1 folded before Flop (didn't bet)
Seat 6: essa143 folded before Flop (didn't bet)



PokerStars Zoom Hand #254074200289:  Hold'em No Limit ($0.05/$0.10) - 2024/12/28 20:49:31 CET [2024/12/28 14:49:31 ET]
Table 'Aludra' 6-max Seat #1 is the button
Seat 1: Alzuboi ($12.49 in chips) 
Seat 2: Dimon_55_77 ($12.82 in chips) 
Seat 3: zloy_00 ($9.14 in chips) 
Seat 4: Thesheep69 ($10 in chips) 
Seat 5: pokking876 ($9.85 in chips) 
Seat 6: Mahu2021 ($11.55 in chips) 
Dimon_55_77: posts small blind $0.05
zloy_00: posts big blind $0.10
*** HOLE CARDS ***
Dealt to Mahu2021 [As 6h]
Thesheep69: folds 
pokking876: folds 
Mahu2021: folds 
Alzuboi: folds 
Dimon_55_77: folds 
Uncalled bet ($0.05) returned to zloy_00
zloy_00 collected $0.10 from pot
zloy_00: doesn't show hand 
*** SUMMARY ***
Total pot $0.10 | Rake $0 
Seat 1: Alzuboi (button) folded before Flop (didn't bet)
Seat 2: Dimon_55_77 (small blind) folded before Flop
Seat 3: zloy_00 (big blind) collected ($0.10)
Seat 4: Thesheep69 folded before Flop (didn't bet)
Seat 5: pokking876 folded before Flop (didn't bet)
Seat 6: Mahu2021 folded before Flop (didn't bet)



PokerStars Zoom Hand #254074191556:  Hold'em No Limit ($0.05/$0.10) - 2024/12/28 20:49:04 CET [2024/12/28 14:49:04 ET]
Table 'Aludra' 6-max Seat #1 is the button
Seat 1: Dimon_55_77 ($16.19 in chips) 
Seat 2: luizcknc ($10.30 in chips) 
Seat 3: elvis_genius ($24.59 in chips) 
Seat 4: Mahu2021 ($11.18 in chips) 
Seat 5: SkunkBoy77 ($30.08 in chips) 
Seat 6: steklianniy ($7.70 in chips) 
luizcknc: posts small blind $0.05
elvis_genius: posts big blind $0.10
*** HOLE CARDS ***
Dealt to Mahu2021 [Ts 6h]
Mahu2021: folds 
SkunkBoy77: folds 
steklianniy: folds 
Dimon_55_77: raises $0.20 to $0.30
luizcknc: folds 
elvis_genius: calls $0.20
*** FLOP *** [5h 8d 4h]
elvis_genius: checks 
Dimon_55_77: bets $0.20
elvis_genius: calls $0.20
*** TURN *** [5h 8d 4h] [5s]
elvis_genius: checks 
Dimon_55_77: bets $0.32
elvis_genius: raises $1.03 to $1.35
Dimon_55_77: folds 
Uncalled bet ($1.03) returned to elvis_genius
elvis_genius collected $1.61 from pot
elvis_genius: doesn't show hand 
*** SUMMARY ***
Total pot $1.69 | Rake $0.08 
Board [5h 8d 4h 5s]
Seat 1: Dimon_55_77 (button) folded on the Turn
Seat 2: luizcknc (small blind) folded before Flop
Seat 3: elvis_genius (big blind) collected ($1.61)
Seat 4: Mahu2021 folded before Flop (didn't bet)
Seat 5: SkunkBoy77 folded before Flop (didn't bet)
Seat 6: steklianniy folded before Flop (didn't bet)



PokerStars Zoom Hand #254074203394:  Hold'em No Limit ($0.05/$0.10) - 2024/12/28 20:49:40 CET [2024/12/28 14:49:40 ET]
Table 'Aludra' 6-max Seat #1 is the button
Seat 1: Carrorc87 ($22.82 in chips) 
Seat 2: Bornin10 ($10.85 in chips) 
Seat 3: Mahu2021 ($11.55 in chips) 
Seat 4: Luffy V ($10.16 in chips) 
Seat 5: jimbannon474 ($5.36 in chips) 
Seat 6: Ruselllll ($10 in chips) 
Bornin10: posts small blind $0.05
Mahu2021: posts big blind $0.10
*** HOLE CARDS ***
Dealt to Mahu2021 [6c 6d]
Luffy V: folds 
jimbannon474: folds 
Ruselllll: folds 
Carrorc87: raises $0.15 to $0.25
Bornin10: folds 
Mahu2021: calls $0.15
*** FLOP *** [6s 8h Qs]
Mahu2021: checks 
Carrorc87: bets $0.20
Mahu2021: raises $11.10 to $11.30 and is all-in
Carrorc87: folds 
Uncalled bet ($11.10) returned to Mahu2021
Mahu2021 collected $0.91 from pot
Mahu2021: doesn't show hand 
*** SUMMARY ***
Total pot $0.95 | Rake $0.04 
Board [6s 8h Qs]
Seat 1: Carrorc87 (button) folded on the Flop
Seat 2: Bornin10 (small blind) folded before Flop
Seat 3: Mahu2021 (big blind) collected ($0.91)
Seat 4: Luffy V folded before Flop (didn't bet)
Seat 5: jimbannon474 folded before Flop (didn't bet)
Seat 6: Ruselllll folded before Flop (didn't bet)



PokerStars Zoom Hand #254074216049:  Hold'em No Limit ($0.05/$0.10) - 2024/12/28 20:50:19 CET [2024/12/28 14:50:19 ET]
Table 'Aludra' 6-max Seat #1 is the button
Seat 1: thebestCh1L1 ($8.71 in chips) 
Seat 2: Mahu2021 ($12.01 in chips) 
Seat 3: bartez29 ($14.19 in chips) 
Seat 4: bichonmaltez ($38.54 in chips) 
Seat 5: NyanRetired ($41.49 in chips) 
Seat 6: Carrorc87 ($22.37 in chips) 
Mahu2021: posts small blind $0.05
bartez29: posts big blind $0.10
*** HOLE CARDS ***
Dealt to Mahu2021 [3h Ts]
bichonmaltez: raises $0.15 to $0.25
NyanRetired: folds 
Carrorc87: folds 
thebestCh1L1: folds 
Mahu2021: folds 
bartez29: folds 
Uncalled bet ($0.15) returned to bichonmaltez
bichonmaltez collected $0.25 from pot
bichonmaltez: doesn't show hand 
*** SUMMARY ***
Total pot $0.25 | Rake $0 
Seat 1: thebestCh1L1 (button) folded before Flop (didn't bet)
Seat 2: Mahu2021 (small blind) folded before Flop
Seat 3: bartez29 (big blind) folded before Flop
Seat 4: bichonmaltez collected ($0.25)
Seat 5: NyanRetired folded before Flop (didn't bet)
Seat 6: Carrorc87 folded before Flop (didn't bet)



PokerStars Zoom Hand #254074217532:  Hold'em No Limit ($0.05/$0.10) - 2024/12/28 20:50:23 CET [2024/12/28 14:50:23 ET]
Table 'Aludra' 6-max Seat #1 is the button
Seat 1: Mahu2021 ($11.96 in chips) 
Seat 2: NyanRetired ($41.49 in chips) 
Seat 3: doctornicola ($9.87 in chips) 
Seat 4: elvis_genius ($25.38 in chips) 
Seat 5: cz83 ($10 in chips) 
Seat 6: Dimon_55_77 ($12.77 in chips) 
NyanRetired: posts small blind $0.05
doctornicola: posts big blind $0.10
*** HOLE CARDS ***
Dealt to Mahu2021 [9c 8d]
elvis_genius: raises $0.15 to $0.25
cz83: folds 
Dimon_55_77: folds 
Mahu2021: folds 
NyanRetired: folds 
doctornicola: calls $0.15
*** FLOP *** [6c 7d 6h]
doctornicola: checks 
elvis_genius: bets $0.52
doctornicola: folds 
Uncalled bet ($0.52) returned to elvis_genius
elvis_genius collected $0.53 from pot
elvis_genius: doesn't show hand 
*** SUMMARY ***
Total pot $0.55 | Rake $0.02 
Board [6c 7d 6h]
Seat 1: Mahu2021 (button) folded before Flop (didn't bet)
Seat 2: NyanRetired (small blind) folded before Flop
Seat 3: doctornicola (big blind) folded on the Flop
Seat 4: elvis_genius collected ($0.53)
Seat 5: cz83 folded before Flop (didn't bet)
Seat 6: Dimon_55_77 folded before Flop (didn't bet)



PokerStars Zoom Hand #254074221558:  Hold'em No Limit ($0.05/$0.10) - 2024/12/28 20:50:35 CET [2024/12/28 14:50:35 ET]
Table 'Aludra' 6-max Seat #1 is the button
Seat 1: luizcknc ($19.46 in chips) 
Seat 2: Don Chianca ($0.91 in chips) 
Seat 3: sirnimax ($28.48 in chips) 
Seat 4: essa143 ($16.78 in chips) 
Seat 5: Ísaak44 ($53.89 in chips) 
Seat 6: Mahu2021 ($11.96 in chips) 
Don Chianca: posts small blind $0.05
sirnimax: posts big blind $0.10
*** HOLE CARDS ***
Dealt to Mahu2021 [9s 4h]
essa143: folds 
Ísaak44: folds 
Mahu2021: folds 
luizcknc: folds 
Don Chianca: folds 
Uncalled bet ($0.05) returned to sirnimax
sirnimax collected $0.10 from pot
sirnimax: doesn't show hand 
*** SUMMARY ***
Total pot $0.10 | Rake $0 
Seat 1: luizcknc (button) folded before Flop (didn't bet)
Seat 2: Don Chianca (small blind) folded before Flop
Seat 3: sirnimax (big blind) collected ($0.10)
Seat 4: essa143 folded before Flop (didn't bet)
Seat 5: Ísaak44 folded before Flop (didn't bet)
Seat 6: Mahu2021 folded before Flop (didn't bet)



PokerStars Zoom Hand #254074222808:  Hold'em No Limit ($0.05/$0.10) - 2024/12/28 20:50:40 CET [2024/12/28 14:50:40 ET]
Table 'Aludra' 6-max Seat #1 is the button
Seat 1: Jhanr ($9.95 in chips) 
Seat 2: tosaa ($11.53 in chips) 
Seat 3: Mahu2021 ($11.96 in chips) 
Seat 4: luizcknc ($19.46 in chips) 
Seat 5: minusche ($13.77 in chips) 
Seat 6: bartez29 ($10.15 in chips) 
tosaa: posts small blind $0.05
Mahu2021: posts big blind $0.10
*** HOLE CARDS ***
Dealt to Mahu2021 [3c 3d]
luizcknc: folds 
minusche: folds 
bartez29: folds 
Jhanr: raises $0.13 to $0.23
tosaa: calls $0.18
Mahu2021: calls $0.13
*** FLOP *** [Th 5h 7h]
tosaa: checks 
Mahu2021: checks 
Jhanr: checks 
*** TURN *** [Th 5h 7h] [9s]
tosaa: checks 
Mahu2021: checks 
Jhanr: checks 
*** RIVER *** [Th 5h 7h 9s] [Js]
tosaa: checks 
Mahu2021: checks 
Jhanr: checks 
*** SHOW DOWN ***
tosaa: shows [Qd Ad] (high card Ace)
Mahu2021: shows [3c 3d] (a pair of Threes)
Jhanr: shows [Kd 5d] (a pair of Fives)
Jhanr collected $0.66 from pot
*** SUMMARY ***
Total pot $0.69 | Rake $0.03 
Board [Th 5h 7h 9s Js]
Seat 1: Jhanr (button) showed [Kd 5d] and won ($0.66) with a pair of Fives
Seat 2: tosaa (small blind) showed [Qd Ad] and lost with high card Ace
Seat 3: Mahu2021 (big blind) showed [3c 3d] and lost with a pair of Threes
Seat 4: luizcknc folded before Flop (didn't bet)
Seat 5: minusche folded before Flop (didn't bet)
Seat 6: bartez29 folded before Flop (didn't bet)



PokerStars Zoom Hand #254074218854:  Hold'em No Limit ($0.05/$0.10) - 2024/12/28 20:50:28 CET [2024/12/28 14:50:28 ET]
Table 'Aludra' 6-max Seat #1 is the button
Seat 1: Bornin10 ($15.69 in chips) 
Seat 2: cz83 ($10 in chips) 
Seat 3: craigbissett ($11.78 in chips) 
Seat 4: roo198 ($10 in chips) 
Seat 5: Mahu2021 ($11.96 in chips) 
Seat 6: hopezACE ($15.48 in chips) 
cz83: posts small blind $0.05
craigbissett: posts big blind $0.10
*** HOLE CARDS ***
Dealt to Mahu2021 [2c 2h]
roo198: raises $0.20 to $0.30
Mahu2021: folds 
hopezACE: folds 
Bornin10: folds 
cz83: folds 
craigbissett: calls $0.20
*** FLOP *** [Ac 4h Qc]
craigbissett: checks 
roo198: bets $0.31
craigbissett: calls $0.31
*** TURN *** [Ac 4h Qc] [8d]
craigbissett: checks 
roo198: bets $0.71
craigbissett: folds 
Uncalled bet ($0.71) returned to roo198
roo198 collected $1.21 from pot
roo198: doesn't show hand 
*** SUMMARY ***
Total pot $1.27 | Rake $0.06 
Board [Ac 4h Qc 8d]
Seat 1: Bornin10 (button) folded before Flop (didn't bet)
Seat 2: cz83 (small blind) folded before Flop
Seat 3: craigbissett (big blind) folded on the Turn
Seat 4: roo198 collected ($1.21)
Seat 5: Mahu2021 folded before Flop (didn't bet)
Seat 6: hopezACE folded before Flop (didn't bet)



PokerStars Zoom Hand #254074234305:  Hold'em No Limit ($0.05/$0.10) - 2024/12/28 20:51:15 CET [2024/12/28 14:51:15 ET]
Table 'Aludra' 6-max Seat #1 is the button
Seat 1: Wezzer I ($13.20 in chips) 
Seat 2: Thesheep69 ($10.44 in chips) 
Seat 3: Magic Nic ($9.33 in chips) 
Seat 4: Boymack05 ($16.53 in chips) 
Seat 5: Mahu2021 ($11.73 in chips) 
Seat 6: cz83 ($10 in chips) 
Thesheep69: posts small blind $0.05
Magic Nic: posts big blind $0.10
*** HOLE CARDS ***
Dealt to Mahu2021 [Jh 6h]
Boymack05: folds 
Mahu2021: folds 
cz83: folds 
Wezzer I: folds 
Thesheep69: folds 
Uncalled bet ($0.05) returned to Magic Nic
Magic Nic collected $0.10 from pot
Magic Nic: doesn't show hand 
*** SUMMARY ***
Total pot $0.10 | Rake $0 
Seat 1: Wezzer I (button) folded before Flop (didn't bet)
Seat 2: Thesheep69 (small blind) folded before Flop
Seat 3: Magic Nic (big blind) collected ($0.10)
Seat 4: Boymack05 folded before Flop (didn't bet)
Seat 5: Mahu2021 folded before Flop (didn't bet)
Seat 6: cz83 folded before Flop (didn't bet)



PokerStars Zoom Hand #254074236235:  Hold'em No Limit ($0.05/$0.10) - 2024/12/28 20:51:21 CET [2024/12/28 14:51:21 ET]
Table 'Aludra' 6-max Seat #1 is the button
Seat 1: kudria6ka ($6.49 in chips) 
Seat 2: Mahu2021 ($11.73 in chips) 
Seat 3: luizcknc ($10.75 in chips) 
Seat 4: Dbentleyy ($27.40 in chips) 
Seat 5: Thesheep69 ($10.39 in chips) 
Seat 6: Bilo0702 ($5 in chips) 
Mahu2021: posts small blind $0.05
luizcknc: posts big blind $0.10
*** HOLE CARDS ***
Dealt to Mahu2021 [2h Td]
Dbentleyy: folds 
Thesheep69: folds 
Bilo0702: raises $0.20 to $0.30
kudria6ka: folds 
Mahu2021: folds 
luizcknc: folds 
Uncalled bet ($0.20) returned to Bilo0702
Bilo0702 collected $0.25 from pot
Bilo0702: doesn't show hand 
*** SUMMARY ***
Total pot $0.25 | Rake $0 
Seat 1: kudria6ka (button) folded before Flop (didn't bet)
Seat 2: Mahu2021 (small blind) folded before Flop
Seat 3: luizcknc (big blind) folded before Flop
Seat 4: Dbentleyy folded before Flop (didn't bet)
Seat 5: Thesheep69 folded before Flop (didn't bet)
Seat 6: Bilo0702 collected ($0.25)



PokerStars Zoom Hand #254074238202:  Hold'em No Limit ($0.05/$0.10) - 2024/12/28 20:51:27 CET [2024/12/28 14:51:27 ET]
Table 'Aludra' 6-max Seat #1 is the button
Seat 1: Mahu2021 ($11.68 in chips) 
Seat 2: Eula ($9.01 in chips) 
Seat 3: Luffy V ($13.08 in chips) 
Seat 4: seatrout37 ($9.25 in chips) 
Seat 5: Bornin10 ($22.15 in chips) 
Seat 6: argyenfant ($11.50 in chips) 
Eula: posts small blind $0.05
Luffy V: posts big blind $0.10
*** HOLE CARDS ***
Dealt to Mahu2021 [4h Ts]
seatrout37: folds 
Bornin10: folds 
argyenfant: folds 
Mahu2021: folds 
Eula: raises $0.20 to $0.30
Luffy V: calls $0.20
*** FLOP *** [5c 4c Jc]
Eula: bets $0.29
Luffy V: folds 
Uncalled bet ($0.29) returned to Eula
Eula collected $0.57 from pot
Eula: doesn't show hand 
*** SUMMARY ***
Total pot $0.60 | Rake $0.03 
Board [5c 4c Jc]
Seat 1: Mahu2021 (button) folded before Flop (didn't bet)
Seat 2: Eula (small blind) collected ($0.57)
Seat 3: Luffy V (big blind) folded on the Flop
Seat 4: seatrout37 folded before Flop (didn't bet)
Seat 5: Bornin10 folded before Flop (didn't bet)
Seat 6: argyenfant folded before Flop (didn't bet)



PokerStars Zoom Hand #254074239894:  Hold'em No Limit ($0.05/$0.10) - 2024/12/28 20:51:32 CET [2024/12/28 14:51:32 ET]
Table 'Aludra' 6-max Seat #1 is the button
Seat 1: chrisb2605 ($21.26 in chips) 
Seat 2: lEternamente ($15.94 in chips) 
Seat 3: cz83 ($10 in chips) 
Seat 4: seatrout37 ($9.25 in chips) 
Seat 5: Mahu2021 ($11.68 in chips) 
Seat 6: smilsoo ($15.54 in chips) 
lEternamente: posts small blind $0.05
cz83: posts big blind $0.10
*** HOLE CARDS ***
Dealt to Mahu2021 [Ks 5h]
seatrout37: calls $0.10
Mahu2021: folds 
smilsoo: folds 
chrisb2605: folds 
lEternamente: folds 
cz83: checks 
*** FLOP *** [2h 4s Ac]
cz83: checks 
seatrout37: bets $0.10
cz83: folds 
Uncalled bet ($0.10) returned to seatrout37
seatrout37 collected $0.24 from pot
seatrout37: doesn't show hand 
*** SUMMARY ***
Total pot $0.25 | Rake $0.01 
Board [2h 4s Ac]
Seat 1: chrisb2605 (button) folded before Flop (didn't bet)
Seat 2: lEternamente (small blind) folded before Flop
Seat 3: cz83 (big blind) folded on the Flop
Seat 4: seatrout37 collected ($0.24)
Seat 5: Mahu2021 folded before Flop (didn't bet)
Seat 6: smilsoo folded before Flop (didn't bet)



PokerStars Zoom Hand #254074244190:  Hold'em No Limit ($0.05/$0.10) - 2024/12/28 20:51:45 CET [2024/12/28 14:51:45 ET]
Table 'Aludra' 6-max Seat #1 is the button
Seat 1: Zugzwand ($10 in chips) 
Seat 2: GKallai ($24.25 in chips) 
Seat 3: pokking876 ($30.12 in chips) 
Seat 4: Mahu2021 ($11.68 in chips) 
Seat 5: Lentwood ($5.61 in chips) 
Seat 6: hankapry ($9.75 in chips) 
GKallai: posts small blind $0.05
pokking876: posts big blind $0.10
*** HOLE CARDS ***
Dealt to Mahu2021 [2d 3h]
Mahu2021: folds 
Lentwood: folds 
hankapry: raises $0.14 to $0.24
Zugzwand: folds 
GKallai: folds 
pokking876: folds 
Uncalled bet ($0.14) returned to hankapry
hankapry collected $0.25 from pot
hankapry: doesn't show hand 
*** SUMMARY ***
Total pot $0.25 | Rake $0 
Seat 1: Zugzwand (button) folded before Flop (didn't bet)
Seat 2: GKallai (small blind) folded before Flop
Seat 3: pokking876 (big blind) folded before Flop
Seat 4: Mahu2021 folded before Flop (didn't bet)
Seat 5: Lentwood folded before Flop (didn't bet)
Seat 6: hankapry collected ($0.25)



PokerStars Zoom Hand #254074248804:  Hold'em No Limit ($0.05/$0.10) - 2024/12/28 20:51:59 CET [2024/12/28 14:51:59 ET]
Table 'Aludra' 6-max Seat #1 is the button
Seat 1: Mahu2021 ($11.58 in chips) 
Seat 2: Boymack05 ($16.53 in chips) 
Seat 3: fl0w1992 ($12.04 in chips) 
Seat 4: Pvt_Joker41 ($9.33 in chips) 
Seat 5: roo198 ($10.70 in chips) 
Seat 6: bartez29 ($10 in chips) 
Boymack05: posts small blind $0.05
fl0w1992: posts big blind $0.10
*** HOLE CARDS ***
Dealt to Mahu2021 [4s Qs]
Pvt_Joker41: raises $0.10 to $0.20
roo198: folds 
bartez29: folds 
Mahu2021: calls $0.20
Boymack05: folds 
fl0w1992: folds 
*** FLOP *** [Jd Th 6c]
Pvt_Joker41: bets $0.10
Mahu2021: folds 
Uncalled bet ($0.10) returned to Pvt_Joker41
Pvt_Joker41 collected $0.53 from pot
Pvt_Joker41: doesn't show hand 
*** SUMMARY ***
Total pot $0.55 | Rake $0.02 
Board [Jd Th 6c]
Seat 1: Mahu2021 (button) folded on the Flop
Seat 2: Boymack05 (small blind) folded before Flop
Seat 3: fl0w1992 (big blind) folded before Flop
Seat 4: Pvt_Joker41 collected ($0.53)
Seat 5: roo198 folded before Flop (didn't bet)
Seat 6: bartez29 folded before Flop (didn't bet)



PokerStars Zoom Hand #254074242612:  Hold'em No Limit ($0.05/$0.10) - 2024/12/28 20:51:40 CET [2024/12/28 14:51:40 ET]
Table 'Aludra' 6-max Seat #1 is the button
Seat 1: tibockrmn ($13.74 in chips) 
Seat 2: kings_first ($11.16 in chips) 
Seat 3: aimless0 ($19.91 in chips) 
Seat 4: pokking876 ($30.12 in chips) 
Seat 5: chrisb2605 ($21.21 in chips) 
Seat 6: Mahu2021 ($11.68 in chips) 
kings_first: posts small blind $0.05
aimless0: posts big blind $0.10
*** HOLE CARDS ***
Dealt to Mahu2021 [4s 3d]
pokking876: folds 
chrisb2605: folds 
Mahu2021: folds 
tibockrmn: folds 
kings_first: calls $0.05
aimless0: checks 
*** FLOP *** [9s Tc As]
kings_first: bets $0.20
aimless0: calls $0.20
*** TURN *** [9s Tc As] [2c]
kings_first: checks 
aimless0: checks 
*** RIVER *** [9s Tc As 2c] [6c]
kings_first: checks 
aimless0: bets $0.19
kings_first: folds 
Uncalled bet ($0.19) returned to aimless0
aimless0 collected $0.57 from pot
aimless0: doesn't show hand 
*** SUMMARY ***
Total pot $0.60 | Rake $0.03 
Board [9s Tc As 2c 6c]
Seat 1: tibockrmn (button) folded before Flop (didn't bet)
Seat 2: kings_first (small blind) folded on the River
Seat 3: aimless0 (big blind) collected ($0.57)
Seat 4: pokking876 folded before Flop (didn't bet)
Seat 5: chrisb2605 folded before Flop (didn't bet)
Seat 6: Mahu2021 folded before Flop (didn't bet)



PokerStars Zoom Hand #254074245456:  Hold'em No Limit ($0.05/$0.10) - 2024/12/28 20:51:49 CET [2024/12/28 14:51:49 ET]
Table 'Aludra' 6-max Seat #1 is the button
Seat 1: Wezzer I ($13.05 in chips) 
Seat 2: milchengel ($9.68 in chips) 
Seat 3: Mahu2021 ($11.68 in chips) 
Seat 4: pokking876 ($8.29 in chips) 
Seat 5: elvis_genius ($49.79 in chips) 
Seat 6: luizcknc ($16.54 in chips) 
milchengel: posts small blind $0.05
Mahu2021: posts big blind $0.10
*** HOLE CARDS ***
Dealt to Mahu2021 [8c Kh]
pokking876: raises $0.10 to $0.20
elvis_genius: calls $0.20
luizcknc: folds 
Wezzer I: raises $0.75 to $0.95
milchengel: folds 
Mahu2021: folds 
pokking876: folds 
elvis_genius: calls $0.75
*** FLOP *** [Ac Kc Td]
elvis_genius: checks 
Wezzer I: checks 
*** TURN *** [Ac Kc Td] [2s]
elvis_genius: bets $0.71
Wezzer I: folds 
Uncalled bet ($0.71) returned to elvis_genius
elvis_genius collected $2.15 from pot
elvis_genius: doesn't show hand 
*** SUMMARY ***
Total pot $2.25 | Rake $0.10 
Board [Ac Kc Td 2s]
Seat 1: Wezzer I (button) folded on the Turn
Seat 2: milchengel (small blind) folded before Flop
Seat 3: Mahu2021 (big blind) folded before Flop
Seat 4: pokking876 folded before Flop
Seat 5: elvis_genius collected ($2.15)
Seat 6: luizcknc folded before Flop (didn't bet)



PokerStars Zoom Hand #254074256351:  Hold'em No Limit ($0.05/$0.10) - 2024/12/28 20:52:22 CET [2024/12/28 14:52:22 ET]
Table 'Aludra' 6-max Seat #1 is the button
Seat 1: Ísaak44 ($54.38 in chips) 
Seat 2: Mahu2021 ($11.38 in chips) 
Seat 3: WolcharaAP ($2.81 in chips) 
Seat 4: xarmanis98 ($13.48 in chips) 
Seat 5: DJC1922 ($4.39 in chips) 
Seat 6: Bornin10 ($23.11 in chips) 
Mahu2021: posts small blind $0.05
WolcharaAP: posts big blind $0.10
*** HOLE CARDS ***
Dealt to Mahu2021 [2d 2s]
xarmanis98: raises $0.20 to $0.30
DJC1922: folds 
Bornin10: folds 
Ísaak44: folds 
Mahu2021: folds 
WolcharaAP: folds 
Uncalled bet ($0.20) returned to xarmanis98
xarmanis98 collected $0.25 from pot
xarmanis98: doesn't show hand 
*** SUMMARY ***
Total pot $0.25 | Rake $0 
Seat 1: Ísaak44 (button) folded before Flop (didn't bet)
Seat 2: Mahu2021 (small blind) folded before Flop
Seat 3: WolcharaAP (big blind) folded before Flop
Seat 4: xarmanis98 collected ($0.25)
Seat 5: DJC1922 folded before Flop (didn't bet)
Seat 6: Bornin10 folded before Flop (didn't bet)



PokerStars Zoom Hand #254074254416:  Hold'em No Limit ($0.05/$0.10) - 2024/12/28 20:52:16 CET [2024/12/28 14:52:16 ET]
Table 'Aludra' 6-max Seat #1 is the button
Seat 1: DJC1922 ($4.39 in chips) 
Seat 2: elvis_genius ($25.89 in chips) 
Seat 3: craigbissett ($14.06 in chips) 
Seat 4: Magic Nic ($9.13 in chips) 
Seat 5: Mahu2021 ($11.38 in chips) 
Seat 6: Pvt_Joker41 ($9.66 in chips) 
elvis_genius: posts small blind $0.05
craigbissett: posts big blind $0.10
*** HOLE CARDS ***
Dealt to Mahu2021 [5c Jd]
Magic Nic: folds 
Mahu2021: folds 
Pvt_Joker41: raises $0.10 to $0.20
DJC1922: folds 
elvis_genius: folds 
craigbissett: calls $0.10
*** FLOP *** [7s Js 4s]
craigbissett: checks 
Pvt_Joker41: checks 
*** TURN *** [7s Js 4s] [8d]
craigbissett: bets $0.14
Pvt_Joker41: calls $0.14
*** RIVER *** [7s Js 4s 8d] [6d]
craigbissett: bets $0.53
Pvt_Joker41: calls $0.53
*** SHOW DOWN ***
craigbissett: shows [Qh Jh] (a pair of Jacks)
Pvt_Joker41: mucks hand 
craigbissett collected $1.71 from pot
*** SUMMARY ***
Total pot $1.79 | Rake $0.08 
Board [7s Js 4s 8d 6d]
Seat 1: DJC1922 (button) folded before Flop (didn't bet)
Seat 2: elvis_genius (small blind) folded before Flop
Seat 3: craigbissett (big blind) showed [Qh Jh] and won ($1.71) with a pair of Jacks
Seat 4: Magic Nic folded before Flop (didn't bet)
Seat 5: Mahu2021 folded before Flop (didn't bet)
Seat 6: Pvt_Joker41 mucked [Qd Ad]



PokerStars Zoom Hand #254074260602:  Hold'em No Limit ($0.05/$0.10) - 2024/12/28 20:52:35 CET [2024/12/28 14:52:35 ET]
Table 'Aludra' 6-max Seat #1 is the button
Seat 1: sirnimax ($28.72 in chips) 
Seat 2: Dimon_55_77 ($17.53 in chips) 
Seat 3: stormers73 ($10.20 in chips) 
Seat 4: Bilo0702 ($4.50 in chips) 
Seat 5: Zugzwand ($11.09 in chips) 
Seat 6: Mahu2021 ($11.33 in chips) 
Dimon_55_77: posts small blind $0.05
stormers73: posts big blind $0.10
*** HOLE CARDS ***
Dealt to Mahu2021 [Ah 2h]
Bilo0702: raises $0.10 to $0.20
Zugzwand: folds 
Mahu2021: calls $0.20
sirnimax: calls $0.20
Dimon_55_77: folds 
stormers73: raises $0.85 to $1.05
Bilo0702: folds 
Mahu2021: folds 
sirnimax: calls $0.85
*** FLOP *** [Ts 8s 9c]
stormers73: bets $1.22
sirnimax: folds 
Uncalled bet ($1.22) returned to stormers73
stormers73 collected $2.44 from pot
stormers73: doesn't show hand 
*** SUMMARY ***
Total pot $2.55 | Rake $0.11 
Board [Ts 8s 9c]
Seat 1: sirnimax (button) folded on the Flop
Seat 2: Dimon_55_77 (small blind) folded before Flop
Seat 3: stormers73 (big blind) collected ($2.44)
Seat 4: Bilo0702 folded before Flop
Seat 5: Zugzwand folded before Flop (didn't bet)
Seat 6: Mahu2021 folded before Flop



PokerStars Zoom Hand #254074274761:  Hold'em No Limit ($0.05/$0.10) - 2024/12/28 20:53:18 CET [2024/12/28 14:53:18 ET]
Table 'Aludra' 6-max Seat #1 is the button
Seat 1: Luffy V ($10.58 in chips) 
Seat 2: pokking876 ($17.77 in chips) 
Seat 3: gelik32 ($10 in chips) 
Seat 4: okzam95 ($13.02 in chips) 
Seat 5: Mahu2021 ($11.13 in chips) 
Seat 6: SkunkBoy77 ($29.93 in chips) 
pokking876: posts small blind $0.05
gelik32: posts big blind $0.10
*** HOLE CARDS ***
Dealt to Mahu2021 [Ac 9s]
okzam95: folds 
Mahu2021: raises $0.20 to $0.30
SkunkBoy77: raises $0.70 to $1
Luffy V: folds 
pokking876: folds 
gelik32: folds 
Mahu2021: folds 
Uncalled bet ($0.70) returned to SkunkBoy77
SkunkBoy77 collected $0.75 from pot
SkunkBoy77: doesn't show hand 
*** SUMMARY ***
Total pot $0.75 | Rake $0 
Seat 1: Luffy V (button) folded before Flop (didn't bet)
Seat 2: pokking876 (small blind) folded before Flop
Seat 3: gelik32 (big blind) folded before Flop
Seat 4: okzam95 folded before Flop (didn't bet)
Seat 5: Mahu2021 folded before Flop
Seat 6: SkunkBoy77 collected ($0.75)



PokerStars Zoom Hand #254074284364:  Hold'em No Limit ($0.05/$0.10) - 2024/12/28 20:53:47 CET [2024/12/28 14:53:47 ET]
Table 'Aludra' 6-max Seat #1 is the button
Seat 1: bartez29 ($18.54 in chips) 
Seat 2: GKallai ($21.68 in chips) 
Seat 3: essa143 ($22.73 in chips) 
Seat 4: Mahu2021 ($10.68 in chips) 
Seat 5: doccian ($38.92 in chips) 
Seat 6: MrP1nk112 ($7.98 in chips) 
GKallai: posts small blind $0.05
essa143: posts big blind $0.10
*** HOLE CARDS ***
Dealt to Mahu2021 [2d 7d]
Mahu2021: folds 
doccian: folds 
MrP1nk112: folds 
bartez29: folds 
GKallai: raises $0.20 to $0.30
essa143: folds 
Uncalled bet ($0.20) returned to GKallai
GKallai collected $0.20 from pot
GKallai: doesn't show hand 
*** SUMMARY ***
Total pot $0.20 | Rake $0 
Seat 1: bartez29 (button) folded before Flop (didn't bet)
Seat 2: GKallai (small blind) collected ($0.20)
Seat 3: essa143 (big blind) folded before Flop
Seat 4: Mahu2021 folded before Flop (didn't bet)
Seat 5: doccian folded before Flop (didn't bet)
Seat 6: MrP1nk112 folded before Flop (didn't bet)



PokerStars Zoom Hand #254074283255:  Hold'em No Limit ($0.05/$0.10) - 2024/12/28 20:53:44 CET [2024/12/28 14:53:44 ET]
Table 'Aludra' 6-max Seat #1 is the button
Seat 1: cz83 ($10 in chips) 
Seat 2: Mahu2021 ($10.73 in chips) 
Seat 3: roo198 ($12.04 in chips) 
Seat 4: craigbissett ($10 in chips) 
Seat 5: Bbuzanski ($56.96 in chips) 
Seat 6: Thesheep69 ($10.62 in chips) 
Mahu2021: posts small blind $0.05
roo198: posts big blind $0.10
*** HOLE CARDS ***
Dealt to Mahu2021 [5c Ts]
craigbissett has timed out
craigbissett: folds 
Bbuzanski: folds 
Thesheep69: folds 
cz83: raises $0.15 to $0.25
Mahu2021: folds 
roo198: folds 
Uncalled bet ($0.15) returned to cz83
cz83 collected $0.25 from pot
cz83: doesn't show hand 
*** SUMMARY ***
Total pot $0.25 | Rake $0 
Seat 1: cz83 (button) collected ($0.25)
Seat 2: Mahu2021 (small blind) folded before Flop
Seat 3: roo198 (big blind) folded before Flop
Seat 4: craigbissett folded before Flop (didn't bet)
Seat 5: Bbuzanski folded before Flop (didn't bet)
Seat 6: Thesheep69 folded before Flop (didn't bet)



PokerStars Zoom Hand #254074287279:  Hold'em No Limit ($0.05/$0.10) - 2024/12/28 20:53:56 CET [2024/12/28 14:53:56 ET]
Table 'Aludra' 6-max Seat #1 is the button
Seat 1: Mahu2021 ($10.63 in chips) 
Seat 2: Luffy V ($13.27 in chips) 
Seat 3: Pvt_Joker41 ($8.42 in chips) 
Seat 4: hiding.by ($10.60 in chips) 
Seat 5: MrP1nk112 ($10 in chips) 
Seat 6: essa143 ($15.53 in chips) 
Luffy V: posts small blind $0.05
Pvt_Joker41: posts big blind $0.10
*** HOLE CARDS ***
Dealt to Mahu2021 [4d Jd]
hiding.by: raises $0.20 to $0.30
MrP1nk112: folds 
essa143: raises $0.60 to $0.90
Mahu2021: folds 
Luffy V: folds 
Pvt_Joker41: folds 
hiding.by: folds 
Uncalled bet ($0.60) returned to essa143
essa143 collected $0.75 from pot
essa143: doesn't show hand 
*** SUMMARY ***
Total pot $0.75 | Rake $0 
Seat 1: Mahu2021 (button) folded before Flop (didn't bet)
Seat 2: Luffy V (small blind) folded before Flop
Seat 3: Pvt_Joker41 (big blind) folded before Flop
Seat 4: hiding.by folded before Flop
Seat 5: MrP1nk112 folded before Flop (didn't bet)
Seat 6: essa143 collected ($0.75)



PokerStars Zoom Hand #254074285476:  Hold'em No Limit ($0.05/$0.10) - 2024/12/28 20:53:51 CET [2024/12/28 14:53:51 ET]
Table 'Aludra' 6-max Seat #1 is the button
Seat 1: Jhanr ($11.77 in chips) 
Seat 2: Mahu2021 ($10.68 in chips) 
Seat 3: NyanRetired ($10.15 in chips) 
Seat 4: Wezzer I ($12.10 in chips) 
Seat 5: founder9 ($7.91 in chips) 
Seat 6: Karina2707 ($19.15 in chips) 
Mahu2021: posts small blind $0.05
NyanRetired: posts big blind $0.10
*** HOLE CARDS ***
Dealt to Mahu2021 [3d 7c]
Wezzer I: folds 
founder9: folds 
Karina2707: folds 
Jhanr: raises $0.13 to $0.23
Mahu2021: folds 
NyanRetired: folds 
Uncalled bet ($0.13) returned to Jhanr
Jhanr collected $0.25 from pot
Jhanr: doesn't show hand 
*** SUMMARY ***
Total pot $0.25 | Rake $0 
Seat 1: Jhanr (button) collected ($0.25)
Seat 2: Mahu2021 (small blind) folded before Flop
Seat 3: NyanRetired (big blind) folded before Flop
Seat 4: Wezzer I folded before Flop (didn't bet)
Seat 5: founder9 folded before Flop (didn't bet)
Seat 6: Karina2707 folded before Flop (didn't bet)



PokerStars Zoom Hand #254074281078:  Hold'em No Limit ($0.05/$0.10) - 2024/12/28 20:53:37 CET [2024/12/28 14:53:37 ET]
Table 'Aludra' 6-max Seat #1 is the button
Seat 1: GKallai ($8.43 in chips) 
Seat 2: Sijith78 ($6.37 in chips) 
Seat 3: Mahu2021 ($10.83 in chips) 
Seat 4: digones88 ($10 in chips) 
Seat 5: Bornin10 ($12.93 in chips) 
Seat 6: lEternamente ($15.97 in chips) 
Sijith78: posts small blind $0.05
Mahu2021: posts big blind $0.10
*** HOLE CARDS ***
Dealt to Mahu2021 [2h 5d]
digones88: folds 
Bornin10: raises $0.10 to $0.20
lEternamente: folds 
GKallai: folds 
Sijith78: calls $0.15
Mahu2021: folds 
*** FLOP *** [3d 6h 4c]
Sijith78: checks 
Bornin10: bets $0.13
Sijith78: calls $0.13
*** TURN *** [3d 6h 4c] [Jd]
Sijith78: bets $0.37
Bornin10: calls $0.37
*** RIVER *** [3d 6h 4c Jd] [Jc]
Sijith78: checks 
Bornin10: checks 
*** SHOW DOWN ***
Sijith78: shows [Ah 2s] (a pair of Jacks)
Bornin10: shows [Ac Kc] (a pair of Jacks - Ace+King kicker)
Bornin10 collected $1.43 from pot
*** SUMMARY ***
Total pot $1.50 | Rake $0.07 
Board [3d 6h 4c Jd Jc]
Seat 1: GKallai (button) folded before Flop (didn't bet)
Seat 2: Sijith78 (small blind) showed [Ah 2s] and lost with a pair of Jacks
Seat 3: Mahu2021 (big blind) folded before Flop
Seat 4: digones88 folded before Flop (didn't bet)
Seat 5: Bornin10 showed [Ac Kc] and won ($1.43) with a pair of Jacks
Seat 6: lEternamente folded before Flop (didn't bet)



PokerStars Zoom Hand #254074267258:  Hold'em No Limit ($0.05/$0.10) - 2024/12/28 20:52:55 CET [2024/12/28 14:52:55 ET]
Table 'Aludra' 6-max Seat #1 is the button
Seat 1: Dbentleyy ($30.77 in chips) 
Seat 2: szabarna ($10 in chips) 
Seat 3: luizcknc ($10.30 in chips) 
Seat 4: Mahu2021 ($11.13 in chips) 
Seat 5: aimless0 ($20.53 in chips) 
Seat 6: Thesheep69 ($10.70 in chips) 
szabarna: posts small blind $0.05
luizcknc: posts big blind $0.10
*** HOLE CARDS ***
Dealt to Mahu2021 [2c 4d]
Mahu2021 has timed out
Mahu2021: folds 
aimless0: folds 
Thesheep69: folds 
Dbentleyy: raises $0.12 to $0.22
szabarna: folds 
luizcknc: calls $0.12
*** FLOP *** [8d 4c 6d]
luizcknc: checks 
Dbentleyy: bets $0.24
luizcknc has timed out
luizcknc: folds 
Uncalled bet ($0.24) returned to Dbentleyy
Dbentleyy collected $0.47 from pot
Dbentleyy: doesn't show hand 
*** SUMMARY ***
Total pot $0.49 | Rake $0.02 
Board [8d 4c 6d]
Seat 1: Dbentleyy (button) collected ($0.47)
Seat 2: szabarna (small blind) folded before Flop
Seat 3: luizcknc (big blind) folded on the Flop
Seat 4: Mahu2021 folded before Flop (didn't bet)
Seat 5: aimless0 folded before Flop (didn't bet)
Seat 6: Thesheep69 folded before Flop (didn't bet)



PokerStars Zoom Hand #254074290224:  Hold'em No Limit ($0.05/$0.10) - 2024/12/28 20:54:05 CET [2024/12/28 14:54:05 ET]
Table 'Aludra' 6-max Seat #1 is the button
Seat 1: Guilhermekk7 ($8.99 in chips) 
Seat 2: Nork756 ($11.81 in chips) 
Seat 3: Mahu2021 ($10.63 in chips) 
Seat 4: jimbannon474 ($6.97 in chips) 
Seat 5: Poklrll02 ($17.81 in chips) 
Seat 6: NyanRetired ($39.09 in chips) 
Nork756: posts small blind $0.05
Mahu2021: posts big blind $0.10
*** HOLE CARDS ***
Dealt to Mahu2021 [Qd Td]
jimbannon474: folds 
Poklrll02: folds 
NyanRetired: raises $0.15 to $0.25
Guilhermekk7: calls $0.25
Nork756: folds 
Mahu2021: calls $0.15
*** FLOP *** [2h 2d 5h]
Mahu2021: checks 
NyanRetired: bets $0.25
Guilhermekk7: calls $0.25
Mahu2021: calls $0.25
*** TURN *** [2h 2d 5h] [7s]
Mahu2021: checks 
NyanRetired: checks 
Guilhermekk7: checks 
*** RIVER *** [2h 2d 5h 7s] [5c]
Mahu2021: checks 
NyanRetired: checks 
Guilhermekk7: checks 
*** SHOW DOWN ***
Mahu2021: shows [Qd Td] (two pair, Fives and Deuces)
NyanRetired: shows [Ts Ah] (two pair, Fives and Deuces - Ace kicker)
Guilhermekk7: shows [Ks Ac] (two pair, Fives and Deuces)
NyanRetired collected $0.74 from pot
Guilhermekk7 collected $0.74 from pot
*** SUMMARY ***
Total pot $1.55 | Rake $0.07 
Board [2h 2d 5h 7s 5c]
Seat 1: Guilhermekk7 (button) showed [Ks Ac] and won ($0.74) with two pair, Fives and Deuces
Seat 2: Nork756 (small blind) folded before Flop
Seat 3: Mahu2021 (big blind) showed [Qd Td] and lost with two pair, Fives and Deuces
Seat 4: jimbannon474 folded before Flop (didn't bet)
Seat 5: Poklrll02 folded before Flop (didn't bet)
Seat 6: NyanRetired showed [Ts Ah] and won ($0.74) with two pair, Fives and Deuces



PokerStars Zoom Hand #254074309203:  Hold'em No Limit ($0.05/$0.10) - 2024/12/28 20:55:04 CET [2024/12/28 14:55:04 ET]
Table 'Aludra' 6-max Seat #1 is the button
Seat 1: Mahu2021 ($10.13 in chips) 
Seat 2: Maxim_Otto13 ($10.50 in chips) 
Seat 3: dimasan08 ($4.29 in chips) 
Seat 4: gelik32 ($11.66 in chips) 
Seat 5: doccian ($38.87 in chips) 
Seat 6: Oli4&Jack ($10.72 in chips) 
Maxim_Otto13: posts small blind $0.05
dimasan08: posts big blind $0.10
*** HOLE CARDS ***
Dealt to Mahu2021 [6d 2h]
gelik32: folds 
doccian: folds 
Oli4&Jack: folds 
Mahu2021: folds 
Maxim_Otto13: raises $0.20 to $0.30
dimasan08: folds 
Uncalled bet ($0.20) returned to Maxim_Otto13
Maxim_Otto13 collected $0.20 from pot
Maxim_Otto13: doesn't show hand 
*** SUMMARY ***
Total pot $0.20 | Rake $0 
Seat 1: Mahu2021 (button) folded before Flop (didn't bet)
Seat 2: Maxim_Otto13 (small blind) collected ($0.20)
Seat 3: dimasan08 (big blind) folded before Flop
Seat 4: gelik32 folded before Flop (didn't bet)
Seat 5: doccian folded before Flop (didn't bet)
Seat 6: Oli4&Jack folded before Flop (didn't bet)



PokerStars Zoom Hand #254074311490:  Hold'em No Limit ($0.05/$0.10) - 2024/12/28 20:55:11 CET [2024/12/28 14:55:11 ET]
Table 'Aludra' 6-max Seat #1 is the button
Seat 1: Bornin10 ($13.56 in chips) 
Seat 2: digones88 ($10.15 in chips) 
Seat 3: luizcknc ($18.57 in chips) 
Seat 4: xNirvanaa ($22.82 in chips) 
Seat 5: Ísaak44 ($14.56 in chips) 
Seat 6: Mahu2021 ($10.13 in chips) 
digones88: posts small blind $0.05
luizcknc: posts big blind $0.10
*** HOLE CARDS ***
Dealt to Mahu2021 [2c Th]
xNirvanaa: folds 
Ísaak44: folds 
Mahu2021: folds 
Bornin10: folds 
digones88: folds 
Uncalled bet ($0.05) returned to luizcknc
luizcknc collected $0.10 from pot
luizcknc: doesn't show hand 
*** SUMMARY ***
Total pot $0.10 | Rake $0 
Seat 1: Bornin10 (button) folded before Flop (didn't bet)
Seat 2: digones88 (small blind) folded before Flop
Seat 3: luizcknc (big blind) collected ($0.10)
Seat 4: xNirvanaa folded before Flop (didn't bet)
Seat 5: Ísaak44 folded before Flop (didn't bet)
Seat 6: Mahu2021 folded before Flop (didn't bet)



PokerStars Zoom Hand #254074312360:  Hold'em No Limit ($0.05/$0.10) - 2024/12/28 20:55:15 CET [2024/12/28 14:55:15 ET]
Table 'Aludra' 6-max Seat #1 is the button
Seat 1: Mahu2021 ($10.13 in chips) 
Seat 2: Boymack05 ($10.21 in chips) 
Seat 3: jookai ($11.27 in chips) 
Seat 4: Dimon_55_77 ($12.91 in chips) 
Seat 5: Mitzabishy ($8.63 in chips) 
Seat 6: Luffy V ($10.05 in chips) 
Boymack05: posts small blind $0.05
jookai: posts big blind $0.10
*** HOLE CARDS ***
Dealt to Mahu2021 [Ad 5c]
Dimon_55_77: folds 
Mitzabishy: folds 
Luffy V: folds 
Mahu2021: raises $0.20 to $0.30
Boymack05: folds 
jookai: folds 
Uncalled bet ($0.20) returned to Mahu2021
Mahu2021 collected $0.25 from pot
Mahu2021: doesn't show hand 
*** SUMMARY ***
Total pot $0.25 | Rake $0 
Seat 1: Mahu2021 (button) collected ($0.25)
Seat 2: Boymack05 (small blind) folded before Flop
Seat 3: jookai (big blind) folded before Flop
Seat 4: Dimon_55_77 folded before Flop (didn't bet)
Seat 5: Mitzabishy folded before Flop (didn't bet)
Seat 6: Luffy V folded before Flop (didn't bet)



PokerStars Zoom Hand #254074316805:  Hold'em No Limit ($0.05/$0.10) - 2024/12/28 20:55:37 CET [2024/12/28 14:55:37 ET]
Table 'Aludra' 6-max Seat #1 is the button
Seat 1: bartez29 ($11.91 in chips) 
Seat 2: chevins ($12.55 in chips) 
Seat 3: Nork756 ($11.33 in chips) 
Seat 4: WolcharaAP ($8.29 in chips) 
Seat 5: Mahu2021 ($10.28 in chips) 
Seat 6: Bbuzanski ($57.13 in chips) 
chevins: posts small blind $0.05
Nork756: posts big blind $0.10
*** HOLE CARDS ***
Dealt to Mahu2021 [4d 2c]
WolcharaAP: folds 
Mahu2021: folds 
Bbuzanski: raises $0.15 to $0.25
bartez29: folds 
chevins: folds 
Nork756: folds 
Uncalled bet ($0.15) returned to Bbuzanski
Bbuzanski collected $0.25 from pot
Bbuzanski: doesn't show hand 
*** SUMMARY ***
Total pot $0.25 | Rake $0 
Seat 1: bartez29 (button) folded before Flop (didn't bet)
Seat 2: chevins (small blind) folded before Flop
Seat 3: Nork756 (big blind) folded before Flop
Seat 4: WolcharaAP folded before Flop (didn't bet)
Seat 5: Mahu2021 folded before Flop (didn't bet)
Seat 6: Bbuzanski collected ($0.25)



PokerStars Zoom Hand #254074315454:  Hold'em No Limit ($0.05/$0.10) - 2024/12/28 20:55:30 CET [2024/12/28 14:55:30 ET]
Table 'Aludra' 6-max Seat #1 is the button
Seat 1: HyperBete ($12.32 in chips) 
Seat 2: roo198 ($10.25 in chips) 
Seat 3: Theprof55 ($9.37 in chips) 
Seat 4: Karina2707 ($14.99 in chips) 
Seat 5: Mahu2021 ($10.28 in chips) 
Seat 6: Eula ($10 in chips) 
roo198: posts small blind $0.05
Theprof55: posts big blind $0.10
*** HOLE CARDS ***
Dealt to Mahu2021 [3d 8c]
Karina2707: raises $0.10 to $0.20
Mahu2021: folds 
Eula: calls $0.20
HyperBete: folds 
roo198: folds 
Theprof55: calls $0.10
*** FLOP *** [9h 6s 2h]
Theprof55: checks 
Karina2707: bets $0.62
Eula: folds 
Theprof55: folds 
Uncalled bet ($0.62) returned to Karina2707
Karina2707 collected $0.62 from pot
Karina2707: doesn't show hand 
*** SUMMARY ***
Total pot $0.65 | Rake $0.03 
Board [9h 6s 2h]
Seat 1: HyperBete (button) folded before Flop (didn't bet)
Seat 2: roo198 (small blind) folded before Flop
Seat 3: Theprof55 (big blind) folded on the Flop
Seat 4: Karina2707 collected ($0.62)
Seat 5: Mahu2021 folded before Flop (didn't bet)
Seat 6: Eula folded on the Flop



PokerStars Zoom Hand #254074318495:  Hold'em No Limit ($0.05/$0.10) - 2024/12/28 20:55:45 CET [2024/12/28 14:55:45 ET]
Table 'Aludra' 6-max Seat #1 is the button
Seat 1: SkunkBoy77 ($30.45 in chips) 
Seat 2: luizcknc ($18.39 in chips) 
Seat 3: Mahu2021 ($10.28 in chips) 
Seat 4: lucasdorre ($12.22 in chips) 
Seat 5: Poklrll02 ($19.88 in chips) 
Seat 6: roo198 ($10.20 in chips) 
luizcknc: posts small blind $0.05
Mahu2021: posts big blind $0.10
*** HOLE CARDS ***
Dealt to Mahu2021 [4s 6c]
lucasdorre: folds 
Poklrll02: folds 
roo198: folds 
SkunkBoy77: raises $0.15 to $0.25
luizcknc: folds 
Mahu2021: folds 
Uncalled bet ($0.15) returned to SkunkBoy77
SkunkBoy77 collected $0.25 from pot
SkunkBoy77: doesn't show hand 
*** SUMMARY ***
Total pot $0.25 | Rake $0 
Seat 1: SkunkBoy77 (button) collected ($0.25)
Seat 2: luizcknc (small blind) folded before Flop
Seat 3: Mahu2021 (big blind) folded before Flop
Seat 4: lucasdorre folded before Flop (didn't bet)
Seat 5: Poklrll02 folded before Flop (didn't bet)
Seat 6: roo198 folded before Flop (didn't bet)



PokerStars Zoom Hand #254074317288:  Hold'em No Limit ($0.05/$0.10) - 2024/12/28 20:55:39 CET [2024/12/28 14:55:39 ET]
Table 'Aludra' 6-max Seat #1 is the button
Seat 1: aalewee56 ($14.22 in chips) 
Seat 2: DiDi_84897 ($18.50 in chips) 
Seat 3: Poklrll02 ($19.98 in chips) 
Seat 4: Thesheep69 ($10 in chips) 
Seat 5: roo198 ($12.12 in chips) 
Seat 6: Mahu2021 ($10.28 in chips) 
DiDi_84897: posts small blind $0.05
Poklrll02: posts big blind $0.10
*** HOLE CARDS ***
Dealt to Mahu2021 [5d 6s]
Thesheep69: raises $0.10 to $0.20
roo198: folds 
Mahu2021: folds 
aalewee56: folds 
DiDi_84897: folds 
Poklrll02: folds 
Uncalled bet ($0.10) returned to Thesheep69
Thesheep69 collected $0.25 from pot
Thesheep69: doesn't show hand 
*** SUMMARY ***
Total pot $0.25 | Rake $0 
Seat 1: aalewee56 (button) folded before Flop (didn't bet)
Seat 2: DiDi_84897 (small blind) folded before Flop
Seat 3: Poklrll02 (big blind) folded before Flop
Seat 4: Thesheep69 collected ($0.25)
Seat 5: roo198 folded before Flop (didn't bet)
Seat 6: Mahu2021 folded before Flop (didn't bet)



PokerStars Zoom Hand #254074310403:  Hold'em No Limit ($0.05/$0.10) - 2024/12/28 20:55:07 CET [2024/12/28 14:55:07 ET]
Table 'Aludra' 6-max Seat #1 is the button
Seat 1: smilsoo ($14.83 in chips) 
Seat 2: GKallai ($21.17 in chips) 
Seat 3: founder9 ($7.05 in chips) 
Seat 4: luizcknc ($18.57 in chips) 
Seat 5: jookai ($16.99 in chips) 
Seat 6: Mahu2021 ($10.13 in chips) 
GKallai: posts small blind $0.05
founder9: posts big blind $0.10
*** HOLE CARDS ***
Dealt to Mahu2021 [2h Qc]
luizcknc: folds 
jookai: folds 
Mahu2021: folds 
smilsoo: raises $0.20 to $0.30
GKallai: calls $0.25
founder9: folds 
*** FLOP *** [9s 7d 7h]
GKallai: checks 
smilsoo: checks 
*** TURN *** [9s 7d 7h] [3d]
GKallai: checks 
smilsoo: checks 
*** RIVER *** [9s 7d 7h 3d] [Qd]
GKallai is disconnected 
GKallai has timed out while disconnected
GKallai: checks 
smilsoo: checks 
*** SHOW DOWN ***
GKallai: shows [5s 4s] (a pair of Sevens)
smilsoo: shows [6d 6h] (two pair, Sevens and Sixes)
smilsoo collected $0.67 from pot
*** SUMMARY ***
Total pot $0.70 | Rake $0.03 
Board [9s 7d 7h 3d Qd]
Seat 1: smilsoo (button) showed [6d 6h] and won ($0.67) with two pair, Sevens and Sixes
Seat 2: GKallai (small blind) showed [5s 4s] and lost with a pair of Sevens
Seat 3: founder9 (big blind) folded before Flop
Seat 4: luizcknc folded before Flop (didn't bet)
Seat 5: jookai folded before Flop (didn't bet)
Seat 6: Mahu2021 folded before Flop (didn't bet)



PokerStars Zoom Hand #254074320451:  Hold'em No Limit ($0.05/$0.10) - 2024/12/28 20:55:55 CET [2024/12/28 14:55:55 ET]
Table 'Aludra' 6-max Seat #1 is the button
Seat 1: Dimon_55_77 ($12.13 in chips) 
Seat 2: Mahu2021 ($10.18 in chips) 
Seat 3: JimPat95 ($4.62 in chips) 
Seat 4: Karina2707 ($21.38 in chips) 
Seat 5: bartez29 ($18.39 in chips) 
Seat 6: Oli4&Jack ($10.62 in chips) 
Mahu2021: posts small blind $0.05
JimPat95: posts big blind $0.10
*** HOLE CARDS ***
Dealt to Mahu2021 [Qs Ac]
Karina2707: folds 
bartez29: folds 
Oli4&Jack: calls $0.10
Dimon_55_77: folds 
Mahu2021: raises $0.40 to $0.50
JimPat95: folds 
Oli4&Jack: calls $0.40
*** FLOP *** [Th Kh Qh]
Mahu2021: checks 
Oli4&Jack: bets $0.63
Mahu2021: calls $0.63
*** TURN *** [Th Kh Qh] [9d]
Mahu2021: checks 
Oli4&Jack: checks 
*** RIVER *** [Th Kh Qh 9d] [Qc]
Mahu2021: bets $2.25
Oli4&Jack: calls $2.25
*** SHOW DOWN ***
Mahu2021: shows [Qs Ac] (three of a kind, Queens)
Oli4&Jack: shows [4h Ah] (a flush, Ace high)
Oli4&Jack collected $6.55 from pot
*** SUMMARY ***
Total pot $6.86 | Rake $0.31 
Board [Th Kh Qh 9d Qc]
Seat 1: Dimon_55_77 (button) folded before Flop (didn't bet)
Seat 2: Mahu2021 (small blind) showed [Qs Ac] and lost with three of a kind, Queens
Seat 3: JimPat95 (big blind) folded before Flop
Seat 4: Karina2707 folded before Flop (didn't bet)
Seat 5: bartez29 folded before Flop (didn't bet)
Seat 6: Oli4&Jack showed [4h Ah] and won ($6.55) with a flush, Ace high



PokerStars Zoom Hand #254074333765:  Hold'em No Limit ($0.05/$0.10) - 2024/12/28 20:56:59 CET [2024/12/28 14:56:59 ET]
Table 'Aludra' 6-max Seat #1 is the button
Seat 1: luizcknc ($12 in chips) 
Seat 2: Debith ($12.59 in chips) 
Seat 3: szabarna ($10 in chips) 
Seat 4: Mahu2021 ($6.80 in chips) 
Seat 5: founder9 ($6.55 in chips) 
Seat 6: NyanRetired ($10.54 in chips) 
Debith: posts small blind $0.05
szabarna: posts big blind $0.10
*** HOLE CARDS ***
Dealt to Mahu2021 [6d 5h]
Mahu2021: folds 
founder9: folds 
NyanRetired: folds 
luizcknc: raises $0.10 to $0.20
Debith: folds 
szabarna: folds 
Uncalled bet ($0.10) returned to luizcknc
luizcknc collected $0.25 from pot
luizcknc: doesn't show hand 
*** SUMMARY ***
Total pot $0.25 | Rake $0 
Seat 1: luizcknc (button) collected ($0.25)
Seat 2: Debith (small blind) folded before Flop
Seat 3: szabarna (big blind) folded before Flop
Seat 4: Mahu2021 folded before Flop (didn't bet)
Seat 5: founder9 folded before Flop (didn't bet)
Seat 6: NyanRetired folded before Flop (didn't bet)



PokerStars Zoom Hand #254074332716:  Hold'em No Limit ($0.05/$0.10) - 2024/12/28 20:56:54 CET [2024/12/28 14:56:54 ET]
Table 'Aludra' 6-max Seat #1 is the button
Seat 1: Poklrll02 ($18.03 in chips) 
Seat 2: Kustichka ($10.05 in chips) 
Seat 3: roo198 ($10 in chips) 
Seat 4: szabarna ($10 in chips) 
Seat 5: Mahu2021 ($6.80 in chips) 
Seat 6: bartovskii ($10.43 in chips) 
Kustichka: posts small blind $0.05
roo198: posts big blind $0.10
*** HOLE CARDS ***
Dealt to Mahu2021 [3h 8c]
szabarna: folds 
Mahu2021: folds 
bartovskii: folds 
Poklrll02: raises $0.15 to $0.25
Kustichka: raises $0.75 to $1
roo198: folds 
Poklrll02: folds 
Uncalled bet ($0.75) returned to Kustichka
Kustichka collected $0.60 from pot
Kustichka: doesn't show hand 
*** SUMMARY ***
Total pot $0.60 | Rake $0 
Seat 1: Poklrll02 (button) folded before Flop
Seat 2: Kustichka (small blind) collected ($0.60)
Seat 3: roo198 (big blind) folded before Flop
Seat 4: szabarna folded before Flop (didn't bet)
Seat 5: Mahu2021 folded before Flop (didn't bet)
Seat 6: bartovskii folded before Flop (didn't bet)



PokerStars Zoom Hand #254074334834:  Hold'em No Limit ($0.05/$0.10) - 2024/12/28 20:57:03 CET [2024/12/28 14:57:03 ET]
Table 'Aludra' 6-max Seat #1 is the button
Seat 1: cz83 ($12.72 in chips) 
Seat 2: xNirvanaa ($22.42 in chips) 
Seat 3: hankapry ($12.85 in chips) 
Seat 4: Mahu2021 ($6.80 in chips) 
Seat 5: Luffy V ($15 in chips) 
Seat 6: Thesheep69 ($11.34 in chips) 
xNirvanaa: posts small blind $0.05
hankapry: posts big blind $0.10
*** HOLE CARDS ***
Dealt to Mahu2021 [9d Td]
Mahu2021: raises $0.10 to $0.20
Luffy V: folds 
Thesheep69: raises $0.40 to $0.60
cz83: folds 
xNirvanaa: folds 
hankapry: folds 
Mahu2021: folds 
Uncalled bet ($0.40) returned to Thesheep69
Thesheep69 collected $0.55 from pot
Thesheep69: doesn't show hand 
*** SUMMARY ***
Total pot $0.55 | Rake $0 
Seat 1: cz83 (button) folded before Flop (didn't bet)
Seat 2: xNirvanaa (small blind) folded before Flop
Seat 3: hankapry (big blind) folded before Flop
Seat 4: Mahu2021 folded before Flop
Seat 5: Luffy V folded before Flop (didn't bet)
Seat 6: Thesheep69 collected ($0.55)



PokerStars Zoom Hand #254074337561:  Hold'em No Limit ($0.05/$0.10) - 2024/12/28 20:57:17 CET [2024/12/28 14:57:17 ET]
Table 'Aludra' 6-max Seat #1 is the button
Seat 1: Mahu2021 ($6.60 in chips) 
Seat 2: bartovskii ($10.33 in chips) 
Seat 3: mundurjon ($10 in chips) 
Seat 4: Ísaak44 ($15.43 in chips) 
Seat 5: bartez29 ($21.30 in chips) 
Seat 6: Nork756 ($11.76 in chips) 
bartovskii: posts small blind $0.05
mundurjon: posts big blind $0.10
*** HOLE CARDS ***
Dealt to Mahu2021 [Td 8d]
Ísaak44: raises $0.13 to $0.23
bartez29: folds 
Nork756: folds 
Mahu2021: calls $0.23
bartovskii: folds 
mundurjon: folds 
*** FLOP *** [As 8c Ad]
Ísaak44: checks 
Mahu2021: bets $0.58
Ísaak44: folds 
Uncalled bet ($0.58) returned to Mahu2021
Mahu2021 collected $0.58 from pot
Mahu2021: doesn't show hand 
*** SUMMARY ***
Total pot $0.61 | Rake $0.03 
Board [As 8c Ad]
Seat 1: Mahu2021 (button) collected ($0.58)
Seat 2: bartovskii (small blind) folded before Flop
Seat 3: mundurjon (big blind) folded before Flop
Seat 4: Ísaak44 folded on the Flop
Seat 5: bartez29 folded before Flop (didn't bet)
Seat 6: Nork756 folded before Flop (didn't bet)



PokerStars Zoom Hand #254074342341:  Hold'em No Limit ($0.05/$0.10) - 2024/12/28 20:57:40 CET [2024/12/28 14:57:40 ET]
Table 'Aludra' 6-max Seat #1 is the button
Seat 1: xNirvanaa ($22.37 in chips) 
Seat 2: rsrrenato ($9.90 in chips) 
Seat 3: Mahu2021 ($6.95 in chips) 
Seat 4: digones88 ($10 in chips) 
Seat 5: steklianniy ($9.78 in chips) 
Seat 6: tibixfuvar ($6.10 in chips) 
rsrrenato: posts small blind $0.05
Mahu2021: posts big blind $0.10
*** HOLE CARDS ***
Dealt to Mahu2021 [8c As]
digones88 has timed out
digones88: folds 
steklianniy: folds 
tibixfuvar: raises $0.10 to $0.20
xNirvanaa: folds 
rsrrenato: folds 
Mahu2021: calls $0.10
*** FLOP *** [Qd 2h 4d]
Mahu2021: checks 
tibixfuvar: checks 
*** TURN *** [Qd 2h 4d] [Ac]
Mahu2021: bets $0.43
tibixfuvar: calls $0.43
*** RIVER *** [Qd 2h 4d Ac] [5h]
Mahu2021: bets $1.25
tibixfuvar: folds 
Uncalled bet ($1.25) returned to Mahu2021
Mahu2021 collected $1.25 from pot
Mahu2021: doesn't show hand 
*** SUMMARY ***
Total pot $1.31 | Rake $0.06 
Board [Qd 2h 4d Ac 5h]
Seat 1: xNirvanaa (button) folded before Flop (didn't bet)
Seat 2: rsrrenato (small blind) folded before Flop
Seat 3: Mahu2021 (big blind) collected ($1.25)
Seat 4: digones88 folded before Flop (didn't bet)
Seat 5: steklianniy folded before Flop (didn't bet)
Seat 6: tibixfuvar folded on the River



PokerStars Zoom Hand #254074351803:  Hold'em No Limit ($0.05/$0.10) - 2024/12/28 20:58:24 CET [2024/12/28 14:58:24 ET]
Table 'Aludra' 6-max Seat #1 is the button
Seat 1: craigbissett ($16.47 in chips) 
Seat 2: Mahu2021 ($7.57 in chips) 
Seat 3: dress blue ($10 in chips) 
Seat 4: Bornin10 ($28.63 in chips) 
Seat 5: RYOX 325 ($10.62 in chips) 
Seat 6: wrklein ($9.22 in chips) 
Mahu2021: posts small blind $0.05
dress blue: posts big blind $0.10
*** HOLE CARDS ***
Dealt to Mahu2021 [9d Qh]
Bornin10: folds 
RYOX 325: folds 
wrklein: folds 
craigbissett: raises $0.15 to $0.25
Mahu2021: calls $0.20
dress blue: folds 
*** FLOP *** [3d 8h 6d]
Mahu2021: checks 
craigbissett: bets $0.19
Mahu2021: calls $0.19
*** TURN *** [3d 8h 6d] [9c]
Mahu2021: checks 
craigbissett: checks 
*** RIVER *** [3d 8h 6d 9c] [4d]
Mahu2021: bets $0.94
craigbissett: raises $2.02 to $2.96
Mahu2021: calls $2.02
*** SHOW DOWN ***
craigbissett: shows [8c 8d] (three of a kind, Eights)
Mahu2021: mucks hand 
craigbissett collected $6.59 from pot
*** SUMMARY ***
Total pot $6.90 | Rake $0.31 
Board [3d 8h 6d 9c 4d]
Seat 1: craigbissett (button) showed [8c 8d] and won ($6.59) with three of a kind, Eights
Seat 2: Mahu2021 (small blind) mucked [9d Qh]
Seat 3: dress blue (big blind) folded before Flop
Seat 4: Bornin10 folded before Flop (didn't bet)
Seat 5: RYOX 325 folded before Flop (didn't bet)
Seat 6: wrklein folded before Flop (didn't bet)



PokerStars Zoom Hand #254074360942:  Hold'em No Limit ($0.05/$0.10) - 2024/12/28 20:59:07 CET [2024/12/28 14:59:07 ET]
Table 'Aludra' 6-max Seat #1 is the button
Seat 1: Theprof55 ($9.24 in chips) 
Seat 2: pokking876 ($11.65 in chips) 
Seat 3: Ginneva ($10 in chips) 
Seat 4: hiding.by ($11.19 in chips) 
Seat 5: Thesheep69 ($10.96 in chips) 
Seat 6: Mahu2021 ($4.17 in chips) 
pokking876: posts small blind $0.05
Ginneva: posts big blind $0.10
*** HOLE CARDS ***
Dealt to Mahu2021 [6d Ts]
hiding.by: raises $0.20 to $0.30
Thesheep69: folds 
Mahu2021: folds 
Theprof55: folds 
pokking876: folds 
Ginneva: folds 
Uncalled bet ($0.20) returned to hiding.by
hiding.by collected $0.25 from pot
hiding.by: doesn't show hand 
*** SUMMARY ***
Total pot $0.25 | Rake $0 
Seat 1: Theprof55 (button) folded before Flop (didn't bet)
Seat 2: pokking876 (small blind) folded before Flop
Seat 3: Ginneva (big blind) folded before Flop
Seat 4: hiding.by collected ($0.25)
Seat 5: Thesheep69 folded before Flop (didn't bet)
Seat 6: Mahu2021 folded before Flop (didn't bet)



PokerStars Zoom Hand #254074365362:  Hold'em No Limit ($0.05/$0.10) - 2024/12/28 20:59:28 CET [2024/12/28 14:59:28 ET]
Table 'Aludra' 6-max Seat #1 is the button
Seat 1: dimasan08 ($7.77 in chips) 
Seat 2: maauser ($9.90 in chips) 
Seat 3: WolcharaAP ($9.54 in chips) 
Seat 4: Mahu2021 ($9.17 in chips) 
Seat 5: stormers73 ($9.38 in chips) 
Seat 6: Baratrum777 ($10.55 in chips) 
maauser: posts small blind $0.05
WolcharaAP: posts big blind $0.10
*** HOLE CARDS ***
Dealt to Mahu2021 [Ks As]
Mahu2021: raises $0.20 to $0.30
stormers73: folds 
Baratrum777: folds 
dimasan08: folds 
maauser: folds 
WolcharaAP: folds 
Uncalled bet ($0.20) returned to Mahu2021
Mahu2021 collected $0.25 from pot
Mahu2021: doesn't show hand 
*** SUMMARY ***
Total pot $0.25 | Rake $0 
Seat 1: dimasan08 (button) folded before Flop (didn't bet)
Seat 2: maauser (small blind) folded before Flop
Seat 3: WolcharaAP (big blind) folded before Flop
Seat 4: Mahu2021 collected ($0.25)
Seat 5: stormers73 folded before Flop (didn't bet)
Seat 6: Baratrum777 folded before Flop (didn't bet)



PokerStars Zoom Hand #254074368551:  Hold'em No Limit ($0.05/$0.10) - 2024/12/28 20:59:43 CET [2024/12/28 14:59:43 ET]
Table 'Aludra' 6-max Seat #1 is the button
Seat 1: RYOX 325 ($14.51 in chips) 
Seat 2: Alzuboi ($11.14 in chips) 
Seat 3: __wcok69__ ($8.82 in chips) 
Seat 4: elvis_genius ($55.55 in chips) 
Seat 5: Mahu2021 ($9.32 in chips) 
Seat 6: Ísaak44 ($42.24 in chips) 
Alzuboi: posts small blind $0.05
__wcok69__: posts big blind $0.10
*** HOLE CARDS ***
Dealt to Mahu2021 [Td Tc]
elvis_genius: folds 
Mahu2021: raises $0.20 to $0.30
Ísaak44: folds 
RYOX 325: folds 
Alzuboi: folds 
__wcok69__: folds 
Uncalled bet ($0.20) returned to Mahu2021
Mahu2021 collected $0.25 from pot
Mahu2021: doesn't show hand 
*** SUMMARY ***
Total pot $0.25 | Rake $0 
Seat 1: RYOX 325 (button) folded before Flop (didn't bet)
Seat 2: Alzuboi (small blind) folded before Flop
Seat 3: __wcok69__ (big blind) folded before Flop
Seat 4: elvis_genius folded before Flop (didn't bet)
Seat 5: Mahu2021 collected ($0.25)
Seat 6: Ísaak44 folded before Flop (didn't bet)



PokerStars Zoom Hand #254074371788:  Hold'em No Limit ($0.05/$0.10) - 2024/12/28 20:59:57 CET [2024/12/28 14:59:57 ET]
Table 'Aludra' 6-max Seat #1 is the button
Seat 1: Mahu2021 ($9.47 in chips) 
Seat 2: szabarna ($10 in chips) 
Seat 3: Baratrum777 ($11.41 in chips) 
Seat 4: craigbissett ($19.66 in chips) 
Seat 5: hankapry ($10.62 in chips) 
Seat 6: milchengel ($9.90 in chips) 
szabarna: posts small blind $0.05
Baratrum777: posts big blind $0.10
*** HOLE CARDS ***
Dealt to Mahu2021 [8s 7c]
craigbissett: folds 
hankapry: folds 
milchengel: folds 
Mahu2021: folds 
szabarna: folds 
Uncalled bet ($0.05) returned to Baratrum777
Baratrum777 collected $0.10 from pot
Baratrum777: doesn't show hand 
*** SUMMARY ***
Total pot $0.10 | Rake $0 
Seat 1: Mahu2021 (button) folded before Flop (didn't bet)
Seat 2: szabarna (small blind) folded before Flop
Seat 3: Baratrum777 (big blind) collected ($0.10)
Seat 4: craigbissett folded before Flop (didn't bet)
Seat 5: hankapry folded before Flop (didn't bet)
Seat 6: milchengel folded before Flop (didn't bet)



PokerStars Zoom Hand #254074372993:  Hold'em No Limit ($0.05/$0.10) - 2024/12/28 21:00:02 CET [2024/12/28 15:00:02 ET]
Table 'Aludra' 6-max Seat #1 is the button
Seat 1: Karina2707 ($20.54 in chips) 
Seat 2: maauser ($9.85 in chips) 
Seat 3: Mahu2021 ($9.47 in chips) 
Seat 4: redmonkey98 ($12.86 in chips) 
Seat 5: szabarna ($10 in chips) 
Seat 6: cz83 ($11.23 in chips) 
maauser: posts small blind $0.05
Mahu2021: posts big blind $0.10
*** HOLE CARDS ***
Dealt to Mahu2021 [3d Ks]
redmonkey98: folds 
szabarna: folds 
cz83: folds 
Karina2707: raises $0.10 to $0.20
maauser: folds 
Mahu2021: folds 
Uncalled bet ($0.10) returned to Karina2707
Karina2707 collected $0.25 from pot
Karina2707: doesn't show hand 
*** SUMMARY ***
Total pot $0.25 | Rake $0 
Seat 1: Karina2707 (button) collected ($0.25)
Seat 2: maauser (small blind) folded before Flop
Seat 3: Mahu2021 (big blind) folded before Flop
Seat 4: redmonkey98 folded before Flop (didn't bet)
Seat 5: szabarna folded before Flop (didn't bet)
Seat 6: cz83 folded before Flop (didn't bet)



PokerStars Zoom Hand #254074374499:  Hold'em No Limit ($0.05/$0.10) - 2024/12/28 21:00:09 CET [2024/12/28 15:00:09 ET]
Table 'Aludra' 6-max Seat #1 is the button
Seat 1: Ruselllll ($10 in chips) 
Seat 2: Poklrll02 ($26.25 in chips) 
Seat 3: hankapry ($10.62 in chips) 
Seat 4: Bornin10 ($18 in chips) 
Seat 5: Mahu2021 ($9.37 in chips) 
Seat 6: Oli4&Jack ($12.58 in chips) 
Poklrll02: posts small blind $0.05
hankapry: posts big blind $0.10
*** HOLE CARDS ***
Dealt to Mahu2021 [Td Ac]
Bornin10: folds 
Mahu2021: raises $0.20 to $0.30
Oli4&Jack: folds 
Ruselllll: folds 
Poklrll02: folds 
hankapry: folds 
Uncalled bet ($0.20) returned to Mahu2021
Mahu2021 collected $0.25 from pot
Mahu2021: doesn't show hand 
*** SUMMARY ***
Total pot $0.25 | Rake $0 
Seat 1: Ruselllll (button) folded before Flop (didn't bet)
Seat 2: Poklrll02 (small blind) folded before Flop
Seat 3: hankapry (big blind) folded before Flop
Seat 4: Bornin10 folded before Flop (didn't bet)
Seat 5: Mahu2021 collected ($0.25)
Seat 6: Oli4&Jack folded before Flop (didn't bet)



PokerStars Zoom Hand #254074379045:  Hold'em No Limit ($0.05/$0.10) - 2024/12/28 21:00:29 CET [2024/12/28 15:00:29 ET]
Table 'Aludra' 6-max Seat #1 is the button
Seat 1: NyanRetired ($13.63 in chips) 
Seat 2: Mahu2021 ($9.52 in chips) 
Seat 3: Sijith78 ($8.30 in chips) 
Seat 4: bartovskii ($12.27 in chips) 
Seat 5: Bbuzanski ($66.34 in chips) 
Seat 6: Magic Nic ($7.82 in chips) 
Mahu2021: posts small blind $0.05
Sijith78: posts big blind $0.10
*** HOLE CARDS ***
Dealt to Mahu2021 [6h 3c]
bartovskii: folds 
Bbuzanski: folds 
Magic Nic: folds 
NyanRetired: raises $0.20 to $0.30
Mahu2021: folds 
Sijith78: folds 
Uncalled bet ($0.20) returned to NyanRetired
NyanRetired collected $0.25 from pot
NyanRetired: doesn't show hand 
*** SUMMARY ***
Total pot $0.25 | Rake $0 
Seat 1: NyanRetired (button) collected ($0.25)
Seat 2: Mahu2021 (small blind) folded before Flop
Seat 3: Sijith78 (big blind) folded before Flop
Seat 4: bartovskii folded before Flop (didn't bet)
Seat 5: Bbuzanski folded before Flop (didn't bet)
Seat 6: Magic Nic folded before Flop (didn't bet)



PokerStars Zoom Hand #254074380084:  Hold'em No Limit ($0.05/$0.10) - 2024/12/28 21:00:33 CET [2024/12/28 15:00:33 ET]
Table 'Aludra' 6-max Seat #1 is the button
Seat 1: Nork756 ($10 in chips) 
Seat 2: hiding.by ($19.15 in chips) 
Seat 3: hankapry ($13.36 in chips) 
Seat 4: redmonkey98 ($10.41 in chips) 
Seat 5: 1mAgiciAn3 ($8.06 in chips) 
Seat 6: Mahu2021 ($9.47 in chips) 
hiding.by: posts small blind $0.05
hankapry: posts big blind $0.10
*** HOLE CARDS ***
Dealt to Mahu2021 [6c Qd]
redmonkey98: folds 
1mAgiciAn3: folds 
Mahu2021: folds 
Nork756: folds 
hiding.by: folds 
Uncalled bet ($0.05) returned to hankapry
hankapry collected $0.10 from pot
hankapry: doesn't show hand 
*** SUMMARY ***
Total pot $0.10 | Rake $0 
Seat 1: Nork756 (button) folded before Flop (didn't bet)
Seat 2: hiding.by (small blind) folded before Flop
Seat 3: hankapry (big blind) collected ($0.10)
Seat 4: redmonkey98 folded before Flop (didn't bet)
Seat 5: 1mAgiciAn3 folded before Flop (didn't bet)
Seat 6: Mahu2021 folded before Flop (didn't bet)



PokerStars Zoom Hand #254074381672:  Hold'em No Limit ($0.05/$0.10) - 2024/12/28 21:00:40 CET [2024/12/28 15:00:40 ET]
Table 'Aludra' 6-max Seat #1 is the button
Seat 1: Boymack05 ($16.40 in chips) 
Seat 2: bichonmaltez ($38.07 in chips) 
Seat 3: Luffy V ($13.45 in chips) 
Seat 4: Mahu2021 ($9.47 in chips) 
Seat 5: roo198 ($12.20 in chips) 
Seat 6: ninefive937 ($10.18 in chips) 
bichonmaltez: posts small blind $0.05
Luffy V: posts big blind $0.10
*** HOLE CARDS ***
Dealt to Mahu2021 [9s As]
Mahu2021: raises $0.20 to $0.30
roo198: folds 
ninefive937: folds 
Boymack05: folds 
bichonmaltez: folds 
Luffy V: calls $0.20
*** FLOP *** [Js 4d Qc]
Luffy V: checks 
Mahu2021: checks 
*** TURN *** [Js 4d Qc] [2d]
Luffy V: checks 
Mahu2021: checks 
*** RIVER *** [Js 4d Qc 2d] [Qd]
Luffy V: checks 
Mahu2021: checks 
*** SHOW DOWN ***
Luffy V: shows [8c 8h] (two pair, Queens and Eights)
Mahu2021: mucks hand 
Luffy V collected $0.62 from pot
*** SUMMARY ***
Total pot $0.65 | Rake $0.03 
Board [Js 4d Qc 2d Qd]
Seat 1: Boymack05 (button) folded before Flop (didn't bet)
Seat 2: bichonmaltez (small blind) folded before Flop
Seat 3: Luffy V (big blind) showed [8c 8h] and won ($0.62) with two pair, Queens and Eights
Seat 4: Mahu2021 mucked [9s As]
Seat 5: roo198 folded before Flop (didn't bet)
Seat 6: ninefive937 folded before Flop (didn't bet)



PokerStars Zoom Hand #254074390435:  Hold'em No Limit ($0.05/$0.10) - 2024/12/28 21:01:14 CET [2024/12/28 15:01:14 ET]
Table 'Aludra' 6-max Seat #1 is the button
Seat 1: RYOX 325 ($10.33 in chips) 
Seat 2: Luffy V ($13.77 in chips) 
Seat 3: Mahu2021 ($9.17 in chips) 
Seat 4: Nork756 ($29.71 in chips) 
Seat 5: bartez29 ($19.06 in chips) 
Seat 6: HyperBete ($12.32 in chips) 
Luffy V: posts small blind $0.05
Mahu2021: posts big blind $0.10
*** HOLE CARDS ***
Dealt to Mahu2021 [Qc Ts]
Nork756: folds 
bartez29: folds 
HyperBete: raises $0.15 to $0.25
RYOX 325: folds 
Luffy V: folds 
Mahu2021: calls $0.15
*** FLOP *** [9h 6c 4d]
Mahu2021: checks 
HyperBete: bets $0.15
Mahu2021: calls $0.15
*** TURN *** [9h 6c 4d] [Ac]
Mahu2021: checks 
HyperBete: bets $0.50
Mahu2021: folds 
Uncalled bet ($0.50) returned to HyperBete
HyperBete collected $0.81 from pot
HyperBete: doesn't show hand 
*** SUMMARY ***
Total pot $0.85 | Rake $0.04 
Board [9h 6c 4d Ac]
Seat 1: RYOX 325 (button) folded before Flop (didn't bet)
Seat 2: Luffy V (small blind) folded before Flop
Seat 3: Mahu2021 (big blind) folded on the Turn
Seat 4: Nork756 folded before Flop (didn't bet)
Seat 5: bartez29 folded before Flop (didn't bet)
Seat 6: HyperBete collected ($0.81)



PokerStars Zoom Hand #254074400015:  Hold'em No Limit ($0.05/$0.10) - 2024/12/28 21:01:48 CET [2024/12/28 15:01:48 ET]
Table 'Aludra' 6-max Seat #1 is the button
Seat 1: Ginneva ($8.15 in chips) 
Seat 2: Mahu2021 ($8.77 in chips) 
Seat 3: maauser ($9.85 in chips) 
Seat 4: cz83 ($11.98 in chips) 
Seat 5: Magic Nic ($7.62 in chips) 
Seat 6: pokking876 ($7.87 in chips) 
Mahu2021: posts small blind $0.05
maauser: posts big blind $0.10
*** HOLE CARDS ***
Dealt to Mahu2021 [Ts 3d]
cz83: folds 
Magic Nic: folds 
pokking876: folds 
Ginneva: raises $0.20 to $0.30
Mahu2021: folds 
maauser: folds 
Uncalled bet ($0.20) returned to Ginneva
Ginneva collected $0.25 from pot
Ginneva: doesn't show hand 
*** SUMMARY ***
Total pot $0.25 | Rake $0 
Seat 1: Ginneva (button) collected ($0.25)
Seat 2: Mahu2021 (small blind) folded before Flop
Seat 3: maauser (big blind) folded before Flop
Seat 4: cz83 folded before Flop (didn't bet)
Seat 5: Magic Nic folded before Flop (didn't bet)
Seat 6: pokking876 folded before Flop (didn't bet)



PokerStars Zoom Hand #254074401185:  Hold'em No Limit ($0.05/$0.10) - 2024/12/28 21:01:52 CET [2024/12/28 15:01:52 ET]
Table 'Aludra' 6-max Seat #1 is the button
Seat 1: Mahu2021 ($8.72 in chips) 
Seat 2: essa143 ($14.41 in chips) 
Seat 3: roo198 ($10 in chips) 
Seat 4: kudria6ka ($10.76 in chips) 
Seat 5: DJC1922 ($5.65 in chips) 
Seat 6: cz83 ($13.85 in chips) 
essa143: posts small blind $0.05
roo198: posts big blind $0.10
*** HOLE CARDS ***
Dealt to Mahu2021 [Ad Js]
kudria6ka: folds 
DJC1922: calls $0.10
cz83: folds 
Mahu2021: calls $0.10
essa143: folds 
roo198: checks 
*** FLOP *** [9d 2s Ks]
roo198: checks 
DJC1922: checks 
Mahu2021: checks 
*** TURN *** [9d 2s Ks] [Jc]
roo198: bets $0.33
DJC1922: folds 
Mahu2021: calls $0.33
*** RIVER *** [9d 2s Ks Jc] [9c]
roo198: bets $0.58
Mahu2021: calls $0.58
*** SHOW DOWN ***
roo198: shows [Kh Jd] (two pair, Kings and Jacks)
Mahu2021: mucks hand 
roo198 collected $2.07 from pot
*** SUMMARY ***
Total pot $2.17 | Rake $0.10 
Board [9d 2s Ks Jc 9c]
Seat 1: Mahu2021 (button) mucked [Ad Js]
Seat 2: essa143 (small blind) folded before Flop
Seat 3: roo198 (big blind) showed [Kh Jd] and won ($2.07) with two pair, Kings and Jacks
Seat 4: kudria6ka folded before Flop (didn't bet)
Seat 5: DJC1922 folded on the Turn
Seat 6: cz83 folded before Flop (didn't bet)



PokerStars Zoom Hand #254074416687:  Hold'em No Limit ($0.05/$0.10) - 2024/12/28 21:02:38 CET [2024/12/28 15:02:38 ET]
Table 'Aludra' 6-max Seat #1 is the button
Seat 1: roo198 ($11.80 in chips) 
Seat 2: WolcharaAP ($10.50 in chips) 
Seat 3: Xanderz24 ($9.85 in chips) 
Seat 4: Mahu2021 ($7.71 in chips) 
Seat 5: bartovskii ($10 in chips) 
Seat 6: bartez29 ($24.22 in chips) 
WolcharaAP: posts small blind $0.05
Xanderz24: posts big blind $0.10
*** HOLE CARDS ***
Dealt to Mahu2021 [9s Ac]
Mahu2021: raises $0.20 to $0.30
bartovskii: folds 
bartez29: folds 
roo198: folds 
WolcharaAP: raises $0.90 to $1.20
Xanderz24: folds 
Mahu2021: folds 
Uncalled bet ($0.90) returned to WolcharaAP
WolcharaAP collected $0.70 from pot
WolcharaAP: doesn't show hand 
*** SUMMARY ***
Total pot $0.70 | Rake $0 
Seat 1: roo198 (button) folded before Flop (didn't bet)
Seat 2: WolcharaAP (small blind) collected ($0.70)
Seat 3: Xanderz24 (big blind) folded before Flop
Seat 4: Mahu2021 folded before Flop
Seat 5: bartovskii folded before Flop (didn't bet)
Seat 6: bartez29 folded before Flop (didn't bet)



PokerStars Zoom Hand #254074421546:  Hold'em No Limit ($0.05/$0.10) - 2024/12/28 21:02:54 CET [2024/12/28 15:02:54 ET]
Table 'Aludra' 6-max Seat #1 is the button
Seat 1: golyofej96 ($5.40 in chips) 
Seat 2: Xanderz24 ($9.75 in chips) 
Seat 3: Mahu2021 ($7.41 in chips) 
Seat 4: jimbannon474 ($5.56 in chips) 
Seat 5: bartovskii ($11.91 in chips) 
Seat 6: cz83 ($11.18 in chips) 
Xanderz24: posts small blind $0.05
Mahu2021: posts big blind $0.10
*** HOLE CARDS ***
Dealt to Mahu2021 [6d Kd]
jimbannon474: folds 
bartovskii: folds 
cz83: folds 
golyofej96: folds 
Xanderz24: folds 
Uncalled bet ($0.05) returned to Mahu2021
Mahu2021 collected $0.10 from pot
Mahu2021: doesn't show hand 
*** SUMMARY ***
Total pot $0.10 | Rake $0 
Seat 1: golyofej96 (button) folded before Flop (didn't bet)
Seat 2: Xanderz24 (small blind) folded before Flop
Seat 3: Mahu2021 (big blind) collected ($0.10)
Seat 4: jimbannon474 folded before Flop (didn't bet)
Seat 5: bartovskii folded before Flop (didn't bet)
Seat 6: cz83 folded before Flop (didn't bet)



PokerStars Zoom Hand #254074426386:  Hold'em No Limit ($0.05/$0.10) - 2024/12/28 21:03:09 CET [2024/12/28 15:03:09 ET]
Table 'Aludra' 6-max Seat #1 is the button
Seat 1: lucasdorre ($11.42 in chips) 
Seat 2: pohja ($4.51 in chips) 
Seat 3: peterdom88 ($19.80 in chips) 
Seat 4: Poklrll02 ($26.14 in chips) 
Seat 5: Jhanr ($11.46 in chips) 
Seat 6: Mahu2021 ($7.46 in chips) 
pohja: posts small blind $0.05
peterdom88: posts big blind $0.10
*** HOLE CARDS ***
Dealt to Mahu2021 [Ac Kc]
Poklrll02: folds 
Jhanr: folds 
Mahu2021: raises $0.20 to $0.30
lucasdorre: folds 
pohja: folds 
peterdom88: folds 
Uncalled bet ($0.20) returned to Mahu2021
Mahu2021 collected $0.25 from pot
Mahu2021: doesn't show hand 
*** SUMMARY ***
Total pot $0.25 | Rake $0 
Seat 1: lucasdorre (button) folded before Flop (didn't bet)
Seat 2: pohja (small blind) folded before Flop
Seat 3: peterdom88 (big blind) folded before Flop
Seat 4: Poklrll02 folded before Flop (didn't bet)
Seat 5: Jhanr folded before Flop (didn't bet)
Seat 6: Mahu2021 collected ($0.25)



PokerStars Zoom Hand #254074429713:  Hold'em No Limit ($0.05/$0.10) - 2024/12/28 21:03:20 CET [2024/12/28 15:03:20 ET]
Table 'Aludra' 6-max Seat #1 is the button
Seat 1: Mahu2021 ($7.61 in chips) 
Seat 2: pokking876 ($12.84 in chips) 
Seat 3: Navarros69 ($8.70 in chips) 
Seat 4: MrP1nk112 ($8.57 in chips) 
Seat 5: Mr_Plejer7x ($10.15 in chips) 
Seat 6: Debith ($11.42 in chips) 
pokking876: posts small blind $0.05
Navarros69: posts big blind $0.10
*** HOLE CARDS ***
Dealt to Mahu2021 [2d Qh]
MrP1nk112: folds 
Mr_Plejer7x: folds 
Debith: folds 
Mahu2021: folds 
pokking876: folds 
Uncalled bet ($0.05) returned to Navarros69
Navarros69 collected $0.10 from pot
Navarros69: doesn't show hand 
*** SUMMARY ***
Total pot $0.10 | Rake $0 
Seat 1: Mahu2021 (button) folded before Flop (didn't bet)
Seat 2: pokking876 (small blind) folded before Flop
Seat 3: Navarros69 (big blind) collected ($0.10)
Seat 4: MrP1nk112 folded before Flop (didn't bet)
Seat 5: Mr_Plejer7x folded before Flop (didn't bet)
Seat 6: Debith folded before Flop (didn't bet)



PokerStars Zoom Hand #254074424997:  Hold'em No Limit ($0.05/$0.10) - 2024/12/28 21:03:05 CET [2024/12/28 15:03:05 ET]
Table 'Aludra' 6-max Seat #1 is the button
Seat 1: milchengel ($9.92 in chips) 
Seat 2: redmonkey98 ($12.70 in chips) 
Seat 3: golyofej96 ($4.85 in chips) 
Seat 4: hopezACE ($18.77 in chips) 
Seat 5: Mr_Plejer7x ($10 in chips) 
Seat 6: Mahu2021 ($7.46 in chips) 
redmonkey98: posts small blind $0.05
golyofej96: posts big blind $0.10
*** HOLE CARDS ***
Dealt to Mahu2021 [5d 9d]
hopezACE: raises $0.12 to $0.22
Mr_Plejer7x: folds 
Mahu2021: folds 
milchengel: folds 
redmonkey98: calls $0.17
golyofej96: calls $0.12
*** FLOP *** [Ac 2s 6d]
redmonkey98: checks 
golyofej96: checks 
hopezACE: bets $0.20
redmonkey98: folds 
golyofej96: folds 
Uncalled bet ($0.20) returned to hopezACE
hopezACE collected $0.63 from pot
hopezACE: doesn't show hand 
*** SUMMARY ***
Total pot $0.66 | Rake $0.03 
Board [Ac 2s 6d]
Seat 1: milchengel (button) folded before Flop (didn't bet)
Seat 2: redmonkey98 (small blind) folded on the Flop
Seat 3: golyofej96 (big blind) folded on the Flop
Seat 4: hopezACE collected ($0.63)
Seat 5: Mr_Plejer7x folded before Flop (didn't bet)
Seat 6: Mahu2021 folded before Flop (didn't bet)



PokerStars Zoom Hand #254074433913:  Hold'em No Limit ($0.05/$0.10) - 2024/12/28 21:03:31 CET [2024/12/28 15:03:31 ET]
Table 'Aludra' 6-max Seat #1 is the button
Seat 1: essa143 ($14.64 in chips) 
Seat 2: Mahu2021 ($7.61 in chips) 
Seat 3: luizcknc ($11.52 in chips) 
Seat 4: Mr_Plejer7x ($10 in chips) 
Seat 5: se_kosugi ($6.88 in chips) 
Seat 6: gelik32 ($11.81 in chips) 
Mahu2021: posts small blind $0.05
luizcknc: posts big blind $0.10
*** HOLE CARDS ***
Dealt to Mahu2021 [2d 3c]
Mr_Plejer7x: raises $0.15 to $0.25
se_kosugi: folds 
gelik32: folds 
essa143: folds 
Mahu2021: folds 
luizcknc: folds 
Uncalled bet ($0.15) returned to Mr_Plejer7x
Mr_Plejer7x collected $0.25 from pot
Mr_Plejer7x: doesn't show hand 
*** SUMMARY ***
Total pot $0.25 | Rake $0 
Seat 1: essa143 (button) folded before Flop (didn't bet)
Seat 2: Mahu2021 (small blind) folded before Flop
Seat 3: luizcknc (big blind) folded before Flop
Seat 4: Mr_Plejer7x collected ($0.25)
Seat 5: se_kosugi folded before Flop (didn't bet)
Seat 6: gelik32 folded before Flop (didn't bet)



PokerStars Zoom Hand #254074430984:  Hold'em No Limit ($0.05/$0.10) - 2024/12/28 21:03:24 CET [2024/12/28 15:03:24 ET]
Table 'Aludra' 6-max Seat #1 is the button
Seat 1: Poklrll02 ($19.23 in chips) 
Seat 2: NyanRetired ($13.68 in chips) 
Seat 3: MrP1nk112 ($8.57 in chips) 
Seat 4: Karina2707 ($20.35 in chips) 
Seat 5: Mahu2021 ($7.61 in chips) 
Seat 6: bartez29 ($11.58 in chips) 
NyanRetired: posts small blind $0.05
MrP1nk112: posts big blind $0.10
*** HOLE CARDS ***
Dealt to Mahu2021 [Qs 8s]
Karina2707: folds 
Mahu2021: folds 
bartez29: folds 
Poklrll02: folds 
NyanRetired: raises $0.20 to $0.30
MrP1nk112: calls $0.20
*** FLOP *** [2d 6s 2s]
NyanRetired: bets $0.19
MrP1nk112: folds 
Uncalled bet ($0.19) returned to NyanRetired
NyanRetired collected $0.57 from pot
NyanRetired: doesn't show hand 
*** SUMMARY ***
Total pot $0.60 | Rake $0.03 
Board [2d 6s 2s]
Seat 1: Poklrll02 (button) folded before Flop (didn't bet)
Seat 2: NyanRetired (small blind) collected ($0.57)
Seat 3: MrP1nk112 (big blind) folded on the Flop
Seat 4: Karina2707 folded before Flop (didn't bet)
Seat 5: Mahu2021 folded before Flop (didn't bet)
Seat 6: bartez29 folded before Flop (didn't bet)



PokerStars Zoom Hand #254074435201:  Hold'em No Limit ($0.05/$0.10) - 2024/12/28 21:03:35 CET [2024/12/28 15:03:35 ET]
Table 'Aludra' 6-max Seat #1 is the button
Seat 1: J_Gopen7 ($10.05 in chips) 
Seat 2: szabarna ($10 in chips) 
Seat 3: TheBestPart93 ($9.14 in chips) 
Seat 4: Mahu2021 ($7.56 in chips) 
Seat 5: Navarros69 ($8.75 in chips) 
Seat 6: Ísaak44 ($13.93 in chips) 
szabarna: posts small blind $0.05
TheBestPart93: posts big blind $0.10
*** HOLE CARDS ***
Dealt to Mahu2021 [Qd Td]
Mahu2021: raises $0.20 to $0.30
Navarros69: folds 
Ísaak44: calls $0.30
J_Gopen7: folds 
szabarna: folds 
TheBestPart93: folds 
*** FLOP *** [5h Jc Kh]
Mahu2021: checks 
Ísaak44: bets $0.20
Mahu2021: calls $0.20
*** TURN *** [5h Jc Kh] [Kd]
Mahu2021: checks 
Ísaak44: bets $0.83
Mahu2021: calls $0.83
*** RIVER *** [5h Jc Kh Kd] [Ad]
Mahu2021: bets $6.23 and is all-in
Ísaak44: calls $6.23
*** SHOW DOWN ***
Mahu2021: shows [Qd Td] (a straight, Ten to Ace)
Ísaak44: shows [Jd Js] (a full house, Jacks full of Kings)
Ísaak44 collected $14.58 from pot
*** SUMMARY ***
Total pot $15.27 | Rake $0.69 
Board [5h Jc Kh Kd Ad]
Seat 1: J_Gopen7 (button) folded before Flop (didn't bet)
Seat 2: szabarna (small blind) folded before Flop
Seat 3: TheBestPart93 (big blind) folded before Flop
Seat 4: Mahu2021 showed [Qd Td] and lost with a straight, Ten to Ace
Seat 5: Navarros69 folded before Flop (didn't bet)
Seat 6: Ísaak44 showed [Jd Js] and won ($14.58) with a full house, Jacks full of Kings



