PokerStars Hand #247523778986: Tournament #3683142800, $1.84+$0.16 USD Hold'em No Limit - Level I (10/20) - 2023/12/07 9:48:17 CET [2023/12/07 3:48:17 ET]
Table '3683142800 1' 3-max Seat #1 is the button
Seat 1: sizzler300 (500 in chips) 
Seat 2: Zamborja09 (500 in chips) 
Seat 3: Mahu2021 (500 in chips) 
Zamborja09: posts small blind 10
Mahu2021: posts big blind 20
*** HOLE CARDS ***
Dealt to Mahu2021 [2h Kc]
sizzler300: raises 20 to 40
Zamborja09: calls 30
Mahu2021: calls 20
*** FLOP *** [3s Th 4h]
Zamborja09: checks 
Mahu2021: checks 
sizzler300: bets 60
Zamborja09: calls 60
Mahu2021: folds 
*** TURN *** [3s Th 4h] [5s]
Zamborja09: checks 
sizzler300: checks 
*** RIVER *** [3s Th 4h 5s] [Qh]
Zamborja09: checks 
sizzler300: checks 
*** SHOW DOWN ***
Zamborja09: shows [Ac 3d] (a pair of Threes)
sizzler300: mucks hand 
Zamborja09 collected 240 from pot
*** SUMMARY ***
Total pot 240 | Rake 0 
Board [3s Th 4h 5s Qh]
Seat 1: sizzler300 (button) mucked [Ks Ah]
Seat 2: Zamborja09 (small blind) showed [Ac 3d] and won (240) with a pair of Threes
Seat 3: Mahu2021 (big blind) folded on the Flop



PokerStars Hand #247523782315: Tournament #3683142800, $1.84+$0.16 USD Hold'em No Limit - Level I (10/20) - 2023/12/07 9:48:49 CET [2023/12/07 3:48:49 ET]
Table '3683142800 1' 3-max Seat #2 is the button
Seat 1: sizzler300 (400 in chips) 
Seat 2: Zamborja09 (640 in chips) 
Seat 3: Mahu2021 (460 in chips) 
Mahu2021: posts small blind 10
sizzler300: posts big blind 20
*** HOLE CARDS ***
Dealt to Mahu2021 [9d Kc]
Zamborja09: raises 20 to 40
Mahu2021: calls 30
sizzler300: calls 20
*** FLOP *** [Qs Tc 6c]
Mahu2021: checks 
sizzler300: checks 
Zamborja09: bets 74
Mahu2021: folds 
sizzler300: folds 
Uncalled bet (74) returned to Zamborja09
Zamborja09 collected 120 from pot
Zamborja09: doesn't show hand 
*** SUMMARY ***
Total pot 120 | Rake 0 
Board [Qs Tc 6c]
Seat 1: sizzler300 (big blind) folded on the Flop
Seat 2: Zamborja09 (button) collected (120)
Seat 3: Mahu2021 (small blind) folded on the Flop



PokerStars Hand #247523784267: Tournament #3683142800, $1.84+$0.16 USD Hold'em No Limit - Level I (10/20) - 2023/12/07 9:49:08 CET [2023/12/07 3:49:08 ET]
Table '3683142800 1' 3-max Seat #3 is the button
Seat 1: sizzler300 (360 in chips) 
Seat 2: Zamborja09 (720 in chips) 
Seat 3: Mahu2021 (420 in chips) 
sizzler300: posts small blind 10
Zamborja09: posts big blind 20
*** HOLE CARDS ***
Dealt to Mahu2021 [5c Td]
Mahu2021: folds 
sizzler300: folds 
Uncalled bet (10) returned to Zamborja09
Zamborja09 collected 20 from pot
Zamborja09: doesn't show hand 
*** SUMMARY ***
Total pot 20 | Rake 0 
Seat 1: sizzler300 (small blind) folded before Flop
Seat 2: Zamborja09 (big blind) collected (20)
Seat 3: Mahu2021 (button) folded before Flop (didn't bet)



PokerStars Hand #247523785006: Tournament #3683142800, $1.84+$0.16 USD Hold'em No Limit - Level I (10/20) - 2023/12/07 9:49:15 CET [2023/12/07 3:49:15 ET]
Table '3683142800 1' 3-max Seat #1 is the button
Seat 1: sizzler300 (350 in chips) 
Seat 2: Zamborja09 (730 in chips) 
Seat 3: Mahu2021 (420 in chips) 
Zamborja09: posts small blind 10
Mahu2021: posts big blind 20
*** HOLE CARDS ***
Dealt to Mahu2021 [5s Qh]
sizzler300: raises 40 to 60
Zamborja09: calls 50
Mahu2021: folds 
*** FLOP *** [Qc Kc 9h]
Zamborja09: checks 
sizzler300: bets 60
Zamborja09: folds 
Uncalled bet (60) returned to sizzler300
sizzler300 collected 140 from pot
sizzler300: doesn't show hand 
*** SUMMARY ***
Total pot 140 | Rake 0 
Board [Qc Kc 9h]
Seat 1: sizzler300 (button) collected (140)
Seat 2: Zamborja09 (small blind) folded on the Flop
Seat 3: Mahu2021 (big blind) folded before Flop



PokerStars Hand #247523786589: Tournament #3683142800, $1.84+$0.16 USD Hold'em No Limit - Level I (10/20) - 2023/12/07 9:49:31 CET [2023/12/07 3:49:31 ET]
Table '3683142800 1' 3-max Seat #2 is the button
Seat 1: sizzler300 (430 in chips) 
Seat 2: Zamborja09 (670 in chips) 
Seat 3: Mahu2021 (400 in chips) 
Mahu2021: posts small blind 10
sizzler300: posts big blind 20
*** HOLE CARDS ***
Dealt to Mahu2021 [3c 6s]
Zamborja09: raises 20 to 40
Mahu2021: folds 
sizzler300: calls 20
*** FLOP *** [Qs 3d Td]
sizzler300: checks 
Zamborja09: bets 29
sizzler300: raises 29 to 58
Zamborja09: calls 29
*** TURN *** [Qs 3d Td] [7h]
sizzler300: bets 60
Zamborja09: calls 60
*** RIVER *** [Qs 3d Td 7h] [Jc]
sizzler300: checks 
Zamborja09: bets 140
sizzler300: folds 
Uncalled bet (140) returned to Zamborja09
Zamborja09 collected 326 from pot
Zamborja09: doesn't show hand 
*** SUMMARY ***
Total pot 326 | Rake 0 
Board [Qs 3d Td 7h Jc]
Seat 1: sizzler300 (big blind) folded on the River
Seat 2: Zamborja09 (button) collected (326)
Seat 3: Mahu2021 (small blind) folded before Flop



PokerStars Hand #247523790282: Tournament #3683142800, $1.84+$0.16 USD Hold'em No Limit - Level I (10/20) - 2023/12/07 9:50:05 CET [2023/12/07 3:50:05 ET]
Table '3683142800 1' 3-max Seat #3 is the button
Seat 1: sizzler300 (272 in chips) 
Seat 2: Zamborja09 (838 in chips) 
Seat 3: Mahu2021 (390 in chips) 
sizzler300: posts small blind 10
Zamborja09: posts big blind 20
*** HOLE CARDS ***
Dealt to Mahu2021 [Ks Jh]
Mahu2021: raises 20 to 40
sizzler300: calls 30
Zamborja09: calls 20
*** FLOP *** [8c 9d Ts]
sizzler300: checks 
Zamborja09: checks 
Mahu2021: bets 60
sizzler300: raises 172 to 232 and is all-in
Zamborja09: folds 
Mahu2021: calls 172
*** TURN *** [8c 9d Ts] [Kc]
*** RIVER *** [8c 9d Ts Kc] [2d]
*** SHOW DOWN ***
sizzler300: shows [3c Tc] (a pair of Tens)
Mahu2021: shows [Ks Jh] (a pair of Kings)
Mahu2021 collected 584 from pot
sizzler300 finished the tournament in 3rd place
*** SUMMARY ***
Total pot 584 | Rake 0 
Board [8c 9d Ts Kc 2d]
Seat 1: sizzler300 (small blind) showed [3c Tc] and lost with a pair of Tens
Seat 2: Zamborja09 (big blind) folded on the Flop
Seat 3: Mahu2021 (button) showed [Ks Jh] and won (584) with a pair of Kings



PokerStars Hand #247523793939: Tournament #3683142800, $1.84+$0.16 USD Hold'em No Limit - Level II (15/30) - 2023/12/07 9:50:40 CET [2023/12/07 3:50:40 ET]
Table '3683142800 1' 3-max Seat #2 is the button
Seat 2: Zamborja09 (798 in chips) 
Seat 3: Mahu2021 (702 in chips) 
Zamborja09: posts small blind 15
Mahu2021: posts big blind 30
*** HOLE CARDS ***
Dealt to Mahu2021 [9d Kc]
Zamborja09: folds 
Uncalled bet (15) returned to Mahu2021
Mahu2021 collected 30 from pot
Mahu2021: doesn't show hand 
*** SUMMARY ***
Total pot 30 | Rake 0 
Seat 2: Zamborja09 (button) (small blind) folded before Flop
Seat 3: Mahu2021 (big blind) collected (30)



PokerStars Hand #247523794526: Tournament #3683142800, $1.84+$0.16 USD Hold'em No Limit - Level II (15/30) - 2023/12/07 9:50:45 CET [2023/12/07 3:50:45 ET]
Table '3683142800 1' 3-max Seat #3 is the button
Seat 2: Zamborja09 (783 in chips) 
Seat 3: Mahu2021 (717 in chips) 
Mahu2021: posts small blind 15
Zamborja09: posts big blind 30
*** HOLE CARDS ***
Dealt to Mahu2021 [5c Kh]
Mahu2021: calls 15
Zamborja09: checks 
*** FLOP *** [2h Jd Tc]
Zamborja09: checks 
Mahu2021: bets 30
Zamborja09: folds 
Uncalled bet (30) returned to Mahu2021
Mahu2021 collected 60 from pot
Mahu2021: doesn't show hand 
*** SUMMARY ***
Total pot 60 | Rake 0 
Board [2h Jd Tc]
Seat 2: Zamborja09 (big blind) folded on the Flop
Seat 3: Mahu2021 (button) (small blind) collected (60)



PokerStars Hand #247523795738: Tournament #3683142800, $1.84+$0.16 USD Hold'em No Limit - Level II (15/30) - 2023/12/07 9:50:56 CET [2023/12/07 3:50:56 ET]
Table '3683142800 1' 3-max Seat #2 is the button
Seat 2: Zamborja09 (753 in chips) 
Seat 3: Mahu2021 (747 in chips) 
Zamborja09: posts small blind 15
Mahu2021: posts big blind 30
*** HOLE CARDS ***
Dealt to Mahu2021 [6h 3h]
Zamborja09: raises 30 to 60
Mahu2021: calls 30
*** FLOP *** [8h Jd 5h]
Mahu2021: checks 
Zamborja09: bets 38
Mahu2021: calls 38
*** TURN *** [8h Jd 5h] [9s]
Mahu2021: checks 
Zamborja09: checks 
*** RIVER *** [8h Jd 5h 9s] [2c]
Mahu2021: checks 
Zamborja09: checks 
*** SHOW DOWN ***
Mahu2021: shows [6h 3h] (high card Jack)
Zamborja09: shows [4c 4h] (a pair of Fours)
Zamborja09 collected 196 from pot
*** SUMMARY ***
Total pot 196 | Rake 0 
Board [8h Jd 5h 9s 2c]
Seat 2: Zamborja09 (button) (small blind) showed [4c 4h] and won (196) with a pair of Fours
Seat 3: Mahu2021 (big blind) showed [6h 3h] and lost with high card Jack



PokerStars Hand #247523797547: Tournament #3683142800, $1.84+$0.16 USD Hold'em No Limit - Level II (15/30) - 2023/12/07 9:51:14 CET [2023/12/07 3:51:14 ET]
Table '3683142800 1' 3-max Seat #3 is the button
Seat 2: Zamborja09 (851 in chips) 
Seat 3: Mahu2021 (649 in chips) 
Mahu2021: posts small blind 15
Zamborja09: posts big blind 30
*** HOLE CARDS ***
Dealt to Mahu2021 [9h 8d]
Mahu2021: raises 30 to 60
Zamborja09: calls 30
*** FLOP *** [3s 3c 8s]
Zamborja09: checks 
Mahu2021: bets 120
Zamborja09: folds 
Uncalled bet (120) returned to Mahu2021
Mahu2021 collected 120 from pot
Mahu2021: doesn't show hand 
*** SUMMARY ***
Total pot 120 | Rake 0 
Board [3s 3c 8s]
Seat 2: Zamborja09 (big blind) folded on the Flop
Seat 3: Mahu2021 (button) (small blind) collected (120)



PokerStars Hand #247523798794: Tournament #3683142800, $1.84+$0.16 USD Hold'em No Limit - Level II (15/30) - 2023/12/07 9:51:25 CET [2023/12/07 3:51:25 ET]
Table '3683142800 1' 3-max Seat #2 is the button
Seat 2: Zamborja09 (791 in chips) 
Seat 3: Mahu2021 (709 in chips) 
Zamborja09: posts small blind 15
Mahu2021: posts big blind 30
*** HOLE CARDS ***
Dealt to Mahu2021 [4d 7h]
Zamborja09: raises 30 to 60
Mahu2021: folds 
Uncalled bet (30) returned to Zamborja09
Zamborja09 collected 60 from pot
Zamborja09: doesn't show hand 
*** SUMMARY ***
Total pot 60 | Rake 0 
Seat 2: Zamborja09 (button) (small blind) collected (60)
Seat 3: Mahu2021 (big blind) folded before Flop



PokerStars Hand #247523799482: Tournament #3683142800, $1.84+$0.16 USD Hold'em No Limit - Level II (15/30) - 2023/12/07 9:51:32 CET [2023/12/07 3:51:32 ET]
Table '3683142800 1' 3-max Seat #3 is the button
Seat 2: Zamborja09 (821 in chips) 
Seat 3: Mahu2021 (679 in chips) 
Mahu2021: posts small blind 15
Zamborja09: posts big blind 30
*** HOLE CARDS ***
Dealt to Mahu2021 [As 8h]
Mahu2021: raises 30 to 60
Zamborja09: calls 30
*** FLOP *** [Qs Tc 5h]
Zamborja09: checks 
Mahu2021: checks 
*** TURN *** [Qs Tc 5h] [5s]
Zamborja09: checks 
Mahu2021: bets 60
Zamborja09: folds 
Uncalled bet (60) returned to Mahu2021
Mahu2021 collected 120 from pot
Mahu2021: doesn't show hand 
*** SUMMARY ***
Total pot 120 | Rake 0 
Board [Qs Tc 5h 5s]
Seat 2: Zamborja09 (big blind) folded on the Turn
Seat 3: Mahu2021 (button) (small blind) collected (120)



PokerStars Hand #247523801528: Tournament #3683142800, $1.84+$0.16 USD Hold'em No Limit - Level II (15/30) - 2023/12/07 9:51:51 CET [2023/12/07 3:51:51 ET]
Table '3683142800 1' 3-max Seat #2 is the button
Seat 2: Zamborja09 (761 in chips) 
Seat 3: Mahu2021 (739 in chips) 
Zamborja09: posts small blind 15
Mahu2021: posts big blind 30
*** HOLE CARDS ***
Dealt to Mahu2021 [Td 7s]
Zamborja09: calls 15
Mahu2021: checks 
*** FLOP *** [4h Jc 6h]
Mahu2021: checks 
Zamborja09: bets 30
Mahu2021: folds 
Uncalled bet (30) returned to Zamborja09
Zamborja09 collected 60 from pot
Zamborja09: doesn't show hand 
*** SUMMARY ***
Total pot 60 | Rake 0 
Board [4h Jc 6h]
Seat 2: Zamborja09 (button) (small blind) collected (60)
Seat 3: Mahu2021 (big blind) folded on the Flop



PokerStars Hand #247523803161: Tournament #3683142800, $1.84+$0.16 USD Hold'em No Limit - Level II (15/30) - 2023/12/07 9:52:06 CET [2023/12/07 3:52:06 ET]
Table '3683142800 1' 3-max Seat #3 is the button
Seat 2: Zamborja09 (791 in chips) 
Seat 3: Mahu2021 (709 in chips) 
Mahu2021: posts small blind 15
Zamborja09: posts big blind 30
*** HOLE CARDS ***
Dealt to Mahu2021 [Ad Jh]
Mahu2021: raises 30 to 60
Zamborja09: raises 105 to 165
Mahu2021: folds 
Uncalled bet (105) returned to Zamborja09
Zamborja09 collected 120 from pot
Zamborja09: doesn't show hand 
*** SUMMARY ***
Total pot 120 | Rake 0 
Seat 2: Zamborja09 (big blind) collected (120)
Seat 3: Mahu2021 (button) (small blind) folded before Flop



PokerStars Hand #247523805575: Tournament #3683142800, $1.84+$0.16 USD Hold'em No Limit - Level III (20/40) - 2023/12/07 9:52:29 CET [2023/12/07 3:52:29 ET]
Table '3683142800 1' 3-max Seat #2 is the button
Seat 2: Zamborja09 (851 in chips) 
Seat 3: Mahu2021 (649 in chips) 
Zamborja09: posts small blind 20
Mahu2021: posts big blind 40
*** HOLE CARDS ***
Dealt to Mahu2021 [Jh Qh]
Zamborja09: raises 40 to 80
Mahu2021: calls 40
*** FLOP *** [6c 5c 4d]
Mahu2021: checks 
Zamborja09: bets 99
Mahu2021: folds 
Uncalled bet (99) returned to Zamborja09
Zamborja09 collected 160 from pot
Zamborja09: doesn't show hand 
*** SUMMARY ***
Total pot 160 | Rake 0 
Board [6c 5c 4d]
Seat 2: Zamborja09 (button) (small blind) collected (160)
Seat 3: Mahu2021 (big blind) folded on the Flop



PokerStars Hand #247523806843: Tournament #3683142800, $1.84+$0.16 USD Hold'em No Limit - Level III (20/40) - 2023/12/07 9:52:42 CET [2023/12/07 3:52:42 ET]
Table '3683142800 1' 3-max Seat #3 is the button
Seat 2: Zamborja09 (931 in chips) 
Seat 3: Mahu2021 (569 in chips) 
Mahu2021: posts small blind 20
Zamborja09: posts big blind 40
*** HOLE CARDS ***
Dealt to Mahu2021 [9c 7s]
Mahu2021: folds 
Uncalled bet (20) returned to Zamborja09
Zamborja09 collected 40 from pot
Zamborja09: doesn't show hand 
*** SUMMARY ***
Total pot 40 | Rake 0 
Seat 2: Zamborja09 (big blind) collected (40)
Seat 3: Mahu2021 (button) (small blind) folded before Flop



PokerStars Hand #247523807281: Tournament #3683142800, $1.84+$0.16 USD Hold'em No Limit - Level III (20/40) - 2023/12/07 9:52:46 CET [2023/12/07 3:52:46 ET]
Table '3683142800 1' 3-max Seat #2 is the button
Seat 2: Zamborja09 (951 in chips) 
Seat 3: Mahu2021 (549 in chips) 
Zamborja09: posts small blind 20
Mahu2021: posts big blind 40
*** HOLE CARDS ***
Dealt to Mahu2021 [5s 3h]
Zamborja09: raises 40 to 80
Mahu2021: calls 40
*** FLOP *** [7d 8s Qc]
Mahu2021: checks 
Zamborja09: bets 51
Mahu2021: folds 
Uncalled bet (51) returned to Zamborja09
Zamborja09 collected 160 from pot
Zamborja09: doesn't show hand 
*** SUMMARY ***
Total pot 160 | Rake 0 
Board [7d 8s Qc]
Seat 2: Zamborja09 (button) (small blind) collected (160)
Seat 3: Mahu2021 (big blind) folded on the Flop



PokerStars Hand #247523808468: Tournament #3683142800, $1.84+$0.16 USD Hold'em No Limit - Level III (20/40) - 2023/12/07 9:52:57 CET [2023/12/07 3:52:57 ET]
Table '3683142800 1' 3-max Seat #3 is the button
Seat 2: Zamborja09 (1031 in chips) 
Seat 3: Mahu2021 (469 in chips) 
Mahu2021: posts small blind 20
Zamborja09: posts big blind 40
*** HOLE CARDS ***
Dealt to Mahu2021 [6h 5h]
Mahu2021: raises 40 to 80
Zamborja09: calls 40
*** FLOP *** [Jh 6s Kd]
Zamborja09: checks 
Mahu2021: bets 160
Zamborja09: folds 
Uncalled bet (160) returned to Mahu2021
Mahu2021 collected 160 from pot
Mahu2021: doesn't show hand 
*** SUMMARY ***
Total pot 160 | Rake 0 
Board [Jh 6s Kd]
Seat 2: Zamborja09 (big blind) folded on the Flop
Seat 3: Mahu2021 (button) (small blind) collected (160)



PokerStars Hand #247523809685: Tournament #3683142800, $1.84+$0.16 USD Hold'em No Limit - Level III (20/40) - 2023/12/07 9:53:09 CET [2023/12/07 3:53:09 ET]
Table '3683142800 1' 3-max Seat #2 is the button
Seat 2: Zamborja09 (951 in chips) 
Seat 3: Mahu2021 (549 in chips) 
Zamborja09: posts small blind 20
Mahu2021: posts big blind 40
*** HOLE CARDS ***
Dealt to Mahu2021 [4s 7h]
Zamborja09: raises 40 to 80
Mahu2021: folds 
Uncalled bet (40) returned to Zamborja09
Zamborja09 collected 80 from pot
Zamborja09: doesn't show hand 
*** SUMMARY ***
Total pot 80 | Rake 0 
Seat 2: Zamborja09 (button) (small blind) collected (80)
Seat 3: Mahu2021 (big blind) folded before Flop



PokerStars Hand #247523810392: Tournament #3683142800, $1.84+$0.16 USD Hold'em No Limit - Level III (20/40) - 2023/12/07 9:53:15 CET [2023/12/07 3:53:15 ET]
Table '3683142800 1' 3-max Seat #3 is the button
Seat 2: Zamborja09 (991 in chips) 
Seat 3: Mahu2021 (509 in chips) 
Mahu2021: posts small blind 20
Zamborja09: posts big blind 40
*** HOLE CARDS ***
Dealt to Mahu2021 [7s 4h]
Mahu2021: folds 
Uncalled bet (20) returned to Zamborja09
Zamborja09 collected 40 from pot
Zamborja09: doesn't show hand 
*** SUMMARY ***
Total pot 40 | Rake 0 
Seat 2: Zamborja09 (big blind) collected (40)
Seat 3: Mahu2021 (button) (small blind) folded before Flop



PokerStars Hand #247523810855: Tournament #3683142800, $1.84+$0.16 USD Hold'em No Limit - Level III (20/40) - 2023/12/07 9:53:20 CET [2023/12/07 3:53:20 ET]
Table '3683142800 1' 3-max Seat #2 is the button
Seat 2: Zamborja09 (1011 in chips) 
Seat 3: Mahu2021 (489 in chips) 
Zamborja09: posts small blind 20
Mahu2021: posts big blind 40
*** HOLE CARDS ***
Dealt to Mahu2021 [7h 6s]
Zamborja09: calls 20
Mahu2021: checks 
*** FLOP *** [Kc 9c Js]
Mahu2021: checks 
Zamborja09: bets 40
Mahu2021: folds 
Uncalled bet (40) returned to Zamborja09
Zamborja09 collected 80 from pot
Zamborja09: doesn't show hand 
*** SUMMARY ***
Total pot 80 | Rake 0 
Board [Kc 9c Js]
Seat 2: Zamborja09 (button) (small blind) collected (80)
Seat 3: Mahu2021 (big blind) folded on the Flop



PokerStars Hand #247523811941: Tournament #3683142800, $1.84+$0.16 USD Hold'em No Limit - Level III (20/40) - 2023/12/07 9:53:31 CET [2023/12/07 3:53:31 ET]
Table '3683142800 1' 3-max Seat #3 is the button
Seat 2: Zamborja09 (1051 in chips) 
Seat 3: Mahu2021 (449 in chips) 
Mahu2021: posts small blind 20
Zamborja09: posts big blind 40
*** HOLE CARDS ***
Dealt to Mahu2021 [4c 8h]
Mahu2021: folds 
Uncalled bet (20) returned to Zamborja09
Zamborja09 collected 40 from pot
Zamborja09: doesn't show hand 
*** SUMMARY ***
Total pot 40 | Rake 0 
Seat 2: Zamborja09 (big blind) collected (40)
Seat 3: Mahu2021 (button) (small blind) folded before Flop



PokerStars Hand #247523812445: Tournament #3683142800, $1.84+$0.16 USD Hold'em No Limit - Level III (20/40) - 2023/12/07 9:53:35 CET [2023/12/07 3:53:35 ET]
Table '3683142800 1' 3-max Seat #2 is the button
Seat 2: Zamborja09 (1071 in chips) 
Seat 3: Mahu2021 (429 in chips) 
Zamborja09: posts small blind 20
Mahu2021: posts big blind 40
*** HOLE CARDS ***
Dealt to Mahu2021 [Qs Kc]
Zamborja09: calls 20
Mahu2021: raises 120 to 160
Zamborja09: folds 
Uncalled bet (120) returned to Mahu2021
Mahu2021 collected 80 from pot
Mahu2021: doesn't show hand 
*** SUMMARY ***
Total pot 80 | Rake 0 
Seat 2: Zamborja09 (button) (small blind) folded before Flop
Seat 3: Mahu2021 (big blind) collected (80)



PokerStars Hand #247523813304: Tournament #3683142800, $1.84+$0.16 USD Hold'em No Limit - Level III (20/40) - 2023/12/07 9:53:44 CET [2023/12/07 3:53:44 ET]
Table '3683142800 1' 3-max Seat #3 is the button
Seat 2: Zamborja09 (1031 in chips) 
Seat 3: Mahu2021 (469 in chips) 
Mahu2021: posts small blind 20
Zamborja09: posts big blind 40
*** HOLE CARDS ***
Dealt to Mahu2021 [Js 2d]
Mahu2021: calls 20
Zamborja09: raises 991 to 1031 and is all-in
Mahu2021: folds 
Uncalled bet (991) returned to Zamborja09
Zamborja09 collected 80 from pot
Zamborja09: doesn't show hand 
*** SUMMARY ***
Total pot 80 | Rake 0 
Seat 2: Zamborja09 (big blind) collected (80)
Seat 3: Mahu2021 (button) (small blind) folded before Flop



PokerStars Hand #247523814185: Tournament #3683142800, $1.84+$0.16 USD Hold'em No Limit - Level III (20/40) - 2023/12/07 9:53:52 CET [2023/12/07 3:53:52 ET]
Table '3683142800 1' 3-max Seat #2 is the button
Seat 2: Zamborja09 (1071 in chips) 
Seat 3: Mahu2021 (429 in chips) 
Zamborja09: posts small blind 20
Mahu2021: posts big blind 40
*** HOLE CARDS ***
Dealt to Mahu2021 [Jh 9c]
Zamborja09: folds 
Uncalled bet (20) returned to Mahu2021
Mahu2021 collected 40 from pot
Mahu2021: doesn't show hand 
*** SUMMARY ***
Total pot 40 | Rake 0 
Seat 2: Zamborja09 (button) (small blind) folded before Flop
Seat 3: Mahu2021 (big blind) collected (40)



PokerStars Hand #247523814745: Tournament #3683142800, $1.84+$0.16 USD Hold'em No Limit - Level III (20/40) - 2023/12/07 9:53:57 CET [2023/12/07 3:53:57 ET]
Table '3683142800 1' 3-max Seat #3 is the button
Seat 2: Zamborja09 (1051 in chips) 
Seat 3: Mahu2021 (449 in chips) 
Mahu2021: posts small blind 20
Zamborja09: posts big blind 40
*** HOLE CARDS ***
Dealt to Mahu2021 [3s 4s]
Mahu2021: calls 20
Zamborja09: checks 
*** FLOP *** [5s 3h Ah]
Zamborja09: checks 
Mahu2021: bets 40
Zamborja09: calls 40
*** TURN *** [5s 3h Ah] [6c]
Zamborja09: checks 
Mahu2021: bets 160
Zamborja09: folds 
Uncalled bet (160) returned to Mahu2021
Mahu2021 collected 160 from pot
Mahu2021: doesn't show hand 
*** SUMMARY ***
Total pot 160 | Rake 0 
Board [5s 3h Ah 6c]
Seat 2: Zamborja09 (big blind) folded on the Turn
Seat 3: Mahu2021 (button) (small blind) collected (160)



PokerStars Hand #247523816613: Tournament #3683142800, $1.84+$0.16 USD Hold'em No Limit - Level III (20/40) - 2023/12/07 9:54:15 CET [2023/12/07 3:54:15 ET]
Table '3683142800 1' 3-max Seat #2 is the button
Seat 2: Zamborja09 (971 in chips) 
Seat 3: Mahu2021 (529 in chips) 
Zamborja09: posts small blind 20
Mahu2021: posts big blind 40
*** HOLE CARDS ***
Dealt to Mahu2021 [Tc Js]
Zamborja09: raises 100 to 140
Mahu2021: calls 100
*** FLOP *** [3s 2h 8d]
Mahu2021: checks 
Zamborja09: bets 90
Mahu2021: folds 
Uncalled bet (90) returned to Zamborja09
Zamborja09 collected 280 from pot
Zamborja09: doesn't show hand 
*** SUMMARY ***
Total pot 280 | Rake 0 
Board [3s 2h 8d]
Seat 2: Zamborja09 (button) (small blind) collected (280)
Seat 3: Mahu2021 (big blind) folded on the Flop



PokerStars Hand #247523818314: Tournament #3683142800, $1.84+$0.16 USD Hold'em No Limit - Level IV (30/60) - 2023/12/07 9:54:32 CET [2023/12/07 3:54:32 ET]
Table '3683142800 1' 3-max Seat #3 is the button
Seat 2: Zamborja09 (1111 in chips) 
Seat 3: Mahu2021 (389 in chips) 
Mahu2021: posts small blind 30
Zamborja09: posts big blind 60
*** HOLE CARDS ***
Dealt to Mahu2021 [Qc 2s]
Mahu2021: folds 
Uncalled bet (30) returned to Zamborja09
Zamborja09 collected 60 from pot
Zamborja09: doesn't show hand 
*** SUMMARY ***
Total pot 60 | Rake 0 
Seat 2: Zamborja09 (big blind) collected (60)
Seat 3: Mahu2021 (button) (small blind) folded before Flop



PokerStars Hand #247523818784: Tournament #3683142800, $1.84+$0.16 USD Hold'em No Limit - Level IV (30/60) - 2023/12/07 9:54:36 CET [2023/12/07 3:54:36 ET]
Table '3683142800 1' 3-max Seat #2 is the button
Seat 2: Zamborja09 (1141 in chips) 
Seat 3: Mahu2021 (359 in chips) 
Zamborja09: posts small blind 30
Mahu2021: posts big blind 60
*** HOLE CARDS ***
Dealt to Mahu2021 [Js Ah]
Zamborja09: raises 60 to 120
Mahu2021: raises 239 to 359 and is all-in
Zamborja09: folds 
Uncalled bet (239) returned to Mahu2021
Mahu2021 collected 240 from pot
Mahu2021: doesn't show hand 
*** SUMMARY ***
Total pot 240 | Rake 0 
Seat 2: Zamborja09 (button) (small blind) folded before Flop
Seat 3: Mahu2021 (big blind) collected (240)



PokerStars Hand #247523819919: Tournament #3683142800, $1.84+$0.16 USD Hold'em No Limit - Level IV (30/60) - 2023/12/07 9:54:47 CET [2023/12/07 3:54:47 ET]
Table '3683142800 1' 3-max Seat #3 is the button
Seat 2: Zamborja09 (1021 in chips) 
Seat 3: Mahu2021 (479 in chips) 
Mahu2021: posts small blind 30
Zamborja09: posts big blind 60
*** HOLE CARDS ***
Dealt to Mahu2021 [Ts 5h]
Mahu2021: folds 
Uncalled bet (30) returned to Zamborja09
Zamborja09 collected 60 from pot
Zamborja09: doesn't show hand 
*** SUMMARY ***
Total pot 60 | Rake 0 
Seat 2: Zamborja09 (big blind) collected (60)
Seat 3: Mahu2021 (button) (small blind) folded before Flop



PokerStars Hand #247523820456: Tournament #3683142800, $1.84+$0.16 USD Hold'em No Limit - Level IV (30/60) - 2023/12/07 9:54:52 CET [2023/12/07 3:54:52 ET]
Table '3683142800 1' 3-max Seat #2 is the button
Seat 2: Zamborja09 (1051 in chips) 
Seat 3: Mahu2021 (449 in chips) 
Zamborja09: posts small blind 30
Mahu2021: posts big blind 60
*** HOLE CARDS ***
Dealt to Mahu2021 [4c 2h]
Zamborja09: calls 30
Mahu2021: checks 
*** FLOP *** [4s 4h 8s]
Mahu2021: checks 
Zamborja09: bets 60
Mahu2021: calls 60
*** TURN *** [4s 4h 8s] [7d]
Mahu2021: checks 
Zamborja09: bets 149
Mahu2021: raises 149 to 298
Zamborja09: calls 149
*** RIVER *** [4s 4h 8s 7d] [6s]
Mahu2021: bets 31 and is all-in
Zamborja09: calls 31
*** SHOW DOWN ***
Mahu2021: shows [4c 2h] (three of a kind, Fours)
Zamborja09: shows [8c 9s] (two pair, Eights and Fours)
Mahu2021 collected 898 from pot
*** SUMMARY ***
Total pot 898 | Rake 0 
Board [4s 4h 8s 7d 6s]
Seat 2: Zamborja09 (button) (small blind) showed [8c 9s] and lost with two pair, Eights and Fours
Seat 3: Mahu2021 (big blind) showed [4c 2h] and won (898) with three of a kind, Fours



PokerStars Hand #247523822852: Tournament #3683142800, $1.84+$0.16 USD Hold'em No Limit - Level IV (30/60) - 2023/12/07 9:55:16 CET [2023/12/07 3:55:16 ET]
Table '3683142800 1' 3-max Seat #3 is the button
Seat 2: Zamborja09 (602 in chips) 
Seat 3: Mahu2021 (898 in chips) 
Mahu2021: posts small blind 30
Zamborja09: posts big blind 60
*** HOLE CARDS ***
Dealt to Mahu2021 [Qh 8d]
Mahu2021: calls 30
Zamborja09: checks 
*** FLOP *** [4c 3h 2d]
Zamborja09: checks 
Mahu2021: checks 
*** TURN *** [4c 3h 2d] [2c]
Zamborja09: bets 60
Mahu2021: folds 
Uncalled bet (60) returned to Zamborja09
Zamborja09 collected 120 from pot
Zamborja09: doesn't show hand 
*** SUMMARY ***
Total pot 120 | Rake 0 
Board [4c 3h 2d 2c]
Seat 2: Zamborja09 (big blind) collected (120)
Seat 3: Mahu2021 (button) (small blind) folded on the Turn



PokerStars Hand #247523824123: Tournament #3683142800, $1.84+$0.16 USD Hold'em No Limit - Level IV (30/60) - 2023/12/07 9:55:31 CET [2023/12/07 3:55:31 ET]
Table '3683142800 1' 3-max Seat #2 is the button
Seat 2: Zamborja09 (662 in chips) 
Seat 3: Mahu2021 (838 in chips) 
Zamborja09: posts small blind 30
Mahu2021: posts big blind 60
*** HOLE CARDS ***
Dealt to Mahu2021 [6c 5s]
Zamborja09: calls 30
Mahu2021: checks 
*** FLOP *** [4d 8h Kc]
Mahu2021: checks 
Zamborja09: bets 60
Mahu2021: folds 
Uncalled bet (60) returned to Zamborja09
Zamborja09 collected 120 from pot
Zamborja09: doesn't show hand 
*** SUMMARY ***
Total pot 120 | Rake 0 
Board [4d 8h Kc]
Seat 2: Zamborja09 (button) (small blind) collected (120)
Seat 3: Mahu2021 (big blind) folded on the Flop



PokerStars Hand #247523825500: Tournament #3683142800, $1.84+$0.16 USD Hold'em No Limit - Level IV (30/60) - 2023/12/07 9:55:46 CET [2023/12/07 3:55:46 ET]
Table '3683142800 1' 3-max Seat #3 is the button
Seat 2: Zamborja09 (722 in chips) 
Seat 3: Mahu2021 (778 in chips) 
Mahu2021: posts small blind 30
Zamborja09: posts big blind 60
*** HOLE CARDS ***
Dealt to Mahu2021 [8s Ts]
Mahu2021: calls 30
Zamborja09: checks 
*** FLOP *** [4c Kc Qh]
Zamborja09: checks 
Mahu2021: bets 60
Zamborja09: folds 
Uncalled bet (60) returned to Mahu2021
Mahu2021 collected 120 from pot
Mahu2021: doesn't show hand 
*** SUMMARY ***
Total pot 120 | Rake 0 
Board [4c Kc Qh]
Seat 2: Zamborja09 (big blind) folded on the Flop
Seat 3: Mahu2021 (button) (small blind) collected (120)



PokerStars Hand #247523826481: Tournament #3683142800, $1.84+$0.16 USD Hold'em No Limit - Level IV (30/60) - 2023/12/07 9:55:56 CET [2023/12/07 3:55:56 ET]
Table '3683142800 1' 3-max Seat #2 is the button
Seat 2: Zamborja09 (662 in chips) 
Seat 3: Mahu2021 (838 in chips) 
Zamborja09: posts small blind 30
Mahu2021: posts big blind 60
*** HOLE CARDS ***
Dealt to Mahu2021 [4c 8h]
Zamborja09: raises 150 to 210
Mahu2021: folds 
Uncalled bet (150) returned to Zamborja09
Zamborja09 collected 120 from pot
Zamborja09: doesn't show hand 
*** SUMMARY ***
Total pot 120 | Rake 0 
Seat 2: Zamborja09 (button) (small blind) collected (120)
Seat 3: Mahu2021 (big blind) folded before Flop



PokerStars Hand #247523827259: Tournament #3683142800, $1.84+$0.16 USD Hold'em No Limit - Level IV (30/60) - 2023/12/07 9:56:05 CET [2023/12/07 3:56:05 ET]
Table '3683142800 1' 3-max Seat #3 is the button
Seat 2: Zamborja09 (722 in chips) 
Seat 3: Mahu2021 (778 in chips) 
Mahu2021: posts small blind 30
Zamborja09: posts big blind 60
*** HOLE CARDS ***
Dealt to Mahu2021 [8h 5h]
Mahu2021: calls 30
Zamborja09: checks 
*** FLOP *** [3s 4h Jd]
Zamborja09: bets 60
Mahu2021: folds 
Uncalled bet (60) returned to Zamborja09
Zamborja09 collected 120 from pot
Zamborja09: doesn't show hand 
*** SUMMARY ***
Total pot 120 | Rake 0 
Board [3s 4h Jd]
Seat 2: Zamborja09 (big blind) collected (120)
Seat 3: Mahu2021 (button) (small blind) folded on the Flop



PokerStars Hand #247523828156: Tournament #3683142800, $1.84+$0.16 USD Hold'em No Limit - Level IV (30/60) - 2023/12/07 9:56:14 CET [2023/12/07 3:56:14 ET]
Table '3683142800 1' 3-max Seat #2 is the button
Seat 2: Zamborja09 (782 in chips) 
Seat 3: Mahu2021 (718 in chips) 
Zamborja09: posts small blind 30
Mahu2021: posts big blind 60
*** HOLE CARDS ***
Dealt to Mahu2021 [7c 3d]
Zamborja09: calls 30
Mahu2021: checks 
*** FLOP *** [6s As 7s]
Mahu2021: checks 
Zamborja09: checks 
*** TURN *** [6s As 7s] [5d]
Mahu2021: checks 
Zamborja09: checks 
*** RIVER *** [6s As 7s 5d] [2h]
Mahu2021: bets 60
Zamborja09: folds 
Uncalled bet (60) returned to Mahu2021
Mahu2021 collected 120 from pot
Mahu2021: doesn't show hand 
*** SUMMARY ***
Total pot 120 | Rake 0 
Board [6s As 7s 5d 2h]
Seat 2: Zamborja09 (button) (small blind) folded on the River
Seat 3: Mahu2021 (big blind) collected (120)



PokerStars Hand #247523830001: Tournament #3683142800, $1.84+$0.16 USD Hold'em No Limit - Level V (40/80) - 2023/12/07 9:56:34 CET [2023/12/07 3:56:34 ET]
Table '3683142800 1' 3-max Seat #3 is the button
Seat 2: Zamborja09 (722 in chips) 
Seat 3: Mahu2021 (778 in chips) 
Mahu2021: posts small blind 40
Zamborja09: posts big blind 80
*** HOLE CARDS ***
Dealt to Mahu2021 [Kh Qc]
Mahu2021: raises 80 to 160
Zamborja09: folds 
Uncalled bet (80) returned to Mahu2021
Mahu2021 collected 160 from pot
Mahu2021: doesn't show hand 
*** SUMMARY ***
Total pot 160 | Rake 0 
Seat 2: Zamborja09 (big blind) folded before Flop
Seat 3: Mahu2021 (button) (small blind) collected (160)



PokerStars Hand #247523830566: Tournament #3683142800, $1.84+$0.16 USD Hold'em No Limit - Level V (40/80) - 2023/12/07 9:56:40 CET [2023/12/07 3:56:40 ET]
Table '3683142800 1' 3-max Seat #2 is the button
Seat 2: Zamborja09 (642 in chips) 
Seat 3: Mahu2021 (858 in chips) 
Zamborja09: posts small blind 40
Mahu2021: posts big blind 80
*** HOLE CARDS ***
Dealt to Mahu2021 [5s 7d]
Zamborja09: raises 80 to 160
Mahu2021: calls 80
*** FLOP *** [3c 7h Ts]
Mahu2021: bets 698 and is all-in
Zamborja09: folds 
Uncalled bet (698) returned to Mahu2021
Mahu2021 collected 320 from pot
Mahu2021: doesn't show hand 
*** SUMMARY ***
Total pot 320 | Rake 0 
Board [3c 7h Ts]
Seat 2: Zamborja09 (button) (small blind) folded on the Flop
Seat 3: Mahu2021 (big blind) collected (320)



PokerStars Hand #247523831648: Tournament #3683142800, $1.84+$0.16 USD Hold'em No Limit - Level V (40/80) - 2023/12/07 9:56:52 CET [2023/12/07 3:56:52 ET]
Table '3683142800 1' 3-max Seat #3 is the button
Seat 2: Zamborja09 (482 in chips) 
Seat 3: Mahu2021 (1018 in chips) 
Mahu2021: posts small blind 40
Zamborja09: posts big blind 80
*** HOLE CARDS ***
Dealt to Mahu2021 [7h Kd]
Mahu2021: raises 80 to 160
Zamborja09: calls 80
*** FLOP *** [9h 8h 8d]
Zamborja09: checks 
Mahu2021: checks 
*** TURN *** [9h 8h 8d] [5c]
Zamborja09: bets 198
Mahu2021: folds 
Uncalled bet (198) returned to Zamborja09
Zamborja09 collected 320 from pot
Zamborja09: doesn't show hand 
*** SUMMARY ***
Total pot 320 | Rake 0 
Board [9h 8h 8d 5c]
Seat 2: Zamborja09 (big blind) collected (320)
Seat 3: Mahu2021 (button) (small blind) folded on the Turn



PokerStars Hand #247523833266: Tournament #3683142800, $1.84+$0.16 USD Hold'em No Limit - Level V (40/80) - 2023/12/07 9:57:09 CET [2023/12/07 3:57:09 ET]
Table '3683142800 1' 3-max Seat #2 is the button
Seat 2: Zamborja09 (642 in chips) 
Seat 3: Mahu2021 (858 in chips) 
Zamborja09: posts small blind 40
Mahu2021: posts big blind 80
*** HOLE CARDS ***
Dealt to Mahu2021 [Qh 8h]
Zamborja09: folds 
Uncalled bet (40) returned to Mahu2021
Mahu2021 collected 80 from pot
Mahu2021: doesn't show hand 
*** SUMMARY ***
Total pot 80 | Rake 0 
Seat 2: Zamborja09 (button) (small blind) folded before Flop
Seat 3: Mahu2021 (big blind) collected (80)



PokerStars Hand #247523833711: Tournament #3683142800, $1.84+$0.16 USD Hold'em No Limit - Level V (40/80) - 2023/12/07 9:57:14 CET [2023/12/07 3:57:14 ET]
Table '3683142800 1' 3-max Seat #3 is the button
Seat 2: Zamborja09 (602 in chips) 
Seat 3: Mahu2021 (898 in chips) 
Mahu2021: posts small blind 40
Zamborja09: posts big blind 80
*** HOLE CARDS ***
Dealt to Mahu2021 [Js 2c]
Mahu2021: calls 40
Zamborja09: checks 
*** FLOP *** [5s 4s Ts]
Zamborja09: bets 80
Mahu2021: calls 80
*** TURN *** [5s 4s Ts] [3c]
Zamborja09: checks 
Mahu2021: bets 738 and is all-in
Zamborja09: calls 442 and is all-in
Uncalled bet (296) returned to Mahu2021
*** RIVER *** [5s 4s Ts 3c] [Th]
*** SHOW DOWN ***
Zamborja09: shows [Qs 4h] (two pair, Tens and Fours)
Mahu2021: shows [Js 2c] (a pair of Tens)
Zamborja09 collected 1204 from pot
*** SUMMARY ***
Total pot 1204 | Rake 0 
Board [5s 4s Ts 3c Th]
Seat 2: Zamborja09 (big blind) showed [Qs 4h] and won (1204) with two pair, Tens and Fours
Seat 3: Mahu2021 (button) (small blind) showed [Js 2c] and lost with a pair of Tens



PokerStars Hand #247523835956: Tournament #3683142800, $1.84+$0.16 USD Hold'em No Limit - Level V (40/80) - 2023/12/07 9:57:38 CET [2023/12/07 3:57:38 ET]
Table '3683142800 1' 3-max Seat #2 is the button
Seat 2: Zamborja09 (1204 in chips) 
Seat 3: Mahu2021 (296 in chips) 
Zamborja09: posts small blind 40
Mahu2021: posts big blind 80
*** HOLE CARDS ***
Dealt to Mahu2021 [5s Kd]
Zamborja09: raises 1124 to 1204 and is all-in
Mahu2021: calls 216 and is all-in
Uncalled bet (908) returned to Zamborja09
*** FLOP *** [6h Kc Kh]
*** TURN *** [6h Kc Kh] [2h]
*** RIVER *** [6h Kc Kh 2h] [4h]
*** SHOW DOWN ***
Mahu2021: shows [5s Kd] (three of a kind, Kings)
Zamborja09: shows [4s 4c] (a full house, Fours full of Kings)
Zamborja09 collected 592 from pot
Mahu2021 finished the tournament in 2nd place
Zamborja09 wins the tournament and receives $4.00 - congratulations!
*** SUMMARY ***
Total pot 592 | Rake 0 
Board [6h Kc Kh 2h 4h]
Seat 2: Zamborja09 (button) (small blind) showed [4s 4c] and won (592) with a full house, Fours full of Kings
Seat 3: Mahu2021 (big blind) showed [5s Kd] and lost with three of a kind, Kings



