PokerStars Zoom Hand #254569134192:  Hold'em No Limit ($0.05/$0.10) - 2025/01/26 21:57:25 CET [2025/01/26 15:57:25 ET]
Table 'Aludra' 6-max Seat #1 is the button
Seat 1: Haesigster ($11 in chips) 
Seat 2: felga1987 ($7.40 in chips) 
Seat 3: Mahu2021 ($10 in chips) 
Seat 4: raiolazer12 ($16.20 in chips) 
Seat 5: pericotete ($10.95 in chips) 
Seat 6: DonZordon ($12.01 in chips) 
felga1987: posts small blind $0.05
Mahu2021: posts big blind $0.10
*** HOLE CARDS ***
Dealt to Mahu2021 [Kd 6d]
raiolazer12: folds 
pericotete: folds 
DonZordon: folds 
Haesigster: calls $0.10
felga1987: folds 
Mahu2021: checks 
*** FLOP *** [Qc Qs Td]
Mahu2021: checks 
Haesigster: checks 
*** TURN *** [Qc Qs Td] [Qh]
Mahu2021: checks 
Haesigster: checks 
*** RIVER *** [Qc Qs Td Qh] [As]
Mahu2021: checks 
Haesigster: bets $0.20
Mahu2021: calls $0.20
*** SHOW DOWN ***
Haesigster: shows [3h 4h] (three of a kind, Queens)
Mahu2021: shows [Kd 6d] (three of a kind, Queens - Ace+King kicker)
Mahu2021 collected $0.62 from pot
*** SUMMARY ***
Total pot $0.65 | Rake $0.03 
Board [Qc Qs Td Qh As]
Seat 1: Haesigster (button) showed [3h 4h] and lost with three of a kind, Queens
Seat 2: felga1987 (small blind) folded before Flop
Seat 3: Mahu2021 (big blind) showed [Kd 6d] and won ($0.62) with three of a kind, Queens
Seat 4: raiolazer12 folded before Flop (didn't bet)
Seat 5: pericotete folded before Flop (didn't bet)
Seat 6: DonZordon folded before Flop (didn't bet)



PokerStars Zoom Hand #254569139834:  Hold'em No Limit ($0.05/$0.10) - 2025/01/26 21:57:52 CET [2025/01/26 15:57:52 ET]
Table 'Aludra' 6-max Seat #1 is the button
Seat 1: Articcathartic ($16.33 in chips) 
Seat 2: Mahu2021 ($10.32 in chips) 
Seat 3: Haesigster ($10.70 in chips) 
Seat 4: vovo4kapooh ($15.45 in chips) 
Seat 5: vitalis2828 ($14.26 in chips) 
Seat 6: Siul0619 ($15.70 in chips) 
Mahu2021: posts small blind $0.05
Haesigster: posts big blind $0.10
*** HOLE CARDS ***
Dealt to Mahu2021 [3c 8c]
vovo4kapooh: raises $0.15 to $0.25
vitalis2828: folds 
Siul0619: folds 
Articcathartic: folds 
Mahu2021: folds 
Haesigster: folds 
Uncalled bet ($0.15) returned to vovo4kapooh
vovo4kapooh collected $0.25 from pot
vovo4kapooh: doesn't show hand 
*** SUMMARY ***
Total pot $0.25 | Rake $0 
Seat 1: Articcathartic (button) folded before Flop (didn't bet)
Seat 2: Mahu2021 (small blind) folded before Flop
Seat 3: Haesigster (big blind) folded before Flop
Seat 4: vovo4kapooh collected ($0.25)
Seat 5: vitalis2828 folded before Flop (didn't bet)
Seat 6: Siul0619 folded before Flop (didn't bet)



PokerStars Zoom Hand #254569140650:  Hold'em No Limit ($0.05/$0.10) - 2025/01/26 21:57:56 CET [2025/01/26 15:57:56 ET]
Table 'Aludra' 6-max Seat #1 is the button
Seat 1: Mahu2021 ($10.27 in chips) 
Seat 2: pericotete ($10.85 in chips) 
Seat 3: fransisco 234 ($10 in chips) 
Seat 4: Liberator358 ($9.33 in chips) 
Seat 5: tallist_jm ($24.93 in chips) 
Seat 6: DonZordon ($11.57 in chips) 
pericotete: posts small blind $0.05
fransisco 234: posts big blind $0.10
*** HOLE CARDS ***
Dealt to Mahu2021 [8c Ad]
Liberator358: folds 
tallist_jm: calls $0.10
DonZordon: folds 
Mahu2021: calls $0.10
pericotete: folds 
fransisco 234: checks 
*** FLOP *** [Qh 7d 4s]
fransisco 234: checks 
tallist_jm: checks 
Mahu2021: checks 
*** TURN *** [Qh 7d 4s] [3d]
fransisco 234: checks 
tallist_jm: bets $0.20
Mahu2021: folds 
fransisco 234: folds 
Uncalled bet ($0.20) returned to tallist_jm
tallist_jm collected $0.33 from pot
tallist_jm: doesn't show hand 
*** SUMMARY ***
Total pot $0.35 | Rake $0.02 
Board [Qh 7d 4s 3d]
Seat 1: Mahu2021 (button) folded on the Turn
Seat 2: pericotete (small blind) folded before Flop
Seat 3: fransisco 234 (big blind) folded on the Turn
Seat 4: Liberator358 folded before Flop (didn't bet)
Seat 5: tallist_jm collected ($0.33)
Seat 6: DonZordon folded before Flop (didn't bet)



PokerStars Zoom Hand #254569148278:  Hold'em No Limit ($0.05/$0.10) - 2025/01/26 21:58:31 CET [2025/01/26 15:58:31 ET]
Table 'Aludra' 6-max Seat #1 is the button
Seat 1: offodds ($13.92 in chips) 
Seat 2: Ruslan Pro13 ($9.72 in chips) 
Seat 3: RealN4p ($10.40 in chips) 
Seat 4: Rocaillaux ($3.70 in chips) 
Seat 5: ZookeeperBoy ($11.20 in chips) 
Seat 6: Mahu2021 ($10.17 in chips) 
Ruslan Pro13: posts small blind $0.05
RealN4p: posts big blind $0.10
*** HOLE CARDS ***
Dealt to Mahu2021 [Ad 7s]
Rocaillaux: folds 
ZookeeperBoy: folds 
Mahu2021: raises $0.20 to $0.30
offodds: folds 
Ruslan Pro13: folds 
RealN4p: folds 
Uncalled bet ($0.20) returned to Mahu2021
Mahu2021 collected $0.25 from pot
Mahu2021: doesn't show hand 
*** SUMMARY ***
Total pot $0.25 | Rake $0 
Seat 1: offodds (button) folded before Flop (didn't bet)
Seat 2: Ruslan Pro13 (small blind) folded before Flop
Seat 3: RealN4p (big blind) folded before Flop
Seat 4: Rocaillaux folded before Flop (didn't bet)
Seat 5: ZookeeperBoy folded before Flop (didn't bet)
Seat 6: Mahu2021 collected ($0.25)



PokerStars Zoom Hand #254569151995:  Hold'em No Limit ($0.05/$0.10) - 2025/01/26 21:58:48 CET [2025/01/26 15:58:48 ET]
Table 'Aludra' 6-max Seat #1 is the button
Seat 1: Andrey458 ($14.52 in chips) 
Seat 2: RealN4p ($10.30 in chips) 
Seat 3: wackerbgd ($11.06 in chips) 
Seat 4: Mahu2021 ($10.32 in chips) 
Seat 5: Liberator358 ($10.83 in chips) 
Seat 6: digones88 ($22.96 in chips) 
RealN4p: posts small blind $0.05
wackerbgd: posts big blind $0.10
*** HOLE CARDS ***
Dealt to Mahu2021 [2d Qc]
Mahu2021: folds 
Liberator358: folds 
digones88: folds 
Andrey458: folds 
RealN4p: folds 
Uncalled bet ($0.05) returned to wackerbgd
wackerbgd collected $0.10 from pot
wackerbgd: doesn't show hand 
*** SUMMARY ***
Total pot $0.10 | Rake $0 
Seat 1: Andrey458 (button) folded before Flop (didn't bet)
Seat 2: RealN4p (small blind) folded before Flop
Seat 3: wackerbgd (big blind) collected ($0.10)
Seat 4: Mahu2021 folded before Flop (didn't bet)
Seat 5: Liberator358 folded before Flop (didn't bet)
Seat 6: digones88 folded before Flop (didn't bet)



PokerStars Zoom Hand #254569152851:  Hold'em No Limit ($0.05/$0.10) - 2025/01/26 21:58:51 CET [2025/01/26 15:58:51 ET]
Table 'Aludra' 6-max Seat #1 is the button
Seat 1: Veeloop ($15.32 in chips) 
Seat 2: Liberator358 ($10.83 in chips) 
Seat 3: Siul0619 ($18.93 in chips) 
Seat 4: geo3pokerr ($13.49 in chips) 
Seat 5: Ruslan Pro13 ($8.80 in chips) 
Seat 6: Mahu2021 ($10.32 in chips) 
Liberator358: posts small blind $0.05
Siul0619: posts big blind $0.10
*** HOLE CARDS ***
Dealt to Mahu2021 [7d Ts]
geo3pokerr: folds 
Ruslan Pro13: folds 
Mahu2021: folds 
Veeloop: raises $0.15 to $0.25
Liberator358: folds 
Siul0619: folds 
Uncalled bet ($0.15) returned to Veeloop
Veeloop collected $0.25 from pot
Veeloop: doesn't show hand 
*** SUMMARY ***
Total pot $0.25 | Rake $0 
Seat 1: Veeloop (button) collected ($0.25)
Seat 2: Liberator358 (small blind) folded before Flop
Seat 3: Siul0619 (big blind) folded before Flop
Seat 4: geo3pokerr folded before Flop (didn't bet)
Seat 5: Ruslan Pro13 folded before Flop (didn't bet)
Seat 6: Mahu2021 folded before Flop (didn't bet)



PokerStars Zoom Hand #254569153376:  Hold'em No Limit ($0.05/$0.10) - 2025/01/26 21:58:54 CET [2025/01/26 15:58:54 ET]
Table 'Aludra' 6-max Seat #1 is the button
Seat 1: mik505 ($10.30 in chips) 
Seat 2: Mahu2021 ($10.32 in chips) 
Seat 3: nikcat7 ($10.41 in chips) 
Seat 4: Bestology ($25.85 in chips) 
Seat 5: wackerbgd ($11.11 in chips) 
Seat 6: AAvsxD ($10 in chips) 
Mahu2021: posts small blind $0.05
nikcat7: posts big blind $0.10
*** HOLE CARDS ***
Dealt to Mahu2021 [Qd Jc]
Bestology: raises $0.10 to $0.20
wackerbgd: calls $0.20
AAvsxD: folds 
mik505: folds 
Mahu2021: calls $0.15
nikcat7: folds 
*** FLOP *** [5d 4h Qs]
Mahu2021: bets $0.67
Bestology: folds 
wackerbgd: calls $0.67
*** TURN *** [5d 4h Qs] [3d]
Mahu2021: checks 
wackerbgd: checks 
*** RIVER *** [5d 4h Qs 3d] [4d]
Mahu2021: checks 
wackerbgd: bets $1.07
Mahu2021: calls $1.07
*** SHOW DOWN ***
wackerbgd: shows [Ts Ah] (a pair of Fours)
Mahu2021: shows [Qd Jc] (two pair, Queens and Fours)
Mahu2021 collected $3.99 from pot
*** SUMMARY ***
Total pot $4.18 | Rake $0.19 
Board [5d 4h Qs 3d 4d]
Seat 1: mik505 (button) folded before Flop (didn't bet)
Seat 2: Mahu2021 (small blind) showed [Qd Jc] and won ($3.99) with two pair, Queens and Fours
Seat 3: nikcat7 (big blind) folded before Flop
Seat 4: Bestology folded on the Flop
Seat 5: wackerbgd showed [Ts Ah] and lost with a pair of Fours
Seat 6: AAvsxD folded before Flop (didn't bet)



