PokerStars Hand #252736567344: Tournament #3807453603, $1.84+$0.16 USD Hold'em No Limit - Level I (10/20) - 2024/10/02 17:42:26 CET [2024/10/02 11:42:26 ET]
Table '3807453603 1' 3-max Seat #1 is the button
Seat 1: atzelupe (500 in chips) 
Seat 2: Mahu2021 (500 in chips) 
Seat 3: mikesyrigos (500 in chips) 
Mahu2021: posts small blind 10
mikesyrigos: posts big blind 20
*** HOLE CARDS ***
Dealt to Mahu2021 [Qs 6h]
atzelupe: calls 20
Mahu2021: calls 10
mikesyrigos: checks 
*** FLOP *** [6s 9c 3d]
Mahu2021: bets 20
mikesyrigos: calls 20
atzelupe: folds 
*** TURN *** [6s 9c 3d] [Jd]
Mahu2021: bets 20
mikesyrigos: calls 20
*** RIVER *** [6s 9c 3d Jd] [4d]
Mahu2021: bets 20
mikesyrigos: raises 60 to 80
Mahu2021: folds 
Uncalled bet (60) returned to mikesyrigos
mikesyrigos collected 180 from pot
*** SUMMARY ***
Total pot 180 | Rake 0 
Board [6s 9c 3d Jd 4d]
Seat 1: atzelupe (button) folded on the Flop
Seat 2: Mahu2021 (small blind) folded on the River
Seat 3: mikesyrigos (big blind) collected (180)



PokerStars Hand #252736571360: Tournament #3807453603, $1.84+$0.16 USD Hold'em No Limit - Level I (10/20) - 2024/10/02 17:42:44 CET [2024/10/02 11:42:44 ET]
Table '3807453603 1' 3-max Seat #2 is the button
Seat 1: atzelupe (480 in chips) 
Seat 2: Mahu2021 (420 in chips) 
Seat 3: mikesyrigos (600 in chips) 
mikesyrigos: posts small blind 10
atzelupe: posts big blind 20
*** HOLE CARDS ***
Dealt to Mahu2021 [Kc 6d]
Mahu2021: folds 
mikesyrigos: calls 10
atzelupe: checks 
*** FLOP *** [3h Th Jd]
mikesyrigos: bets 20
atzelupe: calls 20
*** TURN *** [3h Th Jd] [5d]
mikesyrigos: bets 20
atzelupe: calls 20
*** RIVER *** [3h Th Jd 5d] [9h]
mikesyrigos: bets 20
atzelupe: raises 80 to 100
mikesyrigos: folds 
Uncalled bet (80) returned to atzelupe
atzelupe collected 160 from pot
*** SUMMARY ***
Total pot 160 | Rake 0 
Board [3h Th Jd 5d 9h]
Seat 1: atzelupe (big blind) collected (160)
Seat 2: Mahu2021 (button) folded before Flop (didn't bet)
Seat 3: mikesyrigos (small blind) folded on the River



PokerStars Hand #252736577802: Tournament #3807453603, $1.84+$0.16 USD Hold'em No Limit - Level I (10/20) - 2024/10/02 17:43:14 CET [2024/10/02 11:43:14 ET]
Table '3807453603 1' 3-max Seat #3 is the button
Seat 1: atzelupe (560 in chips) 
Seat 2: Mahu2021 (420 in chips) 
Seat 3: mikesyrigos (520 in chips) 
atzelupe: posts small blind 10
Mahu2021: posts big blind 20
*** HOLE CARDS ***
Dealt to Mahu2021 [2s Jc]
mikesyrigos: folds 
atzelupe: calls 10
Mahu2021: checks 
*** FLOP *** [Jd 6s Kc]
atzelupe: checks 
Mahu2021: bets 20
atzelupe: calls 20
*** TURN *** [Jd 6s Kc] [8c]
atzelupe: checks 
Mahu2021: bets 20
atzelupe: calls 20
*** RIVER *** [Jd 6s Kc 8c] [8s]
atzelupe: checks 
Mahu2021: bets 120
atzelupe: folds 
Uncalled bet (120) returned to Mahu2021
Mahu2021 collected 120 from pot
Mahu2021: doesn't show hand 
*** SUMMARY ***
Total pot 120 | Rake 0 
Board [Jd 6s Kc 8c 8s]
Seat 1: atzelupe (small blind) folded on the River
Seat 2: Mahu2021 (big blind) collected (120)
Seat 3: mikesyrigos (button) folded before Flop (didn't bet)



PokerStars Hand #252736583121: Tournament #3807453603, $1.84+$0.16 USD Hold'em No Limit - Level I (10/20) - 2024/10/02 17:43:39 CET [2024/10/02 11:43:39 ET]
Table '3807453603 1' 3-max Seat #1 is the button
Seat 1: atzelupe (500 in chips) 
Seat 2: Mahu2021 (480 in chips) 
Seat 3: mikesyrigos (520 in chips) 
Mahu2021: posts small blind 10
mikesyrigos: posts big blind 20
*** HOLE CARDS ***
Dealt to Mahu2021 [5c 3s]
atzelupe: folds 
Mahu2021: calls 10
mikesyrigos: checks 
*** FLOP *** [Qs 3c 9s]
Mahu2021: bets 20
mikesyrigos: folds 
Uncalled bet (20) returned to Mahu2021
Mahu2021 collected 40 from pot
Mahu2021: doesn't show hand 
*** SUMMARY ***
Total pot 40 | Rake 0 
Board [Qs 3c 9s]
Seat 1: atzelupe (button) folded before Flop (didn't bet)
Seat 2: Mahu2021 (small blind) collected (40)
Seat 3: mikesyrigos (big blind) folded on the Flop



PokerStars Hand #252736585654: Tournament #3807453603, $1.84+$0.16 USD Hold'em No Limit - Level I (10/20) - 2024/10/02 17:43:51 CET [2024/10/02 11:43:51 ET]
Table '3807453603 1' 3-max Seat #2 is the button
Seat 1: atzelupe (500 in chips) 
Seat 2: Mahu2021 (500 in chips) 
Seat 3: mikesyrigos (500 in chips) 
mikesyrigos: posts small blind 10
atzelupe: posts big blind 20
*** HOLE CARDS ***
Dealt to Mahu2021 [Td 9c]
Mahu2021: folds 
mikesyrigos: calls 10
atzelupe: checks 
*** FLOP *** [Qd 6c Js]
mikesyrigos: checks 
atzelupe: checks 
*** TURN *** [Qd 6c Js] [5d]
mikesyrigos: checks 
atzelupe: checks 
*** RIVER *** [Qd 6c Js 5d] [2c]
mikesyrigos: checks 
atzelupe: checks 
*** SHOW DOWN ***
mikesyrigos: shows [4s 9s] (high card Queen)
atzelupe: shows [7c As] (high card Ace)
atzelupe collected 40 from pot
*** SUMMARY ***
Total pot 40 | Rake 0 
Board [Qd 6c Js 5d 2c]
Seat 1: atzelupe (big blind) showed [7c As] and won (40) with high card Ace
Seat 2: Mahu2021 (button) folded before Flop (didn't bet)
Seat 3: mikesyrigos (small blind) showed [4s 9s] and lost with high card Queen



PokerStars Hand #252736591172: Tournament #3807453603, $1.84+$0.16 USD Hold'em No Limit - Level I (10/20) - 2024/10/02 17:44:16 CET [2024/10/02 11:44:16 ET]
Table '3807453603 1' 3-max Seat #3 is the button
Seat 1: atzelupe (520 in chips) 
Seat 2: Mahu2021 (500 in chips) 
Seat 3: mikesyrigos (480 in chips) 
atzelupe: posts small blind 10
Mahu2021: posts big blind 20
*** HOLE CARDS ***
Dealt to Mahu2021 [2h 6d]
mikesyrigos: folds 
atzelupe: calls 10
Mahu2021: checks 
*** FLOP *** [Th 2s 3s]
atzelupe: checks 
Mahu2021: bets 20
atzelupe: calls 20
*** TURN *** [Th 2s 3s] [7c]
atzelupe: checks 
Mahu2021: checks 
*** RIVER *** [Th 2s 3s 7c] [4d]
atzelupe: checks 
Mahu2021: checks 
*** SHOW DOWN ***
atzelupe: shows [2c Kd] (a pair of Deuces)
Mahu2021: mucks hand 
atzelupe collected 80 from pot
*** SUMMARY ***
Total pot 80 | Rake 0 
Board [Th 2s 3s 7c 4d]
Seat 1: atzelupe (small blind) showed [2c Kd] and won (80) with a pair of Deuces
Seat 2: Mahu2021 (big blind) mucked [2h 6d]
Seat 3: mikesyrigos (button) folded before Flop (didn't bet)



PokerStars Hand #252736595869: Tournament #3807453603, $1.84+$0.16 USD Hold'em No Limit - Level II (15/30) - 2024/10/02 17:44:38 CET [2024/10/02 11:44:38 ET]
Table '3807453603 1' 3-max Seat #1 is the button
Seat 1: atzelupe (560 in chips) 
Seat 2: Mahu2021 (460 in chips) 
Seat 3: mikesyrigos (480 in chips) 
Mahu2021: posts small blind 15
mikesyrigos: posts big blind 30
*** HOLE CARDS ***
Dealt to Mahu2021 [Jc 8d]
atzelupe: folds 
Mahu2021: raises 30 to 60
mikesyrigos: calls 30
*** FLOP *** [Tc 3s Kh]
Mahu2021: checks 
mikesyrigos: checks 
*** TURN *** [Tc 3s Kh] [Qd]
Mahu2021: checks 
mikesyrigos: bets 90
Mahu2021: calls 90
*** RIVER *** [Tc 3s Kh Qd] [6h]
Mahu2021: checks 
mikesyrigos: bets 330 and is all-in
Mahu2021: folds 
Uncalled bet (330) returned to mikesyrigos
mikesyrigos collected 300 from pot
*** SUMMARY ***
Total pot 300 | Rake 0 
Board [Tc 3s Kh Qd 6h]
Seat 1: atzelupe (button) folded before Flop (didn't bet)
Seat 2: Mahu2021 (small blind) folded on the River
Seat 3: mikesyrigos (big blind) collected (300)



PokerStars Hand #252736599791: Tournament #3807453603, $1.84+$0.16 USD Hold'em No Limit - Level II (15/30) - 2024/10/02 17:44:57 CET [2024/10/02 11:44:57 ET]
Table '3807453603 1' 3-max Seat #2 is the button
Seat 1: atzelupe (560 in chips) 
Seat 2: Mahu2021 (310 in chips) 
Seat 3: mikesyrigos (630 in chips) 
mikesyrigos: posts small blind 15
atzelupe: posts big blind 30
*** HOLE CARDS ***
Dealt to Mahu2021 [6h As]
Mahu2021: raises 30 to 60
mikesyrigos: calls 45
atzelupe: calls 30
*** FLOP *** [3s 2h Ad]
mikesyrigos: checks 
atzelupe: checks 
Mahu2021: bets 250 and is all-in
mikesyrigos: folds 
atzelupe: folds 
Uncalled bet (250) returned to Mahu2021
Mahu2021 collected 180 from pot
Mahu2021: doesn't show hand 
*** SUMMARY ***
Total pot 180 | Rake 0 
Board [3s 2h Ad]
Seat 1: atzelupe (big blind) folded on the Flop
Seat 2: Mahu2021 (button) collected (180)
Seat 3: mikesyrigos (small blind) folded on the Flop



PokerStars Hand #252736603363: Tournament #3807453603, $1.84+$0.16 USD Hold'em No Limit - Level II (15/30) - 2024/10/02 17:45:13 CET [2024/10/02 11:45:13 ET]
Table '3807453603 1' 3-max Seat #3 is the button
Seat 1: atzelupe (500 in chips) 
Seat 2: Mahu2021 (430 in chips) 
Seat 3: mikesyrigos (570 in chips) 
atzelupe: posts small blind 15
Mahu2021: posts big blind 30
*** HOLE CARDS ***
Dealt to Mahu2021 [4h Tc]
mikesyrigos: folds 
atzelupe: calls 15
Mahu2021: checks 
*** FLOP *** [6h Kd 8h]
atzelupe: checks 
Mahu2021: checks 
*** TURN *** [6h Kd 8h] [Qs]
atzelupe: checks 
Mahu2021: checks 
*** RIVER *** [6h Kd 8h Qs] [Jd]
atzelupe: bets 30
Mahu2021: folds 
Uncalled bet (30) returned to atzelupe
atzelupe collected 60 from pot
*** SUMMARY ***
Total pot 60 | Rake 0 
Board [6h Kd 8h Qs Jd]
Seat 1: atzelupe (small blind) collected (60)
Seat 2: Mahu2021 (big blind) folded on the River
Seat 3: mikesyrigos (button) folded before Flop (didn't bet)



PokerStars Hand #252736608057: Tournament #3807453603, $1.84+$0.16 USD Hold'em No Limit - Level II (15/30) - 2024/10/02 17:45:35 CET [2024/10/02 11:45:35 ET]
Table '3807453603 1' 3-max Seat #1 is the button
Seat 1: atzelupe (530 in chips) 
Seat 2: Mahu2021 (400 in chips) 
Seat 3: mikesyrigos (570 in chips) 
Mahu2021: posts small blind 15
mikesyrigos: posts big blind 30
*** HOLE CARDS ***
Dealt to Mahu2021 [9d 2c]
atzelupe: folds 
Mahu2021: folds 
Uncalled bet (15) returned to mikesyrigos
mikesyrigos collected 30 from pot
*** SUMMARY ***
Total pot 30 | Rake 0 
Seat 1: atzelupe (button) folded before Flop (didn't bet)
Seat 2: Mahu2021 (small blind) folded before Flop
Seat 3: mikesyrigos (big blind) collected (30)



PokerStars Hand #252736610730: Tournament #3807453603, $1.84+$0.16 USD Hold'em No Limit - Level II (15/30) - 2024/10/02 17:45:48 CET [2024/10/02 11:45:48 ET]
Table '3807453603 1' 3-max Seat #2 is the button
Seat 1: atzelupe (530 in chips) 
Seat 2: Mahu2021 (385 in chips) 
Seat 3: mikesyrigos (585 in chips) 
mikesyrigos: posts small blind 15
atzelupe: posts big blind 30
*** HOLE CARDS ***
Dealt to Mahu2021 [Jd 4c]
Mahu2021: folds 
mikesyrigos: raises 30 to 60
atzelupe: calls 30
*** FLOP *** [2s 8h 8d]
mikesyrigos: bets 60
atzelupe: calls 60
*** TURN *** [2s 8h 8d] [Qh]
mikesyrigos: bets 60
atzelupe: calls 60
*** RIVER *** [2s 8h 8d Qh] [5s]
mikesyrigos: bets 60
atzelupe: calls 60
*** SHOW DOWN ***
mikesyrigos: shows [7h 7d] (two pair, Eights and Sevens)
atzelupe: mucks hand 
mikesyrigos collected 480 from pot
*** SUMMARY ***
Total pot 480 | Rake 0 
Board [2s 8h 8d Qh 5s]
Seat 1: atzelupe (big blind) mucked [2h Ts]
Seat 2: Mahu2021 (button) folded before Flop (didn't bet)
Seat 3: mikesyrigos (small blind) showed [7h 7d] and won (480) with two pair, Eights and Sevens



PokerStars Hand #252736615208: Tournament #3807453603, $1.84+$0.16 USD Hold'em No Limit - Level II (15/30) - 2024/10/02 17:46:09 CET [2024/10/02 11:46:09 ET]
Table '3807453603 1' 3-max Seat #3 is the button
Seat 1: atzelupe (290 in chips) 
Seat 2: Mahu2021 (385 in chips) 
Seat 3: mikesyrigos (825 in chips) 
atzelupe: posts small blind 15
Mahu2021: posts big blind 30
*** HOLE CARDS ***
Dealt to Mahu2021 [9d Jc]
mikesyrigos: calls 30
atzelupe: calls 15
Mahu2021: checks 
*** FLOP *** [5d Ah Jh]
atzelupe: checks 
Mahu2021: checks 
mikesyrigos: checks 
*** TURN *** [5d Ah Jh] [3h]
atzelupe: bets 30
Mahu2021: calls 30
mikesyrigos: calls 30
*** RIVER *** [5d Ah Jh 3h] [5c]
atzelupe: bets 30
Mahu2021: calls 30
mikesyrigos: folds 
*** SHOW DOWN ***
atzelupe: shows [8d 8s] (two pair, Eights and Fives)
Mahu2021: shows [9d Jc] (two pair, Jacks and Fives)
Mahu2021 collected 240 from pot
*** SUMMARY ***
Total pot 240 | Rake 0 
Board [5d Ah Jh 3h 5c]
Seat 1: atzelupe (small blind) showed [8d 8s] and lost with two pair, Eights and Fives
Seat 2: Mahu2021 (big blind) showed [9d Jc] and won (240) with two pair, Jacks and Fives
Seat 3: mikesyrigos (button) folded on the River



PokerStars Hand #252736619828: Tournament #3807453603, $1.84+$0.16 USD Hold'em No Limit - Level III (20/40) - 2024/10/02 17:46:31 CET [2024/10/02 11:46:31 ET]
Table '3807453603 1' 3-max Seat #1 is the button
Seat 1: atzelupe (200 in chips) 
Seat 2: Mahu2021 (535 in chips) 
Seat 3: mikesyrigos (765 in chips) 
Mahu2021: posts small blind 20
mikesyrigos: posts big blind 40
*** HOLE CARDS ***
Dealt to Mahu2021 [5d Qs]
atzelupe: calls 40
Mahu2021: folds 
mikesyrigos: checks 
*** FLOP *** [Td Jc Kh]
mikesyrigos: bets 40
atzelupe: calls 40
*** TURN *** [Td Jc Kh] [8h]
mikesyrigos: bets 40
atzelupe: calls 40
*** RIVER *** [Td Jc Kh 8h] [9d]
mikesyrigos: bets 40
atzelupe: raises 40 to 80 and is all-in
mikesyrigos: calls 40
*** SHOW DOWN ***
atzelupe: shows [Jh Qd] (a straight, Nine to King)
mikesyrigos: shows [7s Ks] (a straight, Seven to Jack)
atzelupe collected 420 from pot
*** SUMMARY ***
Total pot 420 | Rake 0 
Board [Td Jc Kh 8h 9d]
Seat 1: atzelupe (button) showed [Jh Qd] and won (420) with a straight, Nine to King
Seat 2: Mahu2021 (small blind) folded before Flop
Seat 3: mikesyrigos (big blind) showed [7s Ks] and lost with a straight, Seven to Jack



PokerStars Hand #252736624147: Tournament #3807453603, $1.84+$0.16 USD Hold'em No Limit - Level III (20/40) - 2024/10/02 17:46:51 CET [2024/10/02 11:46:51 ET]
Table '3807453603 1' 3-max Seat #2 is the button
Seat 1: atzelupe (420 in chips) 
Seat 2: Mahu2021 (515 in chips) 
Seat 3: mikesyrigos (565 in chips) 
mikesyrigos: posts small blind 20
atzelupe: posts big blind 40
*** HOLE CARDS ***
Dealt to Mahu2021 [5h 4c]
Mahu2021: folds 
mikesyrigos: folds 
Uncalled bet (20) returned to atzelupe
atzelupe collected 40 from pot
*** SUMMARY ***
Total pot 40 | Rake 0 
Seat 1: atzelupe (big blind) collected (40)
Seat 2: Mahu2021 (button) folded before Flop (didn't bet)
Seat 3: mikesyrigos (small blind) folded before Flop



PokerStars Hand #252736625413: Tournament #3807453603, $1.84+$0.16 USD Hold'em No Limit - Level III (20/40) - 2024/10/02 17:46:57 CET [2024/10/02 11:46:57 ET]
Table '3807453603 1' 3-max Seat #3 is the button
Seat 1: atzelupe (440 in chips) 
Seat 2: Mahu2021 (515 in chips) 
Seat 3: mikesyrigos (545 in chips) 
atzelupe: posts small blind 20
Mahu2021: posts big blind 40
*** HOLE CARDS ***
Dealt to Mahu2021 [5h 3h]
mikesyrigos: folds 
atzelupe: calls 20
Mahu2021: checks 
*** FLOP *** [8d Th Tc]
atzelupe: checks 
Mahu2021: checks 
*** TURN *** [8d Th Tc] [8s]
atzelupe: checks 
Mahu2021: checks 
*** RIVER *** [8d Th Tc 8s] [Qh]
atzelupe: bets 120
Mahu2021: folds 
Uncalled bet (120) returned to atzelupe
atzelupe collected 80 from pot
*** SUMMARY ***
Total pot 80 | Rake 0 
Board [8d Th Tc 8s Qh]
Seat 1: atzelupe (small blind) collected (80)
Seat 2: Mahu2021 (big blind) folded on the River
Seat 3: mikesyrigos (button) folded before Flop (didn't bet)



PokerStars Hand #252736629247: Tournament #3807453603, $1.84+$0.16 USD Hold'em No Limit - Level III (20/40) - 2024/10/02 17:47:14 CET [2024/10/02 11:47:14 ET]
Table '3807453603 1' 3-max Seat #1 is the button
Seat 1: atzelupe (480 in chips) 
Seat 2: Mahu2021 (475 in chips) 
Seat 3: mikesyrigos (545 in chips) 
Mahu2021: posts small blind 20
mikesyrigos: posts big blind 40
*** HOLE CARDS ***
Dealt to Mahu2021 [Jc 6d]
atzelupe: folds 
Mahu2021: calls 20
mikesyrigos: checks 
*** FLOP *** [5d 2s 5c]
Mahu2021: checks 
mikesyrigos: checks 
*** TURN *** [5d 2s 5c] [Ah]
Mahu2021: checks 
mikesyrigos: checks 
*** RIVER *** [5d 2s 5c Ah] [Tc]
Mahu2021: bets 40
mikesyrigos: calls 40
*** SHOW DOWN ***
Mahu2021: shows [Jc 6d] (a pair of Fives)
mikesyrigos: shows [8h Th] (two pair, Tens and Fives)
mikesyrigos collected 160 from pot
*** SUMMARY ***
Total pot 160 | Rake 0 
Board [5d 2s 5c Ah Tc]
Seat 1: atzelupe (button) folded before Flop (didn't bet)
Seat 2: Mahu2021 (small blind) showed [Jc 6d] and lost with a pair of Fives
Seat 3: mikesyrigos (big blind) showed [8h Th] and won (160) with two pair, Tens and Fives



PokerStars Hand #252736632359: Tournament #3807453603, $1.84+$0.16 USD Hold'em No Limit - Level III (20/40) - 2024/10/02 17:47:29 CET [2024/10/02 11:47:29 ET]
Table '3807453603 1' 3-max Seat #2 is the button
Seat 1: atzelupe (480 in chips) 
Seat 2: Mahu2021 (395 in chips) 
Seat 3: mikesyrigos (625 in chips) 
mikesyrigos: posts small blind 20
atzelupe: posts big blind 40
*** HOLE CARDS ***
Dealt to Mahu2021 [8s 3d]
Mahu2021: folds 
mikesyrigos: folds 
Uncalled bet (20) returned to atzelupe
atzelupe collected 40 from pot
*** SUMMARY ***
Total pot 40 | Rake 0 
Seat 1: atzelupe (big blind) collected (40)
Seat 2: Mahu2021 (button) folded before Flop (didn't bet)
Seat 3: mikesyrigos (small blind) folded before Flop



PokerStars Hand #252736634361: Tournament #3807453603, $1.84+$0.16 USD Hold'em No Limit - Level III (20/40) - 2024/10/02 17:47:37 CET [2024/10/02 11:47:37 ET]
Table '3807453603 1' 3-max Seat #3 is the button
Seat 1: atzelupe (500 in chips) 
Seat 2: Mahu2021 (395 in chips) 
Seat 3: mikesyrigos (605 in chips) 
atzelupe: posts small blind 20
Mahu2021: posts big blind 40
*** HOLE CARDS ***
Dealt to Mahu2021 [Ad 7c]
mikesyrigos: raises 40 to 80
atzelupe: calls 60
Mahu2021: calls 40
*** FLOP *** [As 2d 4h]
atzelupe: bets 40
Mahu2021: raises 275 to 315 and is all-in
mikesyrigos: folds 
atzelupe: folds 
Uncalled bet (275) returned to Mahu2021
Mahu2021 collected 320 from pot
Mahu2021: doesn't show hand 
*** SUMMARY ***
Total pot 320 | Rake 0 
Board [As 2d 4h]
Seat 1: atzelupe (small blind) folded on the Flop
Seat 2: Mahu2021 (big blind) collected (320)
Seat 3: mikesyrigos (button) folded on the Flop



PokerStars Hand #252736638043: Tournament #3807453603, $1.84+$0.16 USD Hold'em No Limit - Level III (20/40) - 2024/10/02 17:47:54 CET [2024/10/02 11:47:54 ET]
Table '3807453603 1' 3-max Seat #1 is the button
Seat 1: atzelupe (380 in chips) 
Seat 2: Mahu2021 (595 in chips) 
Seat 3: mikesyrigos (525 in chips) 
Mahu2021: posts small blind 20
mikesyrigos: posts big blind 40
*** HOLE CARDS ***
Dealt to Mahu2021 [7s 6h]
atzelupe: calls 40
Mahu2021: calls 20
mikesyrigos: raises 40 to 80
atzelupe: calls 40
Mahu2021: calls 40
*** FLOP *** [8h 5h 7h]
Mahu2021: bets 515 and is all-in
mikesyrigos: calls 445 and is all-in
atzelupe: folds 
Uncalled bet (70) returned to Mahu2021
*** TURN *** [8h 5h 7h] [2h]
*** RIVER *** [8h 5h 7h 2h] [2s]
*** SHOW DOWN ***
Mahu2021: shows [7s 6h] (a flush, Eight high)
mikesyrigos: shows [Tc Jc] (a pair of Deuces)
Mahu2021 collected 1130 from pot
mikesyrigos finished the tournament in 3rd place
*** SUMMARY ***
Total pot 1130 | Rake 0 
Board [8h 5h 7h 2h 2s]
Seat 1: atzelupe (button) folded on the Flop
Seat 2: Mahu2021 (small blind) showed [7s 6h] and won (1130) with a flush, Eight high
Seat 3: mikesyrigos (big blind) showed [Tc Jc] and lost with a pair of Deuces



PokerStars Hand #252736643943: Tournament #3807453603, $1.84+$0.16 USD Hold'em No Limit - Level III (20/40) - 2024/10/02 17:48:21 CET [2024/10/02 11:48:21 ET]
Table '3807453603 1' 3-max Seat #2 is the button
Seat 1: atzelupe (300 in chips) 
Seat 2: Mahu2021 (1200 in chips) 
Mahu2021: posts small blind 20
atzelupe: posts big blind 40
*** HOLE CARDS ***
Dealt to Mahu2021 [Td Ac]
Mahu2021: raises 40 to 80
atzelupe: calls 40
*** FLOP *** [7d Th Ks]
atzelupe: checks 
Mahu2021: bets 80
atzelupe: folds 
Uncalled bet (80) returned to Mahu2021
Mahu2021 collected 160 from pot
Mahu2021: doesn't show hand 
*** SUMMARY ***
Total pot 160 | Rake 0 
Board [7d Th Ks]
Seat 1: atzelupe (big blind) folded on the Flop
Seat 2: Mahu2021 (button) (small blind) collected (160)



PokerStars Hand #252736646988: Tournament #3807453603, $1.84+$0.16 USD Hold'em No Limit - Level IV (30/60) - 2024/10/02 17:48:36 CET [2024/10/02 11:48:36 ET]
Table '3807453603 1' 3-max Seat #1 is the button
Seat 1: atzelupe (220 in chips) 
Seat 2: Mahu2021 (1280 in chips) 
atzelupe: posts small blind 30
Mahu2021: posts big blind 60
*** HOLE CARDS ***
Dealt to Mahu2021 [5d 2h]
atzelupe: calls 30
Mahu2021: checks 
*** FLOP *** [Th Kh Ac]
Mahu2021: checks 
atzelupe: checks 
*** TURN *** [Th Kh Ac] [6h]
Mahu2021: checks 
atzelupe: checks 
*** RIVER *** [Th Kh Ac 6h] [5h]
Mahu2021: bets 60
atzelupe: folds 
Uncalled bet (60) returned to Mahu2021
Mahu2021 collected 120 from pot
Mahu2021: doesn't show hand 
*** SUMMARY ***
Total pot 120 | Rake 0 
Board [Th Kh Ac 6h 5h]
Seat 1: atzelupe (button) (small blind) folded on the River
Seat 2: Mahu2021 (big blind) collected (120)



PokerStars Hand #252736649891: Tournament #3807453603, $1.84+$0.16 USD Hold'em No Limit - Level IV (30/60) - 2024/10/02 17:48:49 CET [2024/10/02 11:48:49 ET]
Table '3807453603 1' 3-max Seat #2 is the button
Seat 1: atzelupe (160 in chips) 
Seat 2: Mahu2021 (1340 in chips) 
Mahu2021: posts small blind 30
atzelupe: posts big blind 60
*** HOLE CARDS ***
Dealt to Mahu2021 [Kd Kc]
Mahu2021: raises 120 to 180
atzelupe: calls 100 and is all-in
Uncalled bet (20) returned to Mahu2021
*** FLOP *** [Kh 5c 9c]
*** TURN *** [Kh 5c 9c] [Ah]
*** RIVER *** [Kh 5c 9c Ah] [3h]
*** SHOW DOWN ***
atzelupe: shows [Jd 9d] (a pair of Nines)
Mahu2021: shows [Kd Kc] (three of a kind, Kings)
Mahu2021 collected 320 from pot
atzelupe finished the tournament in 2nd place
Mahu2021 wins the tournament and receives $4.00 - congratulations!
*** SUMMARY ***
Total pot 320 | Rake 0 
Board [Kh 5c 9c Ah 3h]
Seat 1: atzelupe (big blind) showed [Jd 9d] and lost with a pair of Nines
Seat 2: Mahu2021 (button) (small blind) showed [Kd Kc] and won (320) with three of a kind, Kings



