PokerStars Zoom Hand #255093039730:  Hold'em No Limit ($0.05/$0.10) - 2025/03/01 20:51:16 CET [2025/03/01 14:51:16 ET]
Table 'Aludra' 6-max Seat #1 is the button
Seat 1: Relaxing616 ($11.55 in chips) 
Seat 2: Atp2004 ($6.45 in chips) 
Seat 3: Mahu2021 ($10 in chips) 
Seat 4: BigfootWwa ($10 in chips) 
Seat 5: 23allinbro23 ($14.57 in chips) 
Seat 6: JonKing75 ($28.78 in chips) 
Atp2004: posts small blind $0.05
Mahu2021: posts big blind $0.10
*** HOLE CARDS ***
Dealt to Mahu2021 [Tc 2c]
BigfootWwa: folds 
23allinbro23: folds 
JonKing75: folds 
Relaxing616: folds 
Atp2004: raises $0.30 to $0.40
Mahu2021: folds 
Uncalled bet ($0.30) returned to Atp2004
Atp2004 collected $0.20 from pot
Atp2004: doesn't show hand 
*** SUMMARY ***
Total pot $0.20 | Rake $0 
Seat 1: Relaxing616 (button) folded before Flop (didn't bet)
Seat 2: Atp2004 (small blind) collected ($0.20)
Seat 3: Mahu2021 (big blind) folded before Flop
Seat 4: BigfootWwa folded before Flop (didn't bet)
Seat 5: 23allinbro23 folded before Flop (didn't bet)
Seat 6: JonKing75 folded before Flop (didn't bet)



PokerStars Zoom Hand #255093043926:  Hold'em No Limit ($0.05/$0.10) - 2025/03/01 20:51:31 CET [2025/03/01 14:51:31 ET]
Table 'Aludra' 6-max Seat #1 is the button
Seat 1: 00O-2Z ($10 in chips) 
Seat 2: Mahu2021 ($9.90 in chips) 
Seat 3: emo114 ($10 in chips) 
Seat 4: JonKing75 ($39.99 in chips) 
Seat 5: hudybr1984 ($10.84 in chips) 
Seat 6: Chakman1990 ($9.65 in chips) 
Mahu2021: posts small blind $0.05
emo114: posts big blind $0.10
*** HOLE CARDS ***
Dealt to Mahu2021 [As 4d]
JonKing75: folds 
hudybr1984: folds 
Chakman1990: folds 
00O-2Z: folds 
Mahu2021: raises $0.20 to $0.30
emo114: raises $0.60 to $0.90
Mahu2021: folds 
Uncalled bet ($0.60) returned to emo114
emo114 collected $0.60 from pot
emo114: doesn't show hand 
*** SUMMARY ***
Total pot $0.60 | Rake $0 
Seat 1: 00O-2Z (button) folded before Flop (didn't bet)
Seat 2: Mahu2021 (small blind) folded before Flop
Seat 3: emo114 (big blind) collected ($0.60)
Seat 4: JonKing75 folded before Flop (didn't bet)
Seat 5: hudybr1984 folded before Flop (didn't bet)
Seat 6: Chakman1990 folded before Flop (didn't bet)



PokerStars Zoom Hand #255093049388:  Hold'em No Limit ($0.05/$0.10) - 2025/03/01 20:51:51 CET [2025/03/01 14:51:51 ET]
Table 'Aludra' 6-max Seat #1 is the button
Seat 1: Mahu2021 ($9.60 in chips) 
Seat 2: emo114 ($10.30 in chips) 
Seat 3: zamponios ($24.32 in chips) 
Seat 4: pokeripuikko ($22.32 in chips) 
Seat 5: kkung1129 ($16.72 in chips) 
Seat 6: JonKing75 ($12.54 in chips) 
emo114: posts small blind $0.05
zamponios: posts big blind $0.10
*** HOLE CARDS ***
Dealt to Mahu2021 [Ts Kh]
pokeripuikko: folds 
kkung1129: folds 
JonKing75: folds 
Mahu2021: raises $0.20 to $0.30
emo114: folds 
zamponios: folds 
Uncalled bet ($0.20) returned to Mahu2021
Mahu2021 collected $0.25 from pot
Mahu2021: doesn't show hand 
*** SUMMARY ***
Total pot $0.25 | Rake $0 
Seat 1: Mahu2021 (button) collected ($0.25)
Seat 2: emo114 (small blind) folded before Flop
Seat 3: zamponios (big blind) folded before Flop
Seat 4: pokeripuikko folded before Flop (didn't bet)
Seat 5: kkung1129 folded before Flop (didn't bet)
Seat 6: JonKing75 folded before Flop (didn't bet)



PokerStars Zoom Hand #255093056580:  Hold'em No Limit ($0.05/$0.10) - 2025/03/01 20:52:17 CET [2025/03/01 14:52:17 ET]
Table 'Aludra' 6-max Seat #1 is the button
Seat 1: BigfootWwa ($10 in chips) 
Seat 2: Mahu2021 ($9.75 in chips) 
Seat 3: go_vandam ($5.94 in chips) 
Seat 4: Relaxing616 ($11.40 in chips) 
Seat 5: ALEKC6 ($10 in chips) 
Seat 6: HakuBD ($13.10 in chips) 
Mahu2021: posts small blind $0.05
go_vandam: posts big blind $0.10
*** HOLE CARDS ***
Dealt to Mahu2021 [2h 3s]
Relaxing616: raises $0.15 to $0.25
ALEKC6: folds 
HakuBD: folds 
BigfootWwa: folds 
Mahu2021: folds 
go_vandam: folds 
Uncalled bet ($0.15) returned to Relaxing616
Relaxing616 collected $0.25 from pot
Relaxing616: doesn't show hand 
*** SUMMARY ***
Total pot $0.25 | Rake $0 
Seat 1: BigfootWwa (button) folded before Flop (didn't bet)
Seat 2: Mahu2021 (small blind) folded before Flop
Seat 3: go_vandam (big blind) folded before Flop
Seat 4: Relaxing616 collected ($0.25)
Seat 5: ALEKC6 folded before Flop (didn't bet)
Seat 6: HakuBD folded before Flop (didn't bet)



PokerStars Zoom Hand #255093054687:  Hold'em No Limit ($0.05/$0.10) - 2025/03/01 20:52:10 CET [2025/03/01 14:52:10 ET]
Table 'Aludra' 6-max Seat #1 is the button
Seat 1: Relaxing616 ($11.40 in chips) 
Seat 2: Miracle of 50k ($18.10 in chips) 
Seat 3: Anesme1 ($11.71 in chips) 
Seat 4: pokersenis ($10.32 in chips) 
Seat 5: Mahu2021 ($9.75 in chips) 
Seat 6: VValeraR ($10 in chips) 
Miracle of 50k: posts small blind $0.05
Anesme1: posts big blind $0.10
*** HOLE CARDS ***
Dealt to Mahu2021 [Jh 4d]
pokersenis: raises $0.12 to $0.22
Mahu2021: folds 
VValeraR: folds 
Relaxing616: folds 
Miracle of 50k: raises $0.76 to $0.98
Anesme1: folds 
pokersenis: folds 
Uncalled bet ($0.76) returned to Miracle of 50k
Miracle of 50k collected $0.54 from pot
Miracle of 50k: doesn't show hand 
*** SUMMARY ***
Total pot $0.54 | Rake $0 
Seat 1: Relaxing616 (button) folded before Flop (didn't bet)
Seat 2: Miracle of 50k (small blind) collected ($0.54)
Seat 3: Anesme1 (big blind) folded before Flop
Seat 4: pokersenis folded before Flop
Seat 5: Mahu2021 folded before Flop (didn't bet)
Seat 6: VValeraR folded before Flop (didn't bet)



PokerStars Zoom Hand #255093053604:  Hold'em No Limit ($0.05/$0.10) - 2025/03/01 20:52:06 CET [2025/03/01 14:52:06 ET]
Table 'Aludra' 6-max Seat #1 is the button
Seat 1: Relaxing616 ($15.85 in chips) 
Seat 2: sephirotgyn ($10 in chips) 
Seat 3: Last70 ($12.62 in chips) 
Seat 4: Mahu2021 ($9.75 in chips) 
Seat 5: VValeraR ($10 in chips) 
Seat 6: anacarlacelso ($10.10 in chips) 
sephirotgyn: posts small blind $0.05
Last70: posts big blind $0.10
*** HOLE CARDS ***
Dealt to Mahu2021 [Ad 2h]
Mahu2021: folds 
VValeraR: folds 
anacarlacelso: folds 
Relaxing616: raises $0.10 to $0.20
sephirotgyn: raises $0.30 to $0.50
Last70: folds 
Relaxing616: folds 
Uncalled bet ($0.30) returned to sephirotgyn
sephirotgyn collected $0.50 from pot
sephirotgyn: doesn't show hand 
*** SUMMARY ***
Total pot $0.50 | Rake $0 
Seat 1: Relaxing616 (button) folded before Flop
Seat 2: sephirotgyn (small blind) collected ($0.50)
Seat 3: Last70 (big blind) folded before Flop
Seat 4: Mahu2021 folded before Flop (didn't bet)
Seat 5: VValeraR folded before Flop (didn't bet)
Seat 6: anacarlacelso folded before Flop (didn't bet)



PokerStars Zoom Hand #255093057463:  Hold'em No Limit ($0.05/$0.10) - 2025/03/01 20:52:20 CET [2025/03/01 14:52:20 ET]
Table 'Aludra' 6-max Seat #1 is the button
Seat 1: emo114 ($10 in chips) 
Seat 2: RrOoMmAaNn1978 ($9.85 in chips) 
Seat 3: Mahu2021 ($9.70 in chips) 
Seat 4: V3n!nm4n ($10.43 in chips) 
Seat 5: Al Fr€d 69 ($16.90 in chips) 
Seat 6: Rob20219 ($11.08 in chips) 
RrOoMmAaNn1978: posts small blind $0.05
Mahu2021: posts big blind $0.10
*** HOLE CARDS ***
Dealt to Mahu2021 [As 7s]
V3n!nm4n: folds 
Al Fr€d 69: calls $0.10
Rob20219: folds 
emo114: folds 
RrOoMmAaNn1978: calls $0.05
Mahu2021: checks 
*** FLOP *** [6s 5d Kc]
RrOoMmAaNn1978: checks 
Mahu2021: checks 
Al Fr€d 69: checks 
*** TURN *** [6s 5d Kc] [6d]
RrOoMmAaNn1978: checks 
Mahu2021: checks 
Al Fr€d 69: checks 
*** RIVER *** [6s 5d Kc 6d] [7d]
RrOoMmAaNn1978: checks 
Mahu2021: bets $0.20
Al Fr€d 69: raises $0.69 to $0.89
RrOoMmAaNn1978: folds 
Mahu2021: calls $0.69
*** SHOW DOWN ***
Al Fr€d 69: shows [8d Qd] (a flush, Queen high)
Mahu2021: mucks hand 
Al Fr€d 69 collected $1.97 from pot
*** SUMMARY ***
Total pot $2.08 | Rake $0.11 
Board [6s 5d Kc 6d 7d]
Seat 1: emo114 (button) folded before Flop (didn't bet)
Seat 2: RrOoMmAaNn1978 (small blind) folded on the River
Seat 3: Mahu2021 (big blind) mucked [As 7s]
Seat 4: V3n!nm4n folded before Flop (didn't bet)
Seat 5: Al Fr€d 69 showed [8d Qd] and won ($1.97) with a flush, Queen high
Seat 6: Rob20219 folded before Flop (didn't bet)



PokerStars Zoom Hand #255093073284:  Hold'em No Limit ($0.05/$0.10) - 2025/03/01 20:53:18 CET [2025/03/01 14:53:18 ET]
Table 'Aludra' 6-max Seat #1 is the button
Seat 1: leut1210 ($13.88 in chips) 
Seat 2: Last70 ($10.15 in chips) 
Seat 3: fargofargo ($12.31 in chips) 
Seat 4: wilson91169 ($13.25 in chips) 
Seat 5: pokeripuikko ($26.81 in chips) 
Seat 6: Mahu2021 ($8.71 in chips) 
Last70: posts small blind $0.05
fargofargo: posts big blind $0.10
*** HOLE CARDS ***
Dealt to Mahu2021 [Qc 3d]
wilson91169: folds 
pokeripuikko: folds 
Mahu2021: folds 
leut1210: folds 
Last70: folds 
Uncalled bet ($0.05) returned to fargofargo
fargofargo collected $0.10 from pot
fargofargo: doesn't show hand 
*** SUMMARY ***
Total pot $0.10 | Rake $0 
Seat 1: leut1210 (button) folded before Flop (didn't bet)
Seat 2: Last70 (small blind) folded before Flop
Seat 3: fargofargo (big blind) collected ($0.10)
Seat 4: wilson91169 folded before Flop (didn't bet)
Seat 5: pokeripuikko folded before Flop (didn't bet)
Seat 6: Mahu2021 folded before Flop (didn't bet)



PokerStars Zoom Hand #255093074596:  Hold'em No Limit ($0.05/$0.10) - 2025/03/01 20:53:23 CET [2025/03/01 14:53:23 ET]
Table 'Aludra' 6-max Seat #1 is the button
Seat 1: pokeripuikko ($22.17 in chips) 
Seat 2: welshman19 ($14.95 in chips) 
Seat 3: kkung1129 ($10.35 in chips) 
Seat 4: fusermx ($6.85 in chips) 
Seat 5: Mahu2021 ($8.71 in chips) 
Seat 6: TilTheEnd982 ($21 in chips) 
welshman19: posts small blind $0.05
kkung1129: posts big blind $0.10
*** HOLE CARDS ***
Dealt to Mahu2021 [Js As]
fusermx: folds 
Mahu2021: raises $0.14 to $0.24
TilTheEnd982: folds 
pokeripuikko: folds 
welshman19: raises $0.54 to $0.78
kkung1129: folds 
Mahu2021: calls $0.54
*** FLOP *** [3h Kc 7d]
welshman19: bets $0.80
Mahu2021: folds 
Uncalled bet ($0.80) returned to welshman19
welshman19 collected $1.59 from pot
welshman19: doesn't show hand 
*** SUMMARY ***
Total pot $1.66 | Rake $0.07 
Board [3h Kc 7d]
Seat 1: pokeripuikko (button) folded before Flop (didn't bet)
Seat 2: welshman19 (small blind) collected ($1.59)
Seat 3: kkung1129 (big blind) folded before Flop
Seat 4: fusermx folded before Flop (didn't bet)
Seat 5: Mahu2021 folded on the Flop
Seat 6: TilTheEnd982 folded before Flop (didn't bet)



PokerStars Zoom Hand #255093072174:  Hold'em No Limit ($0.05/$0.10) - 2025/03/01 20:53:14 CET [2025/03/01 14:53:14 ET]
Table 'Aludra' 6-max Seat #1 is the button
Seat 1: Last70 ($10.15 in chips) 
Seat 2: FACCHETADE$ ($10.42 in chips) 
Seat 3: Malloy08 ($15.34 in chips) 
Seat 4: Jajje7 ($10.35 in chips) 
Seat 5: RrOoMmAaNn1978 ($9.55 in chips) 
Seat 6: Mahu2021 ($8.71 in chips) 
FACCHETADE$: posts small blind $0.05
Malloy08: posts big blind $0.10
*** HOLE CARDS ***
Dealt to Mahu2021 [Jd 6c]
Jajje7: raises $0.10 to $0.20
RrOoMmAaNn1978: folds 
Mahu2021: folds 
Last70: folds 
FACCHETADE$: calls $0.15
Malloy08: folds 
*** FLOP *** [8s As 3d]
FACCHETADE$: checks 
Jajje7: bets $0.16
FACCHETADE$: raises $0.80 to $0.96
Jajje7: folds 
Uncalled bet ($0.80) returned to FACCHETADE$
FACCHETADE$ collected $0.78 from pot
FACCHETADE$: doesn't show hand 
*** SUMMARY ***
Total pot $0.82 | Rake $0.04 
Board [8s As 3d]
Seat 1: Last70 (button) folded before Flop (didn't bet)
Seat 2: FACCHETADE$ (small blind) collected ($0.78)
Seat 3: Malloy08 (big blind) folded before Flop
Seat 4: Jajje7 folded on the Flop
Seat 5: RrOoMmAaNn1978 folded before Flop (didn't bet)
Seat 6: Mahu2021 folded before Flop (didn't bet)



PokerStars Zoom Hand #255093080960:  Hold'em No Limit ($0.05/$0.10) - 2025/03/01 20:53:46 CET [2025/03/01 14:53:46 ET]
Table 'Aludra' 6-max Seat #1 is the button
Seat 1: marcioadrs ($10 in chips) 
Seat 2: leut1210 ($13.88 in chips) 
Seat 3: DiNiceBoy ($29.45 in chips) 
Seat 4: the_luggster ($10.15 in chips) 
Seat 5: Mahu2021 ($7.93 in chips) 
Seat 6: Sinan123488 ($21.62 in chips) 
leut1210: posts small blind $0.05
DiNiceBoy: posts big blind $0.10
*** HOLE CARDS ***
Dealt to Mahu2021 [4c 5s]
the_luggster: folds 
Mahu2021: folds 
Sinan123488: raises $0.25 to $0.35
marcioadrs: folds 
leut1210: folds 
DiNiceBoy: folds 
Uncalled bet ($0.25) returned to Sinan123488
Sinan123488 collected $0.25 from pot
Sinan123488: doesn't show hand 
*** SUMMARY ***
Total pot $0.25 | Rake $0 
Seat 1: marcioadrs (button) folded before Flop (didn't bet)
Seat 2: leut1210 (small blind) folded before Flop
Seat 3: DiNiceBoy (big blind) folded before Flop
Seat 4: the_luggster folded before Flop (didn't bet)
Seat 5: Mahu2021 folded before Flop (didn't bet)
Seat 6: Sinan123488 collected ($0.25)



PokerStars Zoom Hand #255093069971:  Hold'em No Limit ($0.05/$0.10) - 2025/03/01 20:53:06 CET [2025/03/01 14:53:06 ET]
Table 'Aludra' 6-max Seat #1 is the button
Seat 1: Mahu2021 ($8.71 in chips) 
Seat 2: Al Fr€d 69 ($17.88 in chips) 
Seat 3: @wm@574 ($5.33 in chips) 
Seat 4: Rezzotto0208 ($17.57 in chips) 
Seat 5: Aidusia1 ($10 in chips) 
Seat 6: V3n!nm4n ($10.48 in chips) 
Al Fr€d 69: posts small blind $0.05
@wm@574: posts big blind $0.10
*** HOLE CARDS ***
Dealt to Mahu2021 [Ts 9h]
Rezzotto0208: raises $0.20 to $0.30
Aidusia1: raises $0.60 to $0.90
V3n!nm4n: folds 
Mahu2021: folds 
Al Fr€d 69: calls $0.85
@wm@574: folds 
Rezzotto0208: calls $0.60
*** FLOP *** [7h 2s 6d]
Al Fr€d 69: bets $1.34
Rezzotto0208: calls $1.34
Aidusia1: folds 
*** TURN *** [7h 2s 6d] [7d]
Al Fr€d 69: bets $2.62
Rezzotto0208: calls $2.62
*** RIVER *** [7h 2s 6d 7d] [Ks]
Al Fr€d 69: checks 
Rezzotto0208: bets $12.71 and is all-in
Al Fr€d 69: folds 
Uncalled bet ($12.71) returned to Rezzotto0208
Rezzotto0208 collected $10.24 from pot
Rezzotto0208: doesn't show hand 
*** SUMMARY ***
Total pot $10.72 | Rake $0.48 
Board [7h 2s 6d 7d Ks]
Seat 1: Mahu2021 (button) folded before Flop (didn't bet)
Seat 2: Al Fr€d 69 (small blind) folded on the River
Seat 3: @wm@574 (big blind) folded before Flop
Seat 4: Rezzotto0208 collected ($10.24)
Seat 5: Aidusia1 folded on the Flop
Seat 6: V3n!nm4n folded before Flop (didn't bet)



PokerStars Zoom Hand #255093082333:  Hold'em No Limit ($0.05/$0.10) - 2025/03/01 20:53:51 CET [2025/03/01 14:53:51 ET]
Table 'Aludra' 6-max Seat #1 is the button
Seat 1: welshman19 ($15.76 in chips) 
Seat 2: zamponios ($24.30 in chips) 
Seat 3: Mahu2021 ($7.93 in chips) 
Seat 4: Last70 ($26.49 in chips) 
Seat 5: 00O-2Z ($10.37 in chips) 
Seat 6: Mr Andronik ($3.48 in chips) 
zamponios: posts small blind $0.05
Mahu2021: posts big blind $0.10
*** HOLE CARDS ***
Dealt to Mahu2021 [Js Ks]
Last70: folds 
00O-2Z: raises $0.15 to $0.25
Mr Andronik: folds 
welshman19: folds 
zamponios: folds 
Mahu2021: calls $0.15
*** FLOP *** [3s 4h 4d]
Mahu2021: checks 
00O-2Z: bets $0.20
Mahu2021: calls $0.20
*** TURN *** [3s 4h 4d] [Ac]
Mahu2021: checks 
00O-2Z: bets $0.30
Mahu2021: raises $0.90 to $1.20
00O-2Z: folds 
Uncalled bet ($0.90) returned to Mahu2021
Mahu2021 collected $1.48 from pot
Mahu2021: doesn't show hand 
*** SUMMARY ***
Total pot $1.55 | Rake $0.07 
Board [3s 4h 4d Ac]
Seat 1: welshman19 (button) folded before Flop (didn't bet)
Seat 2: zamponios (small blind) folded before Flop
Seat 3: Mahu2021 (big blind) collected ($1.48)
Seat 4: Last70 folded before Flop (didn't bet)
Seat 5: 00O-2Z folded on the Turn
Seat 6: Mr Andronik folded before Flop (didn't bet)



PokerStars Zoom Hand #255093095248:  Hold'em No Limit ($0.05/$0.10) - 2025/03/01 20:54:38 CET [2025/03/01 14:54:38 ET]
Table 'Aludra' 6-max Seat #1 is the button
Seat 1: pokersenis ($10.64 in chips) 
Seat 2: Mr Andronik ($7.92 in chips) 
Seat 3: anacarlacelso ($10 in chips) 
Seat 4: Mahu2021 ($8.61 in chips) 
Seat 5: buluvic ($16.64 in chips) 
Seat 6: Miracle of 50k ($18.42 in chips) 
Mr Andronik: posts small blind $0.05
anacarlacelso: posts big blind $0.10
*** HOLE CARDS ***
Dealt to Mahu2021 [2d Kd]
Mahu2021: folds 
buluvic: folds 
Miracle of 50k: raises $0.15 to $0.25
pokersenis: folds 
Mr Andronik: folds 
anacarlacelso: raises $0.90 to $1.15
Miracle of 50k: folds 
Uncalled bet ($0.90) returned to anacarlacelso
anacarlacelso collected $0.55 from pot
anacarlacelso: doesn't show hand 
*** SUMMARY ***
Total pot $0.55 | Rake $0 
Seat 1: pokersenis (button) folded before Flop (didn't bet)
Seat 2: Mr Andronik (small blind) folded before Flop
Seat 3: anacarlacelso (big blind) collected ($0.55)
Seat 4: Mahu2021 folded before Flop (didn't bet)
Seat 5: buluvic folded before Flop (didn't bet)
Seat 6: Miracle of 50k folded before Flop



PokerStars Zoom Hand #255093092788:  Hold'em No Limit ($0.05/$0.10) - 2025/03/01 20:54:29 CET [2025/03/01 14:54:29 ET]
Table 'Aludra' 6-max Seat #1 is the button
Seat 1: ALEKC6 ($11.45 in chips) 
Seat 2: Mahu2021 ($8.66 in chips) 
Seat 3: pokeripuikko ($26.66 in chips) 
Seat 4: V3n!nm4n ($10.37 in chips) 
Seat 5: Zutuzutu_90 ($12.99 in chips) 
Seat 6: Mormors bullar ($11.34 in chips) 
Mahu2021: posts small blind $0.05
pokeripuikko: posts big blind $0.10
*** HOLE CARDS ***
Dealt to Mahu2021 [9d Ah]
V3n!nm4n: raises $0.15 to $0.25
Zutuzutu_90: folds 
Mormors bullar: calls $0.25
ALEKC6: folds 
Mahu2021: folds 
pokeripuikko: calls $0.15
*** FLOP *** [Ks 3c 3d]
pokeripuikko: checks 
V3n!nm4n: checks 
Mormors bullar: checks 
*** TURN *** [Ks 3c 3d] [6s]
pokeripuikko: checks 
V3n!nm4n: bets $0.34
Mormors bullar: folds 
pokeripuikko: folds 
Uncalled bet ($0.34) returned to V3n!nm4n
V3n!nm4n collected $0.76 from pot
V3n!nm4n: doesn't show hand 
*** SUMMARY ***
Total pot $0.80 | Rake $0.04 
Board [Ks 3c 3d 6s]
Seat 1: ALEKC6 (button) folded before Flop (didn't bet)
Seat 2: Mahu2021 (small blind) folded before Flop
Seat 3: pokeripuikko (big blind) folded on the Turn
Seat 4: V3n!nm4n collected ($0.76)
Seat 5: Zutuzutu_90 folded before Flop (didn't bet)
Seat 6: Mormors bullar folded on the Turn



PokerStars Zoom Hand #255093098276:  Hold'em No Limit ($0.05/$0.10) - 2025/03/01 20:54:49 CET [2025/03/01 14:54:49 ET]
Table 'Aludra' 6-max Seat #1 is the button
Seat 1: Mahu2021 ($8.61 in chips) 
Seat 2: 23allinbro23 ($18.80 in chips) 
Seat 3: kkung1129 ($10.71 in chips) 
Seat 4: okodara ($5.60 in chips) 
Seat 5: Rodesp6893 ($10.53 in chips) 
Seat 6: JonKing75 ($35.42 in chips) 
23allinbro23: posts small blind $0.05
kkung1129: posts big blind $0.10
*** HOLE CARDS ***
Dealt to Mahu2021 [Ah Tc]
okodara: raises $0.10 to $0.20
Rodesp6893: folds 
JonKing75: folds 
Mahu2021: calls $0.20
23allinbro23: folds 
kkung1129: folds 
*** FLOP *** [8c As Qd]
okodara: bets $0.53
Mahu2021: calls $0.53
*** TURN *** [8c As Qd] [6d]
okodara: checks 
Mahu2021: checks 
*** RIVER *** [8c As Qd 6d] [7s]
okodara: bets $1.54
Mahu2021: calls $1.54
*** SHOW DOWN ***
okodara: shows [6c 6h] (three of a kind, Sixes)
Mahu2021: mucks hand 
okodara collected $4.48 from pot
*** SUMMARY ***
Total pot $4.69 | Rake $0.21 
Board [8c As Qd 6d 7s]
Seat 1: Mahu2021 (button) mucked [Ah Tc]
Seat 2: 23allinbro23 (small blind) folded before Flop
Seat 3: kkung1129 (big blind) folded before Flop
Seat 4: okodara showed [6c 6h] and won ($4.48) with three of a kind, Sixes
Seat 5: Rodesp6893 folded before Flop (didn't bet)
Seat 6: JonKing75 folded before Flop (didn't bet)



PokerStars Zoom Hand #255093105390:  Hold'em No Limit ($0.05/$0.10) - 2025/03/01 20:55:16 CET [2025/03/01 14:55:16 ET]
Table 'Aludra' 6-max Seat #1 is the button
Seat 1: Jajje7 ($11.05 in chips) 
Seat 2: Cyborg_0113 ($10 in chips) 
Seat 3: durugica10 ($17.70 in chips) 
Seat 4: Mahu2021 ($6.34 in chips) 
Seat 5: pokersenis ($10.29 in chips) 
Seat 6: JonKing75 ($14.72 in chips) 
Cyborg_0113: posts small blind $0.05
durugica10: posts big blind $0.10
*** HOLE CARDS ***
Dealt to Mahu2021 [Qh Tc]
Mahu2021: folds 
pokersenis: folds 
JonKing75: folds 
Jajje7: folds 
Cyborg_0113: folds 
Uncalled bet ($0.05) returned to durugica10
durugica10 collected $0.10 from pot
durugica10: doesn't show hand 
*** SUMMARY ***
Total pot $0.10 | Rake $0 
Seat 1: Jajje7 (button) folded before Flop (didn't bet)
Seat 2: Cyborg_0113 (small blind) folded before Flop
Seat 3: durugica10 (big blind) collected ($0.10)
Seat 4: Mahu2021 folded before Flop (didn't bet)
Seat 5: pokersenis folded before Flop (didn't bet)
Seat 6: JonKing75 folded before Flop (didn't bet)



PokerStars Zoom Hand #255093096331:  Hold'em No Limit ($0.05/$0.10) - 2025/03/01 20:54:42 CET [2025/03/01 14:54:42 ET]
Table 'Aludra' 6-max Seat #1 is the button
Seat 1: Miracle of 50k ($11.60 in chips) 
Seat 2: vinif10 ($14.92 in chips) 
Seat 3: wilson91169 ($10.10 in chips) 
Seat 4: 23allinbro23 ($18.80 in chips) 
Seat 5: Last70 ($10.45 in chips) 
Seat 6: Mahu2021 ($8.61 in chips) 
vinif10: posts small blind $0.05
wilson91169: posts big blind $0.10
*** HOLE CARDS ***
Dealt to Mahu2021 [8c As]
23allinbro23: folds 
Last70: folds 
Mahu2021: folds 
Miracle of 50k: raises $0.15 to $0.25
vinif10: calls $0.20
wilson91169: folds 
*** FLOP *** [Qd Ks 6s]
vinif10: checks 
Miracle of 50k: bets $0.19
vinif10: raises $0.19 to $0.38
Miracle of 50k: calls $0.19
*** TURN *** [Qd Ks 6s] [Qh]
vinif10: bets $0.10
Miracle of 50k: folds 
Uncalled bet ($0.10) returned to vinif10
vinif10 collected $1.30 from pot
vinif10: doesn't show hand 
*** SUMMARY ***
Total pot $1.36 | Rake $0.06 
Board [Qd Ks 6s Qh]
Seat 1: Miracle of 50k (button) folded on the Turn
Seat 2: vinif10 (small blind) collected ($1.30)
Seat 3: wilson91169 (big blind) folded before Flop
Seat 4: 23allinbro23 folded before Flop (didn't bet)
Seat 5: Last70 folded before Flop (didn't bet)
Seat 6: Mahu2021 folded before Flop (didn't bet)



PokerStars Zoom Hand #255093106615:  Hold'em No Limit ($0.05/$0.10) - 2025/03/01 20:55:23 CET [2025/03/01 14:55:23 ET]
Table 'Aludra' 6-max Seat #1 is the button
Seat 1: Relaxing616 ($14.45 in chips) 
Seat 2: Mahu2021 ($6.34 in chips) 
Seat 3: ALEKC6 ($10 in chips) 
Seat 4: mitch8744 ($4.09 in chips) 
Seat 5: RA1010 ($11.40 in chips) 
Seat 6: JonKing75 ($27.69 in chips) 
Mahu2021: posts small blind $0.05
ALEKC6: posts big blind $0.10
*** HOLE CARDS ***
Dealt to Mahu2021 [6s Js]
mitch8744: folds 
RA1010: folds 
JonKing75: folds 
Relaxing616: raises $0.10 to $0.20
Mahu2021: calls $0.15
ALEKC6: folds 
*** FLOP *** [7c Qd 6h]
Mahu2021: checks 
Relaxing616: checks 
*** TURN *** [7c Qd 6h] [8d]
Mahu2021: checks 
Relaxing616: checks 
*** RIVER *** [7c Qd 6h 8d] [3c]
Mahu2021: bets $0.48
Relaxing616: folds 
Uncalled bet ($0.48) returned to Mahu2021
Mahu2021 collected $0.48 from pot
Mahu2021: doesn't show hand 
*** SUMMARY ***
Total pot $0.50 | Rake $0.02 
Board [7c Qd 6h 8d 3c]
Seat 1: Relaxing616 (button) folded on the River
Seat 2: Mahu2021 (small blind) collected ($0.48)
Seat 3: ALEKC6 (big blind) folded before Flop
Seat 4: mitch8744 folded before Flop (didn't bet)
Seat 5: RA1010 folded before Flop (didn't bet)
Seat 6: JonKing75 folded before Flop (didn't bet)



PokerStars Zoom Hand #255093117625:  Hold'em No Limit ($0.05/$0.10) - 2025/03/01 20:56:24 CET [2025/03/01 14:56:24 ET]
Table 'Aludra' 6-max Seat #1 is the button
Seat 1: Empahehe ($23.60 in chips) 
Seat 2: Relaxing616 ($14.25 in chips) 
Seat 3: Mahu2021 ($6.62 in chips) 
Seat 4: TFIF ($9.25 in chips) 
Seat 5: xandverum ($31.14 in chips) 
Seat 6: tobillon3110 ($11.76 in chips) 
Relaxing616: posts small blind $0.05
Mahu2021: posts big blind $0.10
*** HOLE CARDS ***
Dealt to Mahu2021 [Qc 2h]
TFIF: folds 
xandverum: folds 
tobillon3110: folds 
Empahehe: folds 
Relaxing616: folds 
Uncalled bet ($0.05) returned to Mahu2021
Mahu2021 collected $0.10 from pot
Mahu2021: doesn't show hand 
*** SUMMARY ***
Total pot $0.10 | Rake $0 
Seat 1: Empahehe (button) folded before Flop (didn't bet)
Seat 2: Relaxing616 (small blind) folded before Flop
Seat 3: Mahu2021 (big blind) collected ($0.10)
Seat 4: TFIF folded before Flop (didn't bet)
Seat 5: xandverum folded before Flop (didn't bet)
Seat 6: tobillon3110 folded before Flop (didn't bet)



PokerStars Zoom Hand #255093119639:  Hold'em No Limit ($0.05/$0.10) - 2025/03/01 20:56:35 CET [2025/03/01 14:56:35 ET]
Table 'Aludra' 6-max Seat #1 is the button
Seat 1: MarkRegen ($10 in chips) 
Seat 2: ALEKC6 ($10 in chips) 
Seat 3: ManuuVidela ($10 in chips) 
Seat 4: ddoctah ($17.40 in chips) 
Seat 5: JonKing75 ($47.47 in chips) 
Seat 6: Mahu2021 ($6.67 in chips) 
ALEKC6: posts small blind $0.05
ManuuVidela: posts big blind $0.10
*** HOLE CARDS ***
Dealt to Mahu2021 [4c 9h]
ddoctah: folds 
JonKing75: folds 
Mahu2021: folds 
MarkRegen: folds 
ALEKC6: folds 
Uncalled bet ($0.05) returned to ManuuVidela
ManuuVidela collected $0.10 from pot
ManuuVidela: doesn't show hand 
*** SUMMARY ***
Total pot $0.10 | Rake $0 
Seat 1: MarkRegen (button) folded before Flop (didn't bet)
Seat 2: ALEKC6 (small blind) folded before Flop
Seat 3: ManuuVidela (big blind) collected ($0.10)
Seat 4: ddoctah folded before Flop (didn't bet)
Seat 5: JonKing75 folded before Flop (didn't bet)
Seat 6: Mahu2021 folded before Flop (didn't bet)



PokerStars Zoom Hand #255093120315:  Hold'em No Limit ($0.05/$0.10) - 2025/03/01 20:56:39 CET [2025/03/01 14:56:39 ET]
Table 'Aludra' 6-max Seat #1 is the button
Seat 1: Mahu2021 ($6.67 in chips) 
Seat 2: Relaxing616 ($10.99 in chips) 
Seat 3: SkyBoy23 ($22.85 in chips) 
Seat 4: aalewee56 ($6.93 in chips) 
Seat 5: Omaha Craig ($5.78 in chips) 
Seat 6: Rezzotto0208 ($22.95 in chips) 
Relaxing616: posts small blind $0.05
SkyBoy23: posts big blind $0.10
*** HOLE CARDS ***
Dealt to Mahu2021 [8h Ks]
aalewee56: folds 
Omaha Craig: folds 
Rezzotto0208: folds 
Mahu2021: folds 
Relaxing616: raises $0.20 to $0.30
SkyBoy23: folds 
Uncalled bet ($0.20) returned to Relaxing616
Relaxing616 collected $0.20 from pot
Relaxing616: doesn't show hand 
*** SUMMARY ***
Total pot $0.20 | Rake $0 
Seat 1: Mahu2021 (button) folded before Flop (didn't bet)
Seat 2: Relaxing616 (small blind) collected ($0.20)
Seat 3: SkyBoy23 (big blind) folded before Flop
Seat 4: aalewee56 folded before Flop (didn't bet)
Seat 5: Omaha Craig folded before Flop (didn't bet)
Seat 6: Rezzotto0208 folded before Flop (didn't bet)



PokerStars Zoom Hand #255093121131:  Hold'em No Limit ($0.05/$0.10) - 2025/03/01 20:56:43 CET [2025/03/01 14:56:43 ET]
Table 'Aludra' 6-max Seat #1 is the button
Seat 1: Cyborg_0113 ($11.37 in chips) 
Seat 2: Mr Andronik ($6.29 in chips) 
Seat 3: tobillon3110 ($11.91 in chips) 
Seat 4: Jajje7 ($10 in chips) 
Seat 5: Mahu2021 ($6.67 in chips) 
Seat 6: JonKing75 ($47.47 in chips) 
Mr Andronik: posts small blind $0.05
tobillon3110: posts big blind $0.10
*** HOLE CARDS ***
Dealt to Mahu2021 [Qh Kc]
Jajje7: raises $0.10 to $0.20
Mahu2021: calls $0.20
JonKing75: folds 
Cyborg_0113: folds 
Mr Andronik: folds 
tobillon3110: folds 
*** FLOP *** [Ks Ts Qs]
Jajje7: bets $0.30
Mahu2021: calls $0.30
*** TURN *** [Ks Ts Qs] [4d]
Jajje7: bets $0.60
Mahu2021: calls $0.60
*** RIVER *** [Ks Ts Qs 4d] [4s]
Jajje7: bets $1.57
Mahu2021: calls $1.57
*** SHOW DOWN ***
Jajje7: shows [As Td] (a flush, Ace high)
Mahu2021: mucks hand 
Jajje7 collected $5.24 from pot
*** SUMMARY ***
Total pot $5.49 | Rake $0.25 
Board [Ks Ts Qs 4d 4s]
Seat 1: Cyborg_0113 (button) folded before Flop (didn't bet)
Seat 2: Mr Andronik (small blind) folded before Flop
Seat 3: tobillon3110 (big blind) folded before Flop
Seat 4: Jajje7 showed [As Td] and won ($5.24) with a flush, Ace high
Seat 5: Mahu2021 mucked [Qh Kc]
Seat 6: JonKing75 folded before Flop (didn't bet)



PokerStars Zoom Hand #255093130804:  Hold'em No Limit ($0.05/$0.10) - 2025/03/01 20:57:35 CET [2025/03/01 14:57:35 ET]
Table 'Aludra' 6-max Seat #1 is the button
Seat 1: JonKing75 ($48.24 in chips) 
Seat 2: Aidusia1 ($20.84 in chips) 
Seat 3: JD 2266 E ($10 in chips) 
Seat 4: Mahu2021 ($4 in chips) 
Seat 5: Jajje7 ($12.57 in chips) 
Seat 6: iam2fun4u ($8.90 in chips) 
Aidusia1: posts small blind $0.05
JD 2266 E: posts big blind $0.10
*** HOLE CARDS ***
Dealt to Mahu2021 [As Th]
Mahu2021: raises $0.10 to $0.20
Jajje7: raises $0.55 to $0.75
iam2fun4u: folds 
JonKing75: folds 
Aidusia1: folds 
JD 2266 E: folds 
Mahu2021: calls $0.55
*** FLOP *** [Jh Td 7c]
Mahu2021: bets $3.25 and is all-in
Jajje7: folds 
Uncalled bet ($3.25) returned to Mahu2021
Mahu2021 collected $1.58 from pot
Mahu2021: doesn't show hand 
*** SUMMARY ***
Total pot $1.65 | Rake $0.07 
Board [Jh Td 7c]
Seat 1: JonKing75 (button) folded before Flop (didn't bet)
Seat 2: Aidusia1 (small blind) folded before Flop
Seat 3: JD 2266 E (big blind) folded before Flop
Seat 4: Mahu2021 collected ($1.58)
Seat 5: Jajje7 folded on the Flop
Seat 6: iam2fun4u folded before Flop (didn't bet)



PokerStars Zoom Hand #255093135611:  Hold'em No Limit ($0.05/$0.10) - 2025/03/01 20:58:01 CET [2025/03/01 14:58:01 ET]
Table 'Aludra' 6-max Seat #1 is the button
Seat 1: Empahehe ($22.17 in chips) 
Seat 2: Last70 ($12.55 in chips) 
Seat 3: Mahu2021 ($4.83 in chips) 
Seat 4: Rodesp6893 ($10.68 in chips) 
Seat 5: alanindublin ($16.29 in chips) 
Seat 6: teebeutel16 ($5.03 in chips) 
Last70: posts small blind $0.05
Mahu2021: posts big blind $0.10
*** HOLE CARDS ***
Dealt to Mahu2021 [Js Kd]
Rodesp6893: folds 
alanindublin: folds 
teebeutel16: folds 
Empahehe: calls $0.10
Last70: raises $0.33 to $0.43
Mahu2021: calls $0.33
Empahehe: folds 
*** FLOP *** [6d 2d 5c]
Last70: bets $0.70
Mahu2021: folds 
Uncalled bet ($0.70) returned to Last70
Last70 collected $0.92 from pot
Last70: doesn't show hand 
*** SUMMARY ***
Total pot $0.96 | Rake $0.04 
Board [6d 2d 5c]
Seat 1: Empahehe (button) folded before Flop
Seat 2: Last70 (small blind) collected ($0.92)
Seat 3: Mahu2021 (big blind) folded on the Flop
Seat 4: Rodesp6893 folded before Flop (didn't bet)
Seat 5: alanindublin folded before Flop (didn't bet)
Seat 6: teebeutel16 folded before Flop (didn't bet)



PokerStars Zoom Hand #255093140530:  Hold'em No Limit ($0.05/$0.10) - 2025/03/01 20:58:28 CET [2025/03/01 14:58:28 ET]
Table 'Aludra' 6-max Seat #1 is the button
Seat 1: citizen6e ($10 in chips) 
Seat 2: Mahu2021 ($4.40 in chips) 
Seat 3: ProjectPokerPro ($11.71 in chips) 
Seat 4: SkyBoy23 ($16.52 in chips) 
Seat 5: marcioadrs ($16.22 in chips) 
Seat 6: Relaxing616 ($13.77 in chips) 
Mahu2021: posts small blind $0.05
ProjectPokerPro: posts big blind $0.10
*** HOLE CARDS ***
Dealt to Mahu2021 [Ac Td]
SkyBoy23: folds 
marcioadrs: folds 
Relaxing616: raises $0.15 to $0.25
citizen6e: folds 
Mahu2021: calls $0.20
ProjectPokerPro: folds 
*** FLOP *** [4h 5h Qc]
Mahu2021: checks 
Relaxing616: bets $0.43
Mahu2021: folds 
Uncalled bet ($0.43) returned to Relaxing616
Relaxing616 collected $0.56 from pot
Relaxing616: doesn't show hand 
*** SUMMARY ***
Total pot $0.60 | Rake $0.04 
Board [4h 5h Qc]
Seat 1: citizen6e (button) folded before Flop (didn't bet)
Seat 2: Mahu2021 (small blind) folded on the Flop
Seat 3: ProjectPokerPro (big blind) folded before Flop
Seat 4: SkyBoy23 folded before Flop (didn't bet)
Seat 5: marcioadrs folded before Flop (didn't bet)
Seat 6: Relaxing616 collected ($0.56)



PokerStars Zoom Hand #255093134916:  Hold'em No Limit ($0.05/$0.10) - 2025/03/01 20:57:57 CET [2025/03/01 14:57:57 ET]
Table 'Aludra' 6-max Seat #1 is the button
Seat 1: Jajje7 ($10.42 in chips) 
Seat 2: Vbacco72V ($5.15 in chips) 
Seat 3: chevins ($22.26 in chips) 
Seat 4: Mahu2021 ($4.83 in chips) 
Seat 5: TFIF ($8.70 in chips) 
Seat 6: SkyBoy23 ($34.41 in chips) 
Vbacco72V: posts small blind $0.05
chevins: posts big blind $0.10
*** HOLE CARDS ***
Dealt to Mahu2021 [As 7c]
Mahu2021: folds 
TFIF: folds 
SkyBoy23: folds 
Jajje7: raises $0.10 to $0.20
Vbacco72V: folds 
chevins: calls $0.10
*** FLOP *** [Tc 4d Ad]
chevins: checks 
Jajje7: bets $0.20
chevins: raises $0.50 to $0.70
Jajje7: calls $0.50
*** TURN *** [Tc 4d Ad] [9c]
chevins: bets $0.70
Jajje7: calls $0.70
*** RIVER *** [Tc 4d Ad 9c] [4h]
chevins: checks 
Jajje7: bets $2.17
chevins: folds 
Uncalled bet ($2.17) returned to Jajje7
Jajje7 collected $3.10 from pot
Jajje7: doesn't show hand 
*** SUMMARY ***
Total pot $3.25 | Rake $0.15 
Board [Tc 4d Ad 9c 4h]
Seat 1: Jajje7 (button) collected ($3.10)
Seat 2: Vbacco72V (small blind) folded before Flop
Seat 3: chevins (big blind) folded on the River
Seat 4: Mahu2021 folded before Flop (didn't bet)
Seat 5: TFIF folded before Flop (didn't bet)
Seat 6: SkyBoy23 folded before Flop (didn't bet)



PokerStars Zoom Hand #255093145972:  Hold'em No Limit ($0.05/$0.10) - 2025/03/01 20:58:57 CET [2025/03/01 14:58:57 ET]
Table 'Aludra' 6-max Seat #1 is the button
Seat 1: Mahu2021 ($4.15 in chips) 
Seat 2: Ruabe ($10 in chips) 
Seat 3: Latte is horse ($9.40 in chips) 
Seat 4: BigfootWwa ($10 in chips) 
Seat 5: Omaha Craig ($7.07 in chips) 
Seat 6: emo114 ($10.10 in chips) 
Ruabe: posts small blind $0.05
Latte is horse: posts big blind $0.10
*** HOLE CARDS ***
Dealt to Mahu2021 [Jh 9h]
BigfootWwa: folds 
Omaha Craig: folds 
emo114: folds 
Mahu2021: raises $0.20 to $0.30
Ruabe: raises $9.65 to $9.95
Latte is horse: folds 
Mahu2021: folds 
Uncalled bet ($9.65) returned to Ruabe
Ruabe collected $0.70 from pot
Ruabe: doesn't show hand 
*** SUMMARY ***
Total pot $0.70 | Rake $0 
Seat 1: Mahu2021 (button) folded before Flop
Seat 2: Ruabe (small blind) collected ($0.70)
Seat 3: Latte is horse (big blind) folded before Flop
Seat 4: BigfootWwa folded before Flop (didn't bet)
Seat 5: Omaha Craig folded before Flop (didn't bet)
Seat 6: emo114 folded before Flop (didn't bet)



PokerStars Zoom Hand #255093149130:  Hold'em No Limit ($0.05/$0.10) - 2025/03/01 20:59:14 CET [2025/03/01 14:59:14 ET]
Table 'Aludra' 6-max Seat #1 is the button
Seat 1: welshman19 ($17.38 in chips) 
Seat 2: marcioadrs ($10.81 in chips) 
Seat 3: Anesme1 ($9.50 in chips) 
Seat 4: davowar ($8.35 in chips) 
Seat 5: ALEKC6 ($10.33 in chips) 
Seat 6: Mahu2021 ($3.85 in chips) 
marcioadrs: posts small blind $0.05
Anesme1: posts big blind $0.10
*** HOLE CARDS ***
Dealt to Mahu2021 [4s 3c]
davowar: folds 
ALEKC6: folds 
Mahu2021: folds 
welshman19: folds 
marcioadrs: folds 
Uncalled bet ($0.05) returned to Anesme1
Anesme1 collected $0.10 from pot
Anesme1: doesn't show hand 
*** SUMMARY ***
Total pot $0.10 | Rake $0 
Seat 1: welshman19 (button) folded before Flop (didn't bet)
Seat 2: marcioadrs (small blind) folded before Flop
Seat 3: Anesme1 (big blind) collected ($0.10)
Seat 4: davowar folded before Flop (didn't bet)
Seat 5: ALEKC6 folded before Flop (didn't bet)
Seat 6: Mahu2021 folded before Flop (didn't bet)



PokerStars Zoom Hand #255093150654:  Hold'em No Limit ($0.05/$0.10) - 2025/03/01 20:59:23 CET [2025/03/01 14:59:23 ET]
Table 'Aludra' 6-max Seat #1 is the button
Seat 1: Miracle of 50k ($12.79 in chips) 
Seat 2: Omaha Craig ($7.12 in chips) 
Seat 3: SkyBoy23 ($34.01 in chips) 
Seat 4: goettems1992 ($28.54 in chips) 
Seat 5: Mahu2021 ($3.85 in chips) 
Seat 6: buluvic ($16.49 in chips) 
Omaha Craig: posts small blind $0.05
SkyBoy23: posts big blind $0.10
*** HOLE CARDS ***
Dealt to Mahu2021 [Ac Qd]
goettems1992: folds 
Mahu2021: raises $0.14 to $0.24
buluvic: folds 
Miracle of 50k: folds 
Omaha Craig: folds 
SkyBoy23: folds 
Uncalled bet ($0.14) returned to Mahu2021
Mahu2021 collected $0.25 from pot
Mahu2021: doesn't show hand 
*** SUMMARY ***
Total pot $0.25 | Rake $0 
Seat 1: Miracle of 50k (button) folded before Flop (didn't bet)
Seat 2: Omaha Craig (small blind) folded before Flop
Seat 3: SkyBoy23 (big blind) folded before Flop
Seat 4: goettems1992 folded before Flop (didn't bet)
Seat 5: Mahu2021 collected ($0.25)
Seat 6: buluvic folded before Flop (didn't bet)



PokerStars Zoom Hand #255093152778:  Hold'em No Limit ($0.05/$0.10) - 2025/03/01 20:59:34 CET [2025/03/01 14:59:34 ET]
Table 'Aludra' 6-max Seat #1 is the button
Seat 1: Ritter00 ($6.27 in chips) 
Seat 2: Mahu2021 ($4 in chips) 
Seat 3: JonKing75 ($14.12 in chips) 
Seat 4: TFIF ($8.94 in chips) 
Seat 5: ALEKC6 ($10.28 in chips) 
Seat 6: emo114 ($21.29 in chips) 
Mahu2021: posts small blind $0.05
JonKing75: posts big blind $0.10
*** HOLE CARDS ***
Dealt to Mahu2021 [9c 4c]
TFIF: folds 
ALEKC6: folds 
emo114: folds 
Ritter00: folds 
Mahu2021: folds 
Uncalled bet ($0.05) returned to JonKing75
JonKing75 collected $0.10 from pot
JonKing75: doesn't show hand 
*** SUMMARY ***
Total pot $0.10 | Rake $0 
Seat 1: Ritter00 (button) folded before Flop (didn't bet)
Seat 2: Mahu2021 (small blind) folded before Flop
Seat 3: JonKing75 (big blind) collected ($0.10)
Seat 4: TFIF folded before Flop (didn't bet)
Seat 5: ALEKC6 folded before Flop (didn't bet)
Seat 6: emo114 folded before Flop (didn't bet)



PokerStars Zoom Hand #255093149699:  Hold'em No Limit ($0.05/$0.10) - 2025/03/01 20:59:17 CET [2025/03/01 14:59:17 ET]
Table 'Aludra' 6-max Seat #1 is the button
Seat 1: ProjectPokerPro ($10 in chips) 
Seat 2: bearparkno1 ($6.50 in chips) 
Seat 3: xaliabalias4 ($8.90 in chips) 
Seat 4: JD 2266 E ($9.70 in chips) 
Seat 5: Mahu2021 ($3.85 in chips) 
Seat 6: Ritter00 ($6.12 in chips) 
bearparkno1: posts small blind $0.05
xaliabalias4: posts big blind $0.10
*** HOLE CARDS ***
Dealt to Mahu2021 [3d Ts]
JD 2266 E: raises $0.15 to $0.25
Mahu2021: folds 
Ritter00: folds 
ProjectPokerPro: folds 
bearparkno1: raises $0.25 to $0.50
xaliabalias4: folds 
JD 2266 E: calls $0.25
*** FLOP *** [Jc 2c 4h]
bearparkno1: bets $0.30
JD 2266 E: calls $0.30
*** TURN *** [Jc 2c 4h] [Kc]
bearparkno1: checks 
JD 2266 E: bets $0.60
bearparkno1: calls $0.60
*** RIVER *** [Jc 2c 4h Kc] [Qh]
bearparkno1: checks 
JD 2266 E: bets $2.13
bearparkno1: folds 
Uncalled bet ($2.13) returned to JD 2266 E
JD 2266 E collected $2.77 from pot
JD 2266 E: doesn't show hand 
*** SUMMARY ***
Total pot $2.90 | Rake $0.13 
Board [Jc 2c 4h Kc Qh]
Seat 1: ProjectPokerPro (button) folded before Flop (didn't bet)
Seat 2: bearparkno1 (small blind) folded on the River
Seat 3: xaliabalias4 (big blind) folded before Flop
Seat 4: JD 2266 E collected ($2.77)
Seat 5: Mahu2021 folded before Flop (didn't bet)
Seat 6: Ritter00 folded before Flop (didn't bet)



PokerStars Zoom Hand #255093158609:  Hold'em No Limit ($0.05/$0.10) - 2025/03/01 21:00:04 CET [2025/03/01 15:00:04 ET]
Table 'Aludra' 6-max Seat #1 is the button
Seat 1: Mahu2021 ($3.75 in chips) 
Seat 2: davowar ($8.40 in chips) 
Seat 3: Zutuzutu_90 ($11.13 in chips) 
Seat 4: Last70 ($12.20 in chips) 
Seat 5: Rattenlord ($3.30 in chips) 
Seat 6: emo114 ($10.37 in chips) 
davowar: posts small blind $0.05
Zutuzutu_90: posts big blind $0.10
*** HOLE CARDS ***
Dealt to Mahu2021 [9c 6c]
Last70: folds 
Rattenlord: folds 
emo114: raises $0.20 to $0.30
Mahu2021: folds 
davowar: folds 
Zutuzutu_90: folds 
Uncalled bet ($0.20) returned to emo114
emo114 collected $0.25 from pot
emo114: doesn't show hand 
*** SUMMARY ***
Total pot $0.25 | Rake $0 
Seat 1: Mahu2021 (button) folded before Flop (didn't bet)
Seat 2: davowar (small blind) folded before Flop
Seat 3: Zutuzutu_90 (big blind) folded before Flop
Seat 4: Last70 folded before Flop (didn't bet)
Seat 5: Rattenlord folded before Flop (didn't bet)
Seat 6: emo114 collected ($0.25)



PokerStars Zoom Hand #255093159209:  Hold'em No Limit ($0.05/$0.10) - 2025/03/01 21:00:07 CET [2025/03/01 15:00:07 ET]
Table 'Aludra' 6-max Seat #1 is the button
Seat 1: -FilippaT- ($10.05 in chips) 
Seat 2: Al Fr€d 69 ($10.48 in chips) 
Seat 3: Rattenlord ($3.30 in chips) 
Seat 4: Mahu2021 ($3.75 in chips) 
Seat 5: JD 2266 E ($11.07 in chips) 
Seat 6: iNteldrive ($9.75 in chips) 
Al Fr€d 69: posts small blind $0.05
Rattenlord: posts big blind $0.10
*** HOLE CARDS ***
Dealt to Mahu2021 [Jc As]
Mahu2021: raises $0.14 to $0.24
JD 2266 E: folds 
iNteldrive: folds 
-FilippaT-: folds 
Al Fr€d 69: folds 
Rattenlord: folds 
Uncalled bet ($0.14) returned to Mahu2021
Mahu2021 collected $0.25 from pot
Mahu2021: doesn't show hand 
*** SUMMARY ***
Total pot $0.25 | Rake $0 
Seat 1: -FilippaT- (button) folded before Flop (didn't bet)
Seat 2: Al Fr€d 69 (small blind) folded before Flop
Seat 3: Rattenlord (big blind) folded before Flop
Seat 4: Mahu2021 collected ($0.25)
Seat 5: JD 2266 E folded before Flop (didn't bet)
Seat 6: iNteldrive folded before Flop (didn't bet)



PokerStars Zoom Hand #255093153721:  Hold'em No Limit ($0.05/$0.10) - 2025/03/01 20:59:39 CET [2025/03/01 14:59:39 ET]
Table 'Aludra' 6-max Seat #1 is the button
Seat 1: Mormors bullar ($10.67 in chips) 
Seat 2: Mr Andronik ($6.93 in chips) 
Seat 3: Mahu2021 ($3.95 in chips) 
Seat 4: Rezzotto0208 ($21.51 in chips) 
Seat 5: jamieerobertson ($9.95 in chips) 
Seat 6: Al Fr€d 69 ($10.43 in chips) 
Mr Andronik: posts small blind $0.05
Mahu2021: posts big blind $0.10
*** HOLE CARDS ***
Dealt to Mahu2021 [9h Kc]
Rezzotto0208: folds 
jamieerobertson: calls $0.10
Al Fr€d 69: folds 
Mormors bullar: raises $0.10 to $0.20
Mr Andronik: calls $0.15
Mahu2021: calls $0.10
jamieerobertson: calls $0.10
*** FLOP *** [7d 4s 5c]
Mr Andronik: checks 
Mahu2021: checks 
jamieerobertson: bets $0.38
Mormors bullar: calls $0.38
Mr Andronik: folds 
Mahu2021: folds 
*** TURN *** [7d 4s 5c] [Jc]
jamieerobertson: checks 
Mormors bullar: bets $0.80
jamieerobertson: calls $0.80
*** RIVER *** [7d 4s 5c Jc] [5h]
jamieerobertson: checks 
Mormors bullar: bets $1.51
jamieerobertson: folds 
Uncalled bet ($1.51) returned to Mormors bullar
Mormors bullar collected $3.02 from pot
Mormors bullar: doesn't show hand 
*** SUMMARY ***
Total pot $3.16 | Rake $0.14 
Board [7d 4s 5c Jc 5h]
Seat 1: Mormors bullar (button) collected ($3.02)
Seat 2: Mr Andronik (small blind) folded on the Flop
Seat 3: Mahu2021 (big blind) folded on the Flop
Seat 4: Rezzotto0208 folded before Flop (didn't bet)
Seat 5: jamieerobertson folded on the River
Seat 6: Al Fr€d 69 folded before Flop (didn't bet)



PokerStars Zoom Hand #255093163545:  Hold'em No Limit ($0.05/$0.10) - 2025/03/01 21:00:30 CET [2025/03/01 15:00:30 ET]
Table 'Aludra' 6-max Seat #1 is the button
Seat 1: go_vandam ($6.93 in chips) 
Seat 2: marcioadrs ($12.48 in chips) 
Seat 3: Mahu2021 ($3.90 in chips) 
Seat 4: iNteldrive ($9.55 in chips) 
Seat 5: JonKing75 ($47.59 in chips) 
Seat 6: jakisjacek ($17.13 in chips) 
marcioadrs: posts small blind $0.05
Mahu2021: posts big blind $0.10
*** HOLE CARDS ***
Dealt to Mahu2021 [9c 4c]
iNteldrive: folds 
JonKing75: folds 
jakisjacek: folds 
go_vandam: folds 
marcioadrs: folds 
Uncalled bet ($0.05) returned to Mahu2021
Mahu2021 collected $0.10 from pot
Mahu2021: doesn't show hand 
*** SUMMARY ***
Total pot $0.10 | Rake $0 
Seat 1: go_vandam (button) folded before Flop (didn't bet)
Seat 2: marcioadrs (small blind) folded before Flop
Seat 3: Mahu2021 (big blind) collected ($0.10)
Seat 4: iNteldrive folded before Flop (didn't bet)
Seat 5: JonKing75 folded before Flop (didn't bet)
Seat 6: jakisjacek folded before Flop (didn't bet)



PokerStars Zoom Hand #255093161775:  Hold'em No Limit ($0.05/$0.10) - 2025/03/01 21:00:21 CET [2025/03/01 15:00:21 ET]
Table 'Aludra' 6-max Seat #1 is the button
Seat 1: aveitsch ($14.63 in chips) 
Seat 2: AnjinhoTrex ($20.85 in chips) 
Seat 3: leut1210 ($7.60 in chips) 
Seat 4: Miracle of 50k ($12.79 in chips) 
Seat 5: Rhymer82 ($12.44 in chips) 
Seat 6: Mahu2021 ($3.90 in chips) 
AnjinhoTrex: posts small blind $0.05
leut1210: posts big blind $0.10
*** HOLE CARDS ***
Dealt to Mahu2021 [As 2c]
Miracle of 50k: folds 
Rhymer82: folds 
Mahu2021: folds 
aveitsch: raises $0.15 to $0.25
AnjinhoTrex: calls $0.20
leut1210: folds 
*** FLOP *** [Qd 4d 5s]
AnjinhoTrex: bets $0.60
aveitsch: folds 
Uncalled bet ($0.60) returned to AnjinhoTrex
AnjinhoTrex collected $0.57 from pot
AnjinhoTrex: doesn't show hand 
*** SUMMARY ***
Total pot $0.60 | Rake $0.03 
Board [Qd 4d 5s]
Seat 1: aveitsch (button) folded on the Flop
Seat 2: AnjinhoTrex (small blind) collected ($0.57)
Seat 3: leut1210 (big blind) folded before Flop
Seat 4: Miracle of 50k folded before Flop (didn't bet)
Seat 5: Rhymer82 folded before Flop (didn't bet)
Seat 6: Mahu2021 folded before Flop (didn't bet)



PokerStars Zoom Hand #255093162827:  Hold'em No Limit ($0.05/$0.10) - 2025/03/01 21:00:26 CET [2025/03/01 15:00:26 ET]
Table 'Aludra' 6-max Seat #1 is the button
Seat 1: heebo234 ($10.48 in chips) 
Seat 2: Malloy08 ($13.02 in chips) 
Seat 3: Ritter00 ($8.32 in chips) 
Seat 4: Mahu2021 ($3.90 in chips) 
Seat 5: Nicedays ($7.03 in chips) 
Seat 6: Omaha Craig ($6.33 in chips) 
Malloy08: posts small blind $0.05
Ritter00: posts big blind $0.10
*** HOLE CARDS ***
Dealt to Mahu2021 [5h 2d]
Mahu2021: folds 
Nicedays: raises $0.10 to $0.20
Omaha Craig: folds 
heebo234: folds 
Malloy08: folds 
Ritter00: calls $0.10
*** FLOP *** [9s Kh Th]
Ritter00: checks 
Nicedays: checks 
*** TURN *** [9s Kh Th] [2c]
Ritter00: bets $0.14
Nicedays: folds 
Uncalled bet ($0.14) returned to Ritter00
Ritter00 collected $0.43 from pot
Ritter00: doesn't show hand 
*** SUMMARY ***
Total pot $0.45 | Rake $0.02 
Board [9s Kh Th 2c]
Seat 1: heebo234 (button) folded before Flop (didn't bet)
Seat 2: Malloy08 (small blind) folded before Flop
Seat 3: Ritter00 (big blind) collected ($0.43)
Seat 4: Mahu2021 folded before Flop (didn't bet)
Seat 5: Nicedays folded on the Turn
Seat 6: Omaha Craig folded before Flop (didn't bet)



PokerStars Zoom Hand #255093168494:  Hold'em No Limit ($0.05/$0.10) - 2025/03/01 21:00:52 CET [2025/03/01 15:00:52 ET]
Table 'Aludra' 6-max Seat #1 is the button
Seat 1: Mahu2021 ($3.90 in chips) 
Seat 2: marcioadrs ($10.82 in chips) 
Seat 3: Cyborg_0113 ($11.62 in chips) 
Seat 4: SkyBoy23 ($33.56 in chips) 
Seat 5: welshman19 ($18.62 in chips) 
Seat 6: emo114 ($10.42 in chips) 
marcioadrs: posts small blind $0.05
Cyborg_0113: posts big blind $0.10
*** HOLE CARDS ***
Dealt to Mahu2021 [4c Ts]
SkyBoy23: folds 
welshman19: raises $0.15 to $0.25
emo114: folds 
Mahu2021: folds 
marcioadrs: folds 
Cyborg_0113: folds 
Uncalled bet ($0.15) returned to welshman19
welshman19 collected $0.25 from pot
welshman19: doesn't show hand 
*** SUMMARY ***
Total pot $0.25 | Rake $0 
Seat 1: Mahu2021 (button) folded before Flop (didn't bet)
Seat 2: marcioadrs (small blind) folded before Flop
Seat 3: Cyborg_0113 (big blind) folded before Flop
Seat 4: SkyBoy23 folded before Flop (didn't bet)
Seat 5: welshman19 collected ($0.25)
Seat 6: emo114 folded before Flop (didn't bet)



PokerStars Zoom Hand #255093169468:  Hold'em No Limit ($0.05/$0.10) - 2025/03/01 21:00:56 CET [2025/03/01 15:00:56 ET]
Table 'Aludra' 6-max Seat #1 is the button
Seat 1: JonKing75 ($20.37 in chips) 
Seat 2: Takinu_zen ($10.55 in chips) 
Seat 3: Beardown72 ($5 in chips) 
Seat 4: pokeripuikko ($21.35 in chips) 
Seat 5: Mahu2021 ($3.90 in chips) 
Seat 6: Mr Andronik ($5.25 in chips) 
Takinu_zen: posts small blind $0.05
Beardown72: posts big blind $0.10
*** HOLE CARDS ***
Dealt to Mahu2021 [7s 6s]
pokeripuikko: folds 
Mahu2021: raises $0.14 to $0.24
Mr Andronik: folds 
JonKing75: folds 
Takinu_zen: folds 
Beardown72: folds 
Uncalled bet ($0.14) returned to Mahu2021
Mahu2021 collected $0.25 from pot
Mahu2021: doesn't show hand 
*** SUMMARY ***
Total pot $0.25 | Rake $0 
Seat 1: JonKing75 (button) folded before Flop (didn't bet)
Seat 2: Takinu_zen (small blind) folded before Flop
Seat 3: Beardown72 (big blind) folded before Flop
Seat 4: pokeripuikko folded before Flop (didn't bet)
Seat 5: Mahu2021 collected ($0.25)
Seat 6: Mr Andronik folded before Flop (didn't bet)



PokerStars Zoom Hand #255093174428:  Hold'em No Limit ($0.05/$0.10) - 2025/03/01 21:01:18 CET [2025/03/01 15:01:18 ET]
Table 'Aludra' 6-max Seat #1 is the button
Seat 1: Mr Andronik ($6.03 in chips) 
Seat 2: Mahu2021 ($4.05 in chips) 
Seat 3: rlawnsdud ($10 in chips) 
Seat 4: Rhymer82 ($12.61 in chips) 
Seat 5: SkyBoy23 ($24.62 in chips) 
Seat 6: Relaxing616 ($13.45 in chips) 
Mahu2021: posts small blind $0.05
rlawnsdud: posts big blind $0.10
*** HOLE CARDS ***
Dealt to Mahu2021 [7c 9s]
Rhymer82: folds 
SkyBoy23: folds 
Relaxing616: folds 
Mr Andronik: folds 
Mahu2021: folds 
Uncalled bet ($0.05) returned to rlawnsdud
rlawnsdud collected $0.10 from pot
rlawnsdud: doesn't show hand 
*** SUMMARY ***
Total pot $0.10 | Rake $0 
Seat 1: Mr Andronik (button) folded before Flop (didn't bet)
Seat 2: Mahu2021 (small blind) folded before Flop
Seat 3: rlawnsdud (big blind) collected ($0.10)
Seat 4: Rhymer82 folded before Flop (didn't bet)
Seat 5: SkyBoy23 folded before Flop (didn't bet)
Seat 6: Relaxing616 folded before Flop (didn't bet)



PokerStars Zoom Hand #255093175392:  Hold'em No Limit ($0.05/$0.10) - 2025/03/01 21:01:22 CET [2025/03/01 15:01:22 ET]
Table 'Aludra' 6-max Seat #1 is the button
Seat 1: Relaxing616 ($13.45 in chips) 
Seat 2: xaliabalias4 ($8.63 in chips) 
Seat 3: goettems1992 ($29.04 in chips) 
Seat 4: go_vandam ($15.44 in chips) 
Seat 5: emo114 ($10.89 in chips) 
Seat 6: Mahu2021 ($4 in chips) 
xaliabalias4: posts small blind $0.05
goettems1992: posts big blind $0.10
*** HOLE CARDS ***
Dealt to Mahu2021 [Kc Qc]
go_vandam: folds 
emo114: raises $0.25 to $0.35
Mahu2021: calls $0.35
Relaxing616: folds 
xaliabalias4: folds 
goettems1992: folds 
*** FLOP *** [5h 2c 6c]
emo114: bets $0.57
Mahu2021: raises $3.08 to $3.65 and is all-in
emo114: calls $3.08
*** TURN *** [5h 2c 6c] [Tc]
*** RIVER *** [5h 2c 6c Tc] [7s]
*** SHOW DOWN ***
emo114: shows [9c Ac] (a flush, Ace high)
Mahu2021: shows [Kc Qc] (a flush, King high)
emo114 collected $7.78 from pot
*** SUMMARY ***
Total pot $8.15 | Rake $0.37 
Board [5h 2c 6c Tc 7s]
Seat 1: Relaxing616 (button) folded before Flop (didn't bet)
Seat 2: xaliabalias4 (small blind) folded before Flop
Seat 3: goettems1992 (big blind) folded before Flop
Seat 4: go_vandam folded before Flop (didn't bet)
Seat 5: emo114 showed [9c Ac] and won ($7.78) with a flush, Ace high
Seat 6: Mahu2021 showed [Kc Qc] and lost with a flush, King high



