PokerStars Hand #253401230027: Tournament #3823461256, $1.84+$0.16 USD Hold'em No Limit - Level I (10/20) - 2024/11/14 20:07:33 CET [2024/11/14 14:07:33 ET]
Table '3823461256 1' 3-max Seat #1 is the button
Seat 1: Letta113 (500 in chips) 
Seat 2: Martincho1206 (500 in chips) 
Seat 3: Mahu2021 (500 in chips) 
Martincho1206: posts small blind 10
Mahu2021: posts big blind 20
*** HOLE CARDS ***
Dealt to Mahu2021 [Ad 7s]
Letta113: calls 20
Martincho1206: raises 20 to 40
Mahu2021: calls 20
Letta113: calls 20
*** FLOP *** [6s 9c 7h]
Martincho1206: checks 
Mahu2021: checks 
Letta113: checks 
*** TURN *** [6s 9c 7h] [3s]
Martincho1206: bets 40
Mahu2021: calls 40
Letta113: folds 
*** RIVER *** [6s 9c 7h 3s] [8h]
Martincho1206: checks 
Mahu2021: checks 
*** SHOW DOWN ***
Martincho1206: shows [6d 6c] (three of a kind, Sixes)
Mahu2021: mucks hand 
Martincho1206 collected 200 from pot
*** SUMMARY ***
Total pot 200 | Rake 0 
Board [6s 9c 7h 3s 8h]
Seat 1: Letta113 (button) folded on the Turn
Seat 2: Martincho1206 (small blind) showed [6d 6c] and won (200) with three of a kind, Sixes
Seat 3: Mahu2021 (big blind) mucked [Ad 7s]



PokerStars Hand #253401241545: Tournament #3823461256, $1.84+$0.16 USD Hold'em No Limit - Level I (10/20) - 2024/11/14 20:08:12 CET [2024/11/14 14:08:12 ET]
Table '3823461256 1' 3-max Seat #2 is the button
Seat 1: Letta113 (460 in chips) 
Seat 2: Martincho1206 (620 in chips) 
Seat 3: Mahu2021 (420 in chips) 
Mahu2021: posts small blind 10
Letta113: posts big blind 20
*** HOLE CARDS ***
Dealt to Mahu2021 [Td 8s]
Martincho1206: raises 20 to 40
Mahu2021: folds 
Letta113: folds 
Uncalled bet (20) returned to Martincho1206
Martincho1206 collected 50 from pot
*** SUMMARY ***
Total pot 50 | Rake 0 
Seat 1: Letta113 (big blind) folded before Flop
Seat 2: Martincho1206 (button) collected (50)
Seat 3: Mahu2021 (small blind) folded before Flop



PokerStars Hand #253401244383: Tournament #3823461256, $1.84+$0.16 USD Hold'em No Limit - Level I (10/20) - 2024/11/14 20:08:22 CET [2024/11/14 14:08:22 ET]
Table '3823461256 1' 3-max Seat #3 is the button
Seat 1: Letta113 (440 in chips) 
Seat 2: Martincho1206 (650 in chips) 
Seat 3: Mahu2021 (410 in chips) 
Letta113: posts small blind 10
Martincho1206: posts big blind 20
*** HOLE CARDS ***
Dealt to Mahu2021 [Kc Kh]
Mahu2021: raises 390 to 410 and is all-in
Letta113: folds 
Martincho1206: folds 
Uncalled bet (390) returned to Mahu2021
Mahu2021 collected 50 from pot
Mahu2021: doesn't show hand 
*** SUMMARY ***
Total pot 50 | Rake 0 
Seat 1: Letta113 (small blind) folded before Flop
Seat 2: Martincho1206 (big blind) folded before Flop
Seat 3: Mahu2021 (button) collected (50)



PokerStars Hand #253401246498: Tournament #3823461256, $1.84+$0.16 USD Hold'em No Limit - Level I (10/20) - 2024/11/14 20:08:30 CET [2024/11/14 14:08:30 ET]
Table '3823461256 1' 3-max Seat #1 is the button
Seat 1: Letta113 (430 in chips) 
Seat 2: Martincho1206 (630 in chips) 
Seat 3: Mahu2021 (440 in chips) 
Martincho1206: posts small blind 10
Mahu2021: posts big blind 20
*** HOLE CARDS ***
Dealt to Mahu2021 [7c 6c]
Letta113: folds 
Martincho1206: calls 10
Mahu2021: checks 
*** FLOP *** [Ad Qs 8d]
Martincho1206: checks 
Mahu2021: bets 20
Martincho1206: folds 
Uncalled bet (20) returned to Mahu2021
Mahu2021 collected 40 from pot
Mahu2021: doesn't show hand 
*** SUMMARY ***
Total pot 40 | Rake 0 
Board [Ad Qs 8d]
Seat 1: Letta113 (button) folded before Flop (didn't bet)
Seat 2: Martincho1206 (small blind) folded on the Flop
Seat 3: Mahu2021 (big blind) collected (40)



PokerStars Hand #253401256929: Tournament #3823461256, $1.84+$0.16 USD Hold'em No Limit - Level I (10/20) - 2024/11/14 20:09:05 CET [2024/11/14 14:09:05 ET]
Table '3823461256 1' 3-max Seat #2 is the button
Seat 1: Letta113 (430 in chips) 
Seat 2: Martincho1206 (610 in chips) 
Seat 3: Mahu2021 (460 in chips) 
Mahu2021: posts small blind 10
Letta113: posts big blind 20
*** HOLE CARDS ***
Dealt to Mahu2021 [8d 5c]
Martincho1206: calls 20
Mahu2021: folds 
Letta113: checks 
*** FLOP *** [Ac Ah 7s]
Letta113: checks 
Martincho1206: checks 
*** TURN *** [Ac Ah 7s] [9s]
Letta113: checks 
Martincho1206: bets 40
Letta113: folds 
Uncalled bet (40) returned to Martincho1206
Martincho1206 collected 50 from pot
*** SUMMARY ***
Total pot 50 | Rake 0 
Board [Ac Ah 7s 9s]
Seat 1: Letta113 (big blind) folded on the Turn
Seat 2: Martincho1206 (button) collected (50)
Seat 3: Mahu2021 (small blind) folded before Flop



PokerStars Hand #253401266060: Tournament #3823461256, $1.84+$0.16 USD Hold'em No Limit - Level I (10/20) - 2024/11/14 20:09:37 CET [2024/11/14 14:09:37 ET]
Table '3823461256 1' 3-max Seat #3 is the button
Seat 1: Letta113 (410 in chips) 
Seat 2: Martincho1206 (640 in chips) 
Seat 3: Mahu2021 (450 in chips) 
Letta113: posts small blind 10
Martincho1206: posts big blind 20
*** HOLE CARDS ***
Dealt to Mahu2021 [4c Td]
Mahu2021: folds 
Letta113: calls 10
Martincho1206: checks 
*** FLOP *** [7s 7d 8s]
Letta113: checks 
Martincho1206: checks 
*** TURN *** [7s 7d 8s] [Jh]
Letta113: bets 20
Martincho1206: folds 
Uncalled bet (20) returned to Letta113
Letta113 collected 40 from pot
Letta113: doesn't show hand 
*** SUMMARY ***
Total pot 40 | Rake 0 
Board [7s 7d 8s Jh]
Seat 1: Letta113 (small blind) collected (40)
Seat 2: Martincho1206 (big blind) folded on the Turn
Seat 3: Mahu2021 (button) folded before Flop (didn't bet)



PokerStars Hand #253401271268: Tournament #3823461256, $1.84+$0.16 USD Hold'em No Limit - Level I (10/20) - 2024/11/14 20:09:55 CET [2024/11/14 14:09:55 ET]
Table '3823461256 1' 3-max Seat #1 is the button
Seat 1: Letta113 (430 in chips) 
Seat 2: Martincho1206 (620 in chips) 
Seat 3: Mahu2021 (450 in chips) 
Martincho1206: posts small blind 10
Mahu2021: posts big blind 20
*** HOLE CARDS ***
Dealt to Mahu2021 [9h 2h]
Letta113: folds 
Martincho1206: folds 
Uncalled bet (10) returned to Mahu2021
Mahu2021 collected 20 from pot
Mahu2021: doesn't show hand 
*** SUMMARY ***
Total pot 20 | Rake 0 
Seat 1: Letta113 (button) folded before Flop (didn't bet)
Seat 2: Martincho1206 (small blind) folded before Flop
Seat 3: Mahu2021 (big blind) collected (20)



PokerStars Hand #253401272840: Tournament #3823461256, $1.84+$0.16 USD Hold'em No Limit - Level I (10/20) - 2024/11/14 20:10:01 CET [2024/11/14 14:10:01 ET]
Table '3823461256 1' 3-max Seat #2 is the button
Seat 1: Letta113 (430 in chips) 
Seat 2: Martincho1206 (610 in chips) 
Seat 3: Mahu2021 (460 in chips) 
Mahu2021: posts small blind 10
Letta113: posts big blind 20
*** HOLE CARDS ***
Dealt to Mahu2021 [2s Qs]
Martincho1206: folds 
Mahu2021: calls 10
Letta113: checks 
*** FLOP *** [6c 8h 4d]
Mahu2021: checks 
Letta113: checks 
*** TURN *** [6c 8h 4d] [3c]
Mahu2021: checks 
Letta113: bets 20
Mahu2021: folds 
Uncalled bet (20) returned to Letta113
Letta113 collected 40 from pot
Letta113: doesn't show hand 
*** SUMMARY ***
Total pot 40 | Rake 0 
Board [6c 8h 4d 3c]
Seat 1: Letta113 (big blind) collected (40)
Seat 2: Martincho1206 (button) folded before Flop (didn't bet)
Seat 3: Mahu2021 (small blind) folded on the Turn



PokerStars Hand #253401277373: Tournament #3823461256, $1.84+$0.16 USD Hold'em No Limit - Level I (10/20) - 2024/11/14 20:10:16 CET [2024/11/14 14:10:16 ET]
Table '3823461256 1' 3-max Seat #3 is the button
Seat 1: Letta113 (450 in chips) 
Seat 2: Martincho1206 (610 in chips) 
Seat 3: Mahu2021 (440 in chips) 
Letta113: posts small blind 10
Martincho1206: posts big blind 20
*** HOLE CARDS ***
Dealt to Mahu2021 [Kh 4d]
Mahu2021: folds 
Letta113: raises 20 to 40
Martincho1206: calls 20
*** FLOP *** [9c 2h 4c]
Letta113: checks 
Martincho1206: checks 
*** TURN *** [9c 2h 4c] [6h]
Letta113: checks 
Martincho1206: checks 
*** RIVER *** [9c 2h 4c 6h] [Qd]
Letta113: bets 20
Martincho1206: folds 
Uncalled bet (20) returned to Letta113
Letta113 collected 80 from pot
Letta113: doesn't show hand 
*** SUMMARY ***
Total pot 80 | Rake 0 
Board [9c 2h 4c 6h Qd]
Seat 1: Letta113 (small blind) collected (80)
Seat 2: Martincho1206 (big blind) folded on the River
Seat 3: Mahu2021 (button) folded before Flop (didn't bet)



PokerStars Hand #253401284686: Tournament #3823461256, $1.84+$0.16 USD Hold'em No Limit - Level II (15/30) - 2024/11/14 20:10:41 CET [2024/11/14 14:10:41 ET]
Table '3823461256 1' 3-max Seat #1 is the button
Seat 1: Letta113 (490 in chips) 
Seat 2: Martincho1206 (570 in chips) 
Seat 3: Mahu2021 (440 in chips) 
Martincho1206: posts small blind 15
Mahu2021: posts big blind 30
*** HOLE CARDS ***
Dealt to Mahu2021 [7c Kc]
Letta113: folds 
Martincho1206: folds 
Uncalled bet (15) returned to Mahu2021
Mahu2021 collected 30 from pot
Mahu2021: doesn't show hand 
*** SUMMARY ***
Total pot 30 | Rake 0 
Seat 1: Letta113 (button) folded before Flop (didn't bet)
Seat 2: Martincho1206 (small blind) folded before Flop
Seat 3: Mahu2021 (big blind) collected (30)



PokerStars Hand #253401286805: Tournament #3823461256, $1.84+$0.16 USD Hold'em No Limit - Level II (15/30) - 2024/11/14 20:10:49 CET [2024/11/14 14:10:49 ET]
Table '3823461256 1' 3-max Seat #2 is the button
Seat 1: Letta113 (490 in chips) 
Seat 2: Martincho1206 (555 in chips) 
Seat 3: Mahu2021 (455 in chips) 
Mahu2021: posts small blind 15
Letta113: posts big blind 30
*** HOLE CARDS ***
Dealt to Mahu2021 [Ts 8d]
Martincho1206: raises 30 to 60
Mahu2021: folds 
Letta113: calls 30
*** FLOP *** [6c 4h 7d]
Letta113: checks 
Martincho1206: bets 60
Letta113: calls 60
*** TURN *** [6c 4h 7d] [Kd]
Letta113: checks 
Martincho1206: bets 60
Letta113: calls 60
*** RIVER *** [6c 4h 7d Kd] [Kh]
Letta113: checks 
Martincho1206: checks 
*** SHOW DOWN ***
Letta113: shows [9s 6s] (two pair, Kings and Sixes)
Martincho1206: mucks hand 
Letta113 collected 375 from pot
*** SUMMARY ***
Total pot 375 | Rake 0 
Board [6c 4h 7d Kd Kh]
Seat 1: Letta113 (big blind) showed [9s 6s] and won (375) with two pair, Kings and Sixes
Seat 2: Martincho1206 (button) mucked [8h As]
Seat 3: Mahu2021 (small blind) folded before Flop



PokerStars Hand #253401297956: Tournament #3823461256, $1.84+$0.16 USD Hold'em No Limit - Level II (15/30) - 2024/11/14 20:11:27 CET [2024/11/14 14:11:27 ET]
Table '3823461256 1' 3-max Seat #3 is the button
Seat 1: Letta113 (685 in chips) 
Seat 2: Martincho1206 (375 in chips) 
Seat 3: Mahu2021 (440 in chips) 
Letta113: posts small blind 15
Martincho1206: posts big blind 30
*** HOLE CARDS ***
Dealt to Mahu2021 [8h Tc]
Mahu2021: folds 
Letta113: folds 
Uncalled bet (15) returned to Martincho1206
Martincho1206 collected 30 from pot
*** SUMMARY ***
Total pot 30 | Rake 0 
Seat 1: Letta113 (small blind) folded before Flop
Seat 2: Martincho1206 (big blind) collected (30)
Seat 3: Mahu2021 (button) folded before Flop (didn't bet)



PokerStars Hand #253401299706: Tournament #3823461256, $1.84+$0.16 USD Hold'em No Limit - Level II (15/30) - 2024/11/14 20:11:33 CET [2024/11/14 14:11:33 ET]
Table '3823461256 1' 3-max Seat #1 is the button
Seat 1: Letta113 (670 in chips) 
Seat 2: Martincho1206 (390 in chips) 
Seat 3: Mahu2021 (440 in chips) 
Martincho1206: posts small blind 15
Mahu2021: posts big blind 30
*** HOLE CARDS ***
Dealt to Mahu2021 [7h 9c]
Letta113: folds 
Martincho1206: folds 
Uncalled bet (15) returned to Mahu2021
Mahu2021 collected 30 from pot
Mahu2021: doesn't show hand 
*** SUMMARY ***
Total pot 30 | Rake 0 
Seat 1: Letta113 (button) folded before Flop (didn't bet)
Seat 2: Martincho1206 (small blind) folded before Flop
Seat 3: Mahu2021 (big blind) collected (30)



PokerStars Hand #253401301331: Tournament #3823461256, $1.84+$0.16 USD Hold'em No Limit - Level II (15/30) - 2024/11/14 20:11:39 CET [2024/11/14 14:11:39 ET]
Table '3823461256 1' 3-max Seat #2 is the button
Seat 1: Letta113 (670 in chips) 
Seat 2: Martincho1206 (375 in chips) 
Seat 3: Mahu2021 (455 in chips) 
Mahu2021: posts small blind 15
Letta113: posts big blind 30
*** HOLE CARDS ***
Dealt to Mahu2021 [Ks 8c]
Martincho1206: folds 
Mahu2021: raises 60 to 90
Letta113: calls 60
*** FLOP *** [Jh 7c 9d]
Mahu2021: checks 
Letta113: checks 
*** TURN *** [Jh 7c 9d] [Td]
Mahu2021: checks 
Letta113: bets 30
Mahu2021: raises 90 to 120
Letta113: calls 90
*** RIVER *** [Jh 7c 9d Td] [3c]
Mahu2021: bets 245 and is all-in
Letta113: calls 245
*** SHOW DOWN ***
Mahu2021: shows [Ks 8c] (a straight, Seven to Jack)
Letta113: shows [7d 9h] (two pair, Nines and Sevens)
Mahu2021 collected 910 from pot
*** SUMMARY ***
Total pot 910 | Rake 0 
Board [Jh 7c 9d Td 3c]
Seat 1: Letta113 (big blind) showed [7d 9h] and lost with two pair, Nines and Sevens
Seat 2: Martincho1206 (button) folded before Flop (didn't bet)
Seat 3: Mahu2021 (small blind) showed [Ks 8c] and won (910) with a straight, Seven to Jack



PokerStars Hand #253401308154: Tournament #3823461256, $1.84+$0.16 USD Hold'em No Limit - Level II (15/30) - 2024/11/14 20:12:02 CET [2024/11/14 14:12:02 ET]
Table '3823461256 1' 3-max Seat #3 is the button
Seat 1: Letta113 (215 in chips) 
Seat 2: Martincho1206 (375 in chips) 
Seat 3: Mahu2021 (910 in chips) 
Letta113: posts small blind 15
Martincho1206: posts big blind 30
*** HOLE CARDS ***
Dealt to Mahu2021 [Kd 4c]
Mahu2021: folds 
Letta113: folds 
Uncalled bet (15) returned to Martincho1206
Martincho1206 collected 30 from pot
*** SUMMARY ***
Total pot 30 | Rake 0 
Seat 1: Letta113 (small blind) folded before Flop
Seat 2: Martincho1206 (big blind) collected (30)
Seat 3: Mahu2021 (button) folded before Flop (didn't bet)



PokerStars Hand #253401309550: Tournament #3823461256, $1.84+$0.16 USD Hold'em No Limit - Level II (15/30) - 2024/11/14 20:12:07 CET [2024/11/14 14:12:07 ET]
Table '3823461256 1' 3-max Seat #1 is the button
Seat 1: Letta113 (200 in chips) 
Seat 2: Martincho1206 (390 in chips) 
Seat 3: Mahu2021 (910 in chips) 
Martincho1206: posts small blind 15
Mahu2021: posts big blind 30
*** HOLE CARDS ***
Dealt to Mahu2021 [8c 2h]
Letta113: folds 
Martincho1206: raises 30 to 60
Mahu2021: folds 
Uncalled bet (30) returned to Martincho1206
Martincho1206 collected 60 from pot
*** SUMMARY ***
Total pot 60 | Rake 0 
Seat 1: Letta113 (button) folded before Flop (didn't bet)
Seat 2: Martincho1206 (small blind) collected (60)
Seat 3: Mahu2021 (big blind) folded before Flop



PokerStars Hand #253401312473: Tournament #3823461256, $1.84+$0.16 USD Hold'em No Limit - Level II (15/30) - 2024/11/14 20:12:17 CET [2024/11/14 14:12:17 ET]
Table '3823461256 1' 3-max Seat #2 is the button
Seat 1: Letta113 (200 in chips) 
Seat 2: Martincho1206 (420 in chips) 
Seat 3: Mahu2021 (880 in chips) 
Mahu2021: posts small blind 15
Letta113: posts big blind 30
*** HOLE CARDS ***
Dealt to Mahu2021 [2d Ah]
Martincho1206: raises 390 to 420 and is all-in
Mahu2021: folds 
Letta113: folds 
Uncalled bet (390) returned to Martincho1206
Martincho1206 collected 75 from pot
*** SUMMARY ***
Total pot 75 | Rake 0 
Seat 1: Letta113 (big blind) folded before Flop
Seat 2: Martincho1206 (button) collected (75)
Seat 3: Mahu2021 (small blind) folded before Flop



PokerStars Hand #253401314921: Tournament #3823461256, $1.84+$0.16 USD Hold'em No Limit - Level II (15/30) - 2024/11/14 20:12:25 CET [2024/11/14 14:12:25 ET]
Table '3823461256 1' 3-max Seat #3 is the button
Seat 1: Letta113 (170 in chips) 
Seat 2: Martincho1206 (465 in chips) 
Seat 3: Mahu2021 (865 in chips) 
Letta113: posts small blind 15
Martincho1206: posts big blind 30
*** HOLE CARDS ***
Dealt to Mahu2021 [Td 9c]
Mahu2021: calls 30
Letta113: folds 
Martincho1206: checks 
*** FLOP *** [Ad 5c Th]
Martincho1206: checks 
Mahu2021: bets 30
Martincho1206: folds 
Uncalled bet (30) returned to Mahu2021
Mahu2021 collected 75 from pot
Mahu2021: doesn't show hand 
*** SUMMARY ***
Total pot 75 | Rake 0 
Board [Ad 5c Th]
Seat 1: Letta113 (small blind) folded before Flop
Seat 2: Martincho1206 (big blind) folded on the Flop
Seat 3: Mahu2021 (button) collected (75)



PokerStars Hand #253401319019: Tournament #3823461256, $1.84+$0.16 USD Hold'em No Limit - Level II (15/30) - 2024/11/14 20:12:39 CET [2024/11/14 14:12:39 ET]
Table '3823461256 1' 3-max Seat #1 is the button
Seat 1: Letta113 (155 in chips) 
Seat 2: Martincho1206 (435 in chips) 
Seat 3: Mahu2021 (910 in chips) 
Martincho1206: posts small blind 15
Mahu2021: posts big blind 30
*** HOLE CARDS ***
Dealt to Mahu2021 [Jc Tc]
Letta113: folds 
Martincho1206: raises 30 to 60
Mahu2021: calls 30
*** FLOP *** [7s 3c 7d]
Martincho1206: checks 
Mahu2021: checks 
*** TURN *** [7s 3c 7d] [5c]
Martincho1206: checks 
Mahu2021: bets 60
Martincho1206: folds 
Uncalled bet (60) returned to Mahu2021
Mahu2021 collected 120 from pot
Mahu2021: doesn't show hand 
*** SUMMARY ***
Total pot 120 | Rake 0 
Board [7s 3c 7d 5c]
Seat 1: Letta113 (button) folded before Flop (didn't bet)
Seat 2: Martincho1206 (small blind) folded on the Turn
Seat 3: Mahu2021 (big blind) collected (120)



PokerStars Hand #253401323594: Tournament #3823461256, $1.84+$0.16 USD Hold'em No Limit - Level II (15/30) - 2024/11/14 20:12:55 CET [2024/11/14 14:12:55 ET]
Table '3823461256 1' 3-max Seat #2 is the button
Seat 1: Letta113 (155 in chips) 
Seat 2: Martincho1206 (375 in chips) 
Seat 3: Mahu2021 (970 in chips) 
Mahu2021: posts small blind 15
Letta113: posts big blind 30
*** HOLE CARDS ***
Dealt to Mahu2021 [7s Qd]
Martincho1206: folds 
Mahu2021: raises 60 to 90
Letta113: folds 
Uncalled bet (60) returned to Mahu2021
Mahu2021 collected 60 from pot
Mahu2021: doesn't show hand 
*** SUMMARY ***
Total pot 60 | Rake 0 
Seat 1: Letta113 (big blind) folded before Flop
Seat 2: Martincho1206 (button) folded before Flop (didn't bet)
Seat 3: Mahu2021 (small blind) collected (60)



PokerStars Hand #253401325831: Tournament #3823461256, $1.84+$0.16 USD Hold'em No Limit - Level II (15/30) - 2024/11/14 20:13:03 CET [2024/11/14 14:13:03 ET]
Table '3823461256 1' 3-max Seat #3 is the button
Seat 1: Letta113 (125 in chips) 
Seat 2: Martincho1206 (375 in chips) 
Seat 3: Mahu2021 (1000 in chips) 
Letta113: posts small blind 15
Martincho1206: posts big blind 30
*** HOLE CARDS ***
Dealt to Mahu2021 [Ks 8h]
Mahu2021: folds 
Letta113: raises 95 to 125 and is all-in
Martincho1206: calls 95
*** FLOP *** [7d Jh 3h]
*** TURN *** [7d Jh 3h] [4c]
*** RIVER *** [7d Jh 3h 4c] [Jd]
*** SHOW DOWN ***
Letta113: shows [Qs Js] (three of a kind, Jacks)
Martincho1206: shows [Ad Kc] (a pair of Jacks)
Letta113 collected 250 from pot
*** SUMMARY ***
Total pot 250 | Rake 0 
Board [7d Jh 3h 4c Jd]
Seat 1: Letta113 (small blind) showed [Qs Js] and won (250) with three of a kind, Jacks
Seat 2: Martincho1206 (big blind) showed [Ad Kc] and lost with a pair of Jacks
Seat 3: Mahu2021 (button) folded before Flop (didn't bet)



PokerStars Hand #253401330398: Tournament #3823461256, $1.84+$0.16 USD Hold'em No Limit - Level II (15/30) - 2024/11/14 20:13:19 CET [2024/11/14 14:13:19 ET]
Table '3823461256 1' 3-max Seat #1 is the button
Seat 1: Letta113 (250 in chips) 
Seat 2: Martincho1206 (250 in chips) 
Seat 3: Mahu2021 (1000 in chips) 
Martincho1206: posts small blind 15
Mahu2021: posts big blind 30
*** HOLE CARDS ***
Dealt to Mahu2021 [6s Jd]
Letta113: folds 
Martincho1206: raises 220 to 250 and is all-in
Mahu2021: folds 
Uncalled bet (220) returned to Martincho1206
Martincho1206 collected 60 from pot
*** SUMMARY ***
Total pot 60 | Rake 0 
Seat 1: Letta113 (button) folded before Flop (didn't bet)
Seat 2: Martincho1206 (small blind) collected (60)
Seat 3: Mahu2021 (big blind) folded before Flop



PokerStars Hand #253401332674: Tournament #3823461256, $1.84+$0.16 USD Hold'em No Limit - Level II (15/30) - 2024/11/14 20:13:26 CET [2024/11/14 14:13:26 ET]
Table '3823461256 1' 3-max Seat #2 is the button
Seat 1: Letta113 (250 in chips) 
Seat 2: Martincho1206 (280 in chips) 
Seat 3: Mahu2021 (970 in chips) 
Mahu2021: posts small blind 15
Letta113: posts big blind 30
*** HOLE CARDS ***
Dealt to Mahu2021 [Qs 6d]
Martincho1206: folds 
Mahu2021: calls 15
Letta113: checks 
*** FLOP *** [Tc 3d 8d]
Mahu2021: checks 
Letta113: checks 
*** TURN *** [Tc 3d 8d] [9h]
Mahu2021: checks 
Letta113: checks 
*** RIVER *** [Tc 3d 8d 9h] [9d]
Mahu2021: checks 
Letta113: checks 
*** SHOW DOWN ***
Mahu2021: shows [Qs 6d] (a pair of Nines)
Letta113: mucks hand 
Mahu2021 collected 60 from pot
*** SUMMARY ***
Total pot 60 | Rake 0 
Board [Tc 3d 8d 9h 9d]
Seat 1: Letta113 (big blind) mucked [Jd 2s]
Seat 2: Martincho1206 (button) folded before Flop (didn't bet)
Seat 3: Mahu2021 (small blind) showed [Qs 6d] and won (60) with a pair of Nines



PokerStars Hand #253401337510: Tournament #3823461256, $1.84+$0.16 USD Hold'em No Limit - Level III (20/40) - 2024/11/14 20:13:43 CET [2024/11/14 14:13:43 ET]
Table '3823461256 1' 3-max Seat #3 is the button
Seat 1: Letta113 (220 in chips) 
Seat 2: Martincho1206 (280 in chips) 
Seat 3: Mahu2021 (1000 in chips) 
Letta113: posts small blind 20
Martincho1206: posts big blind 40
*** HOLE CARDS ***
Dealt to Mahu2021 [Qs 5h]
Mahu2021: folds 
Letta113: folds 
Uncalled bet (20) returned to Martincho1206
Martincho1206 collected 40 from pot
*** SUMMARY ***
Total pot 40 | Rake 0 
Seat 1: Letta113 (small blind) folded before Flop
Seat 2: Martincho1206 (big blind) collected (40)
Seat 3: Mahu2021 (button) folded before Flop (didn't bet)



PokerStars Hand #253401338965: Tournament #3823461256, $1.84+$0.16 USD Hold'em No Limit - Level III (20/40) - 2024/11/14 20:13:48 CET [2024/11/14 14:13:48 ET]
Table '3823461256 1' 3-max Seat #1 is the button
Seat 1: Letta113 (200 in chips) 
Seat 2: Martincho1206 (300 in chips) 
Seat 3: Mahu2021 (1000 in chips) 
Martincho1206: posts small blind 20
Mahu2021: posts big blind 40
*** HOLE CARDS ***
Dealt to Mahu2021 [Kc Kh]
Letta113: raises 160 to 200 and is all-in
Martincho1206: raises 100 to 300 and is all-in
Mahu2021: calls 260
*** FLOP *** [Qh 2d 3h]
*** TURN *** [Qh 2d 3h] [4h]
*** RIVER *** [Qh 2d 3h 4h] [Ks]
*** SHOW DOWN ***
Martincho1206: shows [Jh Jc] (a pair of Jacks)
Mahu2021: shows [Kc Kh] (three of a kind, Kings)
Mahu2021 collected 200 from side pot
Letta113: shows [Qc Qd] (three of a kind, Queens)
Mahu2021 collected 600 from main pot
Martincho1206 finished the tournament in 2nd place
Letta113 finished the tournament in 3rd place
Mahu2021 wins the tournament and receives $6.00 - congratulations!
*** SUMMARY ***
Total pot 800 Main pot 600. Side pot 200. | Rake 0 
Board [Qh 2d 3h 4h Ks]
Seat 1: Letta113 (button) showed [Qc Qd] and lost with three of a kind, Queens
Seat 2: Martincho1206 (small blind) showed [Jh Jc] and lost with a pair of Jacks
Seat 3: Mahu2021 (big blind) showed [Kc Kh] and won (800) with three of a kind, Kings



