PokerStars Hand #249323523445: Tournament #3726559399, $1.84+$0.16 USD Hold'em No Limit - Level I (10/20) - 2024/03/09 15:37:36 CET [2024/03/09 9:37:36 ET]
Table '3726559399 1' 3-max Seat #1 is the button
Seat 1: pelliam (500 in chips) 
Seat 2: Mahu2021 (500 in chips) 
Seat 3: HLTRICOLOR (500 in chips) 
Mahu2021: posts small blind 10
HLTRICOLOR: posts big blind 20
*** HOLE CARDS ***
Dealt to Mahu2021 [2c 9d]
pelliam: folds 
Mahu2021: folds 
Uncalled bet (10) returned to HLTRICOLOR
HLTRICOLOR collected 20 from pot
*** SUMMARY ***
Total pot 20 | Rake 0 
Seat 1: pelliam (button) folded before Flop (didn't bet)
Seat 2: Mahu2021 (small blind) folded before Flop
Seat 3: HLTRICOLOR (big blind) collected (20)



PokerStars Hand #249323524588: Tournament #3726559399, $1.84+$0.16 USD Hold'em No Limit - Level I (10/20) - 2024/03/09 15:37:40 CET [2024/03/09 9:37:40 ET]
Table '3726559399 1' 3-max Seat #2 is the button
Seat 1: pelliam (500 in chips) 
Seat 2: Mahu2021 (490 in chips) 
Seat 3: HLTRICOLOR (510 in chips) 
HLTRICOLOR: posts small blind 10
pelliam: posts big blind 20
*** HOLE CARDS ***
Dealt to Mahu2021 [6c Tc]
Mahu2021: calls 20
HLTRICOLOR: folds 
pelliam: raises 20 to 40
Mahu2021: calls 20
*** FLOP *** [9c 5c Qs]
pelliam: bets 40
Mahu2021: calls 40
*** TURN *** [9c 5c Qs] [Ac]
pelliam: bets 80
Mahu2021: calls 80
*** RIVER *** [9c 5c Qs Ac] [Jh]
pelliam: bets 340 and is all-in
Mahu2021: calls 330 and is all-in
Uncalled bet (10) returned to pelliam
*** SHOW DOWN ***
pelliam: shows [2h Qh] (a pair of Queens)
Mahu2021: shows [6c Tc] (a flush, Ace high)
Mahu2021 collected 990 from pot
*** SUMMARY ***
Total pot 990 | Rake 0 
Board [9c 5c Qs Ac Jh]
Seat 1: pelliam (big blind) showed [2h Qh] and lost with a pair of Queens
Seat 2: Mahu2021 (button) showed [6c Tc] and won (990) with a flush, Ace high
Seat 3: HLTRICOLOR (small blind) folded before Flop



PokerStars Hand #249323530113: Tournament #3726559399, $1.84+$0.16 USD Hold'em No Limit - Level I (10/20) - 2024/03/09 15:38:04 CET [2024/03/09 9:38:04 ET]
Table '3726559399 1' 3-max Seat #3 is the button
Seat 1: pelliam (10 in chips) 
Seat 2: Mahu2021 (990 in chips) 
Seat 3: HLTRICOLOR (500 in chips) 
pelliam: posts small blind 10 and is all-in
Mahu2021: posts big blind 20
*** HOLE CARDS ***
Dealt to Mahu2021 [5c 2s]
pelliam is disconnected 
HLTRICOLOR: calls 20
Mahu2021: checks 
*** FLOP *** [3h Th 7h]
Mahu2021: checks 
HLTRICOLOR: checks 
*** TURN *** [3h Th 7h] [5h]
Mahu2021: checks 
HLTRICOLOR: checks 
*** RIVER *** [3h Th 7h 5h] [3d]
Mahu2021: checks 
HLTRICOLOR: checks 
*** SHOW DOWN ***
Mahu2021: shows [5c 2s] (two pair, Fives and Threes)
HLTRICOLOR: shows [2c 3c] (three of a kind, Threes)
HLTRICOLOR collected 20 from side pot
pelliam: mucks hand 
HLTRICOLOR collected 30 from main pot
pelliam finished the tournament in 3rd place
*** SUMMARY ***
Total pot 50 Main pot 30. Side pot 20. | Rake 0 
Board [3h Th 7h 5h 3d]
Seat 1: pelliam (small blind) mucked [Ts 4s]
Seat 2: Mahu2021 (big blind) showed [5c 2s] and lost with two pair, Fives and Threes
Seat 3: HLTRICOLOR (button) showed [2c 3c] and won (50) with three of a kind, Threes



PokerStars Hand #249323534938: Tournament #3726559399, $1.84+$0.16 USD Hold'em No Limit - Level I (10/20) - 2024/03/09 15:38:24 CET [2024/03/09 9:38:24 ET]
Table '3726559399 1' 3-max Seat #2 is the button
Seat 2: Mahu2021 (970 in chips) 
Seat 3: HLTRICOLOR (530 in chips) 
Mahu2021: posts small blind 10
HLTRICOLOR: posts big blind 20
*** HOLE CARDS ***
Dealt to Mahu2021 [Kc Qd]
Mahu2021: raises 20 to 40
HLTRICOLOR: calls 20
*** FLOP *** [2c 9c 3c]
HLTRICOLOR: checks 
Mahu2021: bets 40
HLTRICOLOR: calls 40
*** TURN *** [2c 9c 3c] [Kd]
HLTRICOLOR: checks 
Mahu2021: bets 40
HLTRICOLOR: folds 
Uncalled bet (40) returned to Mahu2021
Mahu2021 collected 160 from pot
Mahu2021: doesn't show hand 
*** SUMMARY ***
Total pot 160 | Rake 0 
Board [2c 9c 3c Kd]
Seat 2: Mahu2021 (button) (small blind) collected (160)
Seat 3: HLTRICOLOR (big blind) folded on the Turn



PokerStars Hand #249323538861: Tournament #3726559399, $1.84+$0.16 USD Hold'em No Limit - Level I (10/20) - 2024/03/09 15:38:41 CET [2024/03/09 9:38:41 ET]
Table '3726559399 1' 3-max Seat #3 is the button
Seat 2: Mahu2021 (1050 in chips) 
Seat 3: HLTRICOLOR (450 in chips) 
HLTRICOLOR: posts small blind 10
Mahu2021: posts big blind 20
*** HOLE CARDS ***
Dealt to Mahu2021 [3s Kd]
HLTRICOLOR: raises 20 to 40
Mahu2021: calls 20
*** FLOP *** [3c 5d 7c]
Mahu2021: checks 
HLTRICOLOR: bets 40
Mahu2021: calls 40
*** TURN *** [3c 5d 7c] [5s]
Mahu2021: checks 
HLTRICOLOR: checks 
*** RIVER *** [3c 5d 7c 5s] [6c]
Mahu2021: checks 
HLTRICOLOR: bets 160
Mahu2021: folds 
Uncalled bet (160) returned to HLTRICOLOR
HLTRICOLOR collected 160 from pot
*** SUMMARY ***
Total pot 160 | Rake 0 
Board [3c 5d 7c 5s 6c]
Seat 2: Mahu2021 (big blind) folded on the River
Seat 3: HLTRICOLOR (button) (small blind) collected (160)



PokerStars Hand #249323543578: Tournament #3726559399, $1.84+$0.16 USD Hold'em No Limit - Level I (10/20) - 2024/03/09 15:39:01 CET [2024/03/09 9:39:01 ET]
Table '3726559399 1' 3-max Seat #2 is the button
Seat 2: Mahu2021 (970 in chips) 
Seat 3: HLTRICOLOR (530 in chips) 
Mahu2021: posts small blind 10
HLTRICOLOR: posts big blind 20
*** HOLE CARDS ***
Dealt to Mahu2021 [5h 6h]
Mahu2021: raises 20 to 40
HLTRICOLOR: raises 490 to 530 and is all-in
Mahu2021: folds 
Uncalled bet (490) returned to HLTRICOLOR
HLTRICOLOR collected 80 from pot
*** SUMMARY ***
Total pot 80 | Rake 0 
Seat 2: Mahu2021 (button) (small blind) folded before Flop
Seat 3: HLTRICOLOR (big blind) collected (80)



PokerStars Hand #249323545572: Tournament #3726559399, $1.84+$0.16 USD Hold'em No Limit - Level I (10/20) - 2024/03/09 15:39:09 CET [2024/03/09 9:39:09 ET]
Table '3726559399 1' 3-max Seat #3 is the button
Seat 2: Mahu2021 (930 in chips) 
Seat 3: HLTRICOLOR (570 in chips) 
HLTRICOLOR: posts small blind 10
Mahu2021: posts big blind 20
*** HOLE CARDS ***
Dealt to Mahu2021 [6d 9d]
HLTRICOLOR: calls 10
Mahu2021: checks 
*** FLOP *** [3s Jd 5h]
Mahu2021: checks 
HLTRICOLOR: checks 
*** TURN *** [3s Jd 5h] [Qc]
Mahu2021: checks 
HLTRICOLOR: checks 
*** RIVER *** [3s Jd 5h Qc] [7h]
Mahu2021: checks 
HLTRICOLOR: checks 
*** SHOW DOWN ***
Mahu2021: shows [6d 9d] (high card Queen)
HLTRICOLOR: shows [Kh 8d] (high card King)
HLTRICOLOR collected 40 from pot
*** SUMMARY ***
Total pot 40 | Rake 0 
Board [3s Jd 5h Qc 7h]
Seat 2: Mahu2021 (big blind) showed [6d 9d] and lost with high card Queen
Seat 3: HLTRICOLOR (button) (small blind) showed [Kh 8d] and won (40) with high card King



PokerStars Hand #249323549145: Tournament #3726559399, $1.84+$0.16 USD Hold'em No Limit - Level I (10/20) - 2024/03/09 15:39:25 CET [2024/03/09 9:39:25 ET]
Table '3726559399 1' 3-max Seat #2 is the button
Seat 2: Mahu2021 (910 in chips) 
Seat 3: HLTRICOLOR (590 in chips) 
Mahu2021: posts small blind 10
HLTRICOLOR: posts big blind 20
*** HOLE CARDS ***
Dealt to Mahu2021 [8c 3s]
Mahu2021: folds 
Uncalled bet (10) returned to HLTRICOLOR
HLTRICOLOR collected 20 from pot
*** SUMMARY ***
Total pot 20 | Rake 0 
Seat 2: Mahu2021 (button) (small blind) folded before Flop
Seat 3: HLTRICOLOR (big blind) collected (20)



PokerStars Hand #249323550253: Tournament #3726559399, $1.84+$0.16 USD Hold'em No Limit - Level I (10/20) - 2024/03/09 15:39:29 CET [2024/03/09 9:39:29 ET]
Table '3726559399 1' 3-max Seat #3 is the button
Seat 2: Mahu2021 (900 in chips) 
Seat 3: HLTRICOLOR (600 in chips) 
HLTRICOLOR: posts small blind 10
Mahu2021: posts big blind 20
*** HOLE CARDS ***
Dealt to Mahu2021 [Td Ts]
HLTRICOLOR: calls 10
Mahu2021: raises 60 to 80
HLTRICOLOR: folds 
Uncalled bet (60) returned to Mahu2021
Mahu2021 collected 40 from pot
Mahu2021: doesn't show hand 
*** SUMMARY ***
Total pot 40 | Rake 0 
Seat 2: Mahu2021 (big blind) collected (40)
Seat 3: HLTRICOLOR (button) (small blind) folded before Flop



PokerStars Hand #249323552409: Tournament #3726559399, $1.84+$0.16 USD Hold'em No Limit - Level I (10/20) - 2024/03/09 15:39:38 CET [2024/03/09 9:39:38 ET]
Table '3726559399 1' 3-max Seat #2 is the button
Seat 2: Mahu2021 (920 in chips) 
Seat 3: HLTRICOLOR (580 in chips) 
Mahu2021: posts small blind 10
HLTRICOLOR: posts big blind 20
*** HOLE CARDS ***
Dealt to Mahu2021 [Qd Kc]
Mahu2021: raises 20 to 40
HLTRICOLOR: calls 20
*** FLOP *** [4d Qh 3d]
HLTRICOLOR: checks 
Mahu2021: bets 40
HLTRICOLOR: folds 
Uncalled bet (40) returned to Mahu2021
Mahu2021 collected 80 from pot
Mahu2021: doesn't show hand 
*** SUMMARY ***
Total pot 80 | Rake 0 
Board [4d Qh 3d]
Seat 2: Mahu2021 (button) (small blind) collected (80)
Seat 3: HLTRICOLOR (big blind) folded on the Flop



PokerStars Hand #249323556593: Tournament #3726559399, $1.84+$0.16 USD Hold'em No Limit - Level I (10/20) - 2024/03/09 15:39:56 CET [2024/03/09 9:39:56 ET]
Table '3726559399 1' 3-max Seat #3 is the button
Seat 2: Mahu2021 (960 in chips) 
Seat 3: HLTRICOLOR (540 in chips) 
HLTRICOLOR: posts small blind 10
Mahu2021: posts big blind 20
*** HOLE CARDS ***
Dealt to Mahu2021 [2d 8d]
HLTRICOLOR: raises 20 to 40
Mahu2021: folds 
Uncalled bet (20) returned to HLTRICOLOR
HLTRICOLOR collected 40 from pot
*** SUMMARY ***
Total pot 40 | Rake 0 
Seat 2: Mahu2021 (big blind) folded before Flop
Seat 3: HLTRICOLOR (button) (small blind) collected (40)



PokerStars Hand #249323558157: Tournament #3726559399, $1.84+$0.16 USD Hold'em No Limit - Level I (10/20) - 2024/03/09 15:40:03 CET [2024/03/09 9:40:03 ET]
Table '3726559399 1' 3-max Seat #2 is the button
Seat 2: Mahu2021 (940 in chips) 
Seat 3: HLTRICOLOR (560 in chips) 
Mahu2021: posts small blind 10
HLTRICOLOR: posts big blind 20
*** HOLE CARDS ***
Dealt to Mahu2021 [6c 7c]
Mahu2021: raises 20 to 40
HLTRICOLOR: calls 20
*** FLOP *** [Qh 6d Qc]
HLTRICOLOR: checks 
Mahu2021: bets 40
HLTRICOLOR: calls 40
*** TURN *** [Qh 6d Qc] [4h]
HLTRICOLOR: checks 
Mahu2021: bets 40
HLTRICOLOR: raises 100 to 140
Mahu2021: calls 100
*** RIVER *** [Qh 6d Qc 4h] [9h]
HLTRICOLOR: checks 
Mahu2021: bets 720 and is all-in
HLTRICOLOR: calls 340 and is all-in
Uncalled bet (380) returned to Mahu2021
*** SHOW DOWN ***
Mahu2021: shows [6c 7c] (two pair, Queens and Sixes)
HLTRICOLOR: shows [9d 3d] (two pair, Queens and Nines)
HLTRICOLOR collected 1120 from pot
*** SUMMARY ***
Total pot 1120 | Rake 0 
Board [Qh 6d Qc 4h 9h]
Seat 2: Mahu2021 (button) (small blind) showed [6c 7c] and lost with two pair, Queens and Sixes
Seat 3: HLTRICOLOR (big blind) showed [9d 3d] and won (1120) with two pair, Queens and Nines



PokerStars Hand #249323565251: Tournament #3726559399, $1.84+$0.16 USD Hold'em No Limit - Level I (10/20) - 2024/03/09 15:40:33 CET [2024/03/09 9:40:33 ET]
Table '3726559399 1' 3-max Seat #3 is the button
Seat 2: Mahu2021 (380 in chips) 
Seat 3: HLTRICOLOR (1120 in chips) 
HLTRICOLOR: posts small blind 10
Mahu2021: posts big blind 20
*** HOLE CARDS ***
Dealt to Mahu2021 [5s 2h]
HLTRICOLOR: calls 10
Mahu2021: checks 
*** FLOP *** [Kd 6s Qh]
Mahu2021: checks 
HLTRICOLOR: checks 
*** TURN *** [Kd 6s Qh] [Js]
Mahu2021: checks 
HLTRICOLOR: checks 
*** RIVER *** [Kd 6s Qh Js] [Qc]
Mahu2021: checks 
HLTRICOLOR: bets 20
Mahu2021: folds 
Uncalled bet (20) returned to HLTRICOLOR
HLTRICOLOR collected 40 from pot
*** SUMMARY ***
Total pot 40 | Rake 0 
Board [Kd 6s Qh Js Qc]
Seat 2: Mahu2021 (big blind) folded on the River
Seat 3: HLTRICOLOR (button) (small blind) collected (40)



PokerStars Hand #249323569728: Tournament #3726559399, $1.84+$0.16 USD Hold'em No Limit - Level II (15/30) - 2024/03/09 15:40:52 CET [2024/03/09 9:40:52 ET]
Table '3726559399 1' 3-max Seat #2 is the button
Seat 2: Mahu2021 (360 in chips) 
Seat 3: HLTRICOLOR (1140 in chips) 
Mahu2021: posts small blind 15
HLTRICOLOR: posts big blind 30
*** HOLE CARDS ***
Dealt to Mahu2021 [Qs Th]
Mahu2021: raises 30 to 60
HLTRICOLOR: folds 
Uncalled bet (30) returned to Mahu2021
Mahu2021 collected 60 from pot
Mahu2021: doesn't show hand 
*** SUMMARY ***
Total pot 60 | Rake 0 
Seat 2: Mahu2021 (button) (small blind) collected (60)
Seat 3: HLTRICOLOR (big blind) folded before Flop



PokerStars Hand #249323571096: Tournament #3726559399, $1.84+$0.16 USD Hold'em No Limit - Level II (15/30) - 2024/03/09 15:40:57 CET [2024/03/09 9:40:57 ET]
Table '3726559399 1' 3-max Seat #3 is the button
Seat 2: Mahu2021 (390 in chips) 
Seat 3: HLTRICOLOR (1110 in chips) 
HLTRICOLOR: posts small blind 15
Mahu2021: posts big blind 30
*** HOLE CARDS ***
Dealt to Mahu2021 [6h Td]
HLTRICOLOR: raises 30 to 60
Mahu2021: folds 
Uncalled bet (30) returned to HLTRICOLOR
HLTRICOLOR collected 60 from pot
*** SUMMARY ***
Total pot 60 | Rake 0 
Seat 2: Mahu2021 (big blind) folded before Flop
Seat 3: HLTRICOLOR (button) (small blind) collected (60)



PokerStars Hand #249323572561: Tournament #3726559399, $1.84+$0.16 USD Hold'em No Limit - Level II (15/30) - 2024/03/09 15:41:03 CET [2024/03/09 9:41:03 ET]
Table '3726559399 1' 3-max Seat #2 is the button
Seat 2: Mahu2021 (360 in chips) 
Seat 3: HLTRICOLOR (1140 in chips) 
Mahu2021: posts small blind 15
HLTRICOLOR: posts big blind 30
*** HOLE CARDS ***
Dealt to Mahu2021 [5s Ad]
Mahu2021: raises 30 to 60
HLTRICOLOR: folds 
Uncalled bet (30) returned to Mahu2021
Mahu2021 collected 60 from pot
Mahu2021: doesn't show hand 
*** SUMMARY ***
Total pot 60 | Rake 0 
Seat 2: Mahu2021 (button) (small blind) collected (60)
Seat 3: HLTRICOLOR (big blind) folded before Flop



PokerStars Hand #249323573918: Tournament #3726559399, $1.84+$0.16 USD Hold'em No Limit - Level II (15/30) - 2024/03/09 15:41:09 CET [2024/03/09 9:41:09 ET]
Table '3726559399 1' 3-max Seat #3 is the button
Seat 2: Mahu2021 (390 in chips) 
Seat 3: HLTRICOLOR (1110 in chips) 
HLTRICOLOR: posts small blind 15
Mahu2021: posts big blind 30
*** HOLE CARDS ***
Dealt to Mahu2021 [7c Ad]
HLTRICOLOR: raises 30 to 60
Mahu2021: calls 30
*** FLOP *** [4d 2s 3h]
Mahu2021: bets 330 and is all-in
HLTRICOLOR: folds 
Uncalled bet (330) returned to Mahu2021
Mahu2021 collected 120 from pot
Mahu2021: doesn't show hand 
*** SUMMARY ***
Total pot 120 | Rake 0 
Board [4d 2s 3h]
Seat 2: Mahu2021 (big blind) collected (120)
Seat 3: HLTRICOLOR (button) (small blind) folded on the Flop



PokerStars Hand #249323576395: Tournament #3726559399, $1.84+$0.16 USD Hold'em No Limit - Level II (15/30) - 2024/03/09 15:41:19 CET [2024/03/09 9:41:19 ET]
Table '3726559399 1' 3-max Seat #2 is the button
Seat 2: Mahu2021 (450 in chips) 
Seat 3: HLTRICOLOR (1050 in chips) 
Mahu2021: posts small blind 15
HLTRICOLOR: posts big blind 30
*** HOLE CARDS ***
Dealt to Mahu2021 [8h Jh]
Mahu2021: raises 30 to 60
HLTRICOLOR: raises 990 to 1050 and is all-in
Mahu2021: folds 
Uncalled bet (990) returned to HLTRICOLOR
HLTRICOLOR collected 120 from pot
*** SUMMARY ***
Total pot 120 | Rake 0 
Seat 2: Mahu2021 (button) (small blind) folded before Flop
Seat 3: HLTRICOLOR (big blind) collected (120)



PokerStars Hand #249323578061: Tournament #3726559399, $1.84+$0.16 USD Hold'em No Limit - Level II (15/30) - 2024/03/09 15:41:26 CET [2024/03/09 9:41:26 ET]
Table '3726559399 1' 3-max Seat #3 is the button
Seat 2: Mahu2021 (390 in chips) 
Seat 3: HLTRICOLOR (1110 in chips) 
HLTRICOLOR: posts small blind 15
Mahu2021: posts big blind 30
*** HOLE CARDS ***
Dealt to Mahu2021 [Qc 5h]
HLTRICOLOR: calls 15
Mahu2021: checks 
*** FLOP *** [9d 6c Kh]
Mahu2021: checks 
HLTRICOLOR: checks 
*** TURN *** [9d 6c Kh] [Ks]
Mahu2021: checks 
HLTRICOLOR: checks 
*** RIVER *** [9d 6c Kh Ks] [Jc]
Mahu2021: checks 
HLTRICOLOR: checks 
*** SHOW DOWN ***
Mahu2021: shows [Qc 5h] (a pair of Kings)
HLTRICOLOR: mucks hand 
Mahu2021 collected 60 from pot
*** SUMMARY ***
Total pot 60 | Rake 0 
Board [9d 6c Kh Ks Jc]
Seat 2: Mahu2021 (big blind) showed [Qc 5h] and won (60) with a pair of Kings
Seat 3: HLTRICOLOR (button) (small blind) mucked [Td 8d]



PokerStars Hand #249323581162: Tournament #3726559399, $1.84+$0.16 USD Hold'em No Limit - Level II (15/30) - 2024/03/09 15:41:40 CET [2024/03/09 9:41:40 ET]
Table '3726559399 1' 3-max Seat #2 is the button
Seat 2: Mahu2021 (420 in chips) 
Seat 3: HLTRICOLOR (1080 in chips) 
Mahu2021: posts small blind 15
HLTRICOLOR: posts big blind 30
*** HOLE CARDS ***
Dealt to Mahu2021 [5s Qs]
Mahu2021: calls 15
HLTRICOLOR: checks 
*** FLOP *** [8s Ks 3h]
HLTRICOLOR: checks 
Mahu2021: bets 60
HLTRICOLOR: folds 
Uncalled bet (60) returned to Mahu2021
Mahu2021 collected 60 from pot
Mahu2021: doesn't show hand 
*** SUMMARY ***
Total pot 60 | Rake 0 
Board [8s Ks 3h]
Seat 2: Mahu2021 (button) (small blind) collected (60)
Seat 3: HLTRICOLOR (big blind) folded on the Flop



PokerStars Hand #249323584013: Tournament #3726559399, $1.84+$0.16 USD Hold'em No Limit - Level II (15/30) - 2024/03/09 15:41:52 CET [2024/03/09 9:41:52 ET]
Table '3726559399 1' 3-max Seat #3 is the button
Seat 2: Mahu2021 (450 in chips) 
Seat 3: HLTRICOLOR (1050 in chips) 
HLTRICOLOR: posts small blind 15
Mahu2021: posts big blind 30
*** HOLE CARDS ***
Dealt to Mahu2021 [Qd Ad]
HLTRICOLOR: raises 30 to 60
Mahu2021: raises 90 to 150
HLTRICOLOR: folds 
Uncalled bet (90) returned to Mahu2021
Mahu2021 collected 120 from pot
Mahu2021: doesn't show hand 
*** SUMMARY ***
Total pot 120 | Rake 0 
Seat 2: Mahu2021 (big blind) collected (120)
Seat 3: HLTRICOLOR (button) (small blind) folded before Flop



PokerStars Hand #249323585795: Tournament #3726559399, $1.84+$0.16 USD Hold'em No Limit - Level II (15/30) - 2024/03/09 15:41:59 CET [2024/03/09 9:41:59 ET]
Table '3726559399 1' 3-max Seat #2 is the button
Seat 2: Mahu2021 (510 in chips) 
Seat 3: HLTRICOLOR (990 in chips) 
Mahu2021: posts small blind 15
HLTRICOLOR: posts big blind 30
*** HOLE CARDS ***
Dealt to Mahu2021 [7s Th]
Mahu2021: calls 15
HLTRICOLOR: checks 
*** FLOP *** [Kc 9c 6h]
HLTRICOLOR: checks 
Mahu2021: checks 
*** TURN *** [Kc 9c 6h] [6d]
HLTRICOLOR: checks 
Mahu2021: checks 
*** RIVER *** [Kc 9c 6h 6d] [Jh]
HLTRICOLOR: checks 
Mahu2021: checks 
*** SHOW DOWN ***
HLTRICOLOR: shows [3c 5h] (a pair of Sixes)
Mahu2021: shows [7s Th] (a pair of Sixes - King+Jack+Ten kicker)
Mahu2021 collected 60 from pot
*** SUMMARY ***
Total pot 60 | Rake 0 
Board [Kc 9c 6h 6d Jh]
Seat 2: Mahu2021 (button) (small blind) showed [7s Th] and won (60) with a pair of Sixes
Seat 3: HLTRICOLOR (big blind) showed [3c 5h] and lost with a pair of Sixes



PokerStars Hand #249323589227: Tournament #3726559399, $1.84+$0.16 USD Hold'em No Limit - Level II (15/30) - 2024/03/09 15:42:13 CET [2024/03/09 9:42:13 ET]
Table '3726559399 1' 3-max Seat #3 is the button
Seat 2: Mahu2021 (540 in chips) 
Seat 3: HLTRICOLOR (960 in chips) 
HLTRICOLOR: posts small blind 15
Mahu2021: posts big blind 30
*** HOLE CARDS ***
Dealt to Mahu2021 [Th Js]
HLTRICOLOR: raises 30 to 60
Mahu2021: calls 30
*** FLOP *** [Jh Tc Kd]
Mahu2021: checks 
HLTRICOLOR: checks 
*** TURN *** [Jh Tc Kd] [Kh]
Mahu2021: checks 
HLTRICOLOR: bets 60
Mahu2021: calls 60
*** RIVER *** [Jh Tc Kd Kh] [Qd]
Mahu2021: checks 
HLTRICOLOR: bets 30
Mahu2021: calls 30
*** SHOW DOWN ***
HLTRICOLOR: shows [Jd 9d] (a straight, Nine to King)
Mahu2021: mucks hand 
HLTRICOLOR collected 300 from pot
*** SUMMARY ***
Total pot 300 | Rake 0 
Board [Jh Tc Kd Kh Qd]
Seat 2: Mahu2021 (big blind) mucked [Th Js]
Seat 3: HLTRICOLOR (button) (small blind) showed [Jd 9d] and won (300) with a straight, Nine to King



PokerStars Hand #249323594105: Tournament #3726559399, $1.84+$0.16 USD Hold'em No Limit - Level II (15/30) - 2024/03/09 15:42:34 CET [2024/03/09 9:42:34 ET]
Table '3726559399 1' 3-max Seat #2 is the button
Seat 2: Mahu2021 (390 in chips) 
Seat 3: HLTRICOLOR (1110 in chips) 
Mahu2021: posts small blind 15
HLTRICOLOR: posts big blind 30
*** HOLE CARDS ***
Dealt to Mahu2021 [5d 6s]
Mahu2021: calls 15
HLTRICOLOR: checks 
*** FLOP *** [7c 9h Td]
HLTRICOLOR: checks 
Mahu2021: checks 
*** TURN *** [7c 9h Td] [Qd]
HLTRICOLOR: checks 
Mahu2021: checks 
*** RIVER *** [7c 9h Td Qd] [3s]
HLTRICOLOR: checks 
Mahu2021: checks 
*** SHOW DOWN ***
HLTRICOLOR: shows [6h 4c] (high card Queen)
Mahu2021: shows [5d 6s] (high card Queen)
HLTRICOLOR collected 30 from pot
Mahu2021 collected 30 from pot
*** SUMMARY ***
Total pot 60 | Rake 0 
Board [7c 9h Td Qd 3s]
Seat 2: Mahu2021 (button) (small blind) showed [5d 6s] and won (30) with high card Queen
Seat 3: HLTRICOLOR (big blind) showed [6h 4c] and won (30) with high card Queen



PokerStars Hand #249323597146: Tournament #3726559399, $1.84+$0.16 USD Hold'em No Limit - Level II (15/30) - 2024/03/09 15:42:47 CET [2024/03/09 9:42:47 ET]
Table '3726559399 1' 3-max Seat #3 is the button
Seat 2: Mahu2021 (390 in chips) 
Seat 3: HLTRICOLOR (1110 in chips) 
HLTRICOLOR: posts small blind 15
Mahu2021: posts big blind 30
*** HOLE CARDS ***
Dealt to Mahu2021 [Qs 2s]
HLTRICOLOR: calls 15
Mahu2021: checks 
*** FLOP *** [Qh Qc 6s]
Mahu2021: checks 
HLTRICOLOR: bets 30
Mahu2021: calls 30
*** TURN *** [Qh Qc 6s] [Ts]
Mahu2021: checks 
HLTRICOLOR: checks 
*** RIVER *** [Qh Qc 6s Ts] [4c]
Mahu2021: bets 330 and is all-in
HLTRICOLOR: folds 
Uncalled bet (330) returned to Mahu2021
Mahu2021 collected 120 from pot
Mahu2021: doesn't show hand 
*** SUMMARY ***
Total pot 120 | Rake 0 
Board [Qh Qc 6s Ts 4c]
Seat 2: Mahu2021 (big blind) collected (120)
Seat 3: HLTRICOLOR (button) (small blind) folded on the River



PokerStars Hand #249323600924: Tournament #3726559399, $1.84+$0.16 USD Hold'em No Limit - Level II (15/30) - 2024/03/09 15:43:03 CET [2024/03/09 9:43:03 ET]
Table '3726559399 1' 3-max Seat #2 is the button
Seat 2: Mahu2021 (450 in chips) 
Seat 3: HLTRICOLOR (1050 in chips) 
Mahu2021: posts small blind 15
HLTRICOLOR: posts big blind 30
*** HOLE CARDS ***
Dealt to Mahu2021 [Tc 2d]
Mahu2021: folds 
Uncalled bet (15) returned to HLTRICOLOR
HLTRICOLOR collected 30 from pot
*** SUMMARY ***
Total pot 30 | Rake 0 
Seat 2: Mahu2021 (button) (small blind) folded before Flop
Seat 3: HLTRICOLOR (big blind) collected (30)



PokerStars Hand #249323601963: Tournament #3726559399, $1.84+$0.16 USD Hold'em No Limit - Level II (15/30) - 2024/03/09 15:43:07 CET [2024/03/09 9:43:07 ET]
Table '3726559399 1' 3-max Seat #3 is the button
Seat 2: Mahu2021 (435 in chips) 
Seat 3: HLTRICOLOR (1065 in chips) 
HLTRICOLOR: posts small blind 15
Mahu2021: posts big blind 30
*** HOLE CARDS ***
Dealt to Mahu2021 [5h 6h]
HLTRICOLOR: folds 
Uncalled bet (15) returned to Mahu2021
Mahu2021 collected 30 from pot
Mahu2021: doesn't show hand 
*** SUMMARY ***
Total pot 30 | Rake 0 
Seat 2: Mahu2021 (big blind) collected (30)
Seat 3: HLTRICOLOR (button) (small blind) folded before Flop



PokerStars Hand #249323602849: Tournament #3726559399, $1.84+$0.16 USD Hold'em No Limit - Level II (15/30) - 2024/03/09 15:43:11 CET [2024/03/09 9:43:11 ET]
Table '3726559399 1' 3-max Seat #2 is the button
Seat 2: Mahu2021 (450 in chips) 
Seat 3: HLTRICOLOR (1050 in chips) 
Mahu2021: posts small blind 15
HLTRICOLOR: posts big blind 30
*** HOLE CARDS ***
Dealt to Mahu2021 [Kd Kc]
Mahu2021: raises 30 to 60
HLTRICOLOR: folds 
Uncalled bet (30) returned to Mahu2021
Mahu2021 collected 60 from pot
Mahu2021: doesn't show hand 
*** SUMMARY ***
Total pot 60 | Rake 0 
Seat 2: Mahu2021 (button) (small blind) collected (60)
Seat 3: HLTRICOLOR (big blind) folded before Flop



PokerStars Hand #249323604577: Tournament #3726559399, $1.84+$0.16 USD Hold'em No Limit - Level II (15/30) - 2024/03/09 15:43:18 CET [2024/03/09 9:43:18 ET]
Table '3726559399 1' 3-max Seat #3 is the button
Seat 2: Mahu2021 (480 in chips) 
Seat 3: HLTRICOLOR (1020 in chips) 
HLTRICOLOR: posts small blind 15
Mahu2021: posts big blind 30
*** HOLE CARDS ***
Dealt to Mahu2021 [6s Kc]
HLTRICOLOR: folds 
Uncalled bet (15) returned to Mahu2021
Mahu2021 collected 30 from pot
Mahu2021: doesn't show hand 
*** SUMMARY ***
Total pot 30 | Rake 0 
Seat 2: Mahu2021 (big blind) collected (30)
Seat 3: HLTRICOLOR (button) (small blind) folded before Flop



PokerStars Hand #249323605682: Tournament #3726559399, $1.84+$0.16 USD Hold'em No Limit - Level II (15/30) - 2024/03/09 15:43:23 CET [2024/03/09 9:43:23 ET]
Table '3726559399 1' 3-max Seat #2 is the button
Seat 2: Mahu2021 (495 in chips) 
Seat 3: HLTRICOLOR (1005 in chips) 
Mahu2021: posts small blind 15
HLTRICOLOR: posts big blind 30
*** HOLE CARDS ***
Dealt to Mahu2021 [4c 6h]
Mahu2021: calls 15
HLTRICOLOR: checks 
*** FLOP *** [3s 9s Qs]
HLTRICOLOR: checks 
Mahu2021: checks 
*** TURN *** [3s 9s Qs] [Kh]
HLTRICOLOR: checks 
Mahu2021: bets 30
HLTRICOLOR: calls 30
*** RIVER *** [3s 9s Qs Kh] [Js]
HLTRICOLOR: checks 
Mahu2021: bets 120
HLTRICOLOR: calls 120
*** SHOW DOWN ***
Mahu2021: shows [4c 6h] (high card King)
HLTRICOLOR: shows [3h 2s] (a flush, Queen high)
HLTRICOLOR collected 360 from pot
*** SUMMARY ***
Total pot 360 | Rake 0 
Board [3s 9s Qs Kh Js]
Seat 2: Mahu2021 (button) (small blind) showed [4c 6h] and lost with high card King
Seat 3: HLTRICOLOR (big blind) showed [3h 2s] and won (360) with a flush, Queen high



PokerStars Hand #249323612802: Tournament #3726559399, $1.84+$0.16 USD Hold'em No Limit - Level III (20/40) - 2024/03/09 15:43:53 CET [2024/03/09 9:43:53 ET]
Table '3726559399 1' 3-max Seat #3 is the button
Seat 2: Mahu2021 (315 in chips) 
Seat 3: HLTRICOLOR (1185 in chips) 
HLTRICOLOR: posts small blind 20
Mahu2021: posts big blind 40
*** HOLE CARDS ***
Dealt to Mahu2021 [Td 7c]
HLTRICOLOR: raises 1145 to 1185 and is all-in
Mahu2021: folds 
Uncalled bet (1145) returned to HLTRICOLOR
HLTRICOLOR collected 80 from pot
*** SUMMARY ***
Total pot 80 | Rake 0 
Seat 2: Mahu2021 (big blind) folded before Flop
Seat 3: HLTRICOLOR (button) (small blind) collected (80)



PokerStars Hand #249323614586: Tournament #3726559399, $1.84+$0.16 USD Hold'em No Limit - Level III (20/40) - 2024/03/09 15:44:01 CET [2024/03/09 9:44:01 ET]
Table '3726559399 1' 3-max Seat #2 is the button
Seat 2: Mahu2021 (275 in chips) 
Seat 3: HLTRICOLOR (1225 in chips) 
Mahu2021: posts small blind 20
HLTRICOLOR: posts big blind 40
*** HOLE CARDS ***
Dealt to Mahu2021 [5s Td]
Mahu2021: folds 
Uncalled bet (20) returned to HLTRICOLOR
HLTRICOLOR collected 40 from pot
*** SUMMARY ***
Total pot 40 | Rake 0 
Seat 2: Mahu2021 (button) (small blind) folded before Flop
Seat 3: HLTRICOLOR (big blind) collected (40)



PokerStars Hand #249323615632: Tournament #3726559399, $1.84+$0.16 USD Hold'em No Limit - Level III (20/40) - 2024/03/09 15:44:05 CET [2024/03/09 9:44:05 ET]
Table '3726559399 1' 3-max Seat #3 is the button
Seat 2: Mahu2021 (255 in chips) 
Seat 3: HLTRICOLOR (1245 in chips) 
HLTRICOLOR: posts small blind 20
Mahu2021: posts big blind 40
*** HOLE CARDS ***
Dealt to Mahu2021 [5h 6d]
HLTRICOLOR: folds 
Uncalled bet (20) returned to Mahu2021
Mahu2021 collected 40 from pot
Mahu2021: doesn't show hand 
*** SUMMARY ***
Total pot 40 | Rake 0 
Seat 2: Mahu2021 (big blind) collected (40)
Seat 3: HLTRICOLOR (button) (small blind) folded before Flop



PokerStars Hand #249323616587: Tournament #3726559399, $1.84+$0.16 USD Hold'em No Limit - Level III (20/40) - 2024/03/09 15:44:09 CET [2024/03/09 9:44:09 ET]
Table '3726559399 1' 3-max Seat #2 is the button
Seat 2: Mahu2021 (275 in chips) 
Seat 3: HLTRICOLOR (1225 in chips) 
Mahu2021: posts small blind 20
HLTRICOLOR: posts big blind 40
*** HOLE CARDS ***
Dealt to Mahu2021 [Tc 7h]
Mahu2021: folds 
Uncalled bet (20) returned to HLTRICOLOR
HLTRICOLOR collected 40 from pot
*** SUMMARY ***
Total pot 40 | Rake 0 
Seat 2: Mahu2021 (button) (small blind) folded before Flop
Seat 3: HLTRICOLOR (big blind) collected (40)



PokerStars Hand #249323617718: Tournament #3726559399, $1.84+$0.16 USD Hold'em No Limit - Level III (20/40) - 2024/03/09 15:44:14 CET [2024/03/09 9:44:14 ET]
Table '3726559399 1' 3-max Seat #3 is the button
Seat 2: Mahu2021 (255 in chips) 
Seat 3: HLTRICOLOR (1245 in chips) 
HLTRICOLOR: posts small blind 20
Mahu2021: posts big blind 40
*** HOLE CARDS ***
Dealt to Mahu2021 [Kh 8c]
HLTRICOLOR: calls 20
Mahu2021: raises 215 to 255 and is all-in
HLTRICOLOR: calls 215
*** FLOP *** [8h 5h 3h]
*** TURN *** [8h 5h 3h] [4s]
*** RIVER *** [8h 5h 3h 4s] [Td]
*** SHOW DOWN ***
Mahu2021: shows [Kh 8c] (a pair of Eights)
HLTRICOLOR: shows [Qh Qd] (a pair of Queens)
HLTRICOLOR collected 510 from pot
Mahu2021 finished the tournament in 2nd place
HLTRICOLOR wins the tournament and receives $6.00 - congratulations!
*** SUMMARY ***
Total pot 510 | Rake 0 
Board [8h 5h 3h 4s Td]
Seat 2: Mahu2021 (big blind) showed [Kh 8c] and lost with a pair of Eights
Seat 3: HLTRICOLOR (button) (small blind) showed [Qh Qd] and won (510) with a pair of Queens



