PokerStars Hand #253355787933: Tournament #3822410921, $1.84+$0.16 USD Hold'em No Limit - Level I (10/20) - 2024/11/11 12:10:11 CET [2024/11/11 6:10:11 ET]
Table '3822410921 1' 3-max Seat #1 is the button
Seat 1: SzajiCr7 (500 in chips) 
Seat 2: DARRABEST (500 in chips) 
Seat 3: Mahu2021 (500 in chips) 
DARRABEST: posts small blind 10
Mahu2021: posts big blind 20
*** HOLE CARDS ***
Dealt to Mahu2021 [As 7c]
SzajiCr7: folds 
DARRABEST: calls 10
Mahu2021: checks 
*** FLOP *** [Kh Qc Th]
DARRABEST: checks 
Mahu2021: checks 
*** TURN *** [Kh Qc Th] [4c]
DARRABEST: checks 
Mahu2021: checks 
*** RIVER *** [Kh Qc Th 4c] [2h]
DARRABEST: bets 60
Mahu2021: folds 
Uncalled bet (60) returned to DARRABEST
DARRABEST collected 40 from pot
*** SUMMARY ***
Total pot 40 | Rake 0 
Board [Kh Qc Th 4c 2h]
Seat 1: SzajiCr7 (button) folded before Flop (didn't bet)
Seat 2: DARRABEST (small blind) collected (40)
Seat 3: Mahu2021 (big blind) folded on the River



PokerStars Hand #253355789579: Tournament #3822410921, $1.84+$0.16 USD Hold'em No Limit - Level I (10/20) - 2024/11/11 12:10:25 CET [2024/11/11 6:10:25 ET]
Table '3822410921 1' 3-max Seat #2 is the button
Seat 1: SzajiCr7 (500 in chips) 
Seat 2: DARRABEST (520 in chips) 
Seat 3: Mahu2021 (480 in chips) 
Mahu2021: posts small blind 10
SzajiCr7: posts big blind 20
*** HOLE CARDS ***
Dealt to Mahu2021 [Ks Kd]
DARRABEST: folds 
Mahu2021: raises 460 to 480 and is all-in
SzajiCr7: folds 
Uncalled bet (460) returned to Mahu2021
Mahu2021 collected 40 from pot
Mahu2021: doesn't show hand 
*** SUMMARY ***
Total pot 40 | Rake 0 
Seat 1: SzajiCr7 (big blind) folded before Flop
Seat 2: DARRABEST (button) folded before Flop (didn't bet)
Seat 3: Mahu2021 (small blind) collected (40)



PokerStars Hand #253355790291: Tournament #3822410921, $1.84+$0.16 USD Hold'em No Limit - Level I (10/20) - 2024/11/11 12:10:31 CET [2024/11/11 6:10:31 ET]
Table '3822410921 1' 3-max Seat #3 is the button
Seat 1: SzajiCr7 (480 in chips) 
Seat 2: DARRABEST (520 in chips) 
Seat 3: Mahu2021 (500 in chips) 
SzajiCr7: posts small blind 10
DARRABEST: posts big blind 20
*** HOLE CARDS ***
Dealt to Mahu2021 [Qh 7s]
Mahu2021: calls 20
SzajiCr7: folds 
DARRABEST: raises 60 to 80
Mahu2021: folds 
Uncalled bet (60) returned to DARRABEST
DARRABEST collected 50 from pot
*** SUMMARY ***
Total pot 50 | Rake 0 
Seat 1: SzajiCr7 (small blind) folded before Flop
Seat 2: DARRABEST (big blind) collected (50)
Seat 3: Mahu2021 (button) folded before Flop



PokerStars Hand #253355791355: Tournament #3822410921, $1.84+$0.16 USD Hold'em No Limit - Level I (10/20) - 2024/11/11 12:10:40 CET [2024/11/11 6:10:40 ET]
Table '3822410921 1' 3-max Seat #1 is the button
Seat 1: SzajiCr7 (470 in chips) 
Seat 2: DARRABEST (550 in chips) 
Seat 3: Mahu2021 (480 in chips) 
DARRABEST: posts small blind 10
Mahu2021: posts big blind 20
*** HOLE CARDS ***
Dealt to Mahu2021 [3s 4s]
SzajiCr7: raises 20 to 40
DARRABEST: folds 
Mahu2021: calls 20
*** FLOP *** [Tc 6s 9d]
Mahu2021: checks 
SzajiCr7: checks 
*** TURN *** [Tc 6s 9d] [7d]
Mahu2021: checks 
SzajiCr7: bets 20
Mahu2021: folds 
Uncalled bet (20) returned to SzajiCr7
SzajiCr7 collected 90 from pot
SzajiCr7: doesn't show hand 
*** SUMMARY ***
Total pot 90 | Rake 0 
Board [Tc 6s 9d 7d]
Seat 1: SzajiCr7 (button) collected (90)
Seat 2: DARRABEST (small blind) folded before Flop
Seat 3: Mahu2021 (big blind) folded on the Turn



PokerStars Hand #253355793991: Tournament #3822410921, $1.84+$0.16 USD Hold'em No Limit - Level I (10/20) - 2024/11/11 12:11:03 CET [2024/11/11 6:11:03 ET]
Table '3822410921 1' 3-max Seat #2 is the button
Seat 1: SzajiCr7 (520 in chips) 
Seat 2: DARRABEST (540 in chips) 
Seat 3: Mahu2021 (440 in chips) 
Mahu2021: posts small blind 10
SzajiCr7: posts big blind 20
*** HOLE CARDS ***
Dealt to Mahu2021 [4c Js]
DARRABEST: raises 40 to 60
Mahu2021: folds 
SzajiCr7: folds 
Uncalled bet (40) returned to DARRABEST
DARRABEST collected 50 from pot
*** SUMMARY ***
Total pot 50 | Rake 0 
Seat 1: SzajiCr7 (big blind) folded before Flop
Seat 2: DARRABEST (button) collected (50)
Seat 3: Mahu2021 (small blind) folded before Flop



PokerStars Hand #253355794607: Tournament #3822410921, $1.84+$0.16 USD Hold'em No Limit - Level I (10/20) - 2024/11/11 12:11:08 CET [2024/11/11 6:11:08 ET]
Table '3822410921 1' 3-max Seat #3 is the button
Seat 1: SzajiCr7 (500 in chips) 
Seat 2: DARRABEST (570 in chips) 
Seat 3: Mahu2021 (430 in chips) 
SzajiCr7: posts small blind 10
DARRABEST: posts big blind 20
*** HOLE CARDS ***
Dealt to Mahu2021 [6d 7s]
Mahu2021: folds 
SzajiCr7: folds 
Uncalled bet (10) returned to DARRABEST
DARRABEST collected 20 from pot
*** SUMMARY ***
Total pot 20 | Rake 0 
Seat 1: SzajiCr7 (small blind) folded before Flop
Seat 2: DARRABEST (big blind) collected (20)
Seat 3: Mahu2021 (button) folded before Flop (didn't bet)



PokerStars Hand #253355795245: Tournament #3822410921, $1.84+$0.16 USD Hold'em No Limit - Level I (10/20) - 2024/11/11 12:11:13 CET [2024/11/11 6:11:13 ET]
Table '3822410921 1' 3-max Seat #1 is the button
Seat 1: SzajiCr7 (490 in chips) 
Seat 2: DARRABEST (580 in chips) 
Seat 3: Mahu2021 (430 in chips) 
DARRABEST: posts small blind 10
Mahu2021: posts big blind 20
*** HOLE CARDS ***
Dealt to Mahu2021 [Qs 3s]
SzajiCr7: folds 
DARRABEST: calls 10
Mahu2021: checks 
*** FLOP *** [Jd 9s Jh]
DARRABEST: checks 
Mahu2021: checks 
*** TURN *** [Jd 9s Jh] [Qd]
DARRABEST: checks 
Mahu2021: checks 
*** RIVER *** [Jd 9s Jh Qd] [9h]
DARRABEST: bets 60
Mahu2021: calls 60
*** SHOW DOWN ***
DARRABEST: shows [4d 5s] (two pair, Jacks and Nines)
Mahu2021: shows [Qs 3s] (two pair, Queens and Jacks)
Mahu2021 collected 160 from pot
*** SUMMARY ***
Total pot 160 | Rake 0 
Board [Jd 9s Jh Qd 9h]
Seat 1: SzajiCr7 (button) folded before Flop (didn't bet)
Seat 2: DARRABEST (small blind) showed [4d 5s] and lost with two pair, Jacks and Nines
Seat 3: Mahu2021 (big blind) showed [Qs 3s] and won (160) with two pair, Queens and Jacks



PokerStars Hand #253355797468: Tournament #3822410921, $1.84+$0.16 USD Hold'em No Limit - Level I (10/20) - 2024/11/11 12:11:32 CET [2024/11/11 6:11:32 ET]
Table '3822410921 1' 3-max Seat #2 is the button
Seat 1: SzajiCr7 (490 in chips) 
Seat 2: DARRABEST (500 in chips) 
Seat 3: Mahu2021 (510 in chips) 
Mahu2021: posts small blind 10
SzajiCr7: posts big blind 20
*** HOLE CARDS ***
Dealt to Mahu2021 [7s 8c]
DARRABEST: raises 60 to 80
Mahu2021: folds 
SzajiCr7: folds 
Uncalled bet (60) returned to DARRABEST
DARRABEST collected 50 from pot
*** SUMMARY ***
Total pot 50 | Rake 0 
Seat 1: SzajiCr7 (big blind) folded before Flop
Seat 2: DARRABEST (button) collected (50)
Seat 3: Mahu2021 (small blind) folded before Flop



PokerStars Hand #253355798477: Tournament #3822410921, $1.84+$0.16 USD Hold'em No Limit - Level I (10/20) - 2024/11/11 12:11:40 CET [2024/11/11 6:11:40 ET]
Table '3822410921 1' 3-max Seat #3 is the button
Seat 1: SzajiCr7 (470 in chips) 
Seat 2: DARRABEST (530 in chips) 
Seat 3: Mahu2021 (500 in chips) 
SzajiCr7: posts small blind 10
DARRABEST: posts big blind 20
*** HOLE CARDS ***
Dealt to Mahu2021 [Qc Qs]
Mahu2021: raises 20 to 40
SzajiCr7: raises 20 to 60
DARRABEST: folds 
Mahu2021: raises 440 to 500 and is all-in
SzajiCr7: calls 410 and is all-in
Uncalled bet (30) returned to Mahu2021
*** FLOP *** [Qh 4h 3h]
*** TURN *** [Qh 4h 3h] [8h]
*** RIVER *** [Qh 4h 3h 8h] [8s]
*** SHOW DOWN ***
SzajiCr7: shows [Ac Ah] (a flush, Ace high)
Mahu2021: shows [Qc Qs] (a full house, Queens full of Eights)
Mahu2021 collected 960 from pot
SzajiCr7 finished the tournament in 3rd place
*** SUMMARY ***
Total pot 960 | Rake 0 
Board [Qh 4h 3h 8h 8s]
Seat 1: SzajiCr7 (small blind) showed [Ac Ah] and lost with a flush, Ace high
Seat 2: DARRABEST (big blind) folded before Flop
Seat 3: Mahu2021 (button) showed [Qc Qs] and won (960) with a full house, Queens full of Eights



PokerStars Hand #253355800776: Tournament #3822410921, $1.84+$0.16 USD Hold'em No Limit - Level I (10/20) - 2024/11/11 12:12:00 CET [2024/11/11 6:12:00 ET]
Table '3822410921 1' 3-max Seat #2 is the button
Seat 2: DARRABEST (510 in chips) 
Seat 3: Mahu2021 (990 in chips) 
DARRABEST: posts small blind 10
Mahu2021: posts big blind 20
*** HOLE CARDS ***
Dealt to Mahu2021 [3d 8h]
DARRABEST: calls 10
Mahu2021: checks 
*** FLOP *** [Kc 9h 9c]
Mahu2021: checks 
DARRABEST: bets 60
Mahu2021: folds 
Uncalled bet (60) returned to DARRABEST
DARRABEST collected 40 from pot
*** SUMMARY ***
Total pot 40 | Rake 0 
Board [Kc 9h 9c]
Seat 2: DARRABEST (button) (small blind) collected (40)
Seat 3: Mahu2021 (big blind) folded on the Flop



PokerStars Hand #253355802152: Tournament #3822410921, $1.84+$0.16 USD Hold'em No Limit - Level I (10/20) - 2024/11/11 12:12:12 CET [2024/11/11 6:12:12 ET]
Table '3822410921 1' 3-max Seat #3 is the button
Seat 2: DARRABEST (530 in chips) 
Seat 3: Mahu2021 (970 in chips) 
Mahu2021: posts small blind 10
DARRABEST: posts big blind 20
*** HOLE CARDS ***
Dealt to Mahu2021 [Jc Qc]
Mahu2021: raises 20 to 40
DARRABEST: calls 20
*** FLOP *** [7h 2c 9d]
DARRABEST: checks 
Mahu2021: checks 
*** TURN *** [7h 2c 9d] [5c]
DARRABEST: checks 
Mahu2021: bets 40
DARRABEST: calls 40
*** RIVER *** [7h 2c 9d 5c] [8h]
DARRABEST: checks 
Mahu2021: bets 160
DARRABEST: calls 160
*** SHOW DOWN ***
Mahu2021: shows [Jc Qc] (high card Queen)
DARRABEST: shows [Kh 8s] (a pair of Eights)
DARRABEST collected 480 from pot
*** SUMMARY ***
Total pot 480 | Rake 0 
Board [7h 2c 9d 5c 8h]
Seat 2: DARRABEST (big blind) showed [Kh 8s] and won (480) with a pair of Eights
Seat 3: Mahu2021 (button) (small blind) showed [Jc Qc] and lost with high card Queen



PokerStars Hand #253355805518: Tournament #3822410921, $1.84+$0.16 USD Hold'em No Limit - Level I (10/20) - 2024/11/11 12:12:40 CET [2024/11/11 6:12:40 ET]
Table '3822410921 1' 3-max Seat #2 is the button
Seat 2: DARRABEST (770 in chips) 
Seat 3: Mahu2021 (730 in chips) 
DARRABEST: posts small blind 10
Mahu2021: posts big blind 20
*** HOLE CARDS ***
Dealt to Mahu2021 [Td Ac]
DARRABEST: calls 10
Mahu2021: raises 40 to 60
DARRABEST: calls 40
*** FLOP *** [6c 2h 3s]
Mahu2021: checks 
DARRABEST: checks 
*** TURN *** [6c 2h 3s] [Ts]
Mahu2021: bets 60
DARRABEST: folds 
Uncalled bet (60) returned to Mahu2021
Mahu2021 collected 120 from pot
Mahu2021: doesn't show hand 
*** SUMMARY ***
Total pot 120 | Rake 0 
Board [6c 2h 3s Ts]
Seat 2: DARRABEST (button) (small blind) folded on the Turn
Seat 3: Mahu2021 (big blind) collected (120)



PokerStars Hand #253355807658: Tournament #3822410921, $1.84+$0.16 USD Hold'em No Limit - Level I (10/20) - 2024/11/11 12:12:57 CET [2024/11/11 6:12:57 ET]
Table '3822410921 1' 3-max Seat #3 is the button
Seat 2: DARRABEST (710 in chips) 
Seat 3: Mahu2021 (790 in chips) 
Mahu2021: posts small blind 10
DARRABEST: posts big blind 20
*** HOLE CARDS ***
Dealt to Mahu2021 [Qh 8d]
Mahu2021: raises 20 to 40
DARRABEST: calls 20
*** FLOP *** [Tc 4d Kc]
DARRABEST: bets 80
Mahu2021: folds 
Uncalled bet (80) returned to DARRABEST
DARRABEST collected 80 from pot
*** SUMMARY ***
Total pot 80 | Rake 0 
Board [Tc 4d Kc]
Seat 2: DARRABEST (big blind) collected (80)
Seat 3: Mahu2021 (button) (small blind) folded on the Flop



PokerStars Hand #253355809009: Tournament #3822410921, $1.84+$0.16 USD Hold'em No Limit - Level I (10/20) - 2024/11/11 12:13:08 CET [2024/11/11 6:13:08 ET]
Table '3822410921 1' 3-max Seat #2 is the button
Seat 2: DARRABEST (750 in chips) 
Seat 3: Mahu2021 (750 in chips) 
DARRABEST: posts small blind 10
Mahu2021: posts big blind 20
*** HOLE CARDS ***
Dealt to Mahu2021 [3d Th]
DARRABEST: raises 20 to 40
Mahu2021: folds 
Uncalled bet (20) returned to DARRABEST
DARRABEST collected 40 from pot
*** SUMMARY ***
Total pot 40 | Rake 0 
Seat 2: DARRABEST (button) (small blind) collected (40)
Seat 3: Mahu2021 (big blind) folded before Flop



PokerStars Hand #253355810019: Tournament #3822410921, $1.84+$0.16 USD Hold'em No Limit - Level II (15/30) - 2024/11/11 12:13:17 CET [2024/11/11 6:13:17 ET]
Table '3822410921 1' 3-max Seat #3 is the button
Seat 2: DARRABEST (770 in chips) 
Seat 3: Mahu2021 (730 in chips) 
Mahu2021: posts small blind 15
DARRABEST: posts big blind 30
*** HOLE CARDS ***
Dealt to Mahu2021 [Ac 5s]
Mahu2021: raises 30 to 60
DARRABEST: raises 90 to 150
Mahu2021: calls 90
*** FLOP *** [2s 8c 6s]
DARRABEST: bets 300
Mahu2021: folds 
Uncalled bet (300) returned to DARRABEST
DARRABEST collected 300 from pot
*** SUMMARY ***
Total pot 300 | Rake 0 
Board [2s 8c 6s]
Seat 2: DARRABEST (big blind) collected (300)
Seat 3: Mahu2021 (button) (small blind) folded on the Flop



PokerStars Hand #253355811485: Tournament #3822410921, $1.84+$0.16 USD Hold'em No Limit - Level II (15/30) - 2024/11/11 12:13:29 CET [2024/11/11 6:13:29 ET]
Table '3822410921 1' 3-max Seat #2 is the button
Seat 2: DARRABEST (920 in chips) 
Seat 3: Mahu2021 (580 in chips) 
DARRABEST: posts small blind 15
Mahu2021: posts big blind 30
*** HOLE CARDS ***
Dealt to Mahu2021 [5d 2h]
DARRABEST: raises 30 to 60
Mahu2021: folds 
Uncalled bet (30) returned to DARRABEST
DARRABEST collected 60 from pot
*** SUMMARY ***
Total pot 60 | Rake 0 
Seat 2: DARRABEST (button) (small blind) collected (60)
Seat 3: Mahu2021 (big blind) folded before Flop



PokerStars Hand #253355812137: Tournament #3822410921, $1.84+$0.16 USD Hold'em No Limit - Level II (15/30) - 2024/11/11 12:13:34 CET [2024/11/11 6:13:34 ET]
Table '3822410921 1' 3-max Seat #3 is the button
Seat 2: DARRABEST (950 in chips) 
Seat 3: Mahu2021 (550 in chips) 
Mahu2021: posts small blind 15
DARRABEST: posts big blind 30
*** HOLE CARDS ***
Dealt to Mahu2021 [5s 2d]
Mahu2021: folds 
Uncalled bet (15) returned to DARRABEST
DARRABEST collected 30 from pot
*** SUMMARY ***
Total pot 30 | Rake 0 
Seat 2: DARRABEST (big blind) collected (30)
Seat 3: Mahu2021 (button) (small blind) folded before Flop



PokerStars Hand #253355812644: Tournament #3822410921, $1.84+$0.16 USD Hold'em No Limit - Level II (15/30) - 2024/11/11 12:13:39 CET [2024/11/11 6:13:39 ET]
Table '3822410921 1' 3-max Seat #2 is the button
Seat 2: DARRABEST (965 in chips) 
Seat 3: Mahu2021 (535 in chips) 
DARRABEST: posts small blind 15
Mahu2021: posts big blind 30
*** HOLE CARDS ***
Dealt to Mahu2021 [Kd 9s]
DARRABEST: folds 
Uncalled bet (15) returned to Mahu2021
Mahu2021 collected 30 from pot
Mahu2021: doesn't show hand 
*** SUMMARY ***
Total pot 30 | Rake 0 
Seat 2: DARRABEST (button) (small blind) folded before Flop
Seat 3: Mahu2021 (big blind) collected (30)



PokerStars Hand #253355813141: Tournament #3822410921, $1.84+$0.16 USD Hold'em No Limit - Level II (15/30) - 2024/11/11 12:13:43 CET [2024/11/11 6:13:43 ET]
Table '3822410921 1' 3-max Seat #3 is the button
Seat 2: DARRABEST (950 in chips) 
Seat 3: Mahu2021 (550 in chips) 
Mahu2021: posts small blind 15
DARRABEST: posts big blind 30
*** HOLE CARDS ***
Dealt to Mahu2021 [7c 2d]
Mahu2021: folds 
Uncalled bet (15) returned to DARRABEST
DARRABEST collected 30 from pot
*** SUMMARY ***
Total pot 30 | Rake 0 
Seat 2: DARRABEST (big blind) collected (30)
Seat 3: Mahu2021 (button) (small blind) folded before Flop



PokerStars Hand #253355813652: Tournament #3822410921, $1.84+$0.16 USD Hold'em No Limit - Level II (15/30) - 2024/11/11 12:13:47 CET [2024/11/11 6:13:47 ET]
Table '3822410921 1' 3-max Seat #2 is the button
Seat 2: DARRABEST (965 in chips) 
Seat 3: Mahu2021 (535 in chips) 
DARRABEST: posts small blind 15
Mahu2021: posts big blind 30
*** HOLE CARDS ***
Dealt to Mahu2021 [9h 7c]
DARRABEST: raises 30 to 60
Mahu2021: calls 30
*** FLOP *** [6h 5h Qh]
Mahu2021: checks 
DARRABEST: checks 
*** TURN *** [6h 5h Qh] [7d]
Mahu2021: bets 60
DARRABEST: folds 
Uncalled bet (60) returned to Mahu2021
Mahu2021 collected 120 from pot
Mahu2021: doesn't show hand 
*** SUMMARY ***
Total pot 120 | Rake 0 
Board [6h 5h Qh 7d]
Seat 2: DARRABEST (button) (small blind) folded on the Turn
Seat 3: Mahu2021 (big blind) collected (120)



PokerStars Hand #253355815436: Tournament #3822410921, $1.84+$0.16 USD Hold'em No Limit - Level II (15/30) - 2024/11/11 12:14:01 CET [2024/11/11 6:14:01 ET]
Table '3822410921 1' 3-max Seat #3 is the button
Seat 2: DARRABEST (905 in chips) 
Seat 3: Mahu2021 (595 in chips) 
Mahu2021: posts small blind 15
DARRABEST: posts big blind 30
*** HOLE CARDS ***
Dealt to Mahu2021 [2c 3d]
Mahu2021: folds 
Uncalled bet (15) returned to DARRABEST
DARRABEST collected 30 from pot
*** SUMMARY ***
Total pot 30 | Rake 0 
Seat 2: DARRABEST (big blind) collected (30)
Seat 3: Mahu2021 (button) (small blind) folded before Flop



PokerStars Hand #253355815975: Tournament #3822410921, $1.84+$0.16 USD Hold'em No Limit - Level II (15/30) - 2024/11/11 12:14:06 CET [2024/11/11 6:14:06 ET]
Table '3822410921 1' 3-max Seat #2 is the button
Seat 2: DARRABEST (920 in chips) 
Seat 3: Mahu2021 (580 in chips) 
DARRABEST: posts small blind 15
Mahu2021: posts big blind 30
*** HOLE CARDS ***
Dealt to Mahu2021 [Kd Ts]
DARRABEST: raises 30 to 60
Mahu2021: calls 30
*** FLOP *** [8s 6c 9c]
Mahu2021: checks 
DARRABEST: bets 120
Mahu2021: calls 120
*** TURN *** [8s 6c 9c] [Jh]
Mahu2021: checks 
DARRABEST: bets 360
Mahu2021: calls 360
*** RIVER *** [8s 6c 9c Jh] [Qh]
Mahu2021: bets 40 and is all-in
DARRABEST: calls 40
*** SHOW DOWN ***
Mahu2021: shows [Kd Ts] (a straight, Nine to King)
DARRABEST: shows [5h 7d] (a straight, Five to Nine)
Mahu2021 collected 1160 from pot
*** SUMMARY ***
Total pot 1160 | Rake 0 
Board [8s 6c 9c Jh Qh]
Seat 2: DARRABEST (button) (small blind) showed [5h 7d] and lost with a straight, Five to Nine
Seat 3: Mahu2021 (big blind) showed [Kd Ts] and won (1160) with a straight, Nine to King



PokerStars Hand #253355818175: Tournament #3822410921, $1.84+$0.16 USD Hold'em No Limit - Level II (15/30) - 2024/11/11 12:14:25 CET [2024/11/11 6:14:25 ET]
Table '3822410921 1' 3-max Seat #3 is the button
Seat 2: DARRABEST (340 in chips) 
Seat 3: Mahu2021 (1160 in chips) 
Mahu2021: posts small blind 15
DARRABEST: posts big blind 30
*** HOLE CARDS ***
Dealt to Mahu2021 [5d Td]
Mahu2021: folds 
Uncalled bet (15) returned to DARRABEST
DARRABEST collected 30 from pot
*** SUMMARY ***
Total pot 30 | Rake 0 
Seat 2: DARRABEST (big blind) collected (30)
Seat 3: Mahu2021 (button) (small blind) folded before Flop



PokerStars Hand #253355818848: Tournament #3822410921, $1.84+$0.16 USD Hold'em No Limit - Level II (15/30) - 2024/11/11 12:14:30 CET [2024/11/11 6:14:30 ET]
Table '3822410921 1' 3-max Seat #2 is the button
Seat 2: DARRABEST (355 in chips) 
Seat 3: Mahu2021 (1145 in chips) 
DARRABEST: posts small blind 15
Mahu2021: posts big blind 30
*** HOLE CARDS ***
Dealt to Mahu2021 [Tc 7h]
DARRABEST: folds 
Uncalled bet (15) returned to Mahu2021
Mahu2021 collected 30 from pot
Mahu2021: doesn't show hand 
*** SUMMARY ***
Total pot 30 | Rake 0 
Seat 2: DARRABEST (button) (small blind) folded before Flop
Seat 3: Mahu2021 (big blind) collected (30)



PokerStars Hand #253355819324: Tournament #3822410921, $1.84+$0.16 USD Hold'em No Limit - Level II (15/30) - 2024/11/11 12:14:35 CET [2024/11/11 6:14:35 ET]
Table '3822410921 1' 3-max Seat #3 is the button
Seat 2: DARRABEST (340 in chips) 
Seat 3: Mahu2021 (1160 in chips) 
Mahu2021: posts small blind 15
DARRABEST: posts big blind 30
*** HOLE CARDS ***
Dealt to Mahu2021 [Tc Qd]
Mahu2021: raises 60 to 90
DARRABEST: raises 250 to 340 and is all-in
Mahu2021: calls 250
*** FLOP *** [Qc Kh 8h]
*** TURN *** [Qc Kh 8h] [9d]
*** RIVER *** [Qc Kh 8h 9d] [8d]
*** SHOW DOWN ***
DARRABEST: shows [5h Ah] (a pair of Eights)
Mahu2021: shows [Tc Qd] (two pair, Queens and Eights)
Mahu2021 collected 680 from pot
DARRABEST finished the tournament in 2nd place
Mahu2021 wins the tournament and receives $6.00 - congratulations!
*** SUMMARY ***
Total pot 680 | Rake 0 
Board [Qc Kh 8h 9d 8d]
Seat 2: DARRABEST (big blind) showed [5h Ah] and lost with a pair of Eights
Seat 3: Mahu2021 (button) (small blind) showed [Tc Qd] and won (680) with two pair, Queens and Eights



