PokerStars Hand #252870806747: Tournament #3810644504, $1.84+$0.16 USD Hold'em No Limit - Level I (10/20) - 2024/10/11 11:26:12 CET [2024/10/11 5:26:12 ET]
Table '3810644504 1' 3-max Seat #1 is the button
Seat 1: esoxd777 (500 in chips) 
Seat 2: raphinx (500 in chips) 
Seat 3: Mahu2021 (500 in chips) 
raphinx: posts small blind 10
Mahu2021: posts big blind 20
*** HOLE CARDS ***
Dealt to Mahu2021 [Ah 8c]
esoxd777: raises 20 to 40
raphinx: calls 30
Mahu2021: calls 20
*** FLOP *** [7d Kd 4s]
raphinx: bets 40
Mahu2021: folds 
esoxd777: folds 
Uncalled bet (40) returned to raphinx
raphinx collected 120 from pot
*** SUMMARY ***
Total pot 120 | Rake 0 
Board [7d Kd 4s]
Seat 1: esoxd777 (button) folded on the Flop
Seat 2: raphinx (small blind) collected (120)
Seat 3: Mahu2021 (big blind) folded on the Flop



PokerStars Hand #252870808195: Tournament #3810644504, $1.84+$0.16 USD Hold'em No Limit - Level I (10/20) - 2024/10/11 11:26:25 CET [2024/10/11 5:26:25 ET]
Table '3810644504 1' 3-max Seat #2 is the button
Seat 1: esoxd777 (460 in chips) 
Seat 2: raphinx (580 in chips) 
Seat 3: Mahu2021 (460 in chips) 
Mahu2021: posts small blind 10
esoxd777: posts big blind 20
*** HOLE CARDS ***
Dealt to Mahu2021 [7d Js]
raphinx: folds 
Mahu2021: calls 10
esoxd777: checks 
*** FLOP *** [6s 9d 5s]
Mahu2021: checks 
esoxd777: checks 
*** TURN *** [6s 9d 5s] [Td]
Mahu2021: checks 
esoxd777: bets 20
Mahu2021: calls 20
*** RIVER *** [6s 9d 5s Td] [Kc]
Mahu2021: checks 
esoxd777: bets 40
Mahu2021: folds 
Uncalled bet (40) returned to esoxd777
esoxd777 collected 80 from pot
esoxd777: doesn't show hand 
*** SUMMARY ***
Total pot 80 | Rake 0 
Board [6s 9d 5s Td Kc]
Seat 1: esoxd777 (big blind) collected (80)
Seat 2: raphinx (button) folded before Flop (didn't bet)
Seat 3: Mahu2021 (small blind) folded on the River



PokerStars Hand #252870810392: Tournament #3810644504, $1.84+$0.16 USD Hold'em No Limit - Level I (10/20) - 2024/10/11 11:26:44 CET [2024/10/11 5:26:44 ET]
Table '3810644504 1' 3-max Seat #3 is the button
Seat 1: esoxd777 (500 in chips) 
Seat 2: raphinx (580 in chips) 
Seat 3: Mahu2021 (420 in chips) 
esoxd777: posts small blind 10
raphinx: posts big blind 20
*** HOLE CARDS ***
Dealt to Mahu2021 [Jc 7c]
Mahu2021: raises 20 to 40
esoxd777: raises 460 to 500 and is all-in
raphinx: folds 
Mahu2021: folds 
Uncalled bet (460) returned to esoxd777
esoxd777 collected 100 from pot
esoxd777: doesn't show hand 
*** SUMMARY ***
Total pot 100 | Rake 0 
Seat 1: esoxd777 (small blind) collected (100)
Seat 2: raphinx (big blind) folded before Flop
Seat 3: Mahu2021 (button) folded before Flop



PokerStars Hand #252870812052: Tournament #3810644504, $1.84+$0.16 USD Hold'em No Limit - Level I (10/20) - 2024/10/11 11:26:59 CET [2024/10/11 5:26:59 ET]
Table '3810644504 1' 3-max Seat #1 is the button
Seat 1: esoxd777 (560 in chips) 
Seat 2: raphinx (560 in chips) 
Seat 3: Mahu2021 (380 in chips) 
raphinx: posts small blind 10
Mahu2021: posts big blind 20
*** HOLE CARDS ***
Dealt to Mahu2021 [6c As]
esoxd777: folds 
raphinx: calls 10
Mahu2021: checks 
*** FLOP *** [Ts 4h Ad]
raphinx: bets 20
Mahu2021: calls 20
*** TURN *** [Ts 4h Ad] [4s]
raphinx: bets 40
Mahu2021: calls 40
*** RIVER *** [Ts 4h Ad 4s] [Td]
raphinx: bets 40
Mahu2021: calls 40
*** SHOW DOWN ***
raphinx: shows [4d 7d] (a full house, Fours full of Tens)
Mahu2021: mucks hand 
raphinx collected 240 from pot
*** SUMMARY ***
Total pot 240 | Rake 0 
Board [Ts 4h Ad 4s Td]
Seat 1: esoxd777 (button) folded before Flop (didn't bet)
Seat 2: raphinx (small blind) showed [4d 7d] and won (240) with a full house, Fours full of Tens
Seat 3: Mahu2021 (big blind) mucked [6c As]



PokerStars Hand #252870813722: Tournament #3810644504, $1.84+$0.16 USD Hold'em No Limit - Level I (10/20) - 2024/10/11 11:27:14 CET [2024/10/11 5:27:14 ET]
Table '3810644504 1' 3-max Seat #2 is the button
Seat 1: esoxd777 (560 in chips) 
Seat 2: raphinx (680 in chips) 
Seat 3: Mahu2021 (260 in chips) 
Mahu2021: posts small blind 10
esoxd777: posts big blind 20
*** HOLE CARDS ***
Dealt to Mahu2021 [2h 2d]
raphinx: raises 40 to 60
Mahu2021: raises 200 to 260 and is all-in
esoxd777: folds 
raphinx: calls 200
*** FLOP *** [3h 4s 5c]
*** TURN *** [3h 4s 5c] [2c]
*** RIVER *** [3h 4s 5c 2c] [7c]
*** SHOW DOWN ***
Mahu2021: shows [2h 2d] (three of a kind, Deuces)
raphinx: shows [Js Qd] (high card Queen)
Mahu2021 collected 540 from pot
*** SUMMARY ***
Total pot 540 | Rake 0 
Board [3h 4s 5c 2c 7c]
Seat 1: esoxd777 (big blind) folded before Flop
Seat 2: raphinx (button) showed [Js Qd] and lost with high card Queen
Seat 3: Mahu2021 (small blind) showed [2h 2d] and won (540) with three of a kind, Deuces



PokerStars Hand #252870815794: Tournament #3810644504, $1.84+$0.16 USD Hold'em No Limit - Level I (10/20) - 2024/10/11 11:27:32 CET [2024/10/11 5:27:32 ET]
Table '3810644504 1' 3-max Seat #3 is the button
Seat 1: esoxd777 (540 in chips) 
Seat 2: raphinx (420 in chips) 
Seat 3: Mahu2021 (540 in chips) 
esoxd777: posts small blind 10
raphinx: posts big blind 20
*** HOLE CARDS ***
Dealt to Mahu2021 [2h Kh]
Mahu2021: calls 20
esoxd777: calls 10
raphinx: raises 400 to 420 and is all-in
Mahu2021: folds 
esoxd777: folds 
Uncalled bet (400) returned to raphinx
raphinx collected 60 from pot
*** SUMMARY ***
Total pot 60 | Rake 0 
Seat 1: esoxd777 (small blind) folded before Flop
Seat 2: raphinx (big blind) collected (60)
Seat 3: Mahu2021 (button) folded before Flop



PokerStars Hand #252870817396: Tournament #3810644504, $1.84+$0.16 USD Hold'em No Limit - Level I (10/20) - 2024/10/11 11:27:47 CET [2024/10/11 5:27:47 ET]
Table '3810644504 1' 3-max Seat #1 is the button
Seat 1: esoxd777 (520 in chips) 
Seat 2: raphinx (460 in chips) 
Seat 3: Mahu2021 (520 in chips) 
raphinx: posts small blind 10
Mahu2021: posts big blind 20
*** HOLE CARDS ***
Dealt to Mahu2021 [Th Qd]
esoxd777: raises 20 to 40
raphinx: calls 30
Mahu2021: calls 20
*** FLOP *** [As 8c Qh]
raphinx: bets 40
Mahu2021: calls 40
esoxd777: calls 40
*** TURN *** [As 8c Qh] [5h]
raphinx: checks 
Mahu2021: checks 
esoxd777: checks 
*** RIVER *** [As 8c Qh 5h] [3h]
raphinx: checks 
Mahu2021: checks 
esoxd777: bets 180
raphinx: folds 
Mahu2021: folds 
Uncalled bet (180) returned to esoxd777
esoxd777 collected 240 from pot
esoxd777: doesn't show hand 
*** SUMMARY ***
Total pot 240 | Rake 0 
Board [As 8c Qh 5h 3h]
Seat 1: esoxd777 (button) collected (240)
Seat 2: raphinx (small blind) folded on the River
Seat 3: Mahu2021 (big blind) folded on the River



PokerStars Hand #252870820464: Tournament #3810644504, $1.84+$0.16 USD Hold'em No Limit - Level I (10/20) - 2024/10/11 11:28:14 CET [2024/10/11 5:28:14 ET]
Table '3810644504 1' 3-max Seat #2 is the button
Seat 1: esoxd777 (680 in chips) 
Seat 2: raphinx (380 in chips) 
Seat 3: Mahu2021 (440 in chips) 
Mahu2021: posts small blind 10
esoxd777: posts big blind 20
*** HOLE CARDS ***
Dealt to Mahu2021 [2d Kd]
raphinx: folds 
Mahu2021: raises 20 to 40
esoxd777: folds 
Uncalled bet (20) returned to Mahu2021
Mahu2021 collected 40 from pot
Mahu2021: doesn't show hand 
*** SUMMARY ***
Total pot 40 | Rake 0 
Seat 1: esoxd777 (big blind) folded before Flop
Seat 2: raphinx (button) folded before Flop (didn't bet)
Seat 3: Mahu2021 (small blind) collected (40)



PokerStars Hand #252870821255: Tournament #3810644504, $1.84+$0.16 USD Hold'em No Limit - Level I (10/20) - 2024/10/11 11:28:21 CET [2024/10/11 5:28:21 ET]
Table '3810644504 1' 3-max Seat #3 is the button
Seat 1: esoxd777 (660 in chips) 
Seat 2: raphinx (380 in chips) 
Seat 3: Mahu2021 (460 in chips) 
esoxd777: posts small blind 10
raphinx: posts big blind 20
*** HOLE CARDS ***
Dealt to Mahu2021 [Kd 3s]
Mahu2021: folds 
esoxd777: raises 640 to 660 and is all-in
raphinx: folds 
Uncalled bet (640) returned to esoxd777
esoxd777 collected 40 from pot
esoxd777: doesn't show hand 
*** SUMMARY ***
Total pot 40 | Rake 0 
Seat 1: esoxd777 (small blind) collected (40)
Seat 2: raphinx (big blind) folded before Flop
Seat 3: Mahu2021 (button) folded before Flop (didn't bet)



PokerStars Hand #252870822245: Tournament #3810644504, $1.84+$0.16 USD Hold'em No Limit - Level I (10/20) - 2024/10/11 11:28:30 CET [2024/10/11 5:28:30 ET]
Table '3810644504 1' 3-max Seat #1 is the button
Seat 1: esoxd777 (680 in chips) 
Seat 2: raphinx (360 in chips) 
Seat 3: Mahu2021 (460 in chips) 
raphinx: posts small blind 10
Mahu2021: posts big blind 20
*** HOLE CARDS ***
Dealt to Mahu2021 [Jd 5d]
esoxd777: folds 
raphinx: calls 10
Mahu2021: checks 
*** FLOP *** [2h 2s 6h]
raphinx: checks 
Mahu2021: checks 
*** TURN *** [2h 2s 6h] [Ac]
raphinx: bets 20
Mahu2021: folds 
Uncalled bet (20) returned to raphinx
raphinx collected 40 from pot
*** SUMMARY ***
Total pot 40 | Rake 0 
Board [2h 2s 6h Ac]
Seat 1: esoxd777 (button) folded before Flop (didn't bet)
Seat 2: raphinx (small blind) collected (40)
Seat 3: Mahu2021 (big blind) folded on the Turn



PokerStars Hand #252870823659: Tournament #3810644504, $1.84+$0.16 USD Hold'em No Limit - Level I (10/20) - 2024/10/11 11:28:42 CET [2024/10/11 5:28:42 ET]
Table '3810644504 1' 3-max Seat #2 is the button
Seat 1: esoxd777 (680 in chips) 
Seat 2: raphinx (380 in chips) 
Seat 3: Mahu2021 (440 in chips) 
Mahu2021: posts small blind 10
esoxd777: posts big blind 20
*** HOLE CARDS ***
Dealt to Mahu2021 [Jh Ac]
raphinx: calls 20
Mahu2021: raises 60 to 80
esoxd777: folds 
raphinx: raises 300 to 380 and is all-in
Mahu2021: calls 300
*** FLOP *** [Qd 2s 8d]
*** TURN *** [Qd 2s 8d] [2h]
*** RIVER *** [Qd 2s 8d 2h] [2c]
*** SHOW DOWN ***
Mahu2021: shows [Jh Ac] (three of a kind, Deuces)
raphinx: shows [3d 3h] (a full house, Deuces full of Threes)
raphinx collected 780 from pot
*** SUMMARY ***
Total pot 780 | Rake 0 
Board [Qd 2s 8d 2h 2c]
Seat 1: esoxd777 (big blind) folded before Flop
Seat 2: raphinx (button) showed [3d 3h] and won (780) with a full house, Deuces full of Threes
Seat 3: Mahu2021 (small blind) showed [Jh Ac] and lost with three of a kind, Deuces



PokerStars Hand #252870825762: Tournament #3810644504, $1.84+$0.16 USD Hold'em No Limit - Level I (10/20) - 2024/10/11 11:29:01 CET [2024/10/11 5:29:01 ET]
Table '3810644504 1' 3-max Seat #3 is the button
Seat 1: esoxd777 (660 in chips) 
Seat 2: raphinx (780 in chips) 
Seat 3: Mahu2021 (60 in chips) 
esoxd777: posts small blind 10
raphinx: posts big blind 20
*** HOLE CARDS ***
Dealt to Mahu2021 [Td Jc]
Mahu2021: raises 40 to 60 and is all-in
esoxd777: folds 
raphinx: calls 40
*** FLOP *** [3c 3h 8h]
*** TURN *** [3c 3h 8h] [Qs]
*** RIVER *** [3c 3h 8h Qs] [Tc]
*** SHOW DOWN ***
raphinx: shows [Qd 6c] (two pair, Queens and Threes)
Mahu2021: shows [Td Jc] (two pair, Tens and Threes)
raphinx collected 130 from pot
Mahu2021 finished the tournament in 3rd place
*** SUMMARY ***
Total pot 130 | Rake 0 
Board [3c 3h 8h Qs Tc]
Seat 1: esoxd777 (small blind) folded before Flop
Seat 2: raphinx (big blind) showed [Qd 6c] and won (130) with two pair, Queens and Threes
Seat 3: Mahu2021 (button) showed [Td Jc] and lost with two pair, Tens and Threes



