PokerStars Hand #252897187391: Tournament #3811270642, $1.84+$0.16 USD Hold'em No Limit - Level I (10/20) - 2024/10/12 23:51:35 CET [2024/10/12 17:51:35 ET]
Table '3811270642 1' 3-max Seat #1 is the button
Seat 1: Mahu2021 (500 in chips) 
Seat 2: Puma02416 (500 in chips) 
Seat 3: HavannaSurf (500 in chips) 
Puma02416: posts small blind 10
HavannaSurf: posts big blind 20
*** HOLE CARDS ***
Dealt to Mahu2021 [6c Ac]
Mahu2021: calls 20
Puma02416: calls 10
HavannaSurf: checks 
*** FLOP *** [3h 4c 6h]
Puma02416: checks 
HavannaSurf: bets 40
Mahu2021: calls 40
Puma02416: folds 
*** TURN *** [3h 4c 6h] [7h]
HavannaSurf: bets 100
Mahu2021: folds 
Uncalled bet (100) returned to HavannaSurf
HavannaSurf collected 140 from pot
*** SUMMARY ***
Total pot 140 | Rake 0 
Board [3h 4c 6h 7h]
Seat 1: Mahu2021 (button) folded on the Turn
Seat 2: Puma02416 (small blind) folded on the Flop
Seat 3: HavannaSurf (big blind) collected (140)



PokerStars Hand #252897193630: Tournament #3811270642, $1.84+$0.16 USD Hold'em No Limit - Level I (10/20) - 2024/10/12 23:51:58 CET [2024/10/12 17:51:58 ET]
Table '3811270642 1' 3-max Seat #2 is the button
Seat 1: Mahu2021 (440 in chips) 
Seat 2: Puma02416 (480 in chips) 
Seat 3: HavannaSurf (580 in chips) 
HavannaSurf: posts small blind 10
Mahu2021: posts big blind 20
*** HOLE CARDS ***
Dealt to Mahu2021 [4s 4d]
Puma02416: raises 20 to 40
HavannaSurf: folds 
Mahu2021: calls 20
*** FLOP *** [9h 7d As]
Mahu2021: checks 
Puma02416: bets 440 and is all-in
Mahu2021: folds 
Uncalled bet (440) returned to Puma02416
Puma02416 collected 90 from pot
*** SUMMARY ***
Total pot 90 | Rake 0 
Board [9h 7d As]
Seat 1: Mahu2021 (big blind) folded on the Flop
Seat 2: Puma02416 (button) collected (90)
Seat 3: HavannaSurf (small blind) folded before Flop



PokerStars Hand #252897196859: Tournament #3811270642, $1.84+$0.16 USD Hold'em No Limit - Level I (10/20) - 2024/10/12 23:52:11 CET [2024/10/12 17:52:11 ET]
Table '3811270642 1' 3-max Seat #3 is the button
Seat 1: Mahu2021 (400 in chips) 
Seat 2: Puma02416 (530 in chips) 
Seat 3: HavannaSurf (570 in chips) 
Mahu2021: posts small blind 10
Puma02416: posts big blind 20
*** HOLE CARDS ***
Dealt to Mahu2021 [Tc Ks]
HavannaSurf: calls 20
Mahu2021: calls 10
Puma02416: checks 
*** FLOP *** [Th 6h 3s]
Mahu2021: bets 40
Puma02416: calls 40
HavannaSurf: folds 
*** TURN *** [Th 6h 3s] [Jc]
Mahu2021: bets 40
Puma02416: calls 40
*** RIVER *** [Th 6h 3s Jc] [7d]
Mahu2021: bets 220
Puma02416: calls 220
*** SHOW DOWN ***
Mahu2021: shows [Tc Ks] (a pair of Tens)
Puma02416: mucks hand 
Mahu2021 collected 660 from pot
*** SUMMARY ***
Total pot 660 | Rake 0 
Board [Th 6h 3s Jc 7d]
Seat 1: Mahu2021 (small blind) showed [Tc Ks] and won (660) with a pair of Tens
Seat 2: Puma02416 (big blind) mucked [Td 4d]
Seat 3: HavannaSurf (button) folded on the Flop



PokerStars Hand #252897202533: Tournament #3811270642, $1.84+$0.16 USD Hold'em No Limit - Level I (10/20) - 2024/10/12 23:52:32 CET [2024/10/12 17:52:32 ET]
Table '3811270642 1' 3-max Seat #1 is the button
Seat 1: Mahu2021 (740 in chips) 
Seat 2: Puma02416 (210 in chips) 
Seat 3: HavannaSurf (550 in chips) 
Puma02416: posts small blind 10
HavannaSurf: posts big blind 20
*** HOLE CARDS ***
Dealt to Mahu2021 [4h Jd]
Mahu2021: folds 
Puma02416: raises 190 to 210 and is all-in
HavannaSurf: folds 
Uncalled bet (190) returned to Puma02416
Puma02416 collected 40 from pot
*** SUMMARY ***
Total pot 40 | Rake 0 
Seat 1: Mahu2021 (button) folded before Flop (didn't bet)
Seat 2: Puma02416 (small blind) collected (40)
Seat 3: HavannaSurf (big blind) folded before Flop



PokerStars Hand #252897205285: Tournament #3811270642, $1.84+$0.16 USD Hold'em No Limit - Level I (10/20) - 2024/10/12 23:52:43 CET [2024/10/12 17:52:43 ET]
Table '3811270642 1' 3-max Seat #2 is the button
Seat 1: Mahu2021 (740 in chips) 
Seat 2: Puma02416 (230 in chips) 
Seat 3: HavannaSurf (530 in chips) 
HavannaSurf: posts small blind 10
Mahu2021: posts big blind 20
*** HOLE CARDS ***
Dealt to Mahu2021 [Jd 2d]
Puma02416: raises 210 to 230 and is all-in
HavannaSurf: calls 220
Mahu2021: folds 
*** FLOP *** [8s 9h 8c]
*** TURN *** [8s 9h 8c] [3c]
*** RIVER *** [8s 9h 8c 3c] [9c]
*** SHOW DOWN ***
HavannaSurf: shows [5h Ad] (two pair, Nines and Eights)
Puma02416: shows [Ah Qh] (two pair, Nines and Eights)
HavannaSurf collected 240 from pot
Puma02416 collected 240 from pot
*** SUMMARY ***
Total pot 480 | Rake 0 
Board [8s 9h 8c 3c 9c]
Seat 1: Mahu2021 (big blind) folded before Flop
Seat 2: Puma02416 (button) showed [Ah Qh] and won (240) with two pair, Nines and Eights
Seat 3: HavannaSurf (small blind) showed [5h Ad] and won (240) with two pair, Nines and Eights



PokerStars Hand #252897208793: Tournament #3811270642, $1.84+$0.16 USD Hold'em No Limit - Level I (10/20) - 2024/10/12 23:52:57 CET [2024/10/12 17:52:57 ET]
Table '3811270642 1' 3-max Seat #3 is the button
Seat 1: Mahu2021 (720 in chips) 
Seat 2: Puma02416 (240 in chips) 
Seat 3: HavannaSurf (540 in chips) 
Mahu2021: posts small blind 10
Puma02416: posts big blind 20
*** HOLE CARDS ***
Dealt to Mahu2021 [Ac 9s]
HavannaSurf: folds 
Mahu2021: calls 10
Puma02416: raises 220 to 240 and is all-in
Mahu2021: calls 220
*** FLOP *** [Jc 2s Tc]
*** TURN *** [Jc 2s Tc] [4h]
*** RIVER *** [Jc 2s Tc 4h] [6d]
*** SHOW DOWN ***
Mahu2021: shows [Ac 9s] (high card Ace)
Puma02416: shows [5c Ah] (high card Ace - lower kicker)
Mahu2021 collected 480 from pot
Puma02416 finished the tournament in 3rd place
*** SUMMARY ***
Total pot 480 | Rake 0 
Board [Jc 2s Tc 4h 6d]
Seat 1: Mahu2021 (small blind) showed [Ac 9s] and won (480) with high card Ace
Seat 2: Puma02416 (big blind) showed [5c Ah] and lost with high card Ace
Seat 3: HavannaSurf (button) folded before Flop (didn't bet)



PokerStars Hand #252897213402: Tournament #3811270642, $1.84+$0.16 USD Hold'em No Limit - Level I (10/20) - 2024/10/12 23:53:14 CET [2024/10/12 17:53:14 ET]
Table '3811270642 1' 3-max Seat #1 is the button
Seat 1: Mahu2021 (960 in chips) 
Seat 3: HavannaSurf (540 in chips) 
Mahu2021: posts small blind 10
HavannaSurf: posts big blind 20
*** HOLE CARDS ***
Dealt to Mahu2021 [9s 5h]
Mahu2021: folds 
Uncalled bet (10) returned to HavannaSurf
HavannaSurf collected 20 from pot
*** SUMMARY ***
Total pot 20 | Rake 0 
Seat 1: Mahu2021 (button) (small blind) folded before Flop
Seat 3: HavannaSurf (big blind) collected (20)



PokerStars Hand #252897214589: Tournament #3811270642, $1.84+$0.16 USD Hold'em No Limit - Level I (10/20) - 2024/10/12 23:53:18 CET [2024/10/12 17:53:18 ET]
Table '3811270642 1' 3-max Seat #3 is the button
Seat 1: Mahu2021 (950 in chips) 
Seat 3: HavannaSurf (550 in chips) 
HavannaSurf: posts small blind 10
Mahu2021: posts big blind 20
*** HOLE CARDS ***
Dealt to Mahu2021 [7h 5s]
HavannaSurf: raises 20 to 40
Mahu2021: folds 
Uncalled bet (20) returned to HavannaSurf
HavannaSurf collected 40 from pot
*** SUMMARY ***
Total pot 40 | Rake 0 
Seat 1: Mahu2021 (big blind) folded before Flop
Seat 3: HavannaSurf (button) (small blind) collected (40)



PokerStars Hand #252897216206: Tournament #3811270642, $1.84+$0.16 USD Hold'em No Limit - Level I (10/20) - 2024/10/12 23:53:25 CET [2024/10/12 17:53:25 ET]
Table '3811270642 1' 3-max Seat #1 is the button
Seat 1: Mahu2021 (930 in chips) 
Seat 3: HavannaSurf (570 in chips) 
Mahu2021: posts small blind 10
HavannaSurf: posts big blind 20
*** HOLE CARDS ***
Dealt to Mahu2021 [9s Jd]
Mahu2021: calls 10
HavannaSurf: checks 
*** FLOP *** [Jc Th 6c]
HavannaSurf: checks 
Mahu2021: bets 40
HavannaSurf: folds 
Uncalled bet (40) returned to Mahu2021
Mahu2021 collected 40 from pot
Mahu2021: doesn't show hand 
*** SUMMARY ***
Total pot 40 | Rake 0 
Board [Jc Th 6c]
Seat 1: Mahu2021 (button) (small blind) collected (40)
Seat 3: HavannaSurf (big blind) folded on the Flop



PokerStars Hand #252897220190: Tournament #3811270642, $1.84+$0.16 USD Hold'em No Limit - Level I (10/20) - 2024/10/12 23:53:40 CET [2024/10/12 17:53:40 ET]
Table '3811270642 1' 3-max Seat #3 is the button
Seat 1: Mahu2021 (950 in chips) 
Seat 3: HavannaSurf (550 in chips) 
HavannaSurf: posts small blind 10
Mahu2021: posts big blind 20
*** HOLE CARDS ***
Dealt to Mahu2021 [2s 7c]
HavannaSurf: folds 
Uncalled bet (10) returned to Mahu2021
Mahu2021 collected 20 from pot
Mahu2021: doesn't show hand 
*** SUMMARY ***
Total pot 20 | Rake 0 
Seat 1: Mahu2021 (big blind) collected (20)
Seat 3: HavannaSurf (button) (small blind) folded before Flop



PokerStars Hand #252897221422: Tournament #3811270642, $1.84+$0.16 USD Hold'em No Limit - Level I (10/20) - 2024/10/12 23:53:44 CET [2024/10/12 17:53:44 ET]
Table '3811270642 1' 3-max Seat #1 is the button
Seat 1: Mahu2021 (960 in chips) 
Seat 3: HavannaSurf (540 in chips) 
Mahu2021: posts small blind 10
HavannaSurf: posts big blind 20
*** HOLE CARDS ***
Dealt to Mahu2021 [3s Jc]
Mahu2021: calls 10
HavannaSurf: raises 20 to 40
Mahu2021: calls 20
*** FLOP *** [8d Td 7d]
HavannaSurf: bets 40
Mahu2021: folds 
Uncalled bet (40) returned to HavannaSurf
HavannaSurf collected 80 from pot
*** SUMMARY ***
Total pot 80 | Rake 0 
Board [8d Td 7d]
Seat 1: Mahu2021 (button) (small blind) folded on the Flop
Seat 3: HavannaSurf (big blind) collected (80)



PokerStars Hand #252897224193: Tournament #3811270642, $1.84+$0.16 USD Hold'em No Limit - Level I (10/20) - 2024/10/12 23:53:55 CET [2024/10/12 17:53:55 ET]
Table '3811270642 1' 3-max Seat #3 is the button
Seat 1: Mahu2021 (920 in chips) 
Seat 3: HavannaSurf (580 in chips) 
HavannaSurf: posts small blind 10
Mahu2021: posts big blind 20
*** HOLE CARDS ***
Dealt to Mahu2021 [6h 9c]
HavannaSurf: folds 
Uncalled bet (10) returned to Mahu2021
Mahu2021 collected 20 from pot
Mahu2021: doesn't show hand 
*** SUMMARY ***
Total pot 20 | Rake 0 
Seat 1: Mahu2021 (big blind) collected (20)
Seat 3: HavannaSurf (button) (small blind) folded before Flop



PokerStars Hand #252897225357: Tournament #3811270642, $1.84+$0.16 USD Hold'em No Limit - Level I (10/20) - 2024/10/12 23:53:59 CET [2024/10/12 17:53:59 ET]
Table '3811270642 1' 3-max Seat #1 is the button
Seat 1: Mahu2021 (930 in chips) 
Seat 3: HavannaSurf (570 in chips) 
Mahu2021: posts small blind 10
HavannaSurf: posts big blind 20
*** HOLE CARDS ***
Dealt to Mahu2021 [Ad 8c]
Mahu2021: raises 20 to 40
HavannaSurf: raises 80 to 120
Mahu2021: folds 
Uncalled bet (80) returned to HavannaSurf
HavannaSurf collected 80 from pot
*** SUMMARY ***
Total pot 80 | Rake 0 
Seat 1: Mahu2021 (button) (small blind) folded before Flop
Seat 3: HavannaSurf (big blind) collected (80)



PokerStars Hand #252897227639: Tournament #3811270642, $1.84+$0.16 USD Hold'em No Limit - Level I (10/20) - 2024/10/12 23:54:08 CET [2024/10/12 17:54:08 ET]
Table '3811270642 1' 3-max Seat #3 is the button
Seat 1: Mahu2021 (890 in chips) 
Seat 3: HavannaSurf (610 in chips) 
HavannaSurf: posts small blind 10
Mahu2021: posts big blind 20
*** HOLE CARDS ***
Dealt to Mahu2021 [3c Kd]
HavannaSurf: raises 40 to 60
Mahu2021: folds 
Uncalled bet (40) returned to HavannaSurf
HavannaSurf collected 40 from pot
*** SUMMARY ***
Total pot 40 | Rake 0 
Seat 1: Mahu2021 (big blind) folded before Flop
Seat 3: HavannaSurf (button) (small blind) collected (40)



PokerStars Hand #252897229533: Tournament #3811270642, $1.84+$0.16 USD Hold'em No Limit - Level I (10/20) - 2024/10/12 23:54:15 CET [2024/10/12 17:54:15 ET]
Table '3811270642 1' 3-max Seat #1 is the button
Seat 1: Mahu2021 (870 in chips) 
Seat 3: HavannaSurf (630 in chips) 
Mahu2021: posts small blind 10
HavannaSurf: posts big blind 20
*** HOLE CARDS ***
Dealt to Mahu2021 [4d 9h]
Mahu2021: folds 
Uncalled bet (10) returned to HavannaSurf
HavannaSurf collected 20 from pot
*** SUMMARY ***
Total pot 20 | Rake 0 
Seat 1: Mahu2021 (button) (small blind) folded before Flop
Seat 3: HavannaSurf (big blind) collected (20)



PokerStars Hand #252897230652: Tournament #3811270642, $1.84+$0.16 USD Hold'em No Limit - Level I (10/20) - 2024/10/12 23:54:19 CET [2024/10/12 17:54:19 ET]
Table '3811270642 1' 3-max Seat #3 is the button
Seat 1: Mahu2021 (860 in chips) 
Seat 3: HavannaSurf (640 in chips) 
HavannaSurf: posts small blind 10
Mahu2021: posts big blind 20
*** HOLE CARDS ***
Dealt to Mahu2021 [5c Qd]
HavannaSurf: raises 40 to 60
Mahu2021: folds 
Uncalled bet (40) returned to HavannaSurf
HavannaSurf collected 40 from pot
*** SUMMARY ***
Total pot 40 | Rake 0 
Seat 1: Mahu2021 (big blind) folded before Flop
Seat 3: HavannaSurf (button) (small blind) collected (40)



PokerStars Hand #252897232422: Tournament #3811270642, $1.84+$0.16 USD Hold'em No Limit - Level I (10/20) - 2024/10/12 23:54:26 CET [2024/10/12 17:54:26 ET]
Table '3811270642 1' 3-max Seat #1 is the button
Seat 1: Mahu2021 (840 in chips) 
Seat 3: HavannaSurf (660 in chips) 
Mahu2021: posts small blind 10
HavannaSurf: posts big blind 20
*** HOLE CARDS ***
Dealt to Mahu2021 [Tc Ts]
Mahu2021: calls 10
HavannaSurf: checks 
*** FLOP *** [5h Kh 4s]
HavannaSurf: checks 
Mahu2021: bets 20
HavannaSurf: folds 
Uncalled bet (20) returned to Mahu2021
Mahu2021 collected 40 from pot
Mahu2021: doesn't show hand 
*** SUMMARY ***
Total pot 40 | Rake 0 
Board [5h Kh 4s]
Seat 1: Mahu2021 (button) (small blind) collected (40)
Seat 3: HavannaSurf (big blind) folded on the Flop



PokerStars Hand #252897236198: Tournament #3811270642, $1.84+$0.16 USD Hold'em No Limit - Level II (15/30) - 2024/10/12 23:54:40 CET [2024/10/12 17:54:40 ET]
Table '3811270642 1' 3-max Seat #3 is the button
Seat 1: Mahu2021 (860 in chips) 
Seat 3: HavannaSurf (640 in chips) 
HavannaSurf: posts small blind 15
Mahu2021: posts big blind 30
*** HOLE CARDS ***
Dealt to Mahu2021 [5d 2c]
HavannaSurf: calls 15
Mahu2021: checks 
*** FLOP *** [3s 4h 9h]
Mahu2021: checks 
HavannaSurf: bets 30
Mahu2021: calls 30
*** TURN *** [3s 4h 9h] [Kh]
Mahu2021: checks 
HavannaSurf: checks 
*** RIVER *** [3s 4h 9h Kh] [2d]
Mahu2021: bets 60
HavannaSurf: folds 
Uncalled bet (60) returned to Mahu2021
Mahu2021 collected 120 from pot
Mahu2021: doesn't show hand 
*** SUMMARY ***
Total pot 120 | Rake 0 
Board [3s 4h 9h Kh 2d]
Seat 1: Mahu2021 (big blind) collected (120)
Seat 3: HavannaSurf (button) (small blind) folded on the River



PokerStars Hand #252897241473: Tournament #3811270642, $1.84+$0.16 USD Hold'em No Limit - Level II (15/30) - 2024/10/12 23:55:00 CET [2024/10/12 17:55:00 ET]
Table '3811270642 1' 3-max Seat #1 is the button
Seat 1: Mahu2021 (920 in chips) 
Seat 3: HavannaSurf (580 in chips) 
Mahu2021: posts small blind 15
HavannaSurf: posts big blind 30
*** HOLE CARDS ***
Dealt to Mahu2021 [Qd Kd]
Mahu2021: calls 15
HavannaSurf: checks 
*** FLOP *** [4s 4h 3h]
HavannaSurf: checks 
Mahu2021: checks 
*** TURN *** [4s 4h 3h] [8c]
HavannaSurf: checks 
Mahu2021: checks 
*** RIVER *** [4s 4h 3h 8c] [Kc]
HavannaSurf: bets 60
Mahu2021: calls 60
*** SHOW DOWN ***
HavannaSurf: shows [7c 4c] (three of a kind, Fours)
Mahu2021: mucks hand 
HavannaSurf collected 180 from pot
*** SUMMARY ***
Total pot 180 | Rake 0 
Board [4s 4h 3h 8c Kc]
Seat 1: Mahu2021 (button) (small blind) mucked [Qd Kd]
Seat 3: HavannaSurf (big blind) showed [7c 4c] and won (180) with three of a kind, Fours



PokerStars Hand #252897245339: Tournament #3811270642, $1.84+$0.16 USD Hold'em No Limit - Level II (15/30) - 2024/10/12 23:55:16 CET [2024/10/12 17:55:16 ET]
Table '3811270642 1' 3-max Seat #3 is the button
Seat 1: Mahu2021 (830 in chips) 
Seat 3: HavannaSurf (670 in chips) 
HavannaSurf: posts small blind 15
Mahu2021: posts big blind 30
*** HOLE CARDS ***
Dealt to Mahu2021 [8c 4h]
HavannaSurf: folds 
Uncalled bet (15) returned to Mahu2021
Mahu2021 collected 30 from pot
Mahu2021: doesn't show hand 
*** SUMMARY ***
Total pot 30 | Rake 0 
Seat 1: Mahu2021 (big blind) collected (30)
Seat 3: HavannaSurf (button) (small blind) folded before Flop



PokerStars Hand #252897246241: Tournament #3811270642, $1.84+$0.16 USD Hold'em No Limit - Level II (15/30) - 2024/10/12 23:55:20 CET [2024/10/12 17:55:20 ET]
Table '3811270642 1' 3-max Seat #1 is the button
Seat 1: Mahu2021 (845 in chips) 
Seat 3: HavannaSurf (655 in chips) 
Mahu2021: posts small blind 15
HavannaSurf: posts big blind 30
*** HOLE CARDS ***
Dealt to Mahu2021 [As 3c]
Mahu2021: calls 15
HavannaSurf: checks 
*** FLOP *** [2c 7d 2d]
HavannaSurf: bets 60
Mahu2021: folds 
Uncalled bet (60) returned to HavannaSurf
HavannaSurf collected 60 from pot
*** SUMMARY ***
Total pot 60 | Rake 0 
Board [2c 7d 2d]
Seat 1: Mahu2021 (button) (small blind) folded on the Flop
Seat 3: HavannaSurf (big blind) collected (60)



PokerStars Hand #252897248780: Tournament #3811270642, $1.84+$0.16 USD Hold'em No Limit - Level II (15/30) - 2024/10/12 23:55:33 CET [2024/10/12 17:55:33 ET]
Table '3811270642 1' 3-max Seat #3 is the button
Seat 1: Mahu2021 (815 in chips) 
Seat 3: HavannaSurf (685 in chips) 
HavannaSurf: posts small blind 15
Mahu2021: posts big blind 30
*** HOLE CARDS ***
Dealt to Mahu2021 [6d Qh]
HavannaSurf: calls 15
Mahu2021: checks 
*** FLOP *** [8s 6h 3c]
Mahu2021: bets 60
HavannaSurf: folds 
Uncalled bet (60) returned to Mahu2021
Mahu2021 collected 60 from pot
Mahu2021: doesn't show hand 
*** SUMMARY ***
Total pot 60 | Rake 0 
Board [8s 6h 3c]
Seat 1: Mahu2021 (big blind) collected (60)
Seat 3: HavannaSurf (button) (small blind) folded on the Flop



PokerStars Hand #252897251755: Tournament #3811270642, $1.84+$0.16 USD Hold'em No Limit - Level II (15/30) - 2024/10/12 23:55:49 CET [2024/10/12 17:55:49 ET]
Table '3811270642 1' 3-max Seat #1 is the button
Seat 1: Mahu2021 (845 in chips) 
Seat 3: HavannaSurf (655 in chips) 
Mahu2021: posts small blind 15
HavannaSurf: posts big blind 30
*** HOLE CARDS ***
Dealt to Mahu2021 [2c Ks]
Mahu2021: calls 15
HavannaSurf: checks 
*** FLOP *** [3c 8c Kc]
HavannaSurf: bets 30
Mahu2021: calls 30
*** TURN *** [3c 8c Kc] [8h]
HavannaSurf: bets 60
Mahu2021: calls 60
*** RIVER *** [3c 8c Kc 8h] [9s]
HavannaSurf: bets 180
Mahu2021: calls 180
*** SHOW DOWN ***
HavannaSurf: shows [8s Th] (three of a kind, Eights)
Mahu2021: mucks hand 
HavannaSurf collected 600 from pot
*** SUMMARY ***
Total pot 600 | Rake 0 
Board [3c 8c Kc 8h 9s]
Seat 1: Mahu2021 (button) (small blind) mucked [2c Ks]
Seat 3: HavannaSurf (big blind) showed [8s Th] and won (600) with three of a kind, Eights



PokerStars Hand #252897255671: Tournament #3811270642, $1.84+$0.16 USD Hold'em No Limit - Level II (15/30) - 2024/10/12 23:56:09 CET [2024/10/12 17:56:09 ET]
Table '3811270642 1' 3-max Seat #3 is the button
Seat 1: Mahu2021 (545 in chips) 
Seat 3: HavannaSurf (955 in chips) 
HavannaSurf: posts small blind 15
Mahu2021: posts big blind 30
*** HOLE CARDS ***
Dealt to Mahu2021 [Qs Kc]
HavannaSurf: raises 30 to 60
Mahu2021: calls 30
*** FLOP *** [2s 6d 2d]
Mahu2021: checks 
HavannaSurf: checks 
*** TURN *** [2s 6d 2d] [9s]
Mahu2021: checks 
HavannaSurf: checks 
*** RIVER *** [2s 6d 2d 9s] [Js]
Mahu2021: checks 
HavannaSurf: checks 
*** SHOW DOWN ***
Mahu2021: shows [Qs Kc] (a pair of Deuces)
HavannaSurf: shows [4s Ah] (a pair of Deuces - Ace kicker)
HavannaSurf collected 120 from pot
*** SUMMARY ***
Total pot 120 | Rake 0 
Board [2s 6d 2d 9s Js]
Seat 1: Mahu2021 (big blind) showed [Qs Kc] and lost with a pair of Deuces
Seat 3: HavannaSurf (button) (small blind) showed [4s Ah] and won (120) with a pair of Deuces



PokerStars Hand #252897258721: Tournament #3811270642, $1.84+$0.16 USD Hold'em No Limit - Level II (15/30) - 2024/10/12 23:56:25 CET [2024/10/12 17:56:25 ET]
Table '3811270642 1' 3-max Seat #1 is the button
Seat 1: Mahu2021 (485 in chips) 
Seat 3: HavannaSurf (1015 in chips) 
Mahu2021: posts small blind 15
HavannaSurf: posts big blind 30
*** HOLE CARDS ***
Dealt to Mahu2021 [Td Ah]
Mahu2021: calls 15
HavannaSurf: raises 30 to 60
Mahu2021: raises 425 to 485 and is all-in
HavannaSurf: folds 
Uncalled bet (425) returned to Mahu2021
Mahu2021 collected 120 from pot
Mahu2021: doesn't show hand 
*** SUMMARY ***
Total pot 120 | Rake 0 
Seat 1: Mahu2021 (button) (small blind) collected (120)
Seat 3: HavannaSurf (big blind) folded before Flop



PokerStars Hand #252897260687: Tournament #3811270642, $1.84+$0.16 USD Hold'em No Limit - Level II (15/30) - 2024/10/12 23:56:35 CET [2024/10/12 17:56:35 ET]
Table '3811270642 1' 3-max Seat #3 is the button
Seat 1: Mahu2021 (545 in chips) 
Seat 3: HavannaSurf (955 in chips) 
HavannaSurf: posts small blind 15
Mahu2021: posts big blind 30
*** HOLE CARDS ***
Dealt to Mahu2021 [Jh 7c]
HavannaSurf: folds 
Uncalled bet (15) returned to Mahu2021
Mahu2021 collected 30 from pot
Mahu2021: doesn't show hand 
*** SUMMARY ***
Total pot 30 | Rake 0 
Seat 1: Mahu2021 (big blind) collected (30)
Seat 3: HavannaSurf (button) (small blind) folded before Flop



PokerStars Hand #252897261542: Tournament #3811270642, $1.84+$0.16 USD Hold'em No Limit - Level II (15/30) - 2024/10/12 23:56:39 CET [2024/10/12 17:56:39 ET]
Table '3811270642 1' 3-max Seat #1 is the button
Seat 1: Mahu2021 (560 in chips) 
Seat 3: HavannaSurf (940 in chips) 
Mahu2021: posts small blind 15
HavannaSurf: posts big blind 30
*** HOLE CARDS ***
Dealt to Mahu2021 [Qs 4s]
Mahu2021: calls 15
HavannaSurf: checks 
*** FLOP *** [6d 8s Qd]
HavannaSurf: checks 
Mahu2021: checks 
*** TURN *** [6d 8s Qd] [Jd]
HavannaSurf: checks 
Mahu2021: checks 
*** RIVER *** [6d 8s Qd Jd] [7s]
HavannaSurf: checks 
Mahu2021: bets 60
HavannaSurf: folds 
Uncalled bet (60) returned to Mahu2021
Mahu2021 collected 60 from pot
Mahu2021: doesn't show hand 
*** SUMMARY ***
Total pot 60 | Rake 0 
Board [6d 8s Qd Jd 7s]
Seat 1: Mahu2021 (button) (small blind) collected (60)
Seat 3: HavannaSurf (big blind) folded on the River



PokerStars Hand #252897264692: Tournament #3811270642, $1.84+$0.16 USD Hold'em No Limit - Level II (15/30) - 2024/10/12 23:56:55 CET [2024/10/12 17:56:55 ET]
Table '3811270642 1' 3-max Seat #3 is the button
Seat 1: Mahu2021 (590 in chips) 
Seat 3: HavannaSurf (910 in chips) 
HavannaSurf: posts small blind 15
Mahu2021: posts big blind 30
*** HOLE CARDS ***
Dealt to Mahu2021 [3h 4d]
HavannaSurf: raises 30 to 60
Mahu2021: folds 
Uncalled bet (30) returned to HavannaSurf
HavannaSurf collected 60 from pot
*** SUMMARY ***
Total pot 60 | Rake 0 
Seat 1: Mahu2021 (big blind) folded before Flop
Seat 3: HavannaSurf (button) (small blind) collected (60)



PokerStars Hand #252897265753: Tournament #3811270642, $1.84+$0.16 USD Hold'em No Limit - Level II (15/30) - 2024/10/12 23:57:01 CET [2024/10/12 17:57:01 ET]
Table '3811270642 1' 3-max Seat #1 is the button
Seat 1: Mahu2021 (560 in chips) 
Seat 3: HavannaSurf (940 in chips) 
Mahu2021: posts small blind 15
HavannaSurf: posts big blind 30
*** HOLE CARDS ***
Dealt to Mahu2021 [4s 8s]
Mahu2021: calls 15
HavannaSurf: checks 
*** FLOP *** [9h 5h 7d]
HavannaSurf: checks 
Mahu2021: checks 
*** TURN *** [9h 5h 7d] [Kh]
HavannaSurf: checks 
Mahu2021: checks 
*** RIVER *** [9h 5h 7d Kh] [5s]
HavannaSurf: checks 
Mahu2021: checks 
*** SHOW DOWN ***
HavannaSurf: shows [2h 8d] (a pair of Fives)
Mahu2021: shows [4s 8s] (a pair of Fives)
HavannaSurf collected 30 from pot
Mahu2021 collected 30 from pot
*** SUMMARY ***
Total pot 60 | Rake 0 
Board [9h 5h 7d Kh 5s]
Seat 1: Mahu2021 (button) (small blind) showed [4s 8s] and won (30) with a pair of Fives
Seat 3: HavannaSurf (big blind) showed [2h 8d] and won (30) with a pair of Fives



PokerStars Hand #252897268747: Tournament #3811270642, $1.84+$0.16 USD Hold'em No Limit - Level II (15/30) - 2024/10/12 23:57:16 CET [2024/10/12 17:57:16 ET]
Table '3811270642 1' 3-max Seat #3 is the button
Seat 1: Mahu2021 (560 in chips) 
Seat 3: HavannaSurf (940 in chips) 
HavannaSurf: posts small blind 15
Mahu2021: posts big blind 30
*** HOLE CARDS ***
Dealt to Mahu2021 [4s 4d]
HavannaSurf: raises 30 to 60
Mahu2021: raises 500 to 560 and is all-in
HavannaSurf: calls 500
*** FLOP *** [9c Ts 9s]
*** TURN *** [9c Ts 9s] [Jc]
*** RIVER *** [9c Ts 9s Jc] [2s]
*** SHOW DOWN ***
Mahu2021: shows [4s 4d] (two pair, Nines and Fours)
HavannaSurf: shows [5s 5d] (two pair, Nines and Fives)
HavannaSurf collected 1120 from pot
Mahu2021 finished the tournament in 2nd place
HavannaSurf wins the tournament and receives $6.00 - congratulations!
*** SUMMARY ***
Total pot 1120 | Rake 0 
Board [9c Ts 9s Jc 2s]
Seat 1: Mahu2021 (big blind) showed [4s 4d] and lost with two pair, Nines and Fours
Seat 3: HavannaSurf (button) (small blind) showed [5s 5d] and won (1120) with two pair, Nines and Fives



