PokerStars Hand #243247547719: Tournament #3581109156, $0.92+$0.08 USD Hold'em No Limit - Level I (10/20) - 2023/04/22 16:20:07 CET [2023/04/22 10:20:07 ET]
Table '3581109156 1' 3-max Seat #1 is the button
Seat 1: Mahu2021 (500 in chips) 
Seat 2: iusty7 (500 in chips) 
Seat 3: Lucky-San@SP (500 in chips) 
iusty7: posts small blind 10
Lucky-San@SP: posts big blind 20
*** HOLE CARDS ***
Dealt to Mahu2021 [7d Ks]
Mahu2021: folds 
iusty7: calls 10
Lucky-San@SP: checks 
*** FLOP *** [Kd 4c Qh]
iusty7: checks 
Lucky-San@SP: checks 
*** TURN *** [Kd 4c Qh] [Kc]
iusty7: checks 
Lucky-San@SP: checks 
*** RIVER *** [Kd 4c Qh Kc] [8d]
iusty7: checks 
Lucky-San@SP: checks 
*** SHOW DOWN ***
iusty7: shows [3c 2c] (a pair of Kings)
Lucky-San@SP: shows [6s 7h] (a pair of Kings - Queen+Eight+Seven kicker)
Lucky-San@SP collected 40 from pot
*** SUMMARY ***
Total pot 40 | Rake 0 
Board [Kd 4c Qh Kc 8d]
Seat 1: Mahu2021 (button) folded before Flop (didn't bet)
Seat 2: iusty7 (small blind) showed [3c 2c] and lost with a pair of Kings
Seat 3: Lucky-San@SP (big blind) showed [6s 7h] and won (40) with a pair of Kings



PokerStars Hand #243247551403: Tournament #3581109156, $0.92+$0.08 USD Hold'em No Limit - Level I (10/20) - 2023/04/22 16:20:20 CET [2023/04/22 10:20:20 ET]
Table '3581109156 1' 3-max Seat #2 is the button
Seat 1: Mahu2021 (500 in chips) 
Seat 2: iusty7 (480 in chips) 
Seat 3: Lucky-San@SP (520 in chips) 
Lucky-San@SP: posts small blind 10
Mahu2021: posts big blind 20
*** HOLE CARDS ***
Dealt to Mahu2021 [4s 7h]
iusty7: calls 20
Lucky-San@SP: calls 10
Mahu2021: checks 
*** FLOP *** [Ah 7d 8c]
Lucky-San@SP: checks 
Mahu2021: bets 20
iusty7: raises 20 to 40
Lucky-San@SP: folds 
Mahu2021: calls 20
*** TURN *** [Ah 7d 8c] [Tc]
Mahu2021: checks 
iusty7: bets 60
Mahu2021: folds 
Uncalled bet (60) returned to iusty7
iusty7 collected 140 from pot
*** SUMMARY ***
Total pot 140 | Rake 0 
Board [Ah 7d 8c Tc]
Seat 1: Mahu2021 (big blind) folded on the Turn
Seat 2: iusty7 (button) collected (140)
Seat 3: Lucky-San@SP (small blind) folded on the Flop



PokerStars Hand #243247556508: Tournament #3581109156, $0.92+$0.08 USD Hold'em No Limit - Level I (10/20) - 2023/04/22 16:20:38 CET [2023/04/22 10:20:38 ET]
Table '3581109156 1' 3-max Seat #3 is the button
Seat 1: Mahu2021 (440 in chips) 
Seat 2: iusty7 (560 in chips) 
Seat 3: Lucky-San@SP (500 in chips) 
Mahu2021: posts small blind 10
iusty7: posts big blind 20
*** HOLE CARDS ***
Dealt to Mahu2021 [Kd 7d]
Lucky-San@SP: calls 20
Mahu2021: raises 20 to 40
iusty7: folds 
Lucky-San@SP: calls 20
*** FLOP *** [2s Ac Ad]
Mahu2021: bets 40
Lucky-San@SP: folds 
Uncalled bet (40) returned to Mahu2021
Mahu2021 collected 100 from pot
Mahu2021: doesn't show hand 
*** SUMMARY ***
Total pot 100 | Rake 0 
Board [2s Ac Ad]
Seat 1: Mahu2021 (small blind) collected (100)
Seat 2: iusty7 (big blind) folded before Flop
Seat 3: Lucky-San@SP (button) folded on the Flop



PokerStars Hand #243247560057: Tournament #3581109156, $0.92+$0.08 USD Hold'em No Limit - Level I (10/20) - 2023/04/22 16:20:50 CET [2023/04/22 10:20:50 ET]
Table '3581109156 1' 3-max Seat #1 is the button
Seat 1: Mahu2021 (500 in chips) 
Seat 2: iusty7 (540 in chips) 
Seat 3: Lucky-San@SP (460 in chips) 
iusty7: posts small blind 10
Lucky-San@SP: posts big blind 20
*** HOLE CARDS ***
Dealt to Mahu2021 [Ah 6h]
Mahu2021: raises 20 to 40
iusty7: calls 30
Lucky-San@SP: raises 120 to 160
Mahu2021: folds 
iusty7: calls 120
*** FLOP *** [9s Tc 2h]
iusty7: bets 380 and is all-in
Lucky-San@SP: calls 300 and is all-in
Uncalled bet (80) returned to iusty7
*** TURN *** [9s Tc 2h] [8c]
*** RIVER *** [9s Tc 2h 8c] [2c]
*** SHOW DOWN ***
iusty7: shows [Kc 6c] (a flush, King high)
Lucky-San@SP: shows [Ad As] (two pair, Aces and Deuces)
iusty7 collected 960 from pot
Lucky-San@SP finished the tournament in 3rd place
*** SUMMARY ***
Total pot 960 | Rake 0 
Board [9s Tc 2h 8c 2c]
Seat 1: Mahu2021 (button) folded before Flop
Seat 2: iusty7 (small blind) showed [Kc 6c] and won (960) with a flush, King high
Seat 3: Lucky-San@SP (big blind) showed [Ad As] and lost with two pair, Aces and Deuces



PokerStars Hand #243247566479: Tournament #3581109156, $0.92+$0.08 USD Hold'em No Limit - Level I (10/20) - 2023/04/22 16:21:13 CET [2023/04/22 10:21:13 ET]
Table '3581109156 1' 3-max Seat #2 is the button
Seat 1: Mahu2021 (460 in chips) 
Seat 2: iusty7 (1040 in chips) 
iusty7: posts small blind 10
Mahu2021: posts big blind 20
*** HOLE CARDS ***
Dealt to Mahu2021 [Kh 2d]
iusty7: calls 10
Mahu2021: checks 
*** FLOP *** [4d 7c 3h]
Mahu2021: checks 
iusty7: checks 
*** TURN *** [4d 7c 3h] [Kc]
Mahu2021: bets 20
iusty7: raises 20 to 40
Mahu2021: calls 20
*** RIVER *** [4d 7c 3h Kc] [9c]
Mahu2021: checks 
iusty7: checks 
*** SHOW DOWN ***
Mahu2021: shows [Kh 2d] (a pair of Kings)
iusty7: shows [8h Ks] (a pair of Kings - Nine+Eight kicker)
iusty7 collected 120 from pot
*** SUMMARY ***
Total pot 120 | Rake 0 
Board [4d 7c 3h Kc 9c]
Seat 1: Mahu2021 (big blind) showed [Kh 2d] and lost with a pair of Kings
Seat 2: iusty7 (button) (small blind) showed [8h Ks] and won (120) with a pair of Kings



PokerStars Hand #243247570969: Tournament #3581109156, $0.92+$0.08 USD Hold'em No Limit - Level I (10/20) - 2023/04/22 16:21:29 CET [2023/04/22 10:21:29 ET]
Table '3581109156 1' 3-max Seat #1 is the button
Seat 1: Mahu2021 (400 in chips) 
Seat 2: iusty7 (1100 in chips) 
Mahu2021: posts small blind 10
iusty7: posts big blind 20
*** HOLE CARDS ***
Dealt to Mahu2021 [Kd Js]
Mahu2021: raises 20 to 40
iusty7: calls 20
*** FLOP *** [Td Qc As]
iusty7: checks 
Mahu2021: checks 
*** TURN *** [Td Qc As] [Ad]
iusty7: checks 
Mahu2021: checks 
*** RIVER *** [Td Qc As Ad] [7h]
iusty7: checks 
Mahu2021: bets 20
iusty7: calls 20
*** SHOW DOWN ***
Mahu2021: shows [Kd Js] (a straight, Ten to Ace)
iusty7: mucks hand 
Mahu2021 collected 120 from pot
*** SUMMARY ***
Total pot 120 | Rake 0 
Board [Td Qc As Ad 7h]
Seat 1: Mahu2021 (button) (small blind) showed [Kd Js] and won (120) with a straight, Ten to Ace
Seat 2: iusty7 (big blind) mucked [Jd 5h]



PokerStars Hand #243247575540: Tournament #3581109156, $0.92+$0.08 USD Hold'em No Limit - Level I (10/20) - 2023/04/22 16:21:45 CET [2023/04/22 10:21:45 ET]
Table '3581109156 1' 3-max Seat #2 is the button
Seat 1: Mahu2021 (460 in chips) 
Seat 2: iusty7 (1040 in chips) 
iusty7: posts small blind 10
Mahu2021: posts big blind 20
*** HOLE CARDS ***
Dealt to Mahu2021 [Ad Th]
iusty7: folds 
Uncalled bet (10) returned to Mahu2021
Mahu2021 collected 20 from pot
Mahu2021: doesn't show hand 
*** SUMMARY ***
Total pot 20 | Rake 0 
Seat 1: Mahu2021 (big blind) collected (20)
Seat 2: iusty7 (button) (small blind) folded before Flop



PokerStars Hand #243247576871: Tournament #3581109156, $0.92+$0.08 USD Hold'em No Limit - Level I (10/20) - 2023/04/22 16:21:49 CET [2023/04/22 10:21:49 ET]
Table '3581109156 1' 3-max Seat #1 is the button
Seat 1: Mahu2021 (470 in chips) 
Seat 2: iusty7 (1030 in chips) 
Mahu2021: posts small blind 10
iusty7: posts big blind 20
*** HOLE CARDS ***
Dealt to Mahu2021 [9c Th]
Mahu2021: calls 10
iusty7: checks 
*** FLOP *** [Ad 3h 4s]
iusty7: checks 
Mahu2021: checks 
*** TURN *** [Ad 3h 4s] [Qh]
iusty7: checks 
Mahu2021: bets 20
iusty7: calls 20
*** RIVER *** [Ad 3h 4s Qh] [As]
iusty7: checks 
Mahu2021: bets 430 and is all-in
iusty7: folds 
Uncalled bet (430) returned to Mahu2021
Mahu2021 collected 80 from pot
Mahu2021: doesn't show hand 
*** SUMMARY ***
Total pot 80 | Rake 0 
Board [Ad 3h 4s Qh As]
Seat 1: Mahu2021 (button) (small blind) collected (80)
Seat 2: iusty7 (big blind) folded on the River



PokerStars Hand #243247582300: Tournament #3581109156, $0.92+$0.08 USD Hold'em No Limit - Level I (10/20) - 2023/04/22 16:22:08 CET [2023/04/22 10:22:08 ET]
Table '3581109156 1' 3-max Seat #2 is the button
Seat 1: Mahu2021 (510 in chips) 
Seat 2: iusty7 (990 in chips) 
iusty7: posts small blind 10
Mahu2021: posts big blind 20
*** HOLE CARDS ***
Dealt to Mahu2021 [Qd Td]
iusty7: calls 10
Mahu2021: checks 
*** FLOP *** [8c Ac Kd]
Mahu2021: checks 
iusty7: checks 
*** TURN *** [8c Ac Kd] [9h]
Mahu2021: checks 
iusty7: checks 
*** RIVER *** [8c Ac Kd 9h] [Qc]
Mahu2021: bets 40
iusty7: calls 40
*** SHOW DOWN ***
Mahu2021: shows [Qd Td] (a pair of Queens)
iusty7: mucks hand 
Mahu2021 collected 120 from pot
*** SUMMARY ***
Total pot 120 | Rake 0 
Board [8c Ac Kd 9h Qc]
Seat 1: Mahu2021 (big blind) showed [Qd Td] and won (120) with a pair of Queens
Seat 2: iusty7 (button) (small blind) mucked [3h 9d]



PokerStars Hand #243247586531: Tournament #3581109156, $0.92+$0.08 USD Hold'em No Limit - Level I (10/20) - 2023/04/22 16:22:23 CET [2023/04/22 10:22:23 ET]
Table '3581109156 1' 3-max Seat #1 is the button
Seat 1: Mahu2021 (570 in chips) 
Seat 2: iusty7 (930 in chips) 
Mahu2021: posts small blind 10
iusty7: posts big blind 20
*** HOLE CARDS ***
Dealt to Mahu2021 [Ks Tc]
Mahu2021: raises 20 to 40
iusty7: calls 20
*** FLOP *** [Ac 2d 5d]
iusty7: bets 20
Mahu2021: calls 20
*** TURN *** [Ac 2d 5d] [8c]
iusty7: bets 40
Mahu2021: folds 
Uncalled bet (40) returned to iusty7
iusty7 collected 120 from pot
*** SUMMARY ***
Total pot 120 | Rake 0 
Board [Ac 2d 5d 8c]
Seat 1: Mahu2021 (button) (small blind) folded on the Turn
Seat 2: iusty7 (big blind) collected (120)



PokerStars Hand #243247590013: Tournament #3581109156, $0.92+$0.08 USD Hold'em No Limit - Level I (10/20) - 2023/04/22 16:22:35 CET [2023/04/22 10:22:35 ET]
Table '3581109156 1' 3-max Seat #2 is the button
Seat 1: Mahu2021 (510 in chips) 
Seat 2: iusty7 (990 in chips) 
iusty7: posts small blind 10
Mahu2021: posts big blind 20
*** HOLE CARDS ***
Dealt to Mahu2021 [As Td]
iusty7: calls 10
Mahu2021: raises 40 to 60
iusty7: calls 40
*** FLOP *** [7s Js 8c]
Mahu2021: checks 
iusty7: checks 
*** TURN *** [7s Js 8c] [4h]
Mahu2021: checks 
iusty7: checks 
*** RIVER *** [7s Js 8c 4h] [2d]
Mahu2021: checks 
iusty7: checks 
*** SHOW DOWN ***
Mahu2021: shows [As Td] (high card Ace)
iusty7: shows [7c 9d] (a pair of Sevens)
iusty7 collected 120 from pot
*** SUMMARY ***
Total pot 120 | Rake 0 
Board [7s Js 8c 4h 2d]
Seat 1: Mahu2021 (big blind) showed [As Td] and lost with high card Ace
Seat 2: iusty7 (button) (small blind) showed [7c 9d] and won (120) with a pair of Sevens



PokerStars Hand #243247593952: Tournament #3581109156, $0.92+$0.08 USD Hold'em No Limit - Level I (10/20) - 2023/04/22 16:22:49 CET [2023/04/22 10:22:49 ET]
Table '3581109156 1' 3-max Seat #1 is the button
Seat 1: Mahu2021 (450 in chips) 
Seat 2: iusty7 (1050 in chips) 
Mahu2021: posts small blind 10
iusty7: posts big blind 20
*** HOLE CARDS ***
Dealt to Mahu2021 [9d Qh]
Mahu2021: raises 20 to 40
iusty7: folds 
Uncalled bet (20) returned to Mahu2021
Mahu2021 collected 40 from pot
Mahu2021: doesn't show hand 
*** SUMMARY ***
Total pot 40 | Rake 0 
Seat 1: Mahu2021 (button) (small blind) collected (40)
Seat 2: iusty7 (big blind) folded before Flop



PokerStars Hand #243247595737: Tournament #3581109156, $0.92+$0.08 USD Hold'em No Limit - Level I (10/20) - 2023/04/22 16:22:55 CET [2023/04/22 10:22:55 ET]
Table '3581109156 1' 3-max Seat #2 is the button
Seat 1: Mahu2021 (470 in chips) 
Seat 2: iusty7 (1030 in chips) 
iusty7: posts small blind 10
Mahu2021: posts big blind 20
*** HOLE CARDS ***
Dealt to Mahu2021 [5s 8d]
iusty7: calls 10
Mahu2021: checks 
*** FLOP *** [Qh 5c Jd]
Mahu2021: checks 
iusty7: bets 40
Mahu2021: folds 
Uncalled bet (40) returned to iusty7
iusty7 collected 40 from pot
*** SUMMARY ***
Total pot 40 | Rake 0 
Board [Qh 5c Jd]
Seat 1: Mahu2021 (big blind) folded on the Flop
Seat 2: iusty7 (button) (small blind) collected (40)



PokerStars Hand #243247599079: Tournament #3581109156, $0.92+$0.08 USD Hold'em No Limit - Level I (10/20) - 2023/04/22 16:23:06 CET [2023/04/22 10:23:06 ET]
Table '3581109156 1' 3-max Seat #1 is the button
Seat 1: Mahu2021 (450 in chips) 
Seat 2: iusty7 (1050 in chips) 
Mahu2021: posts small blind 10
iusty7: posts big blind 20
*** HOLE CARDS ***
Dealt to Mahu2021 [Kh 3h]
Mahu2021: raises 20 to 40
iusty7: raises 20 to 60
Mahu2021: calls 20
*** FLOP *** [6s Qd Kc]
iusty7: bets 40
Mahu2021: raises 350 to 390 and is all-in
iusty7: calls 350
*** TURN *** [6s Qd Kc] [3c]
*** RIVER *** [6s Qd Kc 3c] [6d]
*** SHOW DOWN ***
iusty7: shows [Qc Qh] (a full house, Queens full of Sixes)
Mahu2021: shows [Kh 3h] (two pair, Kings and Sixes)
iusty7 collected 900 from pot
Mahu2021 finished the tournament in 2nd place
iusty7 wins the tournament and receives $3.00 - congratulations!
*** SUMMARY ***
Total pot 900 | Rake 0 
Board [6s Qd Kc 3c 6d]
Seat 1: Mahu2021 (button) (small blind) showed [Kh 3h] and lost with two pair, Kings and Sixes
Seat 2: iusty7 (big blind) showed [Qc Qh] and won (900) with a full house, Queens full of Sixes



