PokerStars Hand #252878558356: Tournament #3810822367, $1.84+$0.16 USD Hold'em No Limit - Level I (10/20) - 2024/10/11 21:15:25 CET [2024/10/11 15:15:25 ET]
Table '3810822367 1' 3-max Seat #1 is the button
Seat 1: Mahu2021 (500 in chips) 
Seat 2: macgue8 (500 in chips) 
Seat 3: Rotaug (500 in chips) 
macgue8: posts small blind 10
Rotaug: posts big blind 20
*** HOLE CARDS ***
Dealt to Mahu2021 [Kd 7h]
Mahu2021: calls 20
macgue8: raises 60 to 80
Rotaug: calls 60
Mahu2021: folds 
*** FLOP *** [4s 6h Th]
macgue8: bets 420 and is all-in
Rotaug: folds 
Uncalled bet (420) returned to macgue8
macgue8 collected 180 from pot
macgue8: doesn't show hand 
*** SUMMARY ***
Total pot 180 | Rake 0 
Board [4s 6h Th]
Seat 1: Mahu2021 (button) folded before Flop
Seat 2: macgue8 (small blind) collected (180)
Seat 3: Rotaug (big blind) folded on the Flop



PokerStars Hand #252878563219: Tournament #3810822367, $1.84+$0.16 USD Hold'em No Limit - Level I (10/20) - 2024/10/11 21:15:42 CET [2024/10/11 15:15:42 ET]
Table '3810822367 1' 3-max Seat #2 is the button
Seat 1: Mahu2021 (480 in chips) 
Seat 2: macgue8 (600 in chips) 
Seat 3: Rotaug (420 in chips) 
Rotaug: posts small blind 10
Mahu2021: posts big blind 20
*** HOLE CARDS ***
Dealt to Mahu2021 [Qc 9d]
macgue8: folds 
Rotaug: raises 30 to 50
Mahu2021: calls 30
*** FLOP *** [7h Ac Td]
Rotaug: bets 50
Mahu2021: folds 
Uncalled bet (50) returned to Rotaug
Rotaug collected 100 from pot
Rotaug: doesn't show hand 
*** SUMMARY ***
Total pot 100 | Rake 0 
Board [7h Ac Td]
Seat 1: Mahu2021 (big blind) folded on the Flop
Seat 2: macgue8 (button) folded before Flop (didn't bet)
Seat 3: Rotaug (small blind) collected (100)



PokerStars Hand #252878567705: Tournament #3810822367, $1.84+$0.16 USD Hold'em No Limit - Level I (10/20) - 2024/10/11 21:15:57 CET [2024/10/11 15:15:57 ET]
Table '3810822367 1' 3-max Seat #3 is the button
Seat 1: Mahu2021 (430 in chips) 
Seat 2: macgue8 (600 in chips) 
Seat 3: Rotaug (470 in chips) 
Mahu2021: posts small blind 10
macgue8: posts big blind 20
*** HOLE CARDS ***
Dealt to Mahu2021 [9c 6d]
Rotaug: folds 
Mahu2021: folds 
Uncalled bet (10) returned to macgue8
macgue8 collected 20 from pot
macgue8: doesn't show hand 
*** SUMMARY ***
Total pot 20 | Rake 0 
Seat 1: Mahu2021 (small blind) folded before Flop
Seat 2: macgue8 (big blind) collected (20)
Seat 3: Rotaug (button) folded before Flop (didn't bet)



PokerStars Hand #252878569204: Tournament #3810822367, $1.84+$0.16 USD Hold'em No Limit - Level I (10/20) - 2024/10/11 21:16:02 CET [2024/10/11 15:16:02 ET]
Table '3810822367 1' 3-max Seat #1 is the button
Seat 1: Mahu2021 (420 in chips) 
Seat 2: macgue8 (610 in chips) 
Seat 3: Rotaug (470 in chips) 
macgue8: posts small blind 10
Rotaug: posts big blind 20
*** HOLE CARDS ***
Dealt to Mahu2021 [Jh 3h]
Mahu2021: raises 20 to 40
macgue8: calls 30
Rotaug: calls 20
*** FLOP *** [8c 6s 5c]
macgue8: bets 120
Rotaug: calls 120
Mahu2021: folds 
*** TURN *** [8c 6s 5c] [4h]
macgue8: bets 450 and is all-in
Rotaug: calls 310 and is all-in
Uncalled bet (140) returned to macgue8
*** RIVER *** [8c 6s 5c 4h] [Jc]
*** SHOW DOWN ***
macgue8: shows [5h 6c] (two pair, Sixes and Fives)
Rotaug: shows [6h 4c] (two pair, Sixes and Fours)
macgue8 collected 980 from pot
Rotaug finished the tournament in 3rd place
*** SUMMARY ***
Total pot 980 | Rake 0 
Board [8c 6s 5c 4h Jc]
Seat 1: Mahu2021 (button) folded on the Flop
Seat 2: macgue8 (small blind) showed [5h 6c] and won (980) with two pair, Sixes and Fives
Seat 3: Rotaug (big blind) showed [6h 4c] and lost with two pair, Sixes and Fours



PokerStars Hand #252878576033: Tournament #3810822367, $1.84+$0.16 USD Hold'em No Limit - Level I (10/20) - 2024/10/11 21:16:25 CET [2024/10/11 15:16:25 ET]
Table '3810822367 1' 3-max Seat #2 is the button
Seat 1: Mahu2021 (380 in chips) 
Seat 2: macgue8 (1120 in chips) 
macgue8: posts small blind 10
Mahu2021: posts big blind 20
*** HOLE CARDS ***
Dealt to Mahu2021 [Ah 8h]
macgue8: calls 10
Mahu2021: raises 60 to 80
macgue8: calls 60
*** FLOP *** [4h 9s 4d]
Mahu2021: bets 300 and is all-in
macgue8: folds 
Uncalled bet (300) returned to Mahu2021
Mahu2021 collected 160 from pot
Mahu2021: doesn't show hand 
*** SUMMARY ***
Total pot 160 | Rake 0 
Board [4h 9s 4d]
Seat 1: Mahu2021 (big blind) collected (160)
Seat 2: macgue8 (button) (small blind) folded on the Flop



PokerStars Hand #252878579679: Tournament #3810822367, $1.84+$0.16 USD Hold'em No Limit - Level I (10/20) - 2024/10/11 21:16:37 CET [2024/10/11 15:16:37 ET]
Table '3810822367 1' 3-max Seat #1 is the button
Seat 1: Mahu2021 (460 in chips) 
Seat 2: macgue8 (1040 in chips) 
Mahu2021: posts small blind 10
macgue8: posts big blind 20
*** HOLE CARDS ***
Dealt to Mahu2021 [3s As]
Mahu2021: calls 10
macgue8: checks 
*** FLOP *** [8c 9d Ah]
macgue8: bets 20
Mahu2021: calls 20
*** TURN *** [8c 9d Ah] [7c]
macgue8: bets 20
Mahu2021: calls 20
*** RIVER *** [8c 9d Ah 7c] [Ks]
macgue8: checks 
Mahu2021: checks 
*** SHOW DOWN ***
macgue8: shows [Jc 4s] (high card Ace)
Mahu2021: shows [3s As] (a pair of Aces)
Mahu2021 collected 120 from pot
*** SUMMARY ***
Total pot 120 | Rake 0 
Board [8c 9d Ah 7c Ks]
Seat 1: Mahu2021 (button) (small blind) showed [3s As] and won (120) with a pair of Aces
Seat 2: macgue8 (big blind) showed [Jc 4s] and lost with high card Ace



PokerStars Hand #252878583849: Tournament #3810822367, $1.84+$0.16 USD Hold'em No Limit - Level I (10/20) - 2024/10/11 21:16:51 CET [2024/10/11 15:16:51 ET]
Table '3810822367 1' 3-max Seat #2 is the button
Seat 1: Mahu2021 (520 in chips) 
Seat 2: macgue8 (980 in chips) 
macgue8: posts small blind 10
Mahu2021: posts big blind 20
*** HOLE CARDS ***
Dealt to Mahu2021 [3h Ad]
macgue8: calls 10
Mahu2021: checks 
*** FLOP *** [Qd 3d 2c]
Mahu2021: checks 
macgue8: checks 
*** TURN *** [Qd 3d 2c] [7c]
Mahu2021: checks 
macgue8: checks 
*** RIVER *** [Qd 3d 2c 7c] [Js]
Mahu2021: checks 
macgue8: checks 
*** SHOW DOWN ***
Mahu2021: shows [3h Ad] (a pair of Threes)
macgue8: mucks hand 
Mahu2021 collected 40 from pot
*** SUMMARY ***
Total pot 40 | Rake 0 
Board [Qd 3d 2c 7c Js]
Seat 1: Mahu2021 (big blind) showed [3h Ad] and won (40) with a pair of Threes
Seat 2: macgue8 (button) (small blind) mucked [9d 5s]



PokerStars Hand #252878587753: Tournament #3810822367, $1.84+$0.16 USD Hold'em No Limit - Level I (10/20) - 2024/10/11 21:17:05 CET [2024/10/11 15:17:05 ET]
Table '3810822367 1' 3-max Seat #1 is the button
Seat 1: Mahu2021 (540 in chips) 
Seat 2: macgue8 (960 in chips) 
Mahu2021: posts small blind 10
macgue8: posts big blind 20
*** HOLE CARDS ***
Dealt to Mahu2021 [2s 7h]
Mahu2021: folds 
Uncalled bet (10) returned to macgue8
macgue8 collected 20 from pot
macgue8: doesn't show hand 
*** SUMMARY ***
Total pot 20 | Rake 0 
Seat 1: Mahu2021 (button) (small blind) folded before Flop
Seat 2: macgue8 (big blind) collected (20)



PokerStars Hand #252878589037: Tournament #3810822367, $1.84+$0.16 USD Hold'em No Limit - Level I (10/20) - 2024/10/11 21:17:09 CET [2024/10/11 15:17:09 ET]
Table '3810822367 1' 3-max Seat #2 is the button
Seat 1: Mahu2021 (530 in chips) 
Seat 2: macgue8 (970 in chips) 
macgue8: posts small blind 10
Mahu2021: posts big blind 20
*** HOLE CARDS ***
Dealt to Mahu2021 [2c 8d]
macgue8: raises 20 to 40
Mahu2021: folds 
Uncalled bet (20) returned to macgue8
macgue8 collected 40 from pot
macgue8: doesn't show hand 
*** SUMMARY ***
Total pot 40 | Rake 0 
Seat 1: Mahu2021 (big blind) folded before Flop
Seat 2: macgue8 (button) (small blind) collected (40)



PokerStars Hand #252878590470: Tournament #3810822367, $1.84+$0.16 USD Hold'em No Limit - Level I (10/20) - 2024/10/11 21:17:14 CET [2024/10/11 15:17:14 ET]
Table '3810822367 1' 3-max Seat #1 is the button
Seat 1: Mahu2021 (510 in chips) 
Seat 2: macgue8 (990 in chips) 
Mahu2021: posts small blind 10
macgue8: posts big blind 20
*** HOLE CARDS ***
Dealt to Mahu2021 [8c 4d]
Mahu2021: folds 
Uncalled bet (10) returned to macgue8
macgue8 collected 20 from pot
macgue8: doesn't show hand 
*** SUMMARY ***
Total pot 20 | Rake 0 
Seat 1: Mahu2021 (button) (small blind) folded before Flop
Seat 2: macgue8 (big blind) collected (20)



PokerStars Hand #252878591694: Tournament #3810822367, $1.84+$0.16 USD Hold'em No Limit - Level I (10/20) - 2024/10/11 21:17:18 CET [2024/10/11 15:17:18 ET]
Table '3810822367 1' 3-max Seat #2 is the button
Seat 1: Mahu2021 (500 in chips) 
Seat 2: macgue8 (1000 in chips) 
macgue8: posts small blind 10
Mahu2021: posts big blind 20
*** HOLE CARDS ***
Dealt to Mahu2021 [2d Ac]
macgue8: raises 20 to 40
Mahu2021: calls 20
*** FLOP *** [6c 9c 7h]
Mahu2021: checks 
macgue8: checks 
*** TURN *** [6c 9c 7h] [4s]
Mahu2021: checks 
macgue8: bets 80
Mahu2021: folds 
Uncalled bet (80) returned to macgue8
macgue8 collected 80 from pot
macgue8: doesn't show hand 
*** SUMMARY ***
Total pot 80 | Rake 0 
Board [6c 9c 7h 4s]
Seat 1: Mahu2021 (big blind) folded on the Turn
Seat 2: macgue8 (button) (small blind) collected (80)



PokerStars Hand #252878595358: Tournament #3810822367, $1.84+$0.16 USD Hold'em No Limit - Level I (10/20) - 2024/10/11 21:17:30 CET [2024/10/11 15:17:30 ET]
Table '3810822367 1' 3-max Seat #1 is the button
Seat 1: Mahu2021 (460 in chips) 
Seat 2: macgue8 (1040 in chips) 
Mahu2021: posts small blind 10
macgue8: posts big blind 20
*** HOLE CARDS ***
Dealt to Mahu2021 [8d 9s]
Mahu2021: folds 
Uncalled bet (10) returned to macgue8
macgue8 collected 20 from pot
macgue8: doesn't show hand 
*** SUMMARY ***
Total pot 20 | Rake 0 
Seat 1: Mahu2021 (button) (small blind) folded before Flop
Seat 2: macgue8 (big blind) collected (20)



PokerStars Hand #252878596920: Tournament #3810822367, $1.84+$0.16 USD Hold'em No Limit - Level I (10/20) - 2024/10/11 21:17:35 CET [2024/10/11 15:17:35 ET]
Table '3810822367 1' 3-max Seat #2 is the button
Seat 1: Mahu2021 (450 in chips) 
Seat 2: macgue8 (1050 in chips) 
macgue8: posts small blind 10
Mahu2021: posts big blind 20
*** HOLE CARDS ***
Dealt to Mahu2021 [2s 6h]
macgue8: raises 20 to 40
Mahu2021: folds 
Uncalled bet (20) returned to macgue8
macgue8 collected 40 from pot
macgue8: doesn't show hand 
*** SUMMARY ***
Total pot 40 | Rake 0 
Seat 1: Mahu2021 (big blind) folded before Flop
Seat 2: macgue8 (button) (small blind) collected (40)



PokerStars Hand #252878598484: Tournament #3810822367, $1.84+$0.16 USD Hold'em No Limit - Level I (10/20) - 2024/10/11 21:17:41 CET [2024/10/11 15:17:41 ET]
Table '3810822367 1' 3-max Seat #1 is the button
Seat 1: Mahu2021 (430 in chips) 
Seat 2: macgue8 (1070 in chips) 
Mahu2021: posts small blind 10
macgue8: posts big blind 20
*** HOLE CARDS ***
Dealt to Mahu2021 [3c Th]
Mahu2021: folds 
Uncalled bet (10) returned to macgue8
macgue8 collected 20 from pot
macgue8: doesn't show hand 
*** SUMMARY ***
Total pot 20 | Rake 0 
Seat 1: Mahu2021 (button) (small blind) folded before Flop
Seat 2: macgue8 (big blind) collected (20)



PokerStars Hand #252878599730: Tournament #3810822367, $1.84+$0.16 USD Hold'em No Limit - Level I (10/20) - 2024/10/11 21:17:45 CET [2024/10/11 15:17:45 ET]
Table '3810822367 1' 3-max Seat #2 is the button
Seat 1: Mahu2021 (420 in chips) 
Seat 2: macgue8 (1080 in chips) 
macgue8: posts small blind 10
Mahu2021: posts big blind 20
*** HOLE CARDS ***
Dealt to Mahu2021 [Jc Kd]
macgue8: calls 10
Mahu2021: raises 60 to 80
macgue8: calls 60
*** FLOP *** [4d 5d Ts]
Mahu2021: checks 
macgue8: checks 
*** TURN *** [4d 5d Ts] [Jh]
Mahu2021: bets 80
macgue8: calls 80
*** RIVER *** [4d 5d Ts Jh] [Qh]
Mahu2021: bets 260 and is all-in
macgue8: calls 260
*** SHOW DOWN ***
Mahu2021: shows [Jc Kd] (a pair of Jacks)
macgue8: shows [9c 8d] (a straight, Eight to Queen)
macgue8 collected 840 from pot
Mahu2021 finished the tournament in 2nd place
macgue8 wins the tournament and receives $8.00 - congratulations!
*** SUMMARY ***
Total pot 840 | Rake 0 
Board [4d 5d Ts Jh Qh]
Seat 1: Mahu2021 (big blind) showed [Jc Kd] and lost with a pair of Jacks
Seat 2: macgue8 (button) (small blind) showed [9c 8d] and won (840) with a straight, Eight to Queen



