PokerStars Hand #248909613181: Tournament #3716462718, $1.84+$0.16 USD Hold'em No Limit - Level I (10/20) - 2024/02/16 13:24:46 CET [2024/02/16 7:24:46 ET]
Table '3716462718 1' 3-max Seat #1 is the button
Seat 1: Jargohn (500 in chips) 
Seat 2: Mahu2021 (500 in chips) 
Seat 3: Captamy (500 in chips) 
Mahu2021: posts small blind 10
Captamy: posts big blind 20
*** HOLE CARDS ***
Dealt to Mahu2021 [As 5s]
Jargohn: folds 
Mahu2021: raises 20 to 40
Captamy: calls 20
*** FLOP *** [6d Kc Tc]
Mahu2021: checks 
Captamy: checks 
*** TURN *** [6d Kc Tc] [8d]
Mahu2021: checks 
Captamy: bets 80
Mahu2021: folds 
Uncalled bet (80) returned to Captamy
Captamy collected 80 from pot
Captamy: doesn't show hand 
*** SUMMARY ***
Total pot 80 | Rake 0 
Board [6d Kc Tc 8d]
Seat 1: Jargohn (button) folded before Flop (didn't bet)
Seat 2: Mahu2021 (small blind) folded on the Turn
Seat 3: Captamy (big blind) collected (80)



PokerStars Hand #248909618576: Tournament #3716462718, $1.84+$0.16 USD Hold'em No Limit - Level I (10/20) - 2024/02/16 13:25:17 CET [2024/02/16 7:25:17 ET]
Table '3716462718 1' 3-max Seat #2 is the button
Seat 1: Jargohn (500 in chips) 
Seat 2: Mahu2021 (460 in chips) 
Seat 3: Captamy (540 in chips) 
Captamy: posts small blind 10
Jargohn: posts big blind 20
*** HOLE CARDS ***
Dealt to Mahu2021 [Ks 8c]
Mahu2021: folds 
Captamy: calls 10
Jargohn: checks 
*** FLOP *** [3d Jh 9s]
Captamy: bets 40
Jargohn: folds 
Uncalled bet (40) returned to Captamy
Captamy collected 40 from pot
Captamy: doesn't show hand 
*** SUMMARY ***
Total pot 40 | Rake 0 
Board [3d Jh 9s]
Seat 1: Jargohn (big blind) folded on the Flop
Seat 2: Mahu2021 (button) folded before Flop (didn't bet)
Seat 3: Captamy (small blind) collected (40)



PokerStars Hand #248909622212: Tournament #3716462718, $1.84+$0.16 USD Hold'em No Limit - Level I (10/20) - 2024/02/16 13:25:38 CET [2024/02/16 7:25:38 ET]
Table '3716462718 1' 3-max Seat #3 is the button
Seat 1: Jargohn (480 in chips) 
Seat 2: Mahu2021 (460 in chips) 
Seat 3: Captamy (560 in chips) 
Jargohn: posts small blind 10
Mahu2021: posts big blind 20
*** HOLE CARDS ***
Dealt to Mahu2021 [Jc As]
Captamy: calls 20
Jargohn: calls 10
Mahu2021: raises 40 to 60
Captamy: folds 
Jargohn: calls 40
*** FLOP *** [2h 3d Ts]
Jargohn: checks 
Mahu2021: checks 
*** TURN *** [2h 3d Ts] [Qc]
Jargohn: checks 
Mahu2021: checks 
*** RIVER *** [2h 3d Ts Qc] [6d]
Jargohn: checks 
Mahu2021: checks 
*** SHOW DOWN ***
Jargohn: shows [Kd 2d] (a pair of Deuces)
Mahu2021: mucks hand 
Jargohn collected 140 from pot
*** SUMMARY ***
Total pot 140 | Rake 0 
Board [2h 3d Ts Qc 6d]
Seat 1: Jargohn (small blind) showed [Kd 2d] and won (140) with a pair of Deuces
Seat 2: Mahu2021 (big blind) mucked [Jc As]
Seat 3: Captamy (button) folded before Flop



PokerStars Hand #248909628231: Tournament #3716462718, $1.84+$0.16 USD Hold'em No Limit - Level I (10/20) - 2024/02/16 13:26:12 CET [2024/02/16 7:26:12 ET]
Table '3716462718 1' 3-max Seat #1 is the button
Seat 1: Jargohn (560 in chips) 
Seat 2: Mahu2021 (400 in chips) 
Seat 3: Captamy (540 in chips) 
Mahu2021: posts small blind 10
Captamy: posts big blind 20
*** HOLE CARDS ***
Dealt to Mahu2021 [8h 2c]
Jargohn: folds 
Mahu2021: folds 
Uncalled bet (10) returned to Captamy
Captamy collected 20 from pot
Captamy: doesn't show hand 
*** SUMMARY ***
Total pot 20 | Rake 0 
Seat 1: Jargohn (button) folded before Flop (didn't bet)
Seat 2: Mahu2021 (small blind) folded before Flop
Seat 3: Captamy (big blind) collected (20)



PokerStars Hand #248909629210: Tournament #3716462718, $1.84+$0.16 USD Hold'em No Limit - Level I (10/20) - 2024/02/16 13:26:18 CET [2024/02/16 7:26:18 ET]
Table '3716462718 1' 3-max Seat #2 is the button
Seat 1: Jargohn (560 in chips) 
Seat 2: Mahu2021 (390 in chips) 
Seat 3: Captamy (550 in chips) 
Captamy: posts small blind 10
Jargohn: posts big blind 20
*** HOLE CARDS ***
Dealt to Mahu2021 [5d Qc]
Mahu2021: folds 
Captamy: folds 
Uncalled bet (10) returned to Jargohn
Jargohn collected 20 from pot
Jargohn: doesn't show hand 
*** SUMMARY ***
Total pot 20 | Rake 0 
Seat 1: Jargohn (big blind) collected (20)
Seat 2: Mahu2021 (button) folded before Flop (didn't bet)
Seat 3: Captamy (small blind) folded before Flop



PokerStars Hand #248909630639: Tournament #3716462718, $1.84+$0.16 USD Hold'em No Limit - Level I (10/20) - 2024/02/16 13:26:26 CET [2024/02/16 7:26:26 ET]
Table '3716462718 1' 3-max Seat #3 is the button
Seat 1: Jargohn (570 in chips) 
Seat 2: Mahu2021 (390 in chips) 
Seat 3: Captamy (540 in chips) 
Jargohn: posts small blind 10
Mahu2021: posts big blind 20
*** HOLE CARDS ***
Dealt to Mahu2021 [Jc 4d]
Captamy: calls 20
Jargohn: calls 10
Mahu2021: checks 
*** FLOP *** [4s 8d 7d]
Jargohn: checks 
Mahu2021: checks 
Captamy: bets 60
Jargohn: folds 
Mahu2021: folds 
Uncalled bet (60) returned to Captamy
Captamy collected 60 from pot
Captamy: doesn't show hand 
*** SUMMARY ***
Total pot 60 | Rake 0 
Board [4s 8d 7d]
Seat 1: Jargohn (small blind) folded on the Flop
Seat 2: Mahu2021 (big blind) folded on the Flop
Seat 3: Captamy (button) collected (60)



PokerStars Hand #248909634613: Tournament #3716462718, $1.84+$0.16 USD Hold'em No Limit - Level I (10/20) - 2024/02/16 13:26:49 CET [2024/02/16 7:26:49 ET]
Table '3716462718 1' 3-max Seat #1 is the button
Seat 1: Jargohn (550 in chips) 
Seat 2: Mahu2021 (370 in chips) 
Seat 3: Captamy (580 in chips) 
Mahu2021: posts small blind 10
Captamy: posts big blind 20
*** HOLE CARDS ***
Dealt to Mahu2021 [3d Td]
Jargohn: calls 20
Mahu2021: folds 
Captamy: checks 
*** FLOP *** [7s Qd 8h]
Captamy: bets 60
Jargohn: folds 
Uncalled bet (60) returned to Captamy
Captamy collected 50 from pot
Captamy: doesn't show hand 
*** SUMMARY ***
Total pot 50 | Rake 0 
Board [7s Qd 8h]
Seat 1: Jargohn (button) folded on the Flop
Seat 2: Mahu2021 (small blind) folded before Flop
Seat 3: Captamy (big blind) collected (50)



PokerStars Hand #248909639237: Tournament #3716462718, $1.84+$0.16 USD Hold'em No Limit - Level I (10/20) - 2024/02/16 13:27:16 CET [2024/02/16 7:27:16 ET]
Table '3716462718 1' 3-max Seat #2 is the button
Seat 1: Jargohn (530 in chips) 
Seat 2: Mahu2021 (360 in chips) 
Seat 3: Captamy (610 in chips) 
Captamy: posts small blind 10
Jargohn: posts big blind 20
*** HOLE CARDS ***
Dealt to Mahu2021 [7d Th]
Mahu2021: folds 
Captamy: calls 10
Jargohn: checks 
*** FLOP *** [Jd Kd 9c]
Captamy: checks 
Jargohn: bets 100
Captamy: folds 
Uncalled bet (100) returned to Jargohn
Jargohn collected 40 from pot
Jargohn: doesn't show hand 
*** SUMMARY ***
Total pot 40 | Rake 0 
Board [Jd Kd 9c]
Seat 1: Jargohn (big blind) collected (40)
Seat 2: Mahu2021 (button) folded before Flop (didn't bet)
Seat 3: Captamy (small blind) folded on the Flop



PokerStars Hand #248909643134: Tournament #3716462718, $1.84+$0.16 USD Hold'em No Limit - Level I (10/20) - 2024/02/16 13:27:38 CET [2024/02/16 7:27:38 ET]
Table '3716462718 1' 3-max Seat #3 is the button
Seat 1: Jargohn (550 in chips) 
Seat 2: Mahu2021 (360 in chips) 
Seat 3: Captamy (590 in chips) 
Jargohn: posts small blind 10
Mahu2021: posts big blind 20
*** HOLE CARDS ***
Dealt to Mahu2021 [4s 9c]
Captamy: folds 
Jargohn: folds 
Uncalled bet (10) returned to Mahu2021
Mahu2021 collected 20 from pot
Mahu2021: doesn't show hand 
*** SUMMARY ***
Total pot 20 | Rake 0 
Seat 1: Jargohn (small blind) folded before Flop
Seat 2: Mahu2021 (big blind) collected (20)
Seat 3: Captamy (button) folded before Flop (didn't bet)



PokerStars Hand #248909645893: Tournament #3716462718, $1.84+$0.16 USD Hold'em No Limit - Level II (15/30) - 2024/02/16 13:27:54 CET [2024/02/16 7:27:54 ET]
Table '3716462718 1' 3-max Seat #1 is the button
Seat 1: Jargohn (540 in chips) 
Seat 2: Mahu2021 (370 in chips) 
Seat 3: Captamy (590 in chips) 
Mahu2021: posts small blind 15
Captamy: posts big blind 30
*** HOLE CARDS ***
Dealt to Mahu2021 [Jd 6d]
Jargohn: calls 30
Mahu2021: calls 15
Captamy: checks 
*** FLOP *** [2s Td Tc]
Mahu2021: checks 
Captamy: checks 
Jargohn: checks 
*** TURN *** [2s Td Tc] [2h]
Mahu2021: checks 
Captamy: checks 
Jargohn: checks 
*** RIVER *** [2s Td Tc 2h] [Ts]
Mahu2021: bets 90
Captamy: raises 90 to 180
Jargohn: calls 180
Mahu2021: calls 90
*** SHOW DOWN ***
Captamy: shows [3h Th] (four of a kind, Tens)
Jargohn: mucks hand 
Mahu2021: mucks hand 
Captamy collected 630 from pot
*** SUMMARY ***
Total pot 630 | Rake 0 
Board [2s Td Tc 2h Ts]
Seat 1: Jargohn (button) mucked [Js 9s]
Seat 2: Mahu2021 (small blind) mucked [Jd 6d]
Seat 3: Captamy (big blind) showed [3h Th] and won (630) with four of a kind, Tens



PokerStars Hand #248909653521: Tournament #3716462718, $1.84+$0.16 USD Hold'em No Limit - Level II (15/30) - 2024/02/16 13:28:38 CET [2024/02/16 7:28:38 ET]
Table '3716462718 1' 3-max Seat #2 is the button
Seat 1: Jargohn (330 in chips) 
Seat 2: Mahu2021 (160 in chips) 
Seat 3: Captamy (1010 in chips) 
Captamy: posts small blind 15
Jargohn: posts big blind 30
*** HOLE CARDS ***
Dealt to Mahu2021 [5h Kh]
Mahu2021: raises 130 to 160 and is all-in
Captamy: folds 
Jargohn: folds 
Uncalled bet (130) returned to Mahu2021
Mahu2021 collected 75 from pot
Mahu2021: doesn't show hand 
*** SUMMARY ***
Total pot 75 | Rake 0 
Seat 1: Jargohn (big blind) folded before Flop
Seat 2: Mahu2021 (button) collected (75)
Seat 3: Captamy (small blind) folded before Flop



PokerStars Hand #248909655647: Tournament #3716462718, $1.84+$0.16 USD Hold'em No Limit - Level II (15/30) - 2024/02/16 13:28:50 CET [2024/02/16 7:28:50 ET]
Table '3716462718 1' 3-max Seat #3 is the button
Seat 1: Jargohn (300 in chips) 
Seat 2: Mahu2021 (205 in chips) 
Seat 3: Captamy (995 in chips) 
Jargohn: posts small blind 15
Mahu2021: posts big blind 30
*** HOLE CARDS ***
Dealt to Mahu2021 [Qd Qh]
Captamy: raises 30 to 60
Jargohn: folds 
Mahu2021: raises 145 to 205 and is all-in
Captamy: calls 145
*** FLOP *** [6c Kd 4c]
*** TURN *** [6c Kd 4c] [4s]
*** RIVER *** [6c Kd 4c 4s] [Ah]
*** SHOW DOWN ***
Mahu2021: shows [Qd Qh] (two pair, Queens and Fours)
Captamy: shows [Jc 9s] (a pair of Fours)
Mahu2021 collected 425 from pot
*** SUMMARY ***
Total pot 425 | Rake 0 
Board [6c Kd 4c 4s Ah]
Seat 1: Jargohn (small blind) folded before Flop
Seat 2: Mahu2021 (big blind) showed [Qd Qh] and won (425) with two pair, Queens and Fours
Seat 3: Captamy (button) showed [Jc 9s] and lost with a pair of Fours



PokerStars Hand #248909659364: Tournament #3716462718, $1.84+$0.16 USD Hold'em No Limit - Level II (15/30) - 2024/02/16 13:29:11 CET [2024/02/16 7:29:11 ET]
Table '3716462718 1' 3-max Seat #1 is the button
Seat 1: Jargohn (285 in chips) 
Seat 2: Mahu2021 (425 in chips) 
Seat 3: Captamy (790 in chips) 
Mahu2021: posts small blind 15
Captamy: posts big blind 30
*** HOLE CARDS ***
Dealt to Mahu2021 [4d 2c]
Jargohn: folds 
Mahu2021: folds 
Uncalled bet (15) returned to Captamy
Captamy collected 30 from pot
Captamy: doesn't show hand 
*** SUMMARY ***
Total pot 30 | Rake 0 
Seat 1: Jargohn (button) folded before Flop (didn't bet)
Seat 2: Mahu2021 (small blind) folded before Flop
Seat 3: Captamy (big blind) collected (30)



PokerStars Hand #248909660287: Tournament #3716462718, $1.84+$0.16 USD Hold'em No Limit - Level II (15/30) - 2024/02/16 13:29:17 CET [2024/02/16 7:29:17 ET]
Table '3716462718 1' 3-max Seat #2 is the button
Seat 1: Jargohn (285 in chips) 
Seat 2: Mahu2021 (410 in chips) 
Seat 3: Captamy (805 in chips) 
Captamy: posts small blind 15
Jargohn: posts big blind 30
*** HOLE CARDS ***
Dealt to Mahu2021 [6c 7c]
Mahu2021: calls 30
Captamy: folds 
Jargohn: checks 
*** FLOP *** [9d 5h Ac]
Jargohn: bets 255 and is all-in
Mahu2021: folds 
Uncalled bet (255) returned to Jargohn
Jargohn collected 75 from pot
Jargohn: doesn't show hand 
*** SUMMARY ***
Total pot 75 | Rake 0 
Board [9d 5h Ac]
Seat 1: Jargohn (big blind) collected (75)
Seat 2: Mahu2021 (button) folded on the Flop
Seat 3: Captamy (small blind) folded before Flop



PokerStars Hand #248909663942: Tournament #3716462718, $1.84+$0.16 USD Hold'em No Limit - Level II (15/30) - 2024/02/16 13:29:38 CET [2024/02/16 7:29:38 ET]
Table '3716462718 1' 3-max Seat #3 is the button
Seat 1: Jargohn (330 in chips) 
Seat 2: Mahu2021 (380 in chips) 
Seat 3: Captamy (790 in chips) 
Jargohn: posts small blind 15
Mahu2021: posts big blind 30
*** HOLE CARDS ***
Dealt to Mahu2021 [Ks 2s]
Captamy: calls 30
Jargohn: folds 
Mahu2021: checks 
*** FLOP *** [Jc 7s Jd]
Mahu2021: checks 
Captamy: bets 90
Mahu2021: folds 
Uncalled bet (90) returned to Captamy
Captamy collected 75 from pot
Captamy: doesn't show hand 
*** SUMMARY ***
Total pot 75 | Rake 0 
Board [Jc 7s Jd]
Seat 1: Jargohn (small blind) folded before Flop
Seat 2: Mahu2021 (big blind) folded on the Flop
Seat 3: Captamy (button) collected (75)



PokerStars Hand #248909667127: Tournament #3716462718, $1.84+$0.16 USD Hold'em No Limit - Level II (15/30) - 2024/02/16 13:29:56 CET [2024/02/16 7:29:56 ET]
Table '3716462718 1' 3-max Seat #1 is the button
Seat 1: Jargohn (315 in chips) 
Seat 2: Mahu2021 (350 in chips) 
Seat 3: Captamy (835 in chips) 
Mahu2021: posts small blind 15
Captamy: posts big blind 30
*** HOLE CARDS ***
Dealt to Mahu2021 [6c 5h]
Jargohn: raises 285 to 315 and is all-in
Mahu2021: folds 
Captamy: folds 
Uncalled bet (285) returned to Jargohn
Jargohn collected 75 from pot
Jargohn: doesn't show hand 
*** SUMMARY ***
Total pot 75 | Rake 0 
Seat 1: Jargohn (button) collected (75)
Seat 2: Mahu2021 (small blind) folded before Flop
Seat 3: Captamy (big blind) folded before Flop



PokerStars Hand #248909669140: Tournament #3716462718, $1.84+$0.16 USD Hold'em No Limit - Level II (15/30) - 2024/02/16 13:30:07 CET [2024/02/16 7:30:07 ET]
Table '3716462718 1' 3-max Seat #2 is the button
Seat 1: Jargohn (360 in chips) 
Seat 2: Mahu2021 (335 in chips) 
Seat 3: Captamy (805 in chips) 
Captamy: posts small blind 15
Jargohn: posts big blind 30
*** HOLE CARDS ***
Dealt to Mahu2021 [Tc 2c]
Mahu2021: folds 
Captamy: calls 15
Jargohn: raises 330 to 360 and is all-in
Captamy: folds 
Uncalled bet (330) returned to Jargohn
Jargohn collected 60 from pot
Jargohn: doesn't show hand 
*** SUMMARY ***
Total pot 60 | Rake 0 
Seat 1: Jargohn (big blind) collected (60)
Seat 2: Mahu2021 (button) folded before Flop (didn't bet)
Seat 3: Captamy (small blind) folded before Flop



PokerStars Hand #248909670984: Tournament #3716462718, $1.84+$0.16 USD Hold'em No Limit - Level II (15/30) - 2024/02/16 13:30:18 CET [2024/02/16 7:30:18 ET]
Table '3716462718 1' 3-max Seat #3 is the button
Seat 1: Jargohn (390 in chips) 
Seat 2: Mahu2021 (335 in chips) 
Seat 3: Captamy (775 in chips) 
Jargohn: posts small blind 15
Mahu2021: posts big blind 30
*** HOLE CARDS ***
Dealt to Mahu2021 [3s 2c]
Captamy: folds 
Jargohn: raises 360 to 390 and is all-in
Mahu2021: folds 
Uncalled bet (360) returned to Jargohn
Jargohn collected 60 from pot
Jargohn: doesn't show hand 
*** SUMMARY ***
Total pot 60 | Rake 0 
Seat 1: Jargohn (small blind) collected (60)
Seat 2: Mahu2021 (big blind) folded before Flop
Seat 3: Captamy (button) folded before Flop (didn't bet)



PokerStars Hand #248909672387: Tournament #3716462718, $1.84+$0.16 USD Hold'em No Limit - Level II (15/30) - 2024/02/16 13:30:26 CET [2024/02/16 7:30:26 ET]
Table '3716462718 1' 3-max Seat #1 is the button
Seat 1: Jargohn (420 in chips) 
Seat 2: Mahu2021 (305 in chips) 
Seat 3: Captamy (775 in chips) 
Mahu2021: posts small blind 15
Captamy: posts big blind 30
*** HOLE CARDS ***
Dealt to Mahu2021 [2h Tc]
Jargohn: folds 
Mahu2021: folds 
Uncalled bet (15) returned to Captamy
Captamy collected 30 from pot
Captamy: doesn't show hand 
*** SUMMARY ***
Total pot 30 | Rake 0 
Seat 1: Jargohn (button) folded before Flop (didn't bet)
Seat 2: Mahu2021 (small blind) folded before Flop
Seat 3: Captamy (big blind) collected (30)



PokerStars Hand #248909673435: Tournament #3716462718, $1.84+$0.16 USD Hold'em No Limit - Level II (15/30) - 2024/02/16 13:30:31 CET [2024/02/16 7:30:31 ET]
Table '3716462718 1' 3-max Seat #2 is the button
Seat 1: Jargohn (420 in chips) 
Seat 2: Mahu2021 (290 in chips) 
Seat 3: Captamy (790 in chips) 
Captamy: posts small blind 15
Jargohn: posts big blind 30
*** HOLE CARDS ***
Dealt to Mahu2021 [Qd Ts]
Mahu2021: raises 30 to 60
Captamy: folds 
Jargohn: calls 30
*** FLOP *** [Qh 9s 2c]
Jargohn: checks 
Mahu2021: bets 135
Jargohn: raises 225 to 360 and is all-in
Mahu2021: calls 95 and is all-in
Uncalled bet (130) returned to Jargohn
*** TURN *** [Qh 9s 2c] [Ks]
*** RIVER *** [Qh 9s 2c Ks] [4h]
*** SHOW DOWN ***
Jargohn: shows [As 9c] (a pair of Nines)
Mahu2021: shows [Qd Ts] (a pair of Queens)
Mahu2021 collected 595 from pot
*** SUMMARY ***
Total pot 595 | Rake 0 
Board [Qh 9s 2c Ks 4h]
Seat 1: Jargohn (big blind) showed [As 9c] and lost with a pair of Nines
Seat 2: Mahu2021 (button) showed [Qd Ts] and won (595) with a pair of Queens
Seat 3: Captamy (small blind) folded before Flop



PokerStars Hand #248909678842: Tournament #3716462718, $1.84+$0.16 USD Hold'em No Limit - Level III (20/40) - 2024/02/16 13:31:02 CET [2024/02/16 7:31:02 ET]
Table '3716462718 1' 3-max Seat #3 is the button
Seat 1: Jargohn (130 in chips) 
Seat 2: Mahu2021 (595 in chips) 
Seat 3: Captamy (775 in chips) 
Jargohn: posts small blind 20
Mahu2021: posts big blind 40
*** HOLE CARDS ***
Dealt to Mahu2021 [Ad 2d]
Captamy: calls 40
Jargohn: folds 
Mahu2021: checks 
*** FLOP *** [4d 8c 9c]
Mahu2021: checks 
Captamy: bets 120
Mahu2021: folds 
Uncalled bet (120) returned to Captamy
Captamy collected 100 from pot
Captamy: doesn't show hand 
*** SUMMARY ***
Total pot 100 | Rake 0 
Board [4d 8c 9c]
Seat 1: Jargohn (small blind) folded before Flop
Seat 2: Mahu2021 (big blind) folded on the Flop
Seat 3: Captamy (button) collected (100)



PokerStars Hand #248909682014: Tournament #3716462718, $1.84+$0.16 USD Hold'em No Limit - Level III (20/40) - 2024/02/16 13:31:19 CET [2024/02/16 7:31:19 ET]
Table '3716462718 1' 3-max Seat #1 is the button
Seat 1: Jargohn (110 in chips) 
Seat 2: Mahu2021 (555 in chips) 
Seat 3: Captamy (835 in chips) 
Mahu2021: posts small blind 20
Captamy: posts big blind 40
*** HOLE CARDS ***
Dealt to Mahu2021 [Th Ac]
Jargohn: raises 70 to 110 and is all-in
Mahu2021: calls 90
Captamy: folds 
*** FLOP *** [Qc Kc 6h]
*** TURN *** [Qc Kc 6h] [9s]
*** RIVER *** [Qc Kc 6h 9s] [3h]
*** SHOW DOWN ***
Mahu2021: shows [Th Ac] (high card Ace)
Jargohn: shows [7d 7h] (a pair of Sevens)
Jargohn collected 260 from pot
*** SUMMARY ***
Total pot 260 | Rake 0 
Board [Qc Kc 6h 9s 3h]
Seat 1: Jargohn (button) showed [7d 7h] and won (260) with a pair of Sevens
Seat 2: Mahu2021 (small blind) showed [Th Ac] and lost with high card Ace
Seat 3: Captamy (big blind) folded before Flop



PokerStars Hand #248909686028: Tournament #3716462718, $1.84+$0.16 USD Hold'em No Limit - Level III (20/40) - 2024/02/16 13:31:43 CET [2024/02/16 7:31:43 ET]
Table '3716462718 1' 3-max Seat #2 is the button
Seat 1: Jargohn (260 in chips) 
Seat 2: Mahu2021 (445 in chips) 
Seat 3: Captamy (795 in chips) 
Captamy: posts small blind 20
Jargohn: posts big blind 40
*** HOLE CARDS ***
Dealt to Mahu2021 [4h 6d]
Mahu2021: folds 
Captamy: raises 40 to 80
Jargohn: raises 180 to 260 and is all-in
Captamy: calls 180
*** FLOP *** [7d Ac 7h]
*** TURN *** [7d Ac 7h] [4s]
*** RIVER *** [7d Ac 7h 4s] [8c]
*** SHOW DOWN ***
Captamy: shows [Qd Th] (a pair of Sevens)
Jargohn: shows [As 4d] (two pair, Aces and Sevens)
Jargohn collected 520 from pot
*** SUMMARY ***
Total pot 520 | Rake 0 
Board [7d Ac 7h 4s 8c]
Seat 1: Jargohn (big blind) showed [As 4d] and won (520) with two pair, Aces and Sevens
Seat 2: Mahu2021 (button) folded before Flop (didn't bet)
Seat 3: Captamy (small blind) showed [Qd Th] and lost with a pair of Sevens



PokerStars Hand #248909689619: Tournament #3716462718, $1.84+$0.16 USD Hold'em No Limit - Level III (20/40) - 2024/02/16 13:32:03 CET [2024/02/16 7:32:03 ET]
Table '3716462718 1' 3-max Seat #3 is the button
Seat 1: Jargohn (520 in chips) 
Seat 2: Mahu2021 (445 in chips) 
Seat 3: Captamy (535 in chips) 
Jargohn: posts small blind 20
Mahu2021: posts big blind 40
*** HOLE CARDS ***
Dealt to Mahu2021 [2s Tc]
Captamy: calls 40
Jargohn: folds 
Mahu2021: checks 
*** FLOP *** [Ad 2h 3d]
Mahu2021: checks 
Captamy: checks 
*** TURN *** [Ad 2h 3d] [8s]
Mahu2021: bets 40
Captamy: folds 
Uncalled bet (40) returned to Mahu2021
Mahu2021 collected 100 from pot
Mahu2021: doesn't show hand 
*** SUMMARY ***
Total pot 100 | Rake 0 
Board [Ad 2h 3d 8s]
Seat 1: Jargohn (small blind) folded before Flop
Seat 2: Mahu2021 (big blind) collected (100)
Seat 3: Captamy (button) folded on the Turn



PokerStars Hand #248909693478: Tournament #3716462718, $1.84+$0.16 USD Hold'em No Limit - Level III (20/40) - 2024/02/16 13:32:25 CET [2024/02/16 7:32:25 ET]
Table '3716462718 1' 3-max Seat #1 is the button
Seat 1: Jargohn (500 in chips) 
Seat 2: Mahu2021 (505 in chips) 
Seat 3: Captamy (495 in chips) 
Mahu2021: posts small blind 20
Captamy: posts big blind 40
*** HOLE CARDS ***
Dealt to Mahu2021 [4s 3c]
Jargohn: raises 460 to 500 and is all-in
Mahu2021: folds 
Captamy: folds 
Uncalled bet (460) returned to Jargohn
Jargohn collected 100 from pot
Jargohn: doesn't show hand 
*** SUMMARY ***
Total pot 100 | Rake 0 
Seat 1: Jargohn (button) collected (100)
Seat 2: Mahu2021 (small blind) folded before Flop
Seat 3: Captamy (big blind) folded before Flop



PokerStars Hand #248909695620: Tournament #3716462718, $1.84+$0.16 USD Hold'em No Limit - Level III (20/40) - 2024/02/16 13:32:37 CET [2024/02/16 7:32:37 ET]
Table '3716462718 1' 3-max Seat #2 is the button
Seat 1: Jargohn (560 in chips) 
Seat 2: Mahu2021 (485 in chips) 
Seat 3: Captamy (455 in chips) 
Captamy: posts small blind 20
Jargohn: posts big blind 40
*** HOLE CARDS ***
Dealt to Mahu2021 [Tc 9h]
Mahu2021: folds 
Captamy: raises 40 to 80
Jargohn: folds 
Uncalled bet (40) returned to Captamy
Captamy collected 80 from pot
Captamy: doesn't show hand 
*** SUMMARY ***
Total pot 80 | Rake 0 
Seat 1: Jargohn (big blind) folded before Flop
Seat 2: Mahu2021 (button) folded before Flop (didn't bet)
Seat 3: Captamy (small blind) collected (80)



PokerStars Hand #248909697246: Tournament #3716462718, $1.84+$0.16 USD Hold'em No Limit - Level III (20/40) - 2024/02/16 13:32:47 CET [2024/02/16 7:32:47 ET]
Table '3716462718 1' 3-max Seat #3 is the button
Seat 1: Jargohn (520 in chips) 
Seat 2: Mahu2021 (485 in chips) 
Seat 3: Captamy (495 in chips) 
Jargohn: posts small blind 20
Mahu2021: posts big blind 40
*** HOLE CARDS ***
Dealt to Mahu2021 [9c Qh]
Captamy: calls 40
Jargohn: raises 480 to 520 and is all-in
Mahu2021: folds 
Captamy: folds 
Uncalled bet (480) returned to Jargohn
Jargohn collected 120 from pot
Jargohn: doesn't show hand 
*** SUMMARY ***
Total pot 120 | Rake 0 
Seat 1: Jargohn (small blind) collected (120)
Seat 2: Mahu2021 (big blind) folded before Flop
Seat 3: Captamy (button) folded before Flop



PokerStars Hand #248909699694: Tournament #3716462718, $1.84+$0.16 USD Hold'em No Limit - Level III (20/40) - 2024/02/16 13:33:01 CET [2024/02/16 7:33:01 ET]
Table '3716462718 1' 3-max Seat #1 is the button
Seat 1: Jargohn (600 in chips) 
Seat 2: Mahu2021 (445 in chips) 
Seat 3: Captamy (455 in chips) 
Mahu2021: posts small blind 20
Captamy: posts big blind 40
*** HOLE CARDS ***
Dealt to Mahu2021 [3d 6d]
Jargohn: folds 
Mahu2021: calls 20
Captamy: raises 40 to 80
Mahu2021: calls 40
*** FLOP *** [Tc Qc 8s]
Mahu2021: checks 
Captamy: bets 160
Mahu2021: folds 
Uncalled bet (160) returned to Captamy
Captamy collected 160 from pot
Captamy: doesn't show hand 
*** SUMMARY ***
Total pot 160 | Rake 0 
Board [Tc Qc 8s]
Seat 1: Jargohn (button) folded before Flop (didn't bet)
Seat 2: Mahu2021 (small blind) folded on the Flop
Seat 3: Captamy (big blind) collected (160)



PokerStars Hand #248909702767: Tournament #3716462718, $1.84+$0.16 USD Hold'em No Limit - Level III (20/40) - 2024/02/16 13:33:18 CET [2024/02/16 7:33:18 ET]
Table '3716462718 1' 3-max Seat #2 is the button
Seat 1: Jargohn (600 in chips) 
Seat 2: Mahu2021 (365 in chips) 
Seat 3: Captamy (535 in chips) 
Captamy: posts small blind 20
Jargohn: posts big blind 40
*** HOLE CARDS ***
Dealt to Mahu2021 [Ks 2s]
Mahu2021: calls 40
Captamy: calls 20
Jargohn: checks 
*** FLOP *** [8h Td 4h]
Captamy: checks 
Jargohn: checks 
Mahu2021: checks 
*** TURN *** [8h Td 4h] [Qd]
Captamy: checks 
Jargohn: checks 
Mahu2021: checks 
*** RIVER *** [8h Td 4h Qd] [Qc]
Captamy: bets 120
Jargohn: folds 
Mahu2021: folds 
Uncalled bet (120) returned to Captamy
Captamy collected 120 from pot
Captamy: doesn't show hand 
*** SUMMARY ***
Total pot 120 | Rake 0 
Board [8h Td 4h Qd Qc]
Seat 1: Jargohn (big blind) folded on the River
Seat 2: Mahu2021 (button) folded on the River
Seat 3: Captamy (small blind) collected (120)



PokerStars Hand #248909709002: Tournament #3716462718, $1.84+$0.16 USD Hold'em No Limit - Level IV (30/60) - 2024/02/16 13:33:54 CET [2024/02/16 7:33:54 ET]
Table '3716462718 1' 3-max Seat #3 is the button
Seat 1: Jargohn (560 in chips) 
Seat 2: Mahu2021 (325 in chips) 
Seat 3: Captamy (615 in chips) 
Jargohn: posts small blind 30
Mahu2021: posts big blind 60
*** HOLE CARDS ***
Dealt to Mahu2021 [Ks Kd]
Captamy: folds 
Jargohn: folds 
Uncalled bet (30) returned to Mahu2021
Mahu2021 collected 60 from pot
Mahu2021: doesn't show hand 
*** SUMMARY ***
Total pot 60 | Rake 0 
Seat 1: Jargohn (small blind) folded before Flop
Seat 2: Mahu2021 (big blind) collected (60)
Seat 3: Captamy (button) folded before Flop (didn't bet)



PokerStars Hand #248909710241: Tournament #3716462718, $1.84+$0.16 USD Hold'em No Limit - Level IV (30/60) - 2024/02/16 13:34:01 CET [2024/02/16 7:34:01 ET]
Table '3716462718 1' 3-max Seat #1 is the button
Seat 1: Jargohn (530 in chips) 
Seat 2: Mahu2021 (355 in chips) 
Seat 3: Captamy (615 in chips) 
Mahu2021: posts small blind 30
Captamy: posts big blind 60
*** HOLE CARDS ***
Dealt to Mahu2021 [6d 9d]
Jargohn: calls 60
Mahu2021: folds 
Captamy: checks 
*** FLOP *** [6s Qh 7h]
Captamy: bets 60
Jargohn: folds 
Uncalled bet (60) returned to Captamy
Captamy collected 150 from pot
Captamy: doesn't show hand 
*** SUMMARY ***
Total pot 150 | Rake 0 
Board [6s Qh 7h]
Seat 1: Jargohn (button) folded on the Flop
Seat 2: Mahu2021 (small blind) folded before Flop
Seat 3: Captamy (big blind) collected (150)



PokerStars Hand #248909713071: Tournament #3716462718, $1.84+$0.16 USD Hold'em No Limit - Level IV (30/60) - 2024/02/16 13:34:17 CET [2024/02/16 7:34:17 ET]
Table '3716462718 1' 3-max Seat #2 is the button
Seat 1: Jargohn (470 in chips) 
Seat 2: Mahu2021 (325 in chips) 
Seat 3: Captamy (705 in chips) 
Captamy: posts small blind 30
Jargohn: posts big blind 60
*** HOLE CARDS ***
Dealt to Mahu2021 [4s 6d]
Mahu2021: folds 
Captamy: raises 60 to 120
Jargohn: folds 
Uncalled bet (60) returned to Captamy
Captamy collected 120 from pot
Captamy: doesn't show hand 
*** SUMMARY ***
Total pot 120 | Rake 0 
Seat 1: Jargohn (big blind) folded before Flop
Seat 2: Mahu2021 (button) folded before Flop (didn't bet)
Seat 3: Captamy (small blind) collected (120)



PokerStars Hand #248909714451: Tournament #3716462718, $1.84+$0.16 USD Hold'em No Limit - Level IV (30/60) - 2024/02/16 13:34:24 CET [2024/02/16 7:34:24 ET]
Table '3716462718 1' 3-max Seat #3 is the button
Seat 1: Jargohn (410 in chips) 
Seat 2: Mahu2021 (325 in chips) 
Seat 3: Captamy (765 in chips) 
Jargohn: posts small blind 30
Mahu2021: posts big blind 60
*** HOLE CARDS ***
Dealt to Mahu2021 [2d 5h]
Captamy: calls 60
Jargohn: calls 30
Mahu2021: checks 
*** FLOP *** [Ks 7d Kc]
Jargohn: checks 
Mahu2021: checks 
Captamy: bets 120
Jargohn: folds 
Mahu2021: folds 
Uncalled bet (120) returned to Captamy
Captamy collected 180 from pot
Captamy: doesn't show hand 
*** SUMMARY ***
Total pot 180 | Rake 0 
Board [Ks 7d Kc]
Seat 1: Jargohn (small blind) folded on the Flop
Seat 2: Mahu2021 (big blind) folded on the Flop
Seat 3: Captamy (button) collected (180)



PokerStars Hand #248909717792: Tournament #3716462718, $1.84+$0.16 USD Hold'em No Limit - Level IV (30/60) - 2024/02/16 13:34:43 CET [2024/02/16 7:34:43 ET]
Table '3716462718 1' 3-max Seat #1 is the button
Seat 1: Jargohn (350 in chips) 
Seat 2: Mahu2021 (265 in chips) 
Seat 3: Captamy (885 in chips) 
Mahu2021: posts small blind 30
Captamy: posts big blind 60
*** HOLE CARDS ***
Dealt to Mahu2021 [Js 5s]
Jargohn: folds 
Mahu2021: raises 205 to 265 and is all-in
Captamy: folds 
Uncalled bet (205) returned to Mahu2021
Mahu2021 collected 120 from pot
Mahu2021: doesn't show hand 
*** SUMMARY ***
Total pot 120 | Rake 0 
Seat 1: Jargohn (button) folded before Flop (didn't bet)
Seat 2: Mahu2021 (small blind) collected (120)
Seat 3: Captamy (big blind) folded before Flop



PokerStars Hand #248909719504: Tournament #3716462718, $1.84+$0.16 USD Hold'em No Limit - Level IV (30/60) - 2024/02/16 13:34:53 CET [2024/02/16 7:34:53 ET]
Table '3716462718 1' 3-max Seat #2 is the button
Seat 1: Jargohn (350 in chips) 
Seat 2: Mahu2021 (325 in chips) 
Seat 3: Captamy (825 in chips) 
Captamy: posts small blind 30
Jargohn: posts big blind 60
*** HOLE CARDS ***
Dealt to Mahu2021 [Jh Jc]
Mahu2021: raises 265 to 325 and is all-in
Captamy: folds 
Jargohn: calls 265
*** FLOP *** [9d Ah 8c]
*** TURN *** [9d Ah 8c] [4d]
*** RIVER *** [9d Ah 8c 4d] [Kh]
*** SHOW DOWN ***
Jargohn: shows [8h 8d] (three of a kind, Eights)
Mahu2021: shows [Jh Jc] (a pair of Jacks)
Jargohn collected 680 from pot
Mahu2021 finished the tournament in 3rd place
*** SUMMARY ***
Total pot 680 | Rake 0 
Board [9d Ah 8c 4d Kh]
Seat 1: Jargohn (big blind) showed [8h 8d] and won (680) with three of a kind, Eights
Seat 2: Mahu2021 (button) showed [Jh Jc] and lost with a pair of Jacks
Seat 3: Captamy (small blind) folded before Flop



