PokerStars Hand #243153573820: Tournament #3578927305, $9.30+$0.70 USD Hold'em No Limit - Level I (10/20) - 2023/04/17 20:45:30 CET [2023/04/17 14:45:30 ET]
Table '3578927305 1' 3-max Seat #1 is the button
Seat 1: Riromon18 (500 in chips) 
Seat 2: Mahu2021 (500 in chips) 
Seat 3: FlopZ7 (500 in chips) 
Mahu2021: posts small blind 10
FlopZ7: posts big blind 20
*** HOLE CARDS ***
Dealt to Mahu2021 [As Jh]
Riromon18: raises 20 to 40
Mahu2021: raises 460 to 500 and is all-in
FlopZ7: folds 
Riromon18: calls 460 and is all-in
*** FLOP *** [2c 4h 3c]
*** TURN *** [2c 4h 3c] [Kd]
*** RIVER *** [2c 4h 3c Kd] [Kc]
*** SHOW DOWN ***
Mahu2021: shows [As Jh] (a pair of Kings)
Riromon18: shows [Jd Ac] (a pair of Kings)
Mahu2021 collected 510 from pot
Riromon18 collected 510 from pot
*** SUMMARY ***
Total pot 1020 | Rake 0 
Board [2c 4h 3c Kd Kc]
Seat 1: Riromon18 (button) showed [Jd Ac] and won (510) with a pair of Kings
Seat 2: Mahu2021 (small blind) showed [As Jh] and won (510) with a pair of Kings
Seat 3: FlopZ7 (big blind) folded before Flop



PokerStars Hand #243153579717: Tournament #3578927305, $9.30+$0.70 USD Hold'em No Limit - Level I (10/20) - 2023/04/17 20:45:45 CET [2023/04/17 14:45:45 ET]
Table '3578927305 1' 3-max Seat #2 is the button
Seat 1: Riromon18 (510 in chips) 
Seat 2: Mahu2021 (510 in chips) 
Seat 3: FlopZ7 (480 in chips) 
FlopZ7: posts small blind 10
Riromon18: posts big blind 20
*** HOLE CARDS ***
Dealt to Mahu2021 [2c 5h]
Mahu2021: folds 
FlopZ7: folds 
Uncalled bet (10) returned to Riromon18
Riromon18 collected 20 from pot
Riromon18: doesn't show hand 
*** SUMMARY ***
Total pot 20 | Rake 0 
Seat 1: Riromon18 (big blind) collected (20)
Seat 2: Mahu2021 (button) folded before Flop (didn't bet)
Seat 3: FlopZ7 (small blind) folded before Flop



PokerStars Hand #243153582875: Tournament #3578927305, $9.30+$0.70 USD Hold'em No Limit - Level I (10/20) - 2023/04/17 20:45:53 CET [2023/04/17 14:45:53 ET]
Table '3578927305 1' 3-max Seat #3 is the button
Seat 1: Riromon18 (520 in chips) 
Seat 2: Mahu2021 (510 in chips) 
Seat 3: FlopZ7 (470 in chips) 
Riromon18: posts small blind 10
Mahu2021: posts big blind 20
*** HOLE CARDS ***
Dealt to Mahu2021 [7s 3h]
FlopZ7: folds 
Riromon18: folds 
Uncalled bet (10) returned to Mahu2021
Mahu2021 collected 20 from pot
Mahu2021: doesn't show hand 
*** SUMMARY ***
Total pot 20 | Rake 0 
Seat 1: Riromon18 (small blind) folded before Flop
Seat 2: Mahu2021 (big blind) collected (20)
Seat 3: FlopZ7 (button) folded before Flop (didn't bet)



PokerStars Hand #243153585264: Tournament #3578927305, $9.30+$0.70 USD Hold'em No Limit - Level I (10/20) - 2023/04/17 20:46:00 CET [2023/04/17 14:46:00 ET]
Table '3578927305 1' 3-max Seat #1 is the button
Seat 1: Riromon18 (510 in chips) 
Seat 2: Mahu2021 (520 in chips) 
Seat 3: FlopZ7 (470 in chips) 
Mahu2021: posts small blind 10
FlopZ7: posts big blind 20
*** HOLE CARDS ***
Dealt to Mahu2021 [Ts 9c]
Riromon18: raises 20 to 40
Mahu2021: calls 30
FlopZ7: raises 430 to 470 and is all-in
Riromon18: folds 
Mahu2021: folds 
Uncalled bet (430) returned to FlopZ7
FlopZ7 collected 120 from pot
FlopZ7: doesn't show hand 
*** SUMMARY ***
Total pot 120 | Rake 0 
Seat 1: Riromon18 (button) folded before Flop
Seat 2: Mahu2021 (small blind) folded before Flop
Seat 3: FlopZ7 (big blind) collected (120)



PokerStars Hand #243153592152: Tournament #3578927305, $9.30+$0.70 USD Hold'em No Limit - Level I (10/20) - 2023/04/17 20:46:18 CET [2023/04/17 14:46:18 ET]
Table '3578927305 1' 3-max Seat #2 is the button
Seat 1: Riromon18 (470 in chips) 
Seat 2: Mahu2021 (480 in chips) 
Seat 3: FlopZ7 (550 in chips) 
FlopZ7: posts small blind 10
Riromon18: posts big blind 20
*** HOLE CARDS ***
Dealt to Mahu2021 [Ks 3d]
Mahu2021: folds 
FlopZ7: raises 40 to 60
Riromon18: folds 
Uncalled bet (40) returned to FlopZ7
FlopZ7 collected 40 from pot
FlopZ7: doesn't show hand 
*** SUMMARY ***
Total pot 40 | Rake 0 
Seat 1: Riromon18 (big blind) folded before Flop
Seat 2: Mahu2021 (button) folded before Flop (didn't bet)
Seat 3: FlopZ7 (small blind) collected (40)



PokerStars Hand #243153597909: Tournament #3578927305, $9.30+$0.70 USD Hold'em No Limit - Level I (10/20) - 2023/04/17 20:46:33 CET [2023/04/17 14:46:33 ET]
Table '3578927305 1' 3-max Seat #3 is the button
Seat 1: Riromon18 (450 in chips) 
Seat 2: Mahu2021 (480 in chips) 
Seat 3: FlopZ7 (570 in chips) 
Riromon18: posts small blind 10
Mahu2021: posts big blind 20
*** HOLE CARDS ***
Dealt to Mahu2021 [9d 2s]
FlopZ7: raises 20 to 40
Riromon18: folds 
Mahu2021: folds 
Uncalled bet (20) returned to FlopZ7
FlopZ7 collected 50 from pot
FlopZ7: doesn't show hand 
*** SUMMARY ***
Total pot 50 | Rake 0 
Seat 1: Riromon18 (small blind) folded before Flop
Seat 2: Mahu2021 (big blind) folded before Flop
Seat 3: FlopZ7 (button) collected (50)



PokerStars Hand #243153600713: Tournament #3578927305, $9.30+$0.70 USD Hold'em No Limit - Level I (10/20) - 2023/04/17 20:46:40 CET [2023/04/17 14:46:40 ET]
Table '3578927305 1' 3-max Seat #1 is the button
Seat 1: Riromon18 (440 in chips) 
Seat 2: Mahu2021 (460 in chips) 
Seat 3: FlopZ7 (600 in chips) 
Mahu2021: posts small blind 10
FlopZ7: posts big blind 20
*** HOLE CARDS ***
Dealt to Mahu2021 [5h Jh]
Riromon18: folds 
Mahu2021: calls 10
FlopZ7: checks 
*** FLOP *** [4h Ah Th]
Mahu2021: checks 
FlopZ7: checks 
*** TURN *** [4h Ah Th] [8d]
Mahu2021: checks 
FlopZ7: bets 40
Mahu2021: raises 80 to 120
FlopZ7: folds 
Uncalled bet (80) returned to Mahu2021
Mahu2021 collected 120 from pot
Mahu2021: doesn't show hand 
*** SUMMARY ***
Total pot 120 | Rake 0 
Board [4h Ah Th 8d]
Seat 1: Riromon18 (button) folded before Flop (didn't bet)
Seat 2: Mahu2021 (small blind) collected (120)
Seat 3: FlopZ7 (big blind) folded on the Turn



PokerStars Hand #243153613227: Tournament #3578927305, $9.30+$0.70 USD Hold'em No Limit - Level I (10/20) - 2023/04/17 20:47:13 CET [2023/04/17 14:47:13 ET]
Table '3578927305 1' 3-max Seat #2 is the button
Seat 1: Riromon18 (440 in chips) 
Seat 2: Mahu2021 (520 in chips) 
Seat 3: FlopZ7 (540 in chips) 
FlopZ7: posts small blind 10
Riromon18: posts big blind 20
*** HOLE CARDS ***
Dealt to Mahu2021 [4s Td]
Mahu2021: folds 
FlopZ7: raises 30 to 50
Riromon18: raises 390 to 440 and is all-in
FlopZ7: folds 
Uncalled bet (390) returned to Riromon18
Riromon18 collected 100 from pot
Riromon18: doesn't show hand 
*** SUMMARY ***
Total pot 100 | Rake 0 
Seat 1: Riromon18 (big blind) collected (100)
Seat 2: Mahu2021 (button) folded before Flop (didn't bet)
Seat 3: FlopZ7 (small blind) folded before Flop



PokerStars Hand #243153617875: Tournament #3578927305, $9.30+$0.70 USD Hold'em No Limit - Level I (10/20) - 2023/04/17 20:47:25 CET [2023/04/17 14:47:25 ET]
Table '3578927305 1' 3-max Seat #3 is the button
Seat 1: Riromon18 (490 in chips) 
Seat 2: Mahu2021 (520 in chips) 
Seat 3: FlopZ7 (490 in chips) 
Riromon18: posts small blind 10
Mahu2021: posts big blind 20
*** HOLE CARDS ***
Dealt to Mahu2021 [Kc 6d]
FlopZ7: folds 
Riromon18: folds 
Uncalled bet (10) returned to Mahu2021
Mahu2021 collected 20 from pot
Mahu2021: doesn't show hand 
*** SUMMARY ***
Total pot 20 | Rake 0 
Seat 1: Riromon18 (small blind) folded before Flop
Seat 2: Mahu2021 (big blind) collected (20)
Seat 3: FlopZ7 (button) folded before Flop (didn't bet)



PokerStars Hand #243153620043: Tournament #3578927305, $9.30+$0.70 USD Hold'em No Limit - Level I (10/20) - 2023/04/17 20:47:30 CET [2023/04/17 14:47:30 ET]
Table '3578927305 1' 3-max Seat #1 is the button
Seat 1: Riromon18 (480 in chips) 
Seat 2: Mahu2021 (530 in chips) 
Seat 3: FlopZ7 (490 in chips) 
Mahu2021: posts small blind 10
FlopZ7: posts big blind 20
*** HOLE CARDS ***
Dealt to Mahu2021 [Qs 5h]
Riromon18: folds 
Mahu2021: folds 
Uncalled bet (10) returned to FlopZ7
FlopZ7 collected 20 from pot
FlopZ7: doesn't show hand 
*** SUMMARY ***
Total pot 20 | Rake 0 
Seat 1: Riromon18 (button) folded before Flop (didn't bet)
Seat 2: Mahu2021 (small blind) folded before Flop
Seat 3: FlopZ7 (big blind) collected (20)



PokerStars Hand #243153622169: Tournament #3578927305, $9.30+$0.70 USD Hold'em No Limit - Level I (10/20) - 2023/04/17 20:47:36 CET [2023/04/17 14:47:36 ET]
Table '3578927305 1' 3-max Seat #2 is the button
Seat 1: Riromon18 (480 in chips) 
Seat 2: Mahu2021 (520 in chips) 
Seat 3: FlopZ7 (500 in chips) 
FlopZ7: posts small blind 10
Riromon18: posts big blind 20
*** HOLE CARDS ***
Dealt to Mahu2021 [Qc Ad]
Mahu2021: raises 40 to 60
FlopZ7: folds 
Riromon18: folds 
Uncalled bet (40) returned to Mahu2021
Mahu2021 collected 50 from pot
Mahu2021: doesn't show hand 
*** SUMMARY ***
Total pot 50 | Rake 0 
Seat 1: Riromon18 (big blind) folded before Flop
Seat 2: Mahu2021 (button) collected (50)
Seat 3: FlopZ7 (small blind) folded before Flop



PokerStars Hand #243153625650: Tournament #3578927305, $9.30+$0.70 USD Hold'em No Limit - Level I (10/20) - 2023/04/17 20:47:45 CET [2023/04/17 14:47:45 ET]
Table '3578927305 1' 3-max Seat #3 is the button
Seat 1: Riromon18 (460 in chips) 
Seat 2: Mahu2021 (550 in chips) 
Seat 3: FlopZ7 (490 in chips) 
Riromon18: posts small blind 10
Mahu2021: posts big blind 20
*** HOLE CARDS ***
Dealt to Mahu2021 [Qh 9s]
FlopZ7: folds 
Riromon18: raises 20 to 40
Mahu2021: calls 20
*** FLOP *** [Ad 3c Ah]
Riromon18: checks 
Mahu2021: checks 
*** TURN *** [Ad 3c Ah] [6s]
Riromon18: bets 44
Mahu2021: calls 44
*** RIVER *** [Ad 3c Ah 6s] [5s]
Riromon18: checks 
Mahu2021: checks 
*** SHOW DOWN ***
Riromon18: shows [Kh 7c] (a pair of Aces)
Mahu2021: mucks hand 
Riromon18 collected 168 from pot
*** SUMMARY ***
Total pot 168 | Rake 0 
Board [Ad 3c Ah 6s 5s]
Seat 1: Riromon18 (small blind) showed [Kh 7c] and won (168) with a pair of Aces
Seat 2: Mahu2021 (big blind) mucked [Qh 9s]
Seat 3: FlopZ7 (button) folded before Flop (didn't bet)



PokerStars Hand #243153633063: Tournament #3578927305, $9.30+$0.70 USD Hold'em No Limit - Level I (10/20) - 2023/04/17 20:48:04 CET [2023/04/17 14:48:04 ET]
Table '3578927305 1' 3-max Seat #1 is the button
Seat 1: Riromon18 (544 in chips) 
Seat 2: Mahu2021 (466 in chips) 
Seat 3: FlopZ7 (490 in chips) 
Mahu2021: posts small blind 10
FlopZ7: posts big blind 20
*** HOLE CARDS ***
Dealt to Mahu2021 [7c 2h]
Riromon18: raises 20 to 40
Mahu2021: folds 
FlopZ7: folds 
Uncalled bet (20) returned to Riromon18
Riromon18 collected 50 from pot
Riromon18: doesn't show hand 
*** SUMMARY ***
Total pot 50 | Rake 0 
Seat 1: Riromon18 (button) collected (50)
Seat 2: Mahu2021 (small blind) folded before Flop
Seat 3: FlopZ7 (big blind) folded before Flop



PokerStars Hand #243153635334: Tournament #3578927305, $9.30+$0.70 USD Hold'em No Limit - Level I (10/20) - 2023/04/17 20:48:10 CET [2023/04/17 14:48:10 ET]
Table '3578927305 1' 3-max Seat #2 is the button
Seat 1: Riromon18 (574 in chips) 
Seat 2: Mahu2021 (456 in chips) 
Seat 3: FlopZ7 (470 in chips) 
FlopZ7: posts small blind 10
Riromon18: posts big blind 20
*** HOLE CARDS ***
Dealt to Mahu2021 [8d Jh]
Mahu2021: folds 
FlopZ7: folds 
Uncalled bet (10) returned to Riromon18
Riromon18 collected 20 from pot
Riromon18: doesn't show hand 
*** SUMMARY ***
Total pot 20 | Rake 0 
Seat 1: Riromon18 (big blind) collected (20)
Seat 2: Mahu2021 (button) folded before Flop (didn't bet)
Seat 3: FlopZ7 (small blind) folded before Flop



PokerStars Hand #243153637546: Tournament #3578927305, $9.30+$0.70 USD Hold'em No Limit - Level I (10/20) - 2023/04/17 20:48:16 CET [2023/04/17 14:48:16 ET]
Table '3578927305 1' 3-max Seat #3 is the button
Seat 1: Riromon18 (584 in chips) 
Seat 2: Mahu2021 (456 in chips) 
Seat 3: FlopZ7 (460 in chips) 
Riromon18: posts small blind 10
Mahu2021: posts big blind 20
*** HOLE CARDS ***
Dealt to Mahu2021 [8h 8d]
FlopZ7: folds 
Riromon18: raises 20 to 40
Mahu2021: raises 416 to 456 and is all-in
Riromon18: folds 
Uncalled bet (416) returned to Mahu2021
Mahu2021 collected 80 from pot
Mahu2021: doesn't show hand 
*** SUMMARY ***
Total pot 80 | Rake 0 
Seat 1: Riromon18 (small blind) folded before Flop
Seat 2: Mahu2021 (big blind) collected (80)
Seat 3: FlopZ7 (button) folded before Flop (didn't bet)



PokerStars Hand #243153642907: Tournament #3578927305, $9.30+$0.70 USD Hold'em No Limit - Level I (10/20) - 2023/04/17 20:48:30 CET [2023/04/17 14:48:30 ET]
Table '3578927305 1' 3-max Seat #1 is the button
Seat 1: Riromon18 (544 in chips) 
Seat 2: Mahu2021 (496 in chips) 
Seat 3: FlopZ7 (460 in chips) 
Mahu2021: posts small blind 10
FlopZ7: posts big blind 20
*** HOLE CARDS ***
Dealt to Mahu2021 [8h 6d]
Riromon18: folds 
Mahu2021: folds 
Uncalled bet (10) returned to FlopZ7
FlopZ7 collected 20 from pot
FlopZ7: doesn't show hand 
*** SUMMARY ***
Total pot 20 | Rake 0 
Seat 1: Riromon18 (button) folded before Flop (didn't bet)
Seat 2: Mahu2021 (small blind) folded before Flop
Seat 3: FlopZ7 (big blind) collected (20)



PokerStars Hand #243153646085: Tournament #3578927305, $9.30+$0.70 USD Hold'em No Limit - Level II (15/30) - 2023/04/17 20:48:39 CET [2023/04/17 14:48:39 ET]
Table '3578927305 1' 3-max Seat #2 is the button
Seat 1: Riromon18 (544 in chips) 
Seat 2: Mahu2021 (486 in chips) 
Seat 3: FlopZ7 (470 in chips) 
FlopZ7: posts small blind 15
Riromon18: posts big blind 30
*** HOLE CARDS ***
Dealt to Mahu2021 [Jd Ad]
Mahu2021: raises 30 to 60
FlopZ7: folds 
Riromon18: raises 484 to 544 and is all-in
Mahu2021: calls 426 and is all-in
Uncalled bet (58) returned to Riromon18
*** FLOP *** [9h 7s 5d]
*** TURN *** [9h 7s 5d] [9c]
*** RIVER *** [9h 7s 5d 9c] [4c]
*** SHOW DOWN ***
Riromon18: shows [6h 6d] (two pair, Nines and Sixes)
Mahu2021: shows [Jd Ad] (a pair of Nines)
Riromon18 collected 987 from pot
Mahu2021 finished the tournament in 3rd place
*** SUMMARY ***
Total pot 987 | Rake 0 
Board [9h 7s 5d 9c 4c]
Seat 1: Riromon18 (big blind) showed [6h 6d] and won (987) with two pair, Nines and Sixes
Seat 2: Mahu2021 (button) showed [Jd Ad] and lost with a pair of Nines
Seat 3: FlopZ7 (small blind) folded before Flop



