PokerStars Hand #254533121731: Tournament #3851152871, $4.60+$0.40 USD Hold'em No Limit - Level I (10/20) - 2025/01/24 20:10:39 CET [2025/01/24 14:10:39 ET]
Table '3851152871 1' 3-max Seat #1 is the button
Seat 1: Ricardo Fogo (500 in chips) 
Seat 2: laurensW162 (500 in chips) 
Seat 3: Mahu2021 (500 in chips) 
laurensW162: posts small blind 10
Mahu2021: posts big blind 20
*** HOLE CARDS ***
Dealt to Mahu2021 [Js 5d]
Ricardo Fogo: raises 480 to 500 and is all-in
laurensW162: calls 490 and is all-in
Mahu2021: folds 
*** FLOP *** [3s 9d 2h]
*** TURN *** [3s 9d 2h] [Ah]
*** RIVER *** [3s 9d 2h Ah] [Ts]
*** SHOW DOWN ***
laurensW162: shows [Ks Td] (a pair of Tens)
Ricardo Fogo: shows [4c 4d] (a pair of Fours)
laurensW162 collected 1020 from pot
Ricardo Fogo finished the tournament in 3rd place
*** SUMMARY ***
Total pot 1020 | Rake 0 
Board [3s 9d 2h Ah Ts]
Seat 1: Ricardo Fogo (button) showed [4c 4d] and lost with a pair of Fours
Seat 2: laurensW162 (small blind) showed [Ks Td] and won (1020) with a pair of Tens
Seat 3: Mahu2021 (big blind) folded before Flop



PokerStars Hand #254533126584: Tournament #3851152871, $4.60+$0.40 USD Hold'em No Limit - Level I (10/20) - 2025/01/24 20:10:56 CET [2025/01/24 14:10:56 ET]
Table '3851152871 1' 3-max Seat #3 is the button
Seat 2: laurensW162 (1020 in chips) 
Seat 3: Mahu2021 (480 in chips) 
Mahu2021: posts small blind 10
laurensW162: posts big blind 20
*** HOLE CARDS ***
Dealt to Mahu2021 [5d 4s]
Mahu2021: calls 10
laurensW162: raises 20 to 40
Mahu2021: calls 20
*** FLOP *** [4c 2h Qs]
laurensW162: checks 
Mahu2021: bets 40
laurensW162: calls 40
*** TURN *** [4c 2h Qs] [6h]
laurensW162: checks 
Mahu2021: bets 160
laurensW162: folds 
Uncalled bet (160) returned to Mahu2021
Mahu2021 collected 160 from pot
Mahu2021: doesn't show hand 
*** SUMMARY ***
Total pot 160 | Rake 0 
Board [4c 2h Qs 6h]
Seat 2: laurensW162 (big blind) folded on the Turn
Seat 3: Mahu2021 (button) (small blind) collected (160)



PokerStars Hand #254533132364: Tournament #3851152871, $4.60+$0.40 USD Hold'em No Limit - Level I (10/20) - 2025/01/24 20:11:17 CET [2025/01/24 14:11:17 ET]
Table '3851152871 1' 3-max Seat #2 is the button
Seat 2: laurensW162 (940 in chips) 
Seat 3: Mahu2021 (560 in chips) 
laurensW162: posts small blind 10
Mahu2021: posts big blind 20
*** HOLE CARDS ***
Dealt to Mahu2021 [Qs 7h]
laurensW162: folds 
Uncalled bet (10) returned to Mahu2021
Mahu2021 collected 20 from pot
Mahu2021: doesn't show hand 
*** SUMMARY ***
Total pot 20 | Rake 0 
Seat 2: laurensW162 (button) (small blind) folded before Flop
Seat 3: Mahu2021 (big blind) collected (20)



PokerStars Hand #254533133766: Tournament #3851152871, $4.60+$0.40 USD Hold'em No Limit - Level I (10/20) - 2025/01/24 20:11:21 CET [2025/01/24 14:11:21 ET]
Table '3851152871 1' 3-max Seat #3 is the button
Seat 2: laurensW162 (930 in chips) 
Seat 3: Mahu2021 (570 in chips) 
Mahu2021: posts small blind 10
laurensW162: posts big blind 20
*** HOLE CARDS ***
Dealt to Mahu2021 [4h Jc]
Mahu2021: calls 10
laurensW162: checks 
*** FLOP *** [7c Qd 4d]
laurensW162: checks 
Mahu2021: checks 
*** TURN *** [7c Qd 4d] [Ah]
laurensW162: bets 20
Mahu2021: folds 
Uncalled bet (20) returned to laurensW162
laurensW162 collected 40 from pot
laurensW162: doesn't show hand 
*** SUMMARY ***
Total pot 40 | Rake 0 
Board [7c Qd 4d Ah]
Seat 2: laurensW162 (big blind) collected (40)
Seat 3: Mahu2021 (button) (small blind) folded on the Turn



PokerStars Hand #254533137999: Tournament #3851152871, $4.60+$0.40 USD Hold'em No Limit - Level I (10/20) - 2025/01/24 20:11:37 CET [2025/01/24 14:11:37 ET]
Table '3851152871 1' 3-max Seat #2 is the button
Seat 2: laurensW162 (950 in chips) 
Seat 3: Mahu2021 (550 in chips) 
laurensW162: posts small blind 10
Mahu2021: posts big blind 20
*** HOLE CARDS ***
Dealt to Mahu2021 [2c 8s]
laurensW162: folds 
Uncalled bet (10) returned to Mahu2021
Mahu2021 collected 20 from pot
Mahu2021: doesn't show hand 
*** SUMMARY ***
Total pot 20 | Rake 0 
Seat 2: laurensW162 (button) (small blind) folded before Flop
Seat 3: Mahu2021 (big blind) collected (20)



PokerStars Hand #254533139396: Tournament #3851152871, $4.60+$0.40 USD Hold'em No Limit - Level I (10/20) - 2025/01/24 20:11:41 CET [2025/01/24 14:11:41 ET]
Table '3851152871 1' 3-max Seat #3 is the button
Seat 2: laurensW162 (940 in chips) 
Seat 3: Mahu2021 (560 in chips) 
Mahu2021: posts small blind 10
laurensW162: posts big blind 20
*** HOLE CARDS ***
Dealt to Mahu2021 [8c 9d]
Mahu2021: calls 10
laurensW162: raises 20 to 40
Mahu2021: calls 20
*** FLOP *** [2s Ks 3d]
laurensW162: bets 20
Mahu2021: folds 
Uncalled bet (20) returned to laurensW162
laurensW162 collected 80 from pot
laurensW162: doesn't show hand 
*** SUMMARY ***
Total pot 80 | Rake 0 
Board [2s Ks 3d]
Seat 2: laurensW162 (big blind) collected (80)
Seat 3: Mahu2021 (button) (small blind) folded on the Flop



PokerStars Hand #254533143589: Tournament #3851152871, $4.60+$0.40 USD Hold'em No Limit - Level I (10/20) - 2025/01/24 20:11:56 CET [2025/01/24 14:11:56 ET]
Table '3851152871 1' 3-max Seat #2 is the button
Seat 2: laurensW162 (980 in chips) 
Seat 3: Mahu2021 (520 in chips) 
laurensW162: posts small blind 10
Mahu2021: posts big blind 20
*** HOLE CARDS ***
Dealt to Mahu2021 [5s 8h]
laurensW162: calls 10
Mahu2021: checks 
*** FLOP *** [Ac 5c 5h]
Mahu2021: checks 
laurensW162: checks 
*** TURN *** [Ac 5c 5h] [Qc]
Mahu2021: checks 
laurensW162: bets 20
Mahu2021: calls 20
*** RIVER *** [Ac 5c 5h Qc] [Js]
Mahu2021: bets 480 and is all-in
laurensW162: folds 
Uncalled bet (480) returned to Mahu2021
Mahu2021 collected 80 from pot
Mahu2021: doesn't show hand 
*** SUMMARY ***
Total pot 80 | Rake 0 
Board [Ac 5c 5h Qc Js]
Seat 2: laurensW162 (button) (small blind) folded on the River
Seat 3: Mahu2021 (big blind) collected (80)



PokerStars Hand #254533148388: Tournament #3851152871, $4.60+$0.40 USD Hold'em No Limit - Level I (10/20) - 2025/01/24 20:12:13 CET [2025/01/24 14:12:13 ET]
Table '3851152871 1' 3-max Seat #3 is the button
Seat 2: laurensW162 (940 in chips) 
Seat 3: Mahu2021 (560 in chips) 
Mahu2021: posts small blind 10
laurensW162: posts big blind 20
*** HOLE CARDS ***
Dealt to Mahu2021 [4d 4h]
Mahu2021: raises 540 to 560 and is all-in
laurensW162: folds 
Uncalled bet (540) returned to Mahu2021
Mahu2021 collected 40 from pot
Mahu2021: doesn't show hand 
*** SUMMARY ***
Total pot 40 | Rake 0 
Seat 2: laurensW162 (big blind) folded before Flop
Seat 3: Mahu2021 (button) (small blind) collected (40)



PokerStars Hand #254533150185: Tournament #3851152871, $4.60+$0.40 USD Hold'em No Limit - Level I (10/20) - 2025/01/24 20:12:20 CET [2025/01/24 14:12:20 ET]
Table '3851152871 1' 3-max Seat #2 is the button
Seat 2: laurensW162 (920 in chips) 
Seat 3: Mahu2021 (580 in chips) 
laurensW162: posts small blind 10
Mahu2021: posts big blind 20
*** HOLE CARDS ***
Dealt to Mahu2021 [4c 4h]
laurensW162: raises 20 to 40
Mahu2021: calls 20
*** FLOP *** [As 5s Qc]
Mahu2021: checks 
laurensW162: bets 40
Mahu2021: folds 
Uncalled bet (40) returned to laurensW162
laurensW162 collected 80 from pot
laurensW162: doesn't show hand 
*** SUMMARY ***
Total pot 80 | Rake 0 
Board [As 5s Qc]
Seat 2: laurensW162 (button) (small blind) collected (80)
Seat 3: Mahu2021 (big blind) folded on the Flop



PokerStars Hand #254533153429: Tournament #3851152871, $4.60+$0.40 USD Hold'em No Limit - Level I (10/20) - 2025/01/24 20:12:31 CET [2025/01/24 14:12:31 ET]
Table '3851152871 1' 3-max Seat #3 is the button
Seat 2: laurensW162 (960 in chips) 
Seat 3: Mahu2021 (540 in chips) 
Mahu2021: posts small blind 10
laurensW162: posts big blind 20
*** HOLE CARDS ***
Dealt to Mahu2021 [2h Th]
Mahu2021: folds 
Uncalled bet (10) returned to laurensW162
laurensW162 collected 20 from pot
laurensW162: doesn't show hand 
*** SUMMARY ***
Total pot 20 | Rake 0 
Seat 2: laurensW162 (big blind) collected (20)
Seat 3: Mahu2021 (button) (small blind) folded before Flop



PokerStars Hand #254533154703: Tournament #3851152871, $4.60+$0.40 USD Hold'em No Limit - Level I (10/20) - 2025/01/24 20:12:36 CET [2025/01/24 14:12:36 ET]
Table '3851152871 1' 3-max Seat #2 is the button
Seat 2: laurensW162 (970 in chips) 
Seat 3: Mahu2021 (530 in chips) 
laurensW162: posts small blind 10
Mahu2021: posts big blind 20
*** HOLE CARDS ***
Dealt to Mahu2021 [Jc 9d]
laurensW162: calls 10
Mahu2021: checks 
*** FLOP *** [2d 3c 7h]
Mahu2021: checks 
laurensW162: checks 
*** TURN *** [2d 3c 7h] [8c]
Mahu2021: checks 
laurensW162: checks 
*** RIVER *** [2d 3c 7h 8c] [Jh]
Mahu2021: bets 20
laurensW162: raises 100 to 120
Mahu2021: calls 100
*** SHOW DOWN ***
laurensW162: shows [9h Ts] (a straight, Seven to Jack)
Mahu2021: mucks hand 
laurensW162 collected 280 from pot
*** SUMMARY ***
Total pot 280 | Rake 0 
Board [2d 3c 7h 8c Jh]
Seat 2: laurensW162 (button) (small blind) showed [9h Ts] and won (280) with a straight, Seven to Jack
Seat 3: Mahu2021 (big blind) mucked [Jc 9d]



PokerStars Hand #254533163742: Tournament #3851152871, $4.60+$0.40 USD Hold'em No Limit - Level II (15/30) - 2025/01/24 20:13:08 CET [2025/01/24 14:13:08 ET]
Table '3851152871 1' 3-max Seat #3 is the button
Seat 2: laurensW162 (1110 in chips) 
Seat 3: Mahu2021 (390 in chips) 
Mahu2021: posts small blind 15
laurensW162: posts big blind 30
*** HOLE CARDS ***
Dealt to Mahu2021 [9s 3d]
Mahu2021: folds 
Uncalled bet (15) returned to laurensW162
laurensW162 collected 30 from pot
laurensW162: doesn't show hand 
*** SUMMARY ***
Total pot 30 | Rake 0 
Seat 2: laurensW162 (big blind) collected (30)
Seat 3: Mahu2021 (button) (small blind) folded before Flop



PokerStars Hand #254533164834: Tournament #3851152871, $4.60+$0.40 USD Hold'em No Limit - Level II (15/30) - 2025/01/24 20:13:12 CET [2025/01/24 14:13:12 ET]
Table '3851152871 1' 3-max Seat #2 is the button
Seat 2: laurensW162 (1125 in chips) 
Seat 3: Mahu2021 (375 in chips) 
laurensW162: posts small blind 15
Mahu2021: posts big blind 30
*** HOLE CARDS ***
Dealt to Mahu2021 [Ts 7h]
laurensW162: raises 30 to 60
Mahu2021: calls 30
*** FLOP *** [9c 4c 8d]
Mahu2021: checks 
laurensW162: bets 30
Mahu2021: calls 30
*** TURN *** [9c 4c 8d] [6s]
Mahu2021: checks 
laurensW162: checks 
*** RIVER *** [9c 4c 8d 6s] [6c]
Mahu2021: bets 285 and is all-in
laurensW162: folds 
Uncalled bet (285) returned to Mahu2021
Mahu2021 collected 180 from pot
Mahu2021: doesn't show hand 
*** SUMMARY ***
Total pot 180 | Rake 0 
Board [9c 4c 8d 6s 6c]
Seat 2: laurensW162 (button) (small blind) folded on the River
Seat 3: Mahu2021 (big blind) collected (180)



PokerStars Hand #254533170370: Tournament #3851152871, $4.60+$0.40 USD Hold'em No Limit - Level II (15/30) - 2025/01/24 20:13:31 CET [2025/01/24 14:13:31 ET]
Table '3851152871 1' 3-max Seat #3 is the button
Seat 2: laurensW162 (1035 in chips) 
Seat 3: Mahu2021 (465 in chips) 
Mahu2021: posts small blind 15
laurensW162: posts big blind 30
*** HOLE CARDS ***
Dealt to Mahu2021 [Qd 9c]
Mahu2021: raises 30 to 60
laurensW162: folds 
Uncalled bet (30) returned to Mahu2021
Mahu2021 collected 60 from pot
Mahu2021: doesn't show hand 
*** SUMMARY ***
Total pot 60 | Rake 0 
Seat 2: laurensW162 (big blind) folded before Flop
Seat 3: Mahu2021 (button) (small blind) collected (60)



PokerStars Hand #254533172070: Tournament #3851152871, $4.60+$0.40 USD Hold'em No Limit - Level II (15/30) - 2025/01/24 20:13:37 CET [2025/01/24 14:13:37 ET]
Table '3851152871 1' 3-max Seat #2 is the button
Seat 2: laurensW162 (1005 in chips) 
Seat 3: Mahu2021 (495 in chips) 
laurensW162: posts small blind 15
Mahu2021: posts big blind 30
*** HOLE CARDS ***
Dealt to Mahu2021 [Kh 5c]
laurensW162: folds 
Uncalled bet (15) returned to Mahu2021
Mahu2021 collected 30 from pot
Mahu2021: doesn't show hand 
*** SUMMARY ***
Total pot 30 | Rake 0 
Seat 2: laurensW162 (button) (small blind) folded before Flop
Seat 3: Mahu2021 (big blind) collected (30)



PokerStars Hand #254533173293: Tournament #3851152871, $4.60+$0.40 USD Hold'em No Limit - Level II (15/30) - 2025/01/24 20:13:42 CET [2025/01/24 14:13:42 ET]
Table '3851152871 1' 3-max Seat #3 is the button
Seat 2: laurensW162 (990 in chips) 
Seat 3: Mahu2021 (510 in chips) 
Mahu2021: posts small blind 15
laurensW162: posts big blind 30
*** HOLE CARDS ***
Dealt to Mahu2021 [Jh 4c]
Mahu2021: calls 15
laurensW162: checks 
*** FLOP *** [5d 3h Qd]
laurensW162: checks 
Mahu2021: checks 
*** TURN *** [5d 3h Qd] [Th]
laurensW162: checks 
Mahu2021: checks 
*** RIVER *** [5d 3h Qd Th] [Kh]
laurensW162: checks 
Mahu2021: bets 60
laurensW162: folds 
Uncalled bet (60) returned to Mahu2021
Mahu2021 collected 60 from pot
Mahu2021: doesn't show hand 
*** SUMMARY ***
Total pot 60 | Rake 0 
Board [5d 3h Qd Th Kh]
Seat 2: laurensW162 (big blind) folded on the River
Seat 3: Mahu2021 (button) (small blind) collected (60)



PokerStars Hand #254533181054: Tournament #3851152871, $4.60+$0.40 USD Hold'em No Limit - Level II (15/30) - 2025/01/24 20:14:09 CET [2025/01/24 14:14:09 ET]
Table '3851152871 1' 3-max Seat #2 is the button
Seat 2: laurensW162 (960 in chips) 
Seat 3: Mahu2021 (540 in chips) 
laurensW162: posts small blind 15
Mahu2021: posts big blind 30
*** HOLE CARDS ***
Dealt to Mahu2021 [Kh Td]
laurensW162: folds 
Uncalled bet (15) returned to Mahu2021
Mahu2021 collected 30 from pot
Mahu2021: doesn't show hand 
*** SUMMARY ***
Total pot 30 | Rake 0 
Seat 2: laurensW162 (button) (small blind) folded before Flop
Seat 3: Mahu2021 (big blind) collected (30)



PokerStars Hand #254533182739: Tournament #3851152871, $4.60+$0.40 USD Hold'em No Limit - Level II (15/30) - 2025/01/24 20:14:15 CET [2025/01/24 14:14:15 ET]
Table '3851152871 1' 3-max Seat #3 is the button
Seat 2: laurensW162 (945 in chips) 
Seat 3: Mahu2021 (555 in chips) 
Mahu2021: posts small blind 15
laurensW162: posts big blind 30
*** HOLE CARDS ***
Dealt to Mahu2021 [8d Ad]
Mahu2021: raises 30 to 60
laurensW162: folds 
Uncalled bet (30) returned to Mahu2021
Mahu2021 collected 60 from pot
Mahu2021: doesn't show hand 
*** SUMMARY ***
Total pot 60 | Rake 0 
Seat 2: laurensW162 (big blind) folded before Flop
Seat 3: Mahu2021 (button) (small blind) collected (60)



PokerStars Hand #254533184954: Tournament #3851152871, $4.60+$0.40 USD Hold'em No Limit - Level II (15/30) - 2025/01/24 20:14:23 CET [2025/01/24 14:14:23 ET]
Table '3851152871 1' 3-max Seat #2 is the button
Seat 2: laurensW162 (915 in chips) 
Seat 3: Mahu2021 (585 in chips) 
laurensW162: posts small blind 15
Mahu2021: posts big blind 30
*** HOLE CARDS ***
Dealt to Mahu2021 [8c As]
laurensW162: raises 30 to 60
Mahu2021: raises 525 to 585 and is all-in
laurensW162: folds 
Uncalled bet (525) returned to Mahu2021
Mahu2021 collected 120 from pot
Mahu2021: doesn't show hand 
*** SUMMARY ***
Total pot 120 | Rake 0 
Seat 2: laurensW162 (button) (small blind) folded before Flop
Seat 3: Mahu2021 (big blind) collected (120)



PokerStars Hand #254533187880: Tournament #3851152871, $4.60+$0.40 USD Hold'em No Limit - Level II (15/30) - 2025/01/24 20:14:33 CET [2025/01/24 14:14:33 ET]
Table '3851152871 1' 3-max Seat #3 is the button
Seat 2: laurensW162 (855 in chips) 
Seat 3: Mahu2021 (645 in chips) 
Mahu2021: posts small blind 15
laurensW162: posts big blind 30
*** HOLE CARDS ***
Dealt to Mahu2021 [Kh 2d]
Mahu2021: calls 15
laurensW162: checks 
*** FLOP *** [Kd 8d 8s]
laurensW162: checks 
Mahu2021: bets 30
laurensW162: calls 30
*** TURN *** [Kd 8d 8s] [3d]
laurensW162: bets 30
Mahu2021: calls 30
*** RIVER *** [Kd 8d 8s 3d] [7h]
laurensW162: checks 
Mahu2021: checks 
*** SHOW DOWN ***
laurensW162: shows [5s 3s] (two pair, Eights and Threes)
Mahu2021: shows [Kh 2d] (two pair, Kings and Eights)
Mahu2021 collected 180 from pot
*** SUMMARY ***
Total pot 180 | Rake 0 
Board [Kd 8d 8s 3d 7h]
Seat 2: laurensW162 (big blind) showed [5s 3s] and lost with two pair, Eights and Threes
Seat 3: Mahu2021 (button) (small blind) showed [Kh 2d] and won (180) with two pair, Kings and Eights



PokerStars Hand #254533196352: Tournament #3851152871, $4.60+$0.40 USD Hold'em No Limit - Level III (20/40) - 2025/01/24 20:15:04 CET [2025/01/24 14:15:04 ET]
Table '3851152871 1' 3-max Seat #2 is the button
Seat 2: laurensW162 (765 in chips) 
Seat 3: Mahu2021 (735 in chips) 
laurensW162: posts small blind 20
Mahu2021: posts big blind 40
*** HOLE CARDS ***
Dealt to Mahu2021 [Qs 7d]
laurensW162: raises 40 to 80
Mahu2021: calls 40
*** FLOP *** [2h 8s Jd]
Mahu2021: checks 
laurensW162: bets 120
Mahu2021: folds 
Uncalled bet (120) returned to laurensW162
laurensW162 collected 160 from pot
laurensW162: doesn't show hand 
*** SUMMARY ***
Total pot 160 | Rake 0 
Board [2h 8s Jd]
Seat 2: laurensW162 (button) (small blind) collected (160)
Seat 3: Mahu2021 (big blind) folded on the Flop



PokerStars Hand #254533204090: Tournament #3851152871, $4.60+$0.40 USD Hold'em No Limit - Level III (20/40) - 2025/01/24 20:15:31 CET [2025/01/24 14:15:31 ET]
Table '3851152871 1' 3-max Seat #3 is the button
Seat 2: laurensW162 (845 in chips) 
Seat 3: Mahu2021 (655 in chips) 
Mahu2021: posts small blind 20
laurensW162: posts big blind 40
*** HOLE CARDS ***
Dealt to Mahu2021 [7d Td]
Mahu2021: raises 40 to 80
laurensW162: calls 40
*** FLOP *** [5h 7s Qc]
laurensW162: checks 
Mahu2021: bets 160
laurensW162: folds 
Uncalled bet (160) returned to Mahu2021
Mahu2021 collected 160 from pot
Mahu2021: doesn't show hand 
*** SUMMARY ***
Total pot 160 | Rake 0 
Board [5h 7s Qc]
Seat 2: laurensW162 (big blind) folded on the Flop
Seat 3: Mahu2021 (button) (small blind) collected (160)



PokerStars Hand #254533208620: Tournament #3851152871, $4.60+$0.40 USD Hold'em No Limit - Level III (20/40) - 2025/01/24 20:15:47 CET [2025/01/24 14:15:47 ET]
Table '3851152871 1' 3-max Seat #2 is the button
Seat 2: laurensW162 (765 in chips) 
Seat 3: Mahu2021 (735 in chips) 
laurensW162: posts small blind 20
Mahu2021: posts big blind 40
*** HOLE CARDS ***
Dealt to Mahu2021 [8c Jc]
laurensW162: raises 40 to 80
Mahu2021: calls 40
*** FLOP *** [4s Td Qs]
Mahu2021: checks 
laurensW162: bets 120
Mahu2021: folds 
Uncalled bet (120) returned to laurensW162
laurensW162 collected 160 from pot
laurensW162: doesn't show hand 
*** SUMMARY ***
Total pot 160 | Rake 0 
Board [4s Td Qs]
Seat 2: laurensW162 (button) (small blind) collected (160)
Seat 3: Mahu2021 (big blind) folded on the Flop



PokerStars Hand #254533212508: Tournament #3851152871, $4.60+$0.40 USD Hold'em No Limit - Level III (20/40) - 2025/01/24 20:16:01 CET [2025/01/24 14:16:01 ET]
Table '3851152871 1' 3-max Seat #3 is the button
Seat 2: laurensW162 (845 in chips) 
Seat 3: Mahu2021 (655 in chips) 
Mahu2021: posts small blind 20
laurensW162: posts big blind 40
*** HOLE CARDS ***
Dealt to Mahu2021 [6s 6c]
Mahu2021: raises 615 to 655 and is all-in
laurensW162: folds 
Uncalled bet (615) returned to Mahu2021
Mahu2021 collected 80 from pot
Mahu2021: doesn't show hand 
*** SUMMARY ***
Total pot 80 | Rake 0 
Seat 2: laurensW162 (big blind) folded before Flop
Seat 3: Mahu2021 (button) (small blind) collected (80)



PokerStars Hand #254533214369: Tournament #3851152871, $4.60+$0.40 USD Hold'em No Limit - Level III (20/40) - 2025/01/24 20:16:08 CET [2025/01/24 14:16:08 ET]
Table '3851152871 1' 3-max Seat #2 is the button
Seat 2: laurensW162 (805 in chips) 
Seat 3: Mahu2021 (695 in chips) 
laurensW162: posts small blind 20
Mahu2021: posts big blind 40
*** HOLE CARDS ***
Dealt to Mahu2021 [5h 6s]
laurensW162: raises 40 to 80
Mahu2021: calls 40
*** FLOP *** [7s 6h Jh]
Mahu2021: checks 
laurensW162: bets 80
Mahu2021: calls 80
*** TURN *** [7s 6h Jh] [8h]
Mahu2021: checks 
laurensW162: checks 
*** RIVER *** [7s 6h Jh 8h] [Tc]
Mahu2021: checks 
laurensW162: checks 
*** SHOW DOWN ***
Mahu2021: shows [5h 6s] (a pair of Sixes)
laurensW162: shows [Ts Qd] (a pair of Tens)
laurensW162 collected 320 from pot
*** SUMMARY ***
Total pot 320 | Rake 0 
Board [7s 6h Jh 8h Tc]
Seat 2: laurensW162 (button) (small blind) showed [Ts Qd] and won (320) with a pair of Tens
Seat 3: Mahu2021 (big blind) showed [5h 6s] and lost with a pair of Sixes



PokerStars Hand #254533220418: Tournament #3851152871, $4.60+$0.40 USD Hold'em No Limit - Level III (20/40) - 2025/01/24 20:16:29 CET [2025/01/24 14:16:29 ET]
Table '3851152871 1' 3-max Seat #3 is the button
Seat 2: laurensW162 (965 in chips) 
Seat 3: Mahu2021 (535 in chips) 
Mahu2021: posts small blind 20
laurensW162: posts big blind 40
*** HOLE CARDS ***
Dealt to Mahu2021 [5d Td]
Mahu2021: folds 
Uncalled bet (20) returned to laurensW162
laurensW162 collected 40 from pot
laurensW162: doesn't show hand 
*** SUMMARY ***
Total pot 40 | Rake 0 
Seat 2: laurensW162 (big blind) collected (40)
Seat 3: Mahu2021 (button) (small blind) folded before Flop



PokerStars Hand #254533222238: Tournament #3851152871, $4.60+$0.40 USD Hold'em No Limit - Level III (20/40) - 2025/01/24 20:16:35 CET [2025/01/24 14:16:35 ET]
Table '3851152871 1' 3-max Seat #2 is the button
Seat 2: laurensW162 (985 in chips) 
Seat 3: Mahu2021 (515 in chips) 
laurensW162: posts small blind 20
Mahu2021: posts big blind 40
*** HOLE CARDS ***
Dealt to Mahu2021 [9d 2s]
laurensW162: folds 
Uncalled bet (20) returned to Mahu2021
Mahu2021 collected 40 from pot
Mahu2021: doesn't show hand 
*** SUMMARY ***
Total pot 40 | Rake 0 
Seat 2: laurensW162 (button) (small blind) folded before Flop
Seat 3: Mahu2021 (big blind) collected (40)



PokerStars Hand #254533224577: Tournament #3851152871, $4.60+$0.40 USD Hold'em No Limit - Level IV (30/60) - 2025/01/24 20:16:44 CET [2025/01/24 14:16:44 ET]
Table '3851152871 1' 3-max Seat #3 is the button
Seat 2: laurensW162 (965 in chips) 
Seat 3: Mahu2021 (535 in chips) 
Mahu2021: posts small blind 30
laurensW162: posts big blind 60
*** HOLE CARDS ***
Dealt to Mahu2021 [5h Qc]
Mahu2021: calls 30
laurensW162: checks 
*** FLOP *** [7s 4c 4h]
laurensW162: checks 
Mahu2021: checks 
*** TURN *** [7s 4c 4h] [Jh]
laurensW162: checks 
Mahu2021: checks 
*** RIVER *** [7s 4c 4h Jh] [2d]
laurensW162: checks 
Mahu2021: checks 
*** SHOW DOWN ***
laurensW162: shows [3h Kc] (a pair of Fours)
Mahu2021: mucks hand 
laurensW162 collected 120 from pot
*** SUMMARY ***
Total pot 120 | Rake 0 
Board [7s 4c 4h Jh 2d]
Seat 2: laurensW162 (big blind) showed [3h Kc] and won (120) with a pair of Fours
Seat 3: Mahu2021 (button) (small blind) mucked [5h Qc]



PokerStars Hand #254533229529: Tournament #3851152871, $4.60+$0.40 USD Hold'em No Limit - Level IV (30/60) - 2025/01/24 20:17:01 CET [2025/01/24 14:17:01 ET]
Table '3851152871 1' 3-max Seat #2 is the button
Seat 2: laurensW162 (1025 in chips) 
Seat 3: Mahu2021 (475 in chips) 
laurensW162: posts small blind 30
Mahu2021: posts big blind 60
*** HOLE CARDS ***
Dealt to Mahu2021 [8c Ks]
laurensW162: raises 60 to 120
Mahu2021: calls 60
*** FLOP *** [6d 2d Jh]
Mahu2021: checks 
laurensW162: checks 
*** TURN *** [6d 2d Jh] [4d]
Mahu2021: checks 
laurensW162: checks 
*** RIVER *** [6d 2d Jh 4d] [Kd]
Mahu2021: bets 355 and is all-in
laurensW162: folds 
Uncalled bet (355) returned to Mahu2021
Mahu2021 collected 240 from pot
Mahu2021: doesn't show hand 
*** SUMMARY ***
Total pot 240 | Rake 0 
Board [6d 2d Jh 4d Kd]
Seat 2: laurensW162 (button) (small blind) folded on the River
Seat 3: Mahu2021 (big blind) collected (240)



PokerStars Hand #254533235347: Tournament #3851152871, $4.60+$0.40 USD Hold'em No Limit - Level IV (30/60) - 2025/01/24 20:17:22 CET [2025/01/24 14:17:22 ET]
Table '3851152871 1' 3-max Seat #3 is the button
Seat 2: laurensW162 (905 in chips) 
Seat 3: Mahu2021 (595 in chips) 
Mahu2021: posts small blind 30
laurensW162: posts big blind 60
*** HOLE CARDS ***
Dealt to Mahu2021 [2d Kh]
Mahu2021: calls 30
laurensW162: checks 
*** FLOP *** [5s Ah Qs]
laurensW162: checks 
Mahu2021: checks 
*** TURN *** [5s Ah Qs] [Ts]
laurensW162: checks 
Mahu2021: bets 60
laurensW162: folds 
Uncalled bet (60) returned to Mahu2021
Mahu2021 collected 120 from pot
Mahu2021: doesn't show hand 
*** SUMMARY ***
Total pot 120 | Rake 0 
Board [5s Ah Qs Ts]
Seat 2: laurensW162 (big blind) folded on the Turn
Seat 3: Mahu2021 (button) (small blind) collected (120)



PokerStars Hand #254533239879: Tournament #3851152871, $4.60+$0.40 USD Hold'em No Limit - Level IV (30/60) - 2025/01/24 20:17:38 CET [2025/01/24 14:17:38 ET]
Table '3851152871 1' 3-max Seat #2 is the button
Seat 2: laurensW162 (845 in chips) 
Seat 3: Mahu2021 (655 in chips) 
laurensW162: posts small blind 30
Mahu2021: posts big blind 60
*** HOLE CARDS ***
Dealt to Mahu2021 [5d Th]
laurensW162: raises 60 to 120
Mahu2021: folds 
Uncalled bet (60) returned to laurensW162
laurensW162 collected 120 from pot
laurensW162: doesn't show hand 
*** SUMMARY ***
Total pot 120 | Rake 0 
Seat 2: laurensW162 (button) (small blind) collected (120)
Seat 3: Mahu2021 (big blind) folded before Flop



PokerStars Hand #254533241952: Tournament #3851152871, $4.60+$0.40 USD Hold'em No Limit - Level IV (30/60) - 2025/01/24 20:17:45 CET [2025/01/24 14:17:45 ET]
Table '3851152871 1' 3-max Seat #3 is the button
Seat 2: laurensW162 (905 in chips) 
Seat 3: Mahu2021 (595 in chips) 
Mahu2021: posts small blind 30
laurensW162: posts big blind 60
*** HOLE CARDS ***
Dealt to Mahu2021 [4d 2h]
Mahu2021: folds 
Uncalled bet (30) returned to laurensW162
laurensW162 collected 60 from pot
laurensW162: doesn't show hand 
*** SUMMARY ***
Total pot 60 | Rake 0 
Seat 2: laurensW162 (big blind) collected (60)
Seat 3: Mahu2021 (button) (small blind) folded before Flop



PokerStars Hand #254533243091: Tournament #3851152871, $4.60+$0.40 USD Hold'em No Limit - Level IV (30/60) - 2025/01/24 20:17:50 CET [2025/01/24 14:17:50 ET]
Table '3851152871 1' 3-max Seat #2 is the button
Seat 2: laurensW162 (935 in chips) 
Seat 3: Mahu2021 (565 in chips) 
laurensW162: posts small blind 30
Mahu2021: posts big blind 60
*** HOLE CARDS ***
Dealt to Mahu2021 [2c Qc]
laurensW162: folds 
Uncalled bet (30) returned to Mahu2021
Mahu2021 collected 60 from pot
Mahu2021: doesn't show hand 
*** SUMMARY ***
Total pot 60 | Rake 0 
Seat 2: laurensW162 (button) (small blind) folded before Flop
Seat 3: Mahu2021 (big blind) collected (60)



PokerStars Hand #254533244720: Tournament #3851152871, $4.60+$0.40 USD Hold'em No Limit - Level IV (30/60) - 2025/01/24 20:17:55 CET [2025/01/24 14:17:55 ET]
Table '3851152871 1' 3-max Seat #3 is the button
Seat 2: laurensW162 (905 in chips) 
Seat 3: Mahu2021 (595 in chips) 
Mahu2021: posts small blind 30
laurensW162: posts big blind 60
*** HOLE CARDS ***
Dealt to Mahu2021 [Ad Js]
Mahu2021: raises 60 to 120
laurensW162: calls 60
*** FLOP *** [8d 3d Jd]
laurensW162: bets 120
Mahu2021: raises 355 to 475 and is all-in
laurensW162: calls 355
*** TURN *** [8d 3d Jd] [4s]
*** RIVER *** [8d 3d Jd 4s] [8s]
*** SHOW DOWN ***
laurensW162: shows [Ks 9d] (a pair of Eights)
Mahu2021: shows [Ad Js] (two pair, Jacks and Eights)
Mahu2021 collected 1190 from pot
*** SUMMARY ***
Total pot 1190 | Rake 0 
Board [8d 3d Jd 4s 8s]
Seat 2: laurensW162 (big blind) showed [Ks 9d] and lost with a pair of Eights
Seat 3: Mahu2021 (button) (small blind) showed [Ad Js] and won (1190) with two pair, Jacks and Eights



PokerStars Hand #254533250750: Tournament #3851152871, $4.60+$0.40 USD Hold'em No Limit - Level IV (30/60) - 2025/01/24 20:18:17 CET [2025/01/24 14:18:17 ET]
Table '3851152871 1' 3-max Seat #2 is the button
Seat 2: laurensW162 (310 in chips) 
Seat 3: Mahu2021 (1190 in chips) 
laurensW162: posts small blind 30
Mahu2021: posts big blind 60
*** HOLE CARDS ***
Dealt to Mahu2021 [Qc Kh]
laurensW162: raises 60 to 120
Mahu2021: raises 1070 to 1190 and is all-in
laurensW162: calls 190 and is all-in
Uncalled bet (880) returned to Mahu2021
*** FLOP *** [Qs Td 7h]
*** TURN *** [Qs Td 7h] [5d]
*** RIVER *** [Qs Td 7h 5d] [Jd]
*** SHOW DOWN ***
Mahu2021: shows [Qc Kh] (a pair of Queens)
laurensW162: shows [Kc 8s] (high card King)
Mahu2021 collected 620 from pot
laurensW162 finished the tournament in 2nd place
Mahu2021 wins the tournament and receives $10.00 - congratulations!
*** SUMMARY ***
Total pot 620 | Rake 0 
Board [Qs Td 7h 5d Jd]
Seat 2: laurensW162 (button) (small blind) showed [Kc 8s] and lost with high card King
Seat 3: Mahu2021 (big blind) showed [Qc Kh] and won (620) with a pair of Queens



