PokerStars Hand #247941510245: Tournament #3693242111, $1.84+$0.16 USD Hold'em No Limit - Level I (10/20) - 2023/12/29 18:51:37 CET [2023/12/29 12:51:37 ET]
Table '3693242111 1' 3-max Seat #1 is the button
Seat 1: lobinho660 (500 in chips) 
Seat 2: 01Gixxer_87 (500 in chips) 
Seat 3: Mahu2021 (500 in chips) 
01Gixxer_87: posts small blind 10
Mahu2021: posts big blind 20
*** HOLE CARDS ***
Dealt to Mahu2021 [Qc 6d]
lobinho660: raises 20 to 40
01Gixxer_87: folds 
Mahu2021: folds 
Uncalled bet (20) returned to lobinho660
lobinho660 collected 50 from pot
*** SUMMARY ***
Total pot 50 | Rake 0 
Seat 1: lobinho660 (button) collected (50)
Seat 2: 01Gixxer_87 (small blind) folded before Flop
Seat 3: Mahu2021 (big blind) folded before Flop



PokerStars Hand #247941513143: Tournament #3693242111, $1.84+$0.16 USD Hold'em No Limit - Level I (10/20) - 2023/12/29 18:51:46 CET [2023/12/29 12:51:46 ET]
Table '3693242111 1' 3-max Seat #2 is the button
Seat 1: lobinho660 (530 in chips) 
Seat 2: 01Gixxer_87 (490 in chips) 
Seat 3: Mahu2021 (480 in chips) 
Mahu2021: posts small blind 10
lobinho660: posts big blind 20
*** HOLE CARDS ***
Dealt to Mahu2021 [As 9s]
01Gixxer_87: folds 
Mahu2021: calls 10
lobinho660: checks 
*** FLOP *** [3d 9d Ts]
Mahu2021: bets 20
lobinho660: calls 20
*** TURN *** [3d 9d Ts] [4s]
Mahu2021: bets 20
lobinho660: raises 20 to 40
Mahu2021: calls 20
*** RIVER *** [3d 9d Ts 4s] [8s]
Mahu2021: bets 40
lobinho660: raises 410 to 450 and is all-in
Mahu2021: calls 360 and is all-in
Uncalled bet (50) returned to lobinho660
*** SHOW DOWN ***
lobinho660: shows [Jd 4c] (a pair of Fours)
Mahu2021: shows [As 9s] (a flush, Ace high)
Mahu2021 collected 960 from pot
*** SUMMARY ***
Total pot 960 | Rake 0 
Board [3d 9d Ts 4s 8s]
Seat 1: lobinho660 (big blind) showed [Jd 4c] and lost with a pair of Fours
Seat 2: 01Gixxer_87 (button) folded before Flop (didn't bet)
Seat 3: Mahu2021 (small blind) showed [As 9s] and won (960) with a flush, Ace high



PokerStars Hand #247941521157: Tournament #3693242111, $1.84+$0.16 USD Hold'em No Limit - Level I (10/20) - 2023/12/29 18:52:09 CET [2023/12/29 12:52:09 ET]
Table '3693242111 1' 3-max Seat #3 is the button
Seat 1: lobinho660 (50 in chips) 
Seat 2: 01Gixxer_87 (490 in chips) 
Seat 3: Mahu2021 (960 in chips) 
lobinho660: posts small blind 10
01Gixxer_87: posts big blind 20
*** HOLE CARDS ***
Dealt to Mahu2021 [9c 9h]
Mahu2021: raises 40 to 60
lobinho660: calls 40 and is all-in
01Gixxer_87: calls 40
*** FLOP *** [8h Qh Jc]
01Gixxer_87: bets 20
Mahu2021: folds 
Uncalled bet (20) returned to 01Gixxer_87
*** TURN *** [8h Qh Jc] [4s]
*** RIVER *** [8h Qh Jc 4s] [Ac]
*** SHOW DOWN ***
01Gixxer_87: shows [3d Ah] (a pair of Aces)
01Gixxer_87 collected 20 from side pot
lobinho660: shows [7h 8d] (a pair of Eights)
01Gixxer_87 collected 150 from main pot
lobinho660 finished the tournament in 3rd place
*** SUMMARY ***
Total pot 170 Main pot 150. Side pot 20. | Rake 0 
Board [8h Qh Jc 4s Ac]
Seat 1: lobinho660 (small blind) showed [7h 8d] and lost with a pair of Eights
Seat 2: 01Gixxer_87 (big blind) showed [3d Ah] and won (170) with a pair of Aces
Seat 3: Mahu2021 (button) folded on the Flop



PokerStars Hand #247941528568: Tournament #3693242111, $1.84+$0.16 USD Hold'em No Limit - Level I (10/20) - 2023/12/29 18:52:31 CET [2023/12/29 12:52:31 ET]
Table '3693242111 1' 3-max Seat #2 is the button
Seat 2: 01Gixxer_87 (600 in chips) 
Seat 3: Mahu2021 (900 in chips) 
01Gixxer_87: posts small blind 10
Mahu2021: posts big blind 20
*** HOLE CARDS ***
Dealt to Mahu2021 [4d Ad]
01Gixxer_87: raises 20 to 40
Mahu2021: calls 20
*** FLOP *** [Kh 8d 3s]
Mahu2021: checks 
01Gixxer_87: bets 40
Mahu2021: folds 
Uncalled bet (40) returned to 01Gixxer_87
01Gixxer_87 collected 80 from pot
*** SUMMARY ***
Total pot 80 | Rake 0 
Board [Kh 8d 3s]
Seat 2: 01Gixxer_87 (button) (small blind) collected (80)
Seat 3: Mahu2021 (big blind) folded on the Flop



PokerStars Hand #247941532508: Tournament #3693242111, $1.84+$0.16 USD Hold'em No Limit - Level I (10/20) - 2023/12/29 18:52:42 CET [2023/12/29 12:52:42 ET]
Table '3693242111 1' 3-max Seat #3 is the button
Seat 2: 01Gixxer_87 (640 in chips) 
Seat 3: Mahu2021 (860 in chips) 
Mahu2021: posts small blind 10
01Gixxer_87: posts big blind 20
*** HOLE CARDS ***
Dealt to Mahu2021 [7c Ks]
Mahu2021: calls 10
01Gixxer_87: checks 
*** FLOP *** [Js 6c Kh]
01Gixxer_87: checks 
Mahu2021: bets 40
01Gixxer_87: calls 40
*** TURN *** [Js 6c Kh] [9d]
01Gixxer_87: checks 
Mahu2021: checks 
*** RIVER *** [Js 6c Kh 9d] [8h]
01Gixxer_87: bets 40
Mahu2021: calls 40
*** SHOW DOWN ***
01Gixxer_87: shows [8c Qh] (a pair of Eights)
Mahu2021: shows [7c Ks] (a pair of Kings)
Mahu2021 collected 200 from pot
*** SUMMARY ***
Total pot 200 | Rake 0 
Board [Js 6c Kh 9d 8h]
Seat 2: 01Gixxer_87 (big blind) showed [8c Qh] and lost with a pair of Eights
Seat 3: Mahu2021 (button) (small blind) showed [7c Ks] and won (200) with a pair of Kings



PokerStars Hand #247941538878: Tournament #3693242111, $1.84+$0.16 USD Hold'em No Limit - Level I (10/20) - 2023/12/29 18:53:01 CET [2023/12/29 12:53:01 ET]
Table '3693242111 1' 3-max Seat #2 is the button
Seat 2: 01Gixxer_87 (540 in chips) 
Seat 3: Mahu2021 (960 in chips) 
01Gixxer_87: posts small blind 10
Mahu2021: posts big blind 20
*** HOLE CARDS ***
Dealt to Mahu2021 [Ks Qd]
01Gixxer_87: calls 10
Mahu2021: raises 40 to 60
01Gixxer_87: folds 
Uncalled bet (40) returned to Mahu2021
Mahu2021 collected 40 from pot
Mahu2021: doesn't show hand 
*** SUMMARY ***
Total pot 40 | Rake 0 
Seat 2: 01Gixxer_87 (button) (small blind) folded before Flop
Seat 3: Mahu2021 (big blind) collected (40)



PokerStars Hand #247941541873: Tournament #3693242111, $1.84+$0.16 USD Hold'em No Limit - Level I (10/20) - 2023/12/29 18:53:10 CET [2023/12/29 12:53:10 ET]
Table '3693242111 1' 3-max Seat #3 is the button
Seat 2: 01Gixxer_87 (520 in chips) 
Seat 3: Mahu2021 (980 in chips) 
Mahu2021: posts small blind 10
01Gixxer_87: posts big blind 20
*** HOLE CARDS ***
Dealt to Mahu2021 [Ks 8c]
Mahu2021: calls 10
01Gixxer_87: checks 
*** FLOP *** [Ts 9s Jd]
01Gixxer_87: bets 20
Mahu2021: calls 20
*** TURN *** [Ts 9s Jd] [7d]
01Gixxer_87: bets 40
Mahu2021: calls 40
*** RIVER *** [Ts 9s Jd 7d] [Qd]
01Gixxer_87: bets 60
Mahu2021: raises 840 to 900 and is all-in
01Gixxer_87: folds 
Uncalled bet (840) returned to Mahu2021
Mahu2021 collected 280 from pot
Mahu2021: doesn't show hand 
*** SUMMARY ***
Total pot 280 | Rake 0 
Board [Ts 9s Jd 7d Qd]
Seat 2: 01Gixxer_87 (big blind) folded on the River
Seat 3: Mahu2021 (button) (small blind) collected (280)



PokerStars Hand #247941548125: Tournament #3693242111, $1.84+$0.16 USD Hold'em No Limit - Level I (10/20) - 2023/12/29 18:53:29 CET [2023/12/29 12:53:29 ET]
Table '3693242111 1' 3-max Seat #2 is the button
Seat 2: 01Gixxer_87 (380 in chips) 
Seat 3: Mahu2021 (1120 in chips) 
01Gixxer_87: posts small blind 10
Mahu2021: posts big blind 20
*** HOLE CARDS ***
Dealt to Mahu2021 [9c 8d]
01Gixxer_87: folds 
Uncalled bet (10) returned to Mahu2021
Mahu2021 collected 20 from pot
Mahu2021: doesn't show hand 
*** SUMMARY ***
Total pot 20 | Rake 0 
Seat 2: 01Gixxer_87 (button) (small blind) folded before Flop
Seat 3: Mahu2021 (big blind) collected (20)



PokerStars Hand #247941549642: Tournament #3693242111, $1.84+$0.16 USD Hold'em No Limit - Level I (10/20) - 2023/12/29 18:53:33 CET [2023/12/29 12:53:33 ET]
Table '3693242111 1' 3-max Seat #3 is the button
Seat 2: 01Gixxer_87 (370 in chips) 
Seat 3: Mahu2021 (1130 in chips) 
Mahu2021: posts small blind 10
01Gixxer_87: posts big blind 20
*** HOLE CARDS ***
Dealt to Mahu2021 [4h 9s]
Mahu2021: folds 
Uncalled bet (10) returned to 01Gixxer_87
01Gixxer_87 collected 20 from pot
*** SUMMARY ***
Total pot 20 | Rake 0 
Seat 2: 01Gixxer_87 (big blind) collected (20)
Seat 3: Mahu2021 (button) (small blind) folded before Flop



PokerStars Hand #247941553314: Tournament #3693242111, $1.84+$0.16 USD Hold'em No Limit - Level II (15/30) - 2023/12/29 18:53:44 CET [2023/12/29 12:53:44 ET]
Table '3693242111 1' 3-max Seat #2 is the button
Seat 2: 01Gixxer_87 (380 in chips) 
Seat 3: Mahu2021 (1120 in chips) 
01Gixxer_87: posts small blind 15
Mahu2021: posts big blind 30
*** HOLE CARDS ***
Dealt to Mahu2021 [Kd Qc]
01Gixxer_87: folds 
Uncalled bet (15) returned to Mahu2021
Mahu2021 collected 30 from pot
Mahu2021: doesn't show hand 
*** SUMMARY ***
Total pot 30 | Rake 0 
Seat 2: 01Gixxer_87 (button) (small blind) folded before Flop
Seat 3: Mahu2021 (big blind) collected (30)



PokerStars Hand #247941555026: Tournament #3693242111, $1.84+$0.16 USD Hold'em No Limit - Level II (15/30) - 2023/12/29 18:53:49 CET [2023/12/29 12:53:49 ET]
Table '3693242111 1' 3-max Seat #3 is the button
Seat 2: 01Gixxer_87 (365 in chips) 
Seat 3: Mahu2021 (1135 in chips) 
Mahu2021: posts small blind 15
01Gixxer_87: posts big blind 30
*** HOLE CARDS ***
Dealt to Mahu2021 [6s Ad]
Mahu2021: calls 15
01Gixxer_87: raises 335 to 365 and is all-in
Mahu2021: calls 335
*** FLOP *** [2d 3c 3s]
*** TURN *** [2d 3c 3s] [4h]
*** RIVER *** [2d 3c 3s 4h] [2h]
*** SHOW DOWN ***
01Gixxer_87: shows [4c 4d] (a full house, Fours full of Threes)
Mahu2021: shows [6s Ad] (two pair, Threes and Deuces)
01Gixxer_87 collected 730 from pot
*** SUMMARY ***
Total pot 730 | Rake 0 
Board [2d 3c 3s 4h 2h]
Seat 2: 01Gixxer_87 (big blind) showed [4c 4d] and won (730) with a full house, Fours full of Threes
Seat 3: Mahu2021 (button) (small blind) showed [6s Ad] and lost with two pair, Threes and Deuces



PokerStars Hand #247941560541: Tournament #3693242111, $1.84+$0.16 USD Hold'em No Limit - Level II (15/30) - 2023/12/29 18:54:05 CET [2023/12/29 12:54:05 ET]
Table '3693242111 1' 3-max Seat #2 is the button
Seat 2: 01Gixxer_87 (730 in chips) 
Seat 3: Mahu2021 (770 in chips) 
01Gixxer_87: posts small blind 15
Mahu2021: posts big blind 30
*** HOLE CARDS ***
Dealt to Mahu2021 [8d 4h]
01Gixxer_87: calls 15
Mahu2021: checks 
*** FLOP *** [8s 9s 9c]
Mahu2021: checks 
01Gixxer_87: bets 30
Mahu2021: calls 30
*** TURN *** [8s 9s 9c] [7s]
Mahu2021: checks 
01Gixxer_87: bets 30
Mahu2021: calls 30
*** RIVER *** [8s 9s 9c 7s] [Ah]
Mahu2021: checks 
01Gixxer_87: bets 60
Mahu2021: calls 60
*** SHOW DOWN ***
01Gixxer_87: shows [4c Qc] (a pair of Nines)
Mahu2021: shows [8d 4h] (two pair, Nines and Eights)
Mahu2021 collected 300 from pot
*** SUMMARY ***
Total pot 300 | Rake 0 
Board [8s 9s 9c 7s Ah]
Seat 2: 01Gixxer_87 (button) (small blind) showed [4c Qc] and lost with a pair of Nines
Seat 3: Mahu2021 (big blind) showed [8d 4h] and won (300) with two pair, Nines and Eights



PokerStars Hand #247941566033: Tournament #3693242111, $1.84+$0.16 USD Hold'em No Limit - Level II (15/30) - 2023/12/29 18:54:21 CET [2023/12/29 12:54:21 ET]
Table '3693242111 1' 3-max Seat #3 is the button
Seat 2: 01Gixxer_87 (580 in chips) 
Seat 3: Mahu2021 (920 in chips) 
Mahu2021: posts small blind 15
01Gixxer_87: posts big blind 30
*** HOLE CARDS ***
Dealt to Mahu2021 [4s Th]
Mahu2021: folds 
Uncalled bet (15) returned to 01Gixxer_87
01Gixxer_87 collected 30 from pot
*** SUMMARY ***
Total pot 30 | Rake 0 
Seat 2: 01Gixxer_87 (big blind) collected (30)
Seat 3: Mahu2021 (button) (small blind) folded before Flop



PokerStars Hand #247941567681: Tournament #3693242111, $1.84+$0.16 USD Hold'em No Limit - Level II (15/30) - 2023/12/29 18:54:26 CET [2023/12/29 12:54:26 ET]
Table '3693242111 1' 3-max Seat #2 is the button
Seat 2: 01Gixxer_87 (595 in chips) 
Seat 3: Mahu2021 (905 in chips) 
01Gixxer_87: posts small blind 15
Mahu2021: posts big blind 30
*** HOLE CARDS ***
Dealt to Mahu2021 [8d Kh]
01Gixxer_87: raises 30 to 60
Mahu2021: calls 30
*** FLOP *** [7d Td 9d]
Mahu2021: checks 
01Gixxer_87: bets 30
Mahu2021: calls 30
*** TURN *** [7d Td 9d] [Ah]
Mahu2021: checks 
01Gixxer_87: bets 60
Mahu2021: calls 60
*** RIVER *** [7d Td 9d Ah] [5h]
Mahu2021: checks 
01Gixxer_87: bets 60
Mahu2021: folds 
Uncalled bet (60) returned to 01Gixxer_87
01Gixxer_87 collected 300 from pot
*** SUMMARY ***
Total pot 300 | Rake 0 
Board [7d Td 9d Ah 5h]
Seat 2: 01Gixxer_87 (button) (small blind) collected (300)
Seat 3: Mahu2021 (big blind) folded on the River



PokerStars Hand #247941574245: Tournament #3693242111, $1.84+$0.16 USD Hold'em No Limit - Level II (15/30) - 2023/12/29 18:54:46 CET [2023/12/29 12:54:46 ET]
Table '3693242111 1' 3-max Seat #3 is the button
Seat 2: 01Gixxer_87 (745 in chips) 
Seat 3: Mahu2021 (755 in chips) 
Mahu2021: posts small blind 15
01Gixxer_87: posts big blind 30
*** HOLE CARDS ***
Dealt to Mahu2021 [9c 8s]
Mahu2021: calls 15
01Gixxer_87: checks 
*** FLOP *** [9h Kd 5d]
01Gixxer_87: checks 
Mahu2021: bets 60
01Gixxer_87: calls 60
*** TURN *** [9h Kd 5d] [Jh]
01Gixxer_87: bets 60
Mahu2021: calls 60
*** RIVER *** [9h Kd 5d Jh] [Ac]
01Gixxer_87: bets 60
Mahu2021: calls 60
*** SHOW DOWN ***
01Gixxer_87: shows [Jd 2c] (a pair of Jacks)
Mahu2021: mucks hand 
01Gixxer_87 collected 420 from pot
*** SUMMARY ***
Total pot 420 | Rake 0 
Board [9h Kd 5d Jh Ac]
Seat 2: 01Gixxer_87 (big blind) showed [Jd 2c] and won (420) with a pair of Jacks
Seat 3: Mahu2021 (button) (small blind) mucked [9c 8s]



PokerStars Hand #247941580092: Tournament #3693242111, $1.84+$0.16 USD Hold'em No Limit - Level II (15/30) - 2023/12/29 18:55:03 CET [2023/12/29 12:55:03 ET]
Table '3693242111 1' 3-max Seat #2 is the button
Seat 2: 01Gixxer_87 (955 in chips) 
Seat 3: Mahu2021 (545 in chips) 
01Gixxer_87: posts small blind 15
Mahu2021: posts big blind 30
*** HOLE CARDS ***
Dealt to Mahu2021 [9c 7c]
01Gixxer_87: folds 
Uncalled bet (15) returned to Mahu2021
Mahu2021 collected 30 from pot
Mahu2021: doesn't show hand 
*** SUMMARY ***
Total pot 30 | Rake 0 
Seat 2: 01Gixxer_87 (button) (small blind) folded before Flop
Seat 3: Mahu2021 (big blind) collected (30)



PokerStars Hand #247941581275: Tournament #3693242111, $1.84+$0.16 USD Hold'em No Limit - Level II (15/30) - 2023/12/29 18:55:07 CET [2023/12/29 12:55:07 ET]
Table '3693242111 1' 3-max Seat #3 is the button
Seat 2: 01Gixxer_87 (940 in chips) 
Seat 3: Mahu2021 (560 in chips) 
Mahu2021: posts small blind 15
01Gixxer_87: posts big blind 30
*** HOLE CARDS ***
Dealt to Mahu2021 [Ah Qs]
Mahu2021: raises 30 to 60
01Gixxer_87: calls 30
*** FLOP *** [Ks 3c 8s]
01Gixxer_87: bets 30
Mahu2021: calls 30
*** TURN *** [Ks 3c 8s] [2c]
01Gixxer_87: bets 60
Mahu2021: folds 
Uncalled bet (60) returned to 01Gixxer_87
01Gixxer_87 collected 180 from pot
*** SUMMARY ***
Total pot 180 | Rake 0 
Board [Ks 3c 8s 2c]
Seat 2: 01Gixxer_87 (big blind) collected (180)
Seat 3: Mahu2021 (button) (small blind) folded on the Turn



PokerStars Hand #247941584639: Tournament #3693242111, $1.84+$0.16 USD Hold'em No Limit - Level II (15/30) - 2023/12/29 18:55:22 CET [2023/12/29 12:55:22 ET]
Table '3693242111 1' 3-max Seat #2 is the button
Seat 2: 01Gixxer_87 (1030 in chips) 
Seat 3: Mahu2021 (470 in chips) 
01Gixxer_87: posts small blind 15
Mahu2021: posts big blind 30
*** HOLE CARDS ***
Dealt to Mahu2021 [8c 4d]
01Gixxer_87: raises 30 to 60
Mahu2021: folds 
Uncalled bet (30) returned to 01Gixxer_87
01Gixxer_87 collected 60 from pot
*** SUMMARY ***
Total pot 60 | Rake 0 
Seat 2: 01Gixxer_87 (button) (small blind) collected (60)
Seat 3: Mahu2021 (big blind) folded before Flop



PokerStars Hand #247941586055: Tournament #3693242111, $1.84+$0.16 USD Hold'em No Limit - Level II (15/30) - 2023/12/29 18:55:28 CET [2023/12/29 12:55:28 ET]
Table '3693242111 1' 3-max Seat #3 is the button
Seat 2: 01Gixxer_87 (1060 in chips) 
Seat 3: Mahu2021 (440 in chips) 
Mahu2021: posts small blind 15
01Gixxer_87: posts big blind 30
*** HOLE CARDS ***
Dealt to Mahu2021 [Qs Ac]
Mahu2021: raises 30 to 60
01Gixxer_87: raises 1000 to 1060 and is all-in
Mahu2021: calls 380 and is all-in
Uncalled bet (620) returned to 01Gixxer_87
*** FLOP *** [Kh Ad Tc]
*** TURN *** [Kh Ad Tc] [Jh]
*** RIVER *** [Kh Ad Tc Jh] [As]
*** SHOW DOWN ***
01Gixxer_87: shows [7s 7h] (two pair, Aces and Sevens)
Mahu2021: shows [Qs Ac] (a straight, Ten to Ace)
Mahu2021 collected 880 from pot
*** SUMMARY ***
Total pot 880 | Rake 0 
Board [Kh Ad Tc Jh As]
Seat 2: 01Gixxer_87 (big blind) showed [7s 7h] and lost with two pair, Aces and Sevens
Seat 3: Mahu2021 (button) (small blind) showed [Qs Ac] and won (880) with a straight, Ten to Ace



PokerStars Hand #247941589994: Tournament #3693242111, $1.84+$0.16 USD Hold'em No Limit - Level III (20/40) - 2023/12/29 18:55:44 CET [2023/12/29 12:55:44 ET]
Table '3693242111 1' 3-max Seat #2 is the button
Seat 2: 01Gixxer_87 (620 in chips) 
Seat 3: Mahu2021 (880 in chips) 
01Gixxer_87: posts small blind 20
Mahu2021: posts big blind 40
*** HOLE CARDS ***
Dealt to Mahu2021 [6d Jd]
01Gixxer_87: raises 40 to 80
Mahu2021: calls 40
*** FLOP *** [6h 3d 5h]
Mahu2021: bets 800 and is all-in
01Gixxer_87: calls 540 and is all-in
Uncalled bet (260) returned to Mahu2021
*** TURN *** [6h 3d 5h] [9c]
*** RIVER *** [6h 3d 5h 9c] [9h]
*** SHOW DOWN ***
Mahu2021: shows [6d Jd] (two pair, Nines and Sixes)
01Gixxer_87: shows [7h Qh] (a flush, Queen high)
01Gixxer_87 collected 1240 from pot
*** SUMMARY ***
Total pot 1240 | Rake 0 
Board [6h 3d 5h 9c 9h]
Seat 2: 01Gixxer_87 (button) (small blind) showed [7h Qh] and won (1240) with a flush, Queen high
Seat 3: Mahu2021 (big blind) showed [6d Jd] and lost with two pair, Nines and Sixes



PokerStars Hand #247941593686: Tournament #3693242111, $1.84+$0.16 USD Hold'em No Limit - Level III (20/40) - 2023/12/29 18:56:00 CET [2023/12/29 12:56:00 ET]
Table '3693242111 1' 3-max Seat #3 is the button
Seat 2: 01Gixxer_87 (1240 in chips) 
Seat 3: Mahu2021 (260 in chips) 
Mahu2021: posts small blind 20
01Gixxer_87: posts big blind 40
*** HOLE CARDS ***
Dealt to Mahu2021 [8d 4d]
Mahu2021: calls 20
01Gixxer_87: raises 40 to 80
Mahu2021: folds 
Uncalled bet (40) returned to 01Gixxer_87
01Gixxer_87 collected 80 from pot
*** SUMMARY ***
Total pot 80 | Rake 0 
Seat 2: 01Gixxer_87 (big blind) collected (80)
Seat 3: Mahu2021 (button) (small blind) folded before Flop



PokerStars Hand #247941595406: Tournament #3693242111, $1.84+$0.16 USD Hold'em No Limit - Level III (20/40) - 2023/12/29 18:56:07 CET [2023/12/29 12:56:07 ET]
Table '3693242111 1' 3-max Seat #2 is the button
Seat 2: 01Gixxer_87 (1280 in chips) 
Seat 3: Mahu2021 (220 in chips) 
01Gixxer_87: posts small blind 20
Mahu2021: posts big blind 40
*** HOLE CARDS ***
Dealt to Mahu2021 [7s 7d]
01Gixxer_87: raises 40 to 80
Mahu2021: raises 140 to 220 and is all-in
01Gixxer_87: calls 140
*** FLOP *** [3d Js 2s]
*** TURN *** [3d Js 2s] [Jd]
*** RIVER *** [3d Js 2s Jd] [6d]
*** SHOW DOWN ***
Mahu2021: shows [7s 7d] (two pair, Jacks and Sevens)
01Gixxer_87: shows [9s 9d] (two pair, Jacks and Nines)
01Gixxer_87 collected 440 from pot
Mahu2021 finished the tournament in 2nd place
01Gixxer_87 wins the tournament and receives $4.00 - congratulations!
*** SUMMARY ***
Total pot 440 | Rake 0 
Board [3d Js 2s Jd 6d]
Seat 2: 01Gixxer_87 (button) (small blind) showed [9s 9d] and won (440) with two pair, Jacks and Nines
Seat 3: Mahu2021 (big blind) showed [7s 7d] and lost with two pair, Jacks and Sevens



