PokerStars Hand #252758052345: Tournament #3807963404, $0.96+$0.04 USD Hold'em No Limit - Match Round I, Level I (25/50) - 2024/10/04 9:44:39 CET [2024/10/04 3:44:39 ET]
Table '3807963404 3' 4-max Seat #1 is the button
Seat 1: Mahu2021 (500 in chips) 
Seat 2: DestroLok (500 in chips) 
Seat 3: grin4eg (500 in chips) 
Seat 4: EllisReginaFan (500 in chips) 
Mahu2021: posts the ante 10
DestroLok: posts the ante 10
grin4eg: posts the ante 10
EllisReginaFan: posts the ante 10
DestroLok: posts small blind 25
grin4eg: posts big blind 50
*** HOLE CARDS ***
Dealt to Mahu2021 [Jd 5c]
EllisReginaFan: folds 
Mahu2021: folds 
DestroLok: calls 25
grin4eg: checks 
*** FLOP *** [Ah 5h 7h]
DestroLok: checks 
grin4eg: checks 
*** TURN *** [Ah 5h 7h] [Ad]
DestroLok: checks 
grin4eg: bets 70
DestroLok: folds 
Uncalled bet (70) returned to grin4eg
grin4eg collected 140 from pot
*** SUMMARY ***
Total pot 140 | Rake 0 
Board [Ah 5h 7h Ad]
Seat 1: Mahu2021 (button) folded before Flop (didn't bet)
Seat 2: DestroLok (small blind) folded on the Turn
Seat 3: grin4eg (big blind) collected (140)
Seat 4: EllisReginaFan folded before Flop (didn't bet)



PokerStars Hand #252758054823: Tournament #3807963404, $0.96+$0.04 USD Hold'em No Limit - Match Round I, Level I (25/50) - 2024/10/04 9:45:03 CET [2024/10/04 3:45:03 ET]
Table '3807963404 3' 4-max Seat #2 is the button
Seat 1: Mahu2021 (490 in chips) 
Seat 2: DestroLok (440 in chips) 
Seat 3: grin4eg (580 in chips) 
Seat 4: EllisReginaFan (490 in chips) 
Mahu2021: posts the ante 10
DestroLok: posts the ante 10
grin4eg: posts the ante 10
EllisReginaFan: posts the ante 10
grin4eg: posts small blind 25
EllisReginaFan: posts big blind 50
*** HOLE CARDS ***
Dealt to Mahu2021 [3c 6c]
Mahu2021: folds 
DestroLok: folds 
grin4eg: raises 75 to 125
EllisReginaFan: calls 75
*** FLOP *** [Kd 7s Kc]
grin4eg: bets 145
EllisReginaFan: folds 
Uncalled bet (145) returned to grin4eg
grin4eg collected 290 from pot
*** SUMMARY ***
Total pot 290 | Rake 0 
Board [Kd 7s Kc]
Seat 1: Mahu2021 folded before Flop (didn't bet)
Seat 2: DestroLok (button) folded before Flop (didn't bet)
Seat 3: grin4eg (small blind) collected (290)
Seat 4: EllisReginaFan (big blind) folded on the Flop



PokerStars Hand #252758057484: Tournament #3807963404, $0.96+$0.04 USD Hold'em No Limit - Match Round I, Level I (25/50) - 2024/10/04 9:45:30 CET [2024/10/04 3:45:30 ET]
Table '3807963404 3' 4-max Seat #3 is the button
Seat 1: Mahu2021 (480 in chips) 
Seat 2: DestroLok (430 in chips) 
Seat 3: grin4eg (735 in chips) 
Seat 4: EllisReginaFan (355 in chips) 
Mahu2021: posts the ante 10
DestroLok: posts the ante 10
grin4eg: posts the ante 10
EllisReginaFan: posts the ante 10
EllisReginaFan: posts small blind 25
Mahu2021: posts big blind 50
*** HOLE CARDS ***
Dealt to Mahu2021 [4d Kh]
DestroLok: folds 
grin4eg: folds 
EllisReginaFan: raises 50 to 100
Mahu2021: calls 50
*** FLOP *** [9c 3d 7d]
EllisReginaFan: checks 
Mahu2021: checks 
*** TURN *** [9c 3d 7d] [Kc]
EllisReginaFan: bets 100
Mahu2021: raises 270 to 370 and is all-in
EllisReginaFan: calls 145 and is all-in
Uncalled bet (125) returned to Mahu2021
*** RIVER *** [9c 3d 7d Kc] [5s]
*** SHOW DOWN ***
EllisReginaFan: shows [Jh Kd] (a pair of Kings)
Mahu2021: shows [4d Kh] (a pair of Kings - lower kicker)
EllisReginaFan collected 730 from pot
*** SUMMARY ***
Total pot 730 | Rake 0 
Board [9c 3d 7d Kc 5s]
Seat 1: Mahu2021 (big blind) showed [4d Kh] and lost with a pair of Kings
Seat 2: DestroLok folded before Flop (didn't bet)
Seat 3: grin4eg (button) folded before Flop (didn't bet)
Seat 4: EllisReginaFan (small blind) showed [Jh Kd] and won (730) with a pair of Kings



PokerStars Hand #252758059867: Tournament #3807963404, $0.96+$0.04 USD Hold'em No Limit - Match Round I, Level I (25/50) - 2024/10/04 9:45:54 CET [2024/10/04 3:45:54 ET]
Table '3807963404 3' 4-max Seat #4 is the button
Seat 1: Mahu2021 (125 in chips) 
Seat 2: DestroLok (420 in chips) 
Seat 3: grin4eg (725 in chips) 
Seat 4: EllisReginaFan (730 in chips) 
Mahu2021: posts the ante 10
DestroLok: posts the ante 10
grin4eg: posts the ante 10
EllisReginaFan: posts the ante 10
Mahu2021: posts small blind 25
DestroLok: posts big blind 50
*** HOLE CARDS ***
Dealt to Mahu2021 [Td 9d]
grin4eg: folds 
EllisReginaFan: folds 
Mahu2021: raises 65 to 115 and is all-in
DestroLok: calls 65
*** FLOP *** [8c 5c 9s]
*** TURN *** [8c 5c 9s] [Jc]
*** RIVER *** [8c 5c 9s Jc] [7c]
*** SHOW DOWN ***
Mahu2021: shows [Td 9d] (a straight, Seven to Jack)
DestroLok: shows [Th Ks] (a straight, Seven to Jack)
Mahu2021 collected 135 from pot
DestroLok collected 135 from pot
*** SUMMARY ***
Total pot 270 | Rake 0 
Board [8c 5c 9s Jc 7c]
Seat 1: Mahu2021 (small blind) showed [Td 9d] and won (135) with a straight, Seven to Jack
Seat 2: DestroLok (big blind) showed [Th Ks] and won (135) with a straight, Seven to Jack
Seat 3: grin4eg folded before Flop (didn't bet)
Seat 4: EllisReginaFan (button) folded before Flop (didn't bet)



PokerStars Hand #252758061574: Tournament #3807963404, $0.96+$0.04 USD Hold'em No Limit - Match Round I, Level I (25/50) - 2024/10/04 9:46:10 CET [2024/10/04 3:46:10 ET]
Table '3807963404 3' 4-max Seat #1 is the button
Seat 1: Mahu2021 (135 in chips) 
Seat 2: DestroLok (430 in chips) 
Seat 3: grin4eg (715 in chips) 
Seat 4: EllisReginaFan (720 in chips) 
Mahu2021: posts the ante 10
DestroLok: posts the ante 10
grin4eg: posts the ante 10
EllisReginaFan: posts the ante 10
DestroLok: posts small blind 25
grin4eg: posts big blind 50
*** HOLE CARDS ***
Dealt to Mahu2021 [Kc 6h]
EllisReginaFan: calls 50
Mahu2021: raises 75 to 125 and is all-in
DestroLok: folds 
grin4eg: calls 75
EllisReginaFan: folds 
*** FLOP *** [8h Jd 2d]
*** TURN *** [8h Jd 2d] [Ac]
*** RIVER *** [8h Jd 2d Ac] [6s]
*** SHOW DOWN ***
grin4eg: shows [7c 3s] (high card Ace)
Mahu2021: shows [Kc 6h] (a pair of Sixes)
Mahu2021 collected 365 from pot
*** SUMMARY ***
Total pot 365 | Rake 0 
Board [8h Jd 2d Ac 6s]
Seat 1: Mahu2021 (button) showed [Kc 6h] and won (365) with a pair of Sixes
Seat 2: DestroLok (small blind) folded before Flop
Seat 3: grin4eg (big blind) showed [7c 3s] and lost with high card Ace
Seat 4: EllisReginaFan folded before Flop



PokerStars Hand #252758063920: Tournament #3807963404, $0.96+$0.04 USD Hold'em No Limit - Match Round I, Level I (25/50) - 2024/10/04 9:46:33 CET [2024/10/04 3:46:33 ET]
Table '3807963404 3' 4-max Seat #2 is the button
Seat 1: Mahu2021 (365 in chips) 
Seat 2: DestroLok (395 in chips) 
Seat 3: grin4eg (580 in chips) 
Seat 4: EllisReginaFan (660 in chips) 
Mahu2021: posts the ante 10
DestroLok: posts the ante 10
grin4eg: posts the ante 10
EllisReginaFan: posts the ante 10
grin4eg: posts small blind 25
EllisReginaFan: posts big blind 50
*** HOLE CARDS ***
Dealt to Mahu2021 [2c 8d]
Mahu2021: folds 
DestroLok: calls 50
grin4eg: raises 520 to 570 and is all-in
EllisReginaFan: folds 
DestroLok: folds 
Uncalled bet (520) returned to grin4eg
grin4eg collected 190 from pot
*** SUMMARY ***
Total pot 190 | Rake 0 
Seat 1: Mahu2021 folded before Flop (didn't bet)
Seat 2: DestroLok (button) folded before Flop
Seat 3: grin4eg (small blind) collected (190)
Seat 4: EllisReginaFan (big blind) folded before Flop



PokerStars Hand #252758065342: Tournament #3807963404, $0.96+$0.04 USD Hold'em No Limit - Match Round I, Level I (25/50) - 2024/10/04 9:46:47 CET [2024/10/04 3:46:47 ET]
Table '3807963404 3' 4-max Seat #3 is the button
Seat 1: Mahu2021 (355 in chips) 
Seat 2: DestroLok (335 in chips) 
Seat 3: grin4eg (710 in chips) 
Seat 4: EllisReginaFan (600 in chips) 
Mahu2021: posts the ante 10
DestroLok: posts the ante 10
grin4eg: posts the ante 10
EllisReginaFan: posts the ante 10
EllisReginaFan: posts small blind 25
Mahu2021: posts big blind 50
*** HOLE CARDS ***
Dealt to Mahu2021 [2h 7d]
DestroLok: folds 
grin4eg: folds 
EllisReginaFan: calls 25
Mahu2021: checks 
*** FLOP *** [Td 7c 3d]
EllisReginaFan: checks 
Mahu2021: bets 295 and is all-in
EllisReginaFan: calls 295
*** TURN *** [Td 7c 3d] [8c]
*** RIVER *** [Td 7c 3d 8c] [Ad]
*** SHOW DOWN ***
EllisReginaFan: shows [7s 8d] (two pair, Eights and Sevens)
Mahu2021: shows [2h 7d] (a pair of Sevens)
EllisReginaFan collected 730 from pot
Mahu2021 finished the tournament in 12th place
*** SUMMARY ***
Total pot 730 | Rake 0 
Board [Td 7c 3d 8c Ad]
Seat 1: Mahu2021 (big blind) showed [2h 7d] and lost with a pair of Sevens
Seat 2: DestroLok folded before Flop (didn't bet)
Seat 3: grin4eg (button) folded before Flop (didn't bet)
Seat 4: EllisReginaFan (small blind) showed [7s 8d] and won (730) with two pair, Eights and Sevens



