PokerStars Hand #251448892756: Tournament #3776964294, $1.84+$0.16 USD Hold'em No Limit - Level I (10/20) - 2024/07/12 11:38:45 CET [2024/07/12 5:38:45 ET]
Table '3776964294 1' 3-max Seat #1 is the button
Seat 1: Odko122445 (500 in chips) 
Seat 2: uzbelov (500 in chips) 
Seat 3: Mahu2021 (500 in chips) 
uzbelov: posts small blind 10
Mahu2021: posts big blind 20
*** HOLE CARDS ***
Dealt to Mahu2021 [7s 4h]
Odko122445: folds 
uzbelov: raises 20 to 40
Mahu2021: calls 20
*** FLOP *** [2h Jh Ks]
uzbelov: bets 40
Mahu2021: folds 
Uncalled bet (40) returned to uzbelov
uzbelov collected 80 from pot
uzbelov: doesn't show hand 
*** SUMMARY ***
Total pot 80 | Rake 0 
Board [2h Jh Ks]
Seat 1: Odko122445 (button) folded before Flop (didn't bet)
Seat 2: uzbelov (small blind) collected (80)
Seat 3: Mahu2021 (big blind) folded on the Flop



PokerStars Hand #251448894077: Tournament #3776964294, $1.84+$0.16 USD Hold'em No Limit - Level I (10/20) - 2024/07/12 11:38:56 CET [2024/07/12 5:38:56 ET]
Table '3776964294 1' 3-max Seat #2 is the button
Seat 1: Odko122445 (500 in chips) 
Seat 2: uzbelov (540 in chips) 
Seat 3: Mahu2021 (460 in chips) 
Mahu2021: posts small blind 10
Odko122445: posts big blind 20
*** HOLE CARDS ***
Dealt to Mahu2021 [Jd 6s]
uzbelov: folds 
Mahu2021: folds 
Uncalled bet (10) returned to Odko122445
Odko122445 collected 20 from pot
Odko122445: doesn't show hand 
*** SUMMARY ***
Total pot 20 | Rake 0 
Seat 1: Odko122445 (big blind) collected (20)
Seat 2: uzbelov (button) folded before Flop (didn't bet)
Seat 3: Mahu2021 (small blind) folded before Flop



PokerStars Hand #251448894814: Tournament #3776964294, $1.84+$0.16 USD Hold'em No Limit - Level I (10/20) - 2024/07/12 11:39:02 CET [2024/07/12 5:39:02 ET]
Table '3776964294 1' 3-max Seat #3 is the button
Seat 1: Odko122445 (510 in chips) 
Seat 2: uzbelov (540 in chips) 
Seat 3: Mahu2021 (450 in chips) 
Odko122445: posts small blind 10
uzbelov: posts big blind 20
*** HOLE CARDS ***
Dealt to Mahu2021 [Ah Qc]
Mahu2021: raises 20 to 40
Odko122445: calls 30
uzbelov: calls 20
*** FLOP *** [9d 9s 5h]
Odko122445: checks 
uzbelov: bets 60
Mahu2021: folds 
Odko122445: calls 60
*** TURN *** [9d 9s 5h] [7h]
Odko122445: checks 
uzbelov: checks 
*** RIVER *** [9d 9s 5h 7h] [6s]
Odko122445: bets 100
uzbelov: folds 
Uncalled bet (100) returned to Odko122445
Odko122445 collected 240 from pot
Odko122445: doesn't show hand 
*** SUMMARY ***
Total pot 240 | Rake 0 
Board [9d 9s 5h 7h 6s]
Seat 1: Odko122445 (small blind) collected (240)
Seat 2: uzbelov (big blind) folded on the River
Seat 3: Mahu2021 (button) folded on the Flop



PokerStars Hand #251448897735: Tournament #3776964294, $1.84+$0.16 USD Hold'em No Limit - Level I (10/20) - 2024/07/12 11:39:27 CET [2024/07/12 5:39:27 ET]
Table '3776964294 1' 3-max Seat #1 is the button
Seat 1: Odko122445 (650 in chips) 
Seat 2: uzbelov (440 in chips) 
Seat 3: Mahu2021 (410 in chips) 
uzbelov: posts small blind 10
Mahu2021: posts big blind 20
*** HOLE CARDS ***
Dealt to Mahu2021 [9d Js]
Odko122445: folds 
uzbelov: raises 20 to 40
Mahu2021: calls 20
*** FLOP *** [Th 3d Qc]
uzbelov: checks 
Mahu2021: bets 80
uzbelov: calls 80
*** TURN *** [Th 3d Qc] [As]
uzbelov: checks 
Mahu2021: bets 290 and is all-in
uzbelov: folds 
Uncalled bet (290) returned to Mahu2021
Mahu2021 collected 240 from pot
Mahu2021: doesn't show hand 
*** SUMMARY ***
Total pot 240 | Rake 0 
Board [Th 3d Qc As]
Seat 1: Odko122445 (button) folded before Flop (didn't bet)
Seat 2: uzbelov (small blind) folded on the Turn
Seat 3: Mahu2021 (big blind) collected (240)



PokerStars Hand #251448900099: Tournament #3776964294, $1.84+$0.16 USD Hold'em No Limit - Level I (10/20) - 2024/07/12 11:39:48 CET [2024/07/12 5:39:48 ET]
Table '3776964294 1' 3-max Seat #2 is the button
Seat 1: Odko122445 (650 in chips) 
Seat 2: uzbelov (320 in chips) 
Seat 3: Mahu2021 (530 in chips) 
Mahu2021: posts small blind 10
Odko122445: posts big blind 20
*** HOLE CARDS ***
Dealt to Mahu2021 [6d 2h]
uzbelov: folds 
Mahu2021: folds 
Uncalled bet (10) returned to Odko122445
Odko122445 collected 20 from pot
Odko122445: doesn't show hand 
*** SUMMARY ***
Total pot 20 | Rake 0 
Seat 1: Odko122445 (big blind) collected (20)
Seat 2: uzbelov (button) folded before Flop (didn't bet)
Seat 3: Mahu2021 (small blind) folded before Flop



PokerStars Hand #251448900862: Tournament #3776964294, $1.84+$0.16 USD Hold'em No Limit - Level I (10/20) - 2024/07/12 11:39:54 CET [2024/07/12 5:39:54 ET]
Table '3776964294 1' 3-max Seat #3 is the button
Seat 1: Odko122445 (660 in chips) 
Seat 2: uzbelov (320 in chips) 
Seat 3: Mahu2021 (520 in chips) 
Odko122445: posts small blind 10
uzbelov: posts big blind 20
*** HOLE CARDS ***
Dealt to Mahu2021 [7c 5h]
Mahu2021: folds 
Odko122445: calls 10
uzbelov: checks 
*** FLOP *** [Jc Jd Kc]
Odko122445: bets 20
uzbelov: folds 
Uncalled bet (20) returned to Odko122445
Odko122445 collected 40 from pot
Odko122445: doesn't show hand 
*** SUMMARY ***
Total pot 40 | Rake 0 
Board [Jc Jd Kc]
Seat 1: Odko122445 (small blind) collected (40)
Seat 2: uzbelov (big blind) folded on the Flop
Seat 3: Mahu2021 (button) folded before Flop (didn't bet)



PokerStars Hand #251448902523: Tournament #3776964294, $1.84+$0.16 USD Hold'em No Limit - Level I (10/20) - 2024/07/12 11:40:08 CET [2024/07/12 5:40:08 ET]
Table '3776964294 1' 3-max Seat #1 is the button
Seat 1: Odko122445 (680 in chips) 
Seat 2: uzbelov (300 in chips) 
Seat 3: Mahu2021 (520 in chips) 
uzbelov: posts small blind 10
Mahu2021: posts big blind 20
*** HOLE CARDS ***
Dealt to Mahu2021 [Kd 8s]
Odko122445: folds 
uzbelov: folds 
Uncalled bet (10) returned to Mahu2021
Mahu2021 collected 20 from pot
Mahu2021: doesn't show hand 
*** SUMMARY ***
Total pot 20 | Rake 0 
Seat 1: Odko122445 (button) folded before Flop (didn't bet)
Seat 2: uzbelov (small blind) folded before Flop
Seat 3: Mahu2021 (big blind) collected (20)



PokerStars Hand #251448903416: Tournament #3776964294, $1.84+$0.16 USD Hold'em No Limit - Level I (10/20) - 2024/07/12 11:40:16 CET [2024/07/12 5:40:16 ET]
Table '3776964294 1' 3-max Seat #2 is the button
Seat 1: Odko122445 (680 in chips) 
Seat 2: uzbelov (290 in chips) 
Seat 3: Mahu2021 (530 in chips) 
Mahu2021: posts small blind 10
Odko122445: posts big blind 20
*** HOLE CARDS ***
Dealt to Mahu2021 [Qd 2d]
uzbelov: folds 
Mahu2021: calls 10
Odko122445: raises 40 to 60
Mahu2021: calls 40
*** FLOP *** [9h 8c Kc]
Mahu2021: checks 
Odko122445: checks 
*** TURN *** [9h 8c Kc] [Ac]
Mahu2021: bets 40
Odko122445: calls 40
*** RIVER *** [9h 8c Kc Ac] [6s]
Mahu2021: checks 
Odko122445: bets 100
Mahu2021: folds 
Uncalled bet (100) returned to Odko122445
Odko122445 collected 200 from pot
Odko122445: doesn't show hand 
*** SUMMARY ***
Total pot 200 | Rake 0 
Board [9h 8c Kc Ac 6s]
Seat 1: Odko122445 (big blind) collected (200)
Seat 2: uzbelov (button) folded before Flop (didn't bet)
Seat 3: Mahu2021 (small blind) folded on the River



PokerStars Hand #251448906021: Tournament #3776964294, $1.84+$0.16 USD Hold'em No Limit - Level I (10/20) - 2024/07/12 11:40:38 CET [2024/07/12 5:40:38 ET]
Table '3776964294 1' 3-max Seat #3 is the button
Seat 1: Odko122445 (780 in chips) 
Seat 2: uzbelov (290 in chips) 
Seat 3: Mahu2021 (430 in chips) 
Odko122445: posts small blind 10
uzbelov: posts big blind 20
*** HOLE CARDS ***
Dealt to Mahu2021 [6h Js]
Mahu2021: folds 
Odko122445: calls 10
uzbelov: checks 
*** FLOP *** [6s Tc Kc]
Odko122445: checks 
uzbelov: checks 
*** TURN *** [6s Tc Kc] [Jd]
Odko122445: bets 20
uzbelov: folds 
Uncalled bet (20) returned to Odko122445
Odko122445 collected 40 from pot
Odko122445: doesn't show hand 
*** SUMMARY ***
Total pot 40 | Rake 0 
Board [6s Tc Kc Jd]
Seat 1: Odko122445 (small blind) collected (40)
Seat 2: uzbelov (big blind) folded on the Turn
Seat 3: Mahu2021 (button) folded before Flop (didn't bet)



PokerStars Hand #251448907581: Tournament #3776964294, $1.84+$0.16 USD Hold'em No Limit - Level I (10/20) - 2024/07/12 11:40:51 CET [2024/07/12 5:40:51 ET]
Table '3776964294 1' 3-max Seat #1 is the button
Seat 1: Odko122445 (800 in chips) 
Seat 2: uzbelov (270 in chips) 
Seat 3: Mahu2021 (430 in chips) 
uzbelov: posts small blind 10
Mahu2021: posts big blind 20
*** HOLE CARDS ***
Dealt to Mahu2021 [Qh 6c]
Odko122445: folds 
uzbelov: folds 
Uncalled bet (10) returned to Mahu2021
Mahu2021 collected 20 from pot
Mahu2021: doesn't show hand 
*** SUMMARY ***
Total pot 20 | Rake 0 
Seat 1: Odko122445 (button) folded before Flop (didn't bet)
Seat 2: uzbelov (small blind) folded before Flop
Seat 3: Mahu2021 (big blind) collected (20)



PokerStars Hand #251448908812: Tournament #3776964294, $1.84+$0.16 USD Hold'em No Limit - Level I (10/20) - 2024/07/12 11:41:01 CET [2024/07/12 5:41:01 ET]
Table '3776964294 1' 3-max Seat #2 is the button
Seat 1: Odko122445 (800 in chips) 
Seat 2: uzbelov (260 in chips) 
Seat 3: Mahu2021 (440 in chips) 
Mahu2021: posts small blind 10
Odko122445: posts big blind 20
*** HOLE CARDS ***
Dealt to Mahu2021 [Qh 9d]
uzbelov: raises 20 to 40
Mahu2021: calls 30
Odko122445: folds 
*** FLOP *** [Th 8d 7h]
Mahu2021: checks 
uzbelov: bets 220 and is all-in
Mahu2021: calls 220
*** TURN *** [Th 8d 7h] [Ks]
*** RIVER *** [Th 8d 7h Ks] [2d]
*** SHOW DOWN ***
Mahu2021: shows [Qh 9d] (high card King)
uzbelov: shows [As Ah] (a pair of Aces)
uzbelov collected 540 from pot
*** SUMMARY ***
Total pot 540 | Rake 0 
Board [Th 8d 7h Ks 2d]
Seat 1: Odko122445 (big blind) folded before Flop
Seat 2: uzbelov (button) showed [As Ah] and won (540) with a pair of Aces
Seat 3: Mahu2021 (small blind) showed [Qh 9d] and lost with high card King



PokerStars Hand #251448911101: Tournament #3776964294, $1.84+$0.16 USD Hold'em No Limit - Level I (10/20) - 2024/07/12 11:41:21 CET [2024/07/12 5:41:21 ET]
Table '3776964294 1' 3-max Seat #3 is the button
Seat 1: Odko122445 (780 in chips) 
Seat 2: uzbelov (540 in chips) 
Seat 3: Mahu2021 (180 in chips) 
Odko122445: posts small blind 10
uzbelov: posts big blind 20
*** HOLE CARDS ***
Dealt to Mahu2021 [9h Ah]
Mahu2021: raises 160 to 180 and is all-in
Odko122445: folds 
uzbelov: folds 
Uncalled bet (160) returned to Mahu2021
Mahu2021 collected 50 from pot
Mahu2021: doesn't show hand 
*** SUMMARY ***
Total pot 50 | Rake 0 
Seat 1: Odko122445 (small blind) folded before Flop
Seat 2: uzbelov (big blind) folded before Flop
Seat 3: Mahu2021 (button) collected (50)



PokerStars Hand #251448911995: Tournament #3776964294, $1.84+$0.16 USD Hold'em No Limit - Level I (10/20) - 2024/07/12 11:41:29 CET [2024/07/12 5:41:29 ET]
Table '3776964294 1' 3-max Seat #1 is the button
Seat 1: Odko122445 (770 in chips) 
Seat 2: uzbelov (520 in chips) 
Seat 3: Mahu2021 (210 in chips) 
uzbelov: posts small blind 10
Mahu2021: posts big blind 20
*** HOLE CARDS ***
Dealt to Mahu2021 [6c 4h]
Odko122445: raises 40 to 60
uzbelov: folds 
Mahu2021: folds 
Uncalled bet (40) returned to Odko122445
Odko122445 collected 50 from pot
Odko122445: doesn't show hand 
*** SUMMARY ***
Total pot 50 | Rake 0 
Seat 1: Odko122445 (button) collected (50)
Seat 2: uzbelov (small blind) folded before Flop
Seat 3: Mahu2021 (big blind) folded before Flop



PokerStars Hand #251448912776: Tournament #3776964294, $1.84+$0.16 USD Hold'em No Limit - Level I (10/20) - 2024/07/12 11:41:36 CET [2024/07/12 5:41:36 ET]
Table '3776964294 1' 3-max Seat #2 is the button
Seat 1: Odko122445 (800 in chips) 
Seat 2: uzbelov (510 in chips) 
Seat 3: Mahu2021 (190 in chips) 
Mahu2021: posts small blind 10
Odko122445: posts big blind 20
*** HOLE CARDS ***
Dealt to Mahu2021 [9c Ks]
uzbelov: folds 
Mahu2021: raises 20 to 40
Odko122445: folds 
Uncalled bet (20) returned to Mahu2021
Mahu2021 collected 40 from pot
Mahu2021: doesn't show hand 
*** SUMMARY ***
Total pot 40 | Rake 0 
Seat 1: Odko122445 (big blind) folded before Flop
Seat 2: uzbelov (button) folded before Flop (didn't bet)
Seat 3: Mahu2021 (small blind) collected (40)



PokerStars Hand #251448913840: Tournament #3776964294, $1.84+$0.16 USD Hold'em No Limit - Level I (10/20) - 2024/07/12 11:41:45 CET [2024/07/12 5:41:45 ET]
Table '3776964294 1' 3-max Seat #3 is the button
Seat 1: Odko122445 (780 in chips) 
Seat 2: uzbelov (510 in chips) 
Seat 3: Mahu2021 (210 in chips) 
Odko122445: posts small blind 10
uzbelov: posts big blind 20
*** HOLE CARDS ***
Dealt to Mahu2021 [Ks 6h]
Mahu2021: folds 
Odko122445: raises 40 to 60
uzbelov: calls 40
*** FLOP *** [Ts 3s 5c]
Odko122445: bets 60
uzbelov: calls 60
*** TURN *** [Ts 3s 5c] [Ah]
Odko122445: bets 660 and is all-in
uzbelov: folds 
Uncalled bet (660) returned to Odko122445
Odko122445 collected 240 from pot
Odko122445: doesn't show hand 
*** SUMMARY ***
Total pot 240 | Rake 0 
Board [Ts 3s 5c Ah]
Seat 1: Odko122445 (small blind) collected (240)
Seat 2: uzbelov (big blind) folded on the Turn
Seat 3: Mahu2021 (button) folded before Flop (didn't bet)



PokerStars Hand #251448916743: Tournament #3776964294, $1.84+$0.16 USD Hold'em No Limit - Level II (15/30) - 2024/07/12 11:42:10 CET [2024/07/12 5:42:10 ET]
Table '3776964294 1' 3-max Seat #1 is the button
Seat 1: Odko122445 (900 in chips) 
Seat 2: uzbelov (390 in chips) 
Seat 3: Mahu2021 (210 in chips) 
uzbelov: posts small blind 15
Mahu2021: posts big blind 30
*** HOLE CARDS ***
Dealt to Mahu2021 [8c 5h]
Odko122445: raises 75 to 105
uzbelov: folds 
Mahu2021: folds 
Uncalled bet (75) returned to Odko122445
Odko122445 collected 75 from pot
Odko122445: doesn't show hand 
*** SUMMARY ***
Total pot 75 | Rake 0 
Seat 1: Odko122445 (button) collected (75)
Seat 2: uzbelov (small blind) folded before Flop
Seat 3: Mahu2021 (big blind) folded before Flop



PokerStars Hand #251448917518: Tournament #3776964294, $1.84+$0.16 USD Hold'em No Limit - Level II (15/30) - 2024/07/12 11:42:17 CET [2024/07/12 5:42:17 ET]
Table '3776964294 1' 3-max Seat #2 is the button
Seat 1: Odko122445 (945 in chips) 
Seat 2: uzbelov (375 in chips) 
Seat 3: Mahu2021 (180 in chips) 
Mahu2021: posts small blind 15
Odko122445: posts big blind 30
*** HOLE CARDS ***
Dealt to Mahu2021 [Ac 8c]
uzbelov: folds 
Mahu2021: raises 30 to 60
Odko122445: calls 30
*** FLOP *** [2h Th 3c]
Mahu2021: bets 30
Odko122445: raises 180 to 210
Mahu2021: calls 90 and is all-in
Uncalled bet (90) returned to Odko122445
*** TURN *** [2h Th 3c] [Jh]
*** RIVER *** [2h Th 3c Jh] [5c]
*** SHOW DOWN ***
Mahu2021: shows [Ac 8c] (high card Ace)
Odko122445: shows [4h 3h] (a flush, Jack high)
Odko122445 collected 360 from pot
Mahu2021 finished the tournament in 3rd place
*** SUMMARY ***
Total pot 360 | Rake 0 
Board [2h Th 3c Jh 5c]
Seat 1: Odko122445 (big blind) showed [4h 3h] and won (360) with a flush, Jack high
Seat 2: uzbelov (button) folded before Flop (didn't bet)
Seat 3: Mahu2021 (small blind) showed [Ac 8c] and lost with high card Ace



