PokerStars Zoom Hand #254367070155:  Hold'em No Limit ($0.05/$0.10) - 2025/01/14 16:30:45 CET [2025/01/14 10:30:45 ET]
Table 'Aludra' 6-max Seat #1 is the button
Seat 1: aly_dinamo10 ($30.05 in chips) 
Seat 2: alan the boy ($12.14 in chips) 
Seat 3: Mahu2021 ($10 in chips) 
Seat 4: seonghwee ($15.64 in chips) 
Seat 5: fzzyl ($10 in chips) 
Seat 6: DJNezz ($16.86 in chips) 
alan the boy: posts small blind $0.05
Mahu2021: posts big blind $0.10
*** HOLE CARDS ***
Dealt to Mahu2021 [Th 4c]
seonghwee: folds 
fzzyl: raises $0.15 to $0.25
DJNezz: folds 
aly_dinamo10: folds 
alan the boy: folds 
Mahu2021: folds 
Uncalled bet ($0.15) returned to fzzyl
fzzyl collected $0.25 from pot
fzzyl: doesn't show hand 
*** SUMMARY ***
Total pot $0.25 | Rake $0 
Seat 1: aly_dinamo10 (button) folded before Flop (didn't bet)
Seat 2: alan the boy (small blind) folded before Flop
Seat 3: Mahu2021 (big blind) folded before Flop
Seat 4: seonghwee folded before Flop (didn't bet)
Seat 5: fzzyl collected ($0.25)
Seat 6: DJNezz folded before Flop (didn't bet)



PokerStars Zoom Hand #254367071918:  Hold'em No Limit ($0.05/$0.10) - 2025/01/14 16:30:53 CET [2025/01/14 10:30:53 ET]
Table 'Aludra' 6-max Seat #1 is the button
Seat 1: Podyto ($10.14 in chips) 
Seat 2: Mahu2021 ($9.90 in chips) 
Seat 3: Bananmats ($11.37 in chips) 
Seat 4: icuis ($8.12 in chips) 
Seat 5: mr.Huubb ($15.62 in chips) 
Seat 6: LÁSZLÓMESTER ($12.06 in chips) 
Mahu2021: posts small blind $0.05
Bananmats: posts big blind $0.10
*** HOLE CARDS ***
Dealt to Mahu2021 [Js Qs]
icuis: raises $0.15 to $0.25
mr.Huubb: folds 
LÁSZLÓMESTER: folds 
Podyto: folds 
Mahu2021: calls $0.20
Bananmats: calls $0.15
*** FLOP *** [Ad 2c 4c]
Mahu2021: checks 
Bananmats: checks 
icuis: bets $0.14
Mahu2021: folds 
Bananmats: calls $0.14
*** TURN *** [Ad 2c 4c] [Ks]
Bananmats: bets $0.50
icuis: calls $0.50
*** RIVER *** [Ad 2c 4c Ks] [3s]
Bananmats: checks 
icuis: checks 
*** SHOW DOWN ***
Bananmats: shows [As Jh] (a pair of Aces)
icuis: mucks hand 
Bananmats collected $1.94 from pot
*** SUMMARY ***
Total pot $2.03 | Rake $0.09 
Board [Ad 2c 4c Ks 3s]
Seat 1: Podyto (button) folded before Flop (didn't bet)
Seat 2: Mahu2021 (small blind) folded on the Flop
Seat 3: Bananmats (big blind) showed [As Jh] and won ($1.94) with a pair of Aces
Seat 4: icuis mucked [9h 9d]
Seat 5: mr.Huubb folded before Flop (didn't bet)
Seat 6: LÁSZLÓMESTER folded before Flop (didn't bet)



PokerStars Zoom Hand #254367076390:  Hold'em No Limit ($0.05/$0.10) - 2025/01/14 16:31:14 CET [2025/01/14 10:31:14 ET]
Table 'Aludra' 6-max Seat #1 is the button
Seat 1: Mahu2021 ($9.65 in chips) 
Seat 2: shortstackpro ($10.35 in chips) 
Seat 3: pokking876 ($13.83 in chips) 
Seat 4: mitchy1777 ($10.20 in chips) 
Seat 5: Gobi000 ($18.40 in chips) 
Seat 6: marios199922 ($10.10 in chips) 
shortstackpro: posts small blind $0.05
pokking876: posts big blind $0.10
*** HOLE CARDS ***
Dealt to Mahu2021 [8c 9s]
mitchy1777: folds 
Gobi000: folds 
marios199922: folds 
Mahu2021: raises $0.20 to $0.30
shortstackpro: calls $0.25
pokking876: folds 
*** FLOP *** [Ad 5c Td]
shortstackpro: checks 
Mahu2021: checks 
*** TURN *** [Ad 5c Td] [8d]
shortstackpro: bets $0.67
Mahu2021: folds 
Uncalled bet ($0.67) returned to shortstackpro
shortstackpro collected $0.67 from pot
shortstackpro: doesn't show hand 
*** SUMMARY ***
Total pot $0.70 | Rake $0.03 
Board [Ad 5c Td 8d]
Seat 1: Mahu2021 (button) folded on the Turn
Seat 2: shortstackpro (small blind) collected ($0.67)
Seat 3: pokking876 (big blind) folded before Flop
Seat 4: mitchy1777 folded before Flop (didn't bet)
Seat 5: Gobi000 folded before Flop (didn't bet)
Seat 6: marios199922 folded before Flop (didn't bet)



PokerStars Zoom Hand #254367081720:  Hold'em No Limit ($0.05/$0.10) - 2025/01/14 16:31:39 CET [2025/01/14 10:31:39 ET]
Table 'Aludra' 6-max Seat #1 is the button
Seat 1: LovID ($18.22 in chips) 
Seat 2: Pesulle ($13.87 in chips) 
Seat 3: mitchy1777 ($20.03 in chips) 
Seat 4: Mahu2021 ($9.35 in chips) 
Seat 5: Cheeeeerrss1 ($19.92 in chips) 
Seat 6: ppapandppap ($11.31 in chips) 
Pesulle: posts small blind $0.05
mitchy1777: posts big blind $0.10
*** HOLE CARDS ***
Dealt to Mahu2021 [8c Ah]
Mahu2021: folds 
Cheeeeerrss1: folds 
ppapandppap: folds 
LovID: raises $0.15 to $0.25
Pesulle: folds 
mitchy1777: folds 
Uncalled bet ($0.15) returned to LovID
LovID collected $0.25 from pot
LovID: doesn't show hand 
*** SUMMARY ***
Total pot $0.25 | Rake $0 
Seat 1: LovID (button) collected ($0.25)
Seat 2: Pesulle (small blind) folded before Flop
Seat 3: mitchy1777 (big blind) folded before Flop
Seat 4: Mahu2021 folded before Flop (didn't bet)
Seat 5: Cheeeeerrss1 folded before Flop (didn't bet)
Seat 6: ppapandppap folded before Flop (didn't bet)



PokerStars Zoom Hand #254367083452:  Hold'em No Limit ($0.05/$0.10) - 2025/01/14 16:31:47 CET [2025/01/14 10:31:47 ET]
Table 'Aludra' 6-max Seat #1 is the button
Seat 1: Ranks73 ($17.72 in chips) 
Seat 2: Schorschi08 ($7.84 in chips) 
Seat 3: Mahu2021 ($9.35 in chips) 
Seat 4: fzzyl ($10 in chips) 
Seat 5: DJNezz ($22.42 in chips) 
Seat 6: aly_dinamo10 ($21.93 in chips) 
Schorschi08: posts small blind $0.05
Mahu2021: posts big blind $0.10
*** HOLE CARDS ***
Dealt to Mahu2021 [Kh Qd]
fzzyl: folds 
DJNezz: folds 
aly_dinamo10: folds 
Ranks73: folds 
Schorschi08: folds 
Uncalled bet ($0.05) returned to Mahu2021
Mahu2021 collected $0.10 from pot
Mahu2021: doesn't show hand 
*** SUMMARY ***
Total pot $0.10 | Rake $0 
Seat 1: Ranks73 (button) folded before Flop (didn't bet)
Seat 2: Schorschi08 (small blind) folded before Flop
Seat 3: Mahu2021 (big blind) collected ($0.10)
Seat 4: fzzyl folded before Flop (didn't bet)
Seat 5: DJNezz folded before Flop (didn't bet)
Seat 6: aly_dinamo10 folded before Flop (didn't bet)



PokerStars Zoom Hand #254367087916:  Hold'em No Limit ($0.05/$0.10) - 2025/01/14 16:32:08 CET [2025/01/14 10:32:08 ET]
Table 'Aludra' 6-max Seat #1 is the button
Seat 1: bachlucky ($28.46 in chips) 
Seat 2: Mahu2021 ($9.40 in chips) 
Seat 3: mitchy1777 ($10.55 in chips) 
Seat 4: plum ^o_o^ ($23.80 in chips) 
Seat 5: marbles224 ($7.13 in chips) 
Seat 6: Andrei232Zah ($4.09 in chips) 
Mahu2021: posts small blind $0.05
mitchy1777: posts big blind $0.10
*** HOLE CARDS ***
Dealt to Mahu2021 [Ac Qd]
plum ^o_o^: folds 
marbles224: folds 
Andrei232Zah: folds 
bachlucky: folds 
Mahu2021: raises $0.20 to $0.30
mitchy1777: folds 
Uncalled bet ($0.20) returned to Mahu2021
Mahu2021 collected $0.20 from pot
Mahu2021: doesn't show hand 
*** SUMMARY ***
Total pot $0.20 | Rake $0 
Seat 1: bachlucky (button) folded before Flop (didn't bet)
Seat 2: Mahu2021 (small blind) collected ($0.20)
Seat 3: mitchy1777 (big blind) folded before Flop
Seat 4: plum ^o_o^ folded before Flop (didn't bet)
Seat 5: marbles224 folded before Flop (didn't bet)
Seat 6: Andrei232Zah folded before Flop (didn't bet)



PokerStars Zoom Hand #254367082804:  Hold'em No Limit ($0.05/$0.10) - 2025/01/14 16:31:44 CET [2025/01/14 10:31:44 ET]
Table 'Aludra' 6-max Seat #1 is the button
Seat 1: Cheeeeerrss1 ($17.52 in chips) 
Seat 2: mr.Huubb ($9.90 in chips) 
Seat 3: ppapandppap ($11.31 in chips) 
Seat 4: JB00888 ($6.56 in chips) 
Seat 5: lima307919 ($10.79 in chips) 
Seat 6: Mahu2021 ($9.35 in chips) 
mr.Huubb: posts small blind $0.05
ppapandppap: posts big blind $0.10
*** HOLE CARDS ***
Dealt to Mahu2021 [Th 3h]
JB00888: calls $0.10
lima307919: raises $0.10 to $0.20
Mahu2021: folds 
Cheeeeerrss1: folds 
mr.Huubb: folds 
ppapandppap: folds 
JB00888: calls $0.10
*** FLOP *** [Qd 7d 8d]
JB00888: checks 
lima307919: bets $0.10
JB00888: calls $0.10
*** TURN *** [Qd 7d 8d] [Jd]
JB00888: checks 
lima307919: bets $0.10
JB00888: calls $0.10
*** RIVER *** [Qd 7d 8d Jd] [9h]
JB00888: checks 
lima307919: checks 
*** SHOW DOWN ***
JB00888: shows [2s 2c] (a pair of Deuces)
lima307919: shows [Jc Jh] (three of a kind, Jacks)
lima307919 collected $0.91 from pot
*** SUMMARY ***
Total pot $0.95 | Rake $0.04 
Board [Qd 7d 8d Jd 9h]
Seat 1: Cheeeeerrss1 (button) folded before Flop (didn't bet)
Seat 2: mr.Huubb (small blind) folded before Flop
Seat 3: ppapandppap (big blind) folded before Flop
Seat 4: JB00888 showed [2s 2c] and lost with a pair of Deuces
Seat 5: lima307919 showed [Jc Jh] and won ($0.91) with three of a kind, Jacks
Seat 6: Mahu2021 folded before Flop (didn't bet)



PokerStars Zoom Hand #254367090006:  Hold'em No Limit ($0.05/$0.10) - 2025/01/14 16:32:18 CET [2025/01/14 10:32:18 ET]
Table 'Aludra' 6-max Seat #1 is the button
Seat 1: tryanother66 ($18.69 in chips) 
Seat 2: zodapoker ($6.36 in chips) 
Seat 3: LovID ($18.37 in chips) 
Seat 4: klevinjer ($12.66 in chips) 
Seat 5: Mahu2021 ($9.50 in chips) 
Seat 6: alan the boy ($12.04 in chips) 
zodapoker: posts small blind $0.05
LovID: posts big blind $0.10
*** HOLE CARDS ***
Dealt to Mahu2021 [As Jc]
klevinjer: folds 
Mahu2021: raises $0.20 to $0.30
alan the boy: folds 
tryanother66: folds 
zodapoker: folds 
LovID: calls $0.20
*** FLOP *** [5d 4c 2h]
LovID: checks 
Mahu2021: checks 
*** TURN *** [5d 4c 2h] [5h]
LovID: checks 
Mahu2021: checks 
*** RIVER *** [5d 4c 2h 5h] [Tc]
LovID: checks 
Mahu2021: checks 
*** SHOW DOWN ***
LovID: shows [Jd Kc] (a pair of Fives)
Mahu2021: shows [As Jc] (a pair of Fives - Ace kicker)
Mahu2021 collected $0.62 from pot
*** SUMMARY ***
Total pot $0.65 | Rake $0.03 
Board [5d 4c 2h 5h Tc]
Seat 1: tryanother66 (button) folded before Flop (didn't bet)
Seat 2: zodapoker (small blind) folded before Flop
Seat 3: LovID (big blind) showed [Jd Kc] and lost with a pair of Fives
Seat 4: klevinjer folded before Flop (didn't bet)
Seat 5: Mahu2021 showed [As Jc] and won ($0.62) with a pair of Fives
Seat 6: alan the boy folded before Flop (didn't bet)



PokerStars Zoom Hand #254367094282:  Hold'em No Limit ($0.05/$0.10) - 2025/01/14 16:32:38 CET [2025/01/14 10:32:38 ET]
Table 'Aludra' 6-max Seat #1 is the button
Seat 1: Mahu2021 ($9.82 in chips) 
Seat 2: Cheeeeerrss1 ($19.92 in chips) 
Seat 3: ALPHA REBEL ($23.33 in chips) 
Seat 4: mitchy1777 ($10.40 in chips) 
Seat 5: 00O-2Z ($25.19 in chips) 
Seat 6: fzzyl ($10.15 in chips) 
Cheeeeerrss1: posts small blind $0.05
ALPHA REBEL: posts big blind $0.10
*** HOLE CARDS ***
Dealt to Mahu2021 [7d 7h]
mitchy1777: folds 
00O-2Z: folds 
fzzyl: raises $0.15 to $0.25
Mahu2021: calls $0.25
Cheeeeerrss1: folds 
ALPHA REBEL: folds 
*** FLOP *** [9d 6h 9c]
fzzyl: bets $0.20
Mahu2021: calls $0.20
*** TURN *** [9d 6h 9c] [9h]
fzzyl: bets $1.50
Mahu2021: calls $1.50
*** RIVER *** [9d 6h 9c 9h] [4s]
fzzyl: bets $8.20 and is all-in
Mahu2021: calls $7.87 and is all-in
Uncalled bet ($0.33) returned to fzzyl
*** SHOW DOWN ***
fzzyl: shows [Tc Js] (three of a kind, Nines)
Mahu2021: shows [7d 7h] (a full house, Nines full of Sevens)
Mahu2021 collected $18.90 from pot
*** SUMMARY ***
Total pot $19.79 | Rake $0.89 
Board [9d 6h 9c 9h 4s]
Seat 1: Mahu2021 (button) showed [7d 7h] and won ($18.90) with a full house, Nines full of Sevens
Seat 2: Cheeeeerrss1 (small blind) folded before Flop
Seat 3: ALPHA REBEL (big blind) folded before Flop
Seat 4: mitchy1777 folded before Flop (didn't bet)
Seat 5: 00O-2Z folded before Flop (didn't bet)
Seat 6: fzzyl showed [Tc Js] and lost with three of a kind, Nines



