PokerStars Hand #245175212624: Tournament #3626121232, $0.92+$0.08 USD Hold'em No Limit - Level I (10/20) - 2023/08/03 10:44:38 CET [2023/08/03 4:44:38 ET]
Table '3626121232 1' 3-max Seat #1 is the button
Seat 1: FotoGraf5555 (500 in chips) 
Seat 2: KuHans-13 (500 in chips) 
Seat 3: Mahu2021 (500 in chips) 
KuHans-13: posts small blind 10
Mahu2021: posts big blind 20
*** HOLE CARDS ***
Dealt to Mahu2021 [4d 5c]
FotoGraf5555: raises 480 to 500 and is all-in
KuHans-13: folds 
Mahu2021: folds 
Uncalled bet (480) returned to FotoGraf5555
FotoGraf5555 collected 50 from pot
*** SUMMARY ***
Total pot 50 | Rake 0 
Seat 1: FotoGraf5555 (button) collected (50)
Seat 2: KuHans-13 (small blind) folded before Flop
Seat 3: Mahu2021 (big blind) folded before Flop



PokerStars Hand #245175213793: Tournament #3626121232, $0.92+$0.08 USD Hold'em No Limit - Level I (10/20) - 2023/08/03 10:44:48 CET [2023/08/03 4:44:48 ET]
Table '3626121232 1' 3-max Seat #2 is the button
Seat 1: FotoGraf5555 (530 in chips) 
Seat 2: KuHans-13 (490 in chips) 
Seat 3: Mahu2021 (480 in chips) 
Mahu2021: posts small blind 10
FotoGraf5555: posts big blind 20
*** HOLE CARDS ***
Dealt to Mahu2021 [As 7h]
KuHans-13: folds 
Mahu2021: calls 10
FotoGraf5555: raises 510 to 530 and is all-in
Mahu2021: calls 460 and is all-in
Uncalled bet (50) returned to FotoGraf5555
*** FLOP *** [7s 8h Jc]
*** TURN *** [7s 8h Jc] [5c]
*** RIVER *** [7s 8h Jc 5c] [8s]
*** SHOW DOWN ***
Mahu2021: shows [As 7h] (two pair, Eights and Sevens)
FotoGraf5555: shows [Ts Ad] (a pair of Eights)
Mahu2021 collected 960 from pot
*** SUMMARY ***
Total pot 960 | Rake 0 
Board [7s 8h Jc 5c 8s]
Seat 1: FotoGraf5555 (big blind) showed [Ts Ad] and lost with a pair of Eights
Seat 2: KuHans-13 (button) folded before Flop (didn't bet)
Seat 3: Mahu2021 (small blind) showed [As 7h] and won (960) with two pair, Eights and Sevens



PokerStars Hand #245175216306: Tournament #3626121232, $0.92+$0.08 USD Hold'em No Limit - Level I (10/20) - 2023/08/03 10:45:08 CET [2023/08/03 4:45:08 ET]
Table '3626121232 1' 3-max Seat #3 is the button
Seat 1: FotoGraf5555 (50 in chips) 
Seat 2: KuHans-13 (490 in chips) 
Seat 3: Mahu2021 (960 in chips) 
FotoGraf5555: posts small blind 10
KuHans-13: posts big blind 20
*** HOLE CARDS ***
Dealt to Mahu2021 [5s Ac]
Mahu2021: raises 40 to 60
FotoGraf5555: calls 40 and is all-in
KuHans-13: folds 
Uncalled bet (10) returned to Mahu2021
*** FLOP *** [Qs Kd Ks]
*** TURN *** [Qs Kd Ks] [6d]
*** RIVER *** [Qs Kd Ks 6d] [Kh]
*** SHOW DOWN ***
FotoGraf5555: shows [8h 2h] (three of a kind, Kings)
Mahu2021: shows [5s Ac] (three of a kind, Kings - Ace kicker)
Mahu2021 collected 120 from pot
FotoGraf5555 finished the tournament in 3rd place
*** SUMMARY ***
Total pot 120 | Rake 0 
Board [Qs Kd Ks 6d Kh]
Seat 1: FotoGraf5555 (small blind) showed [8h 2h] and lost with three of a kind, Kings
Seat 2: KuHans-13 (big blind) folded before Flop
Seat 3: Mahu2021 (button) showed [5s Ac] and won (120) with three of a kind, Kings



PokerStars Hand #245175218410: Tournament #3626121232, $0.92+$0.08 USD Hold'em No Limit - Level I (10/20) - 2023/08/03 10:45:25 CET [2023/08/03 4:45:25 ET]
Table '3626121232 1' 3-max Seat #2 is the button
Seat 2: KuHans-13 (470 in chips) 
Seat 3: Mahu2021 (1030 in chips) 
KuHans-13: posts small blind 10
Mahu2021: posts big blind 20
*** HOLE CARDS ***
Dealt to Mahu2021 [As Tc]
KuHans-13: calls 10
Mahu2021: checks 
*** FLOP *** [8h Jh Kh]
Mahu2021: checks 
KuHans-13: checks 
*** TURN *** [8h Jh Kh] [Kd]
Mahu2021: bets 20
KuHans-13: calls 20
*** RIVER *** [8h Jh Kh Kd] [2d]
Mahu2021: checks 
KuHans-13: checks 
*** SHOW DOWN ***
Mahu2021: shows [As Tc] (a pair of Kings)
KuHans-13: mucks hand 
Mahu2021 collected 80 from pot
*** SUMMARY ***
Total pot 80 | Rake 0 
Board [8h Jh Kh Kd 2d]
Seat 2: KuHans-13 (button) (small blind) mucked [6h Qs]
Seat 3: Mahu2021 (big blind) showed [As Tc] and won (80) with a pair of Kings



PokerStars Hand #245175220871: Tournament #3626121232, $0.92+$0.08 USD Hold'em No Limit - Level I (10/20) - 2023/08/03 10:45:45 CET [2023/08/03 4:45:45 ET]
Table '3626121232 1' 3-max Seat #3 is the button
Seat 2: KuHans-13 (430 in chips) 
Seat 3: Mahu2021 (1070 in chips) 
Mahu2021: posts small blind 10
KuHans-13: posts big blind 20
*** HOLE CARDS ***
Dealt to Mahu2021 [Kh Ks]
Mahu2021: raises 40 to 60
KuHans-13: folds 
Uncalled bet (40) returned to Mahu2021
Mahu2021 collected 40 from pot
Mahu2021: doesn't show hand 
*** SUMMARY ***
Total pot 40 | Rake 0 
Seat 2: KuHans-13 (big blind) folded before Flop
Seat 3: Mahu2021 (button) (small blind) collected (40)



PokerStars Hand #245175221825: Tournament #3626121232, $0.92+$0.08 USD Hold'em No Limit - Level I (10/20) - 2023/08/03 10:45:53 CET [2023/08/03 4:45:53 ET]
Table '3626121232 1' 3-max Seat #2 is the button
Seat 2: KuHans-13 (410 in chips) 
Seat 3: Mahu2021 (1090 in chips) 
KuHans-13: posts small blind 10
Mahu2021: posts big blind 20
*** HOLE CARDS ***
Dealt to Mahu2021 [Kh 3c]
KuHans-13: raises 20 to 40
Mahu2021: calls 20
*** FLOP *** [4d 9h Js]
Mahu2021: checks 
KuHans-13: bets 40
Mahu2021: folds 
Uncalled bet (40) returned to KuHans-13
KuHans-13 collected 80 from pot
KuHans-13: doesn't show hand 
*** SUMMARY ***
Total pot 80 | Rake 0 
Board [4d 9h Js]
Seat 2: KuHans-13 (button) (small blind) collected (80)
Seat 3: Mahu2021 (big blind) folded on the Flop



PokerStars Hand #245175223446: Tournament #3626121232, $0.92+$0.08 USD Hold'em No Limit - Level I (10/20) - 2023/08/03 10:46:06 CET [2023/08/03 4:46:06 ET]
Table '3626121232 1' 3-max Seat #3 is the button
Seat 2: KuHans-13 (450 in chips) 
Seat 3: Mahu2021 (1050 in chips) 
Mahu2021: posts small blind 10
KuHans-13: posts big blind 20
*** HOLE CARDS ***
Dealt to Mahu2021 [Ac As]
Mahu2021: raises 20 to 40
KuHans-13: folds 
Uncalled bet (20) returned to Mahu2021
Mahu2021 collected 40 from pot
Mahu2021: doesn't show hand 
*** SUMMARY ***
Total pot 40 | Rake 0 
Seat 2: KuHans-13 (big blind) folded before Flop
Seat 3: Mahu2021 (button) (small blind) collected (40)



PokerStars Hand #245175224325: Tournament #3626121232, $0.92+$0.08 USD Hold'em No Limit - Level I (10/20) - 2023/08/03 10:46:13 CET [2023/08/03 4:46:13 ET]
Table '3626121232 1' 3-max Seat #2 is the button
Seat 2: KuHans-13 (430 in chips) 
Seat 3: Mahu2021 (1070 in chips) 
KuHans-13: posts small blind 10
Mahu2021: posts big blind 20
*** HOLE CARDS ***
Dealt to Mahu2021 [Js 3s]
KuHans-13: raises 20 to 40
Mahu2021: calls 20
*** FLOP *** [4s 6c Kd]
Mahu2021: checks 
KuHans-13: bets 40
Mahu2021: folds 
Uncalled bet (40) returned to KuHans-13
KuHans-13 collected 80 from pot
KuHans-13: doesn't show hand 
*** SUMMARY ***
Total pot 80 | Rake 0 
Board [4s 6c Kd]
Seat 2: KuHans-13 (button) (small blind) collected (80)
Seat 3: Mahu2021 (big blind) folded on the Flop



PokerStars Hand #245175225763: Tournament #3626121232, $0.92+$0.08 USD Hold'em No Limit - Level I (10/20) - 2023/08/03 10:46:25 CET [2023/08/03 4:46:25 ET]
Table '3626121232 1' 3-max Seat #3 is the button
Seat 2: KuHans-13 (470 in chips) 
Seat 3: Mahu2021 (1030 in chips) 
Mahu2021: posts small blind 10
KuHans-13: posts big blind 20
*** HOLE CARDS ***
Dealt to Mahu2021 [As 3c]
Mahu2021: raises 20 to 40
KuHans-13: calls 20
*** FLOP *** [3h 8c Qc]
KuHans-13: checks 
Mahu2021: bets 40
KuHans-13: calls 40
*** TURN *** [3h 8c Qc] [5h]
KuHans-13: checks 
Mahu2021: checks 
*** RIVER *** [3h 8c Qc 5h] [Kh]
KuHans-13: checks 
Mahu2021: checks 
*** SHOW DOWN ***
KuHans-13: shows [Ts 8h] (a pair of Eights)
Mahu2021: mucks hand 
KuHans-13 collected 160 from pot
*** SUMMARY ***
Total pot 160 | Rake 0 
Board [3h 8c Qc 5h Kh]
Seat 2: KuHans-13 (big blind) showed [Ts 8h] and won (160) with a pair of Eights
Seat 3: Mahu2021 (button) (small blind) mucked [As 3c]



PokerStars Hand #245175228479: Tournament #3626121232, $0.92+$0.08 USD Hold'em No Limit - Level II (15/30) - 2023/08/03 10:46:47 CET [2023/08/03 4:46:47 ET]
Table '3626121232 1' 3-max Seat #2 is the button
Seat 2: KuHans-13 (550 in chips) 
Seat 3: Mahu2021 (950 in chips) 
KuHans-13: posts small blind 15
Mahu2021: posts big blind 30
*** HOLE CARDS ***
Dealt to Mahu2021 [5c 7d]
KuHans-13: raises 30 to 60
Mahu2021: folds 
Uncalled bet (30) returned to KuHans-13
KuHans-13 collected 60 from pot
KuHans-13: doesn't show hand 
*** SUMMARY ***
Total pot 60 | Rake 0 
Seat 2: KuHans-13 (button) (small blind) collected (60)
Seat 3: Mahu2021 (big blind) folded before Flop



PokerStars Hand #245175229307: Tournament #3626121232, $0.92+$0.08 USD Hold'em No Limit - Level II (15/30) - 2023/08/03 10:46:53 CET [2023/08/03 4:46:53 ET]
Table '3626121232 1' 3-max Seat #3 is the button
Seat 2: KuHans-13 (580 in chips) 
Seat 3: Mahu2021 (920 in chips) 
Mahu2021: posts small blind 15
KuHans-13: posts big blind 30
*** HOLE CARDS ***
Dealt to Mahu2021 [8d Ks]
Mahu2021: raises 30 to 60
KuHans-13: calls 30
*** FLOP *** [Jd 9h 7s]
KuHans-13: checks 
Mahu2021: bets 120
KuHans-13: folds 
Uncalled bet (120) returned to Mahu2021
Mahu2021 collected 120 from pot
Mahu2021: doesn't show hand 
*** SUMMARY ***
Total pot 120 | Rake 0 
Board [Jd 9h 7s]
Seat 2: KuHans-13 (big blind) folded on the Flop
Seat 3: Mahu2021 (button) (small blind) collected (120)



PokerStars Hand #245175230733: Tournament #3626121232, $0.92+$0.08 USD Hold'em No Limit - Level II (15/30) - 2023/08/03 10:47:05 CET [2023/08/03 4:47:05 ET]
Table '3626121232 1' 3-max Seat #2 is the button
Seat 2: KuHans-13 (520 in chips) 
Seat 3: Mahu2021 (980 in chips) 
KuHans-13: posts small blind 15
Mahu2021: posts big blind 30
*** HOLE CARDS ***
Dealt to Mahu2021 [8h Js]
KuHans-13: folds 
Uncalled bet (15) returned to Mahu2021
Mahu2021 collected 30 from pot
Mahu2021: doesn't show hand 
*** SUMMARY ***
Total pot 30 | Rake 0 
Seat 2: KuHans-13 (button) (small blind) folded before Flop
Seat 3: Mahu2021 (big blind) collected (30)



PokerStars Hand #245175231347: Tournament #3626121232, $0.92+$0.08 USD Hold'em No Limit - Level II (15/30) - 2023/08/03 10:47:10 CET [2023/08/03 4:47:10 ET]
Table '3626121232 1' 3-max Seat #3 is the button
Seat 2: KuHans-13 (505 in chips) 
Seat 3: Mahu2021 (995 in chips) 
Mahu2021: posts small blind 15
KuHans-13: posts big blind 30
*** HOLE CARDS ***
Dealt to Mahu2021 [Th Qs]
Mahu2021: raises 30 to 60
KuHans-13: calls 30
*** FLOP *** [3h 3s Js]
KuHans-13: checks 
Mahu2021: checks 
*** TURN *** [3h 3s Js] [3d]
KuHans-13: checks 
Mahu2021: checks 
*** RIVER *** [3h 3s Js 3d] [5c]
KuHans-13: bets 120
Mahu2021: folds 
Uncalled bet (120) returned to KuHans-13
KuHans-13 collected 120 from pot
KuHans-13: doesn't show hand 
*** SUMMARY ***
Total pot 120 | Rake 0 
Board [3h 3s Js 3d 5c]
Seat 2: KuHans-13 (big blind) collected (120)
Seat 3: Mahu2021 (button) (small blind) folded on the River



PokerStars Hand #245175233877: Tournament #3626121232, $0.92+$0.08 USD Hold'em No Limit - Level II (15/30) - 2023/08/03 10:47:30 CET [2023/08/03 4:47:30 ET]
Table '3626121232 1' 3-max Seat #2 is the button
Seat 2: KuHans-13 (565 in chips) 
Seat 3: Mahu2021 (935 in chips) 
KuHans-13: posts small blind 15
Mahu2021: posts big blind 30
*** HOLE CARDS ***
Dealt to Mahu2021 [Td 4h]
KuHans-13: raises 30 to 60
Mahu2021: folds 
Uncalled bet (30) returned to KuHans-13
KuHans-13 collected 60 from pot
KuHans-13: doesn't show hand 
*** SUMMARY ***
Total pot 60 | Rake 0 
Seat 2: KuHans-13 (button) (small blind) collected (60)
Seat 3: Mahu2021 (big blind) folded before Flop



PokerStars Hand #245175234507: Tournament #3626121232, $0.92+$0.08 USD Hold'em No Limit - Level II (15/30) - 2023/08/03 10:47:35 CET [2023/08/03 4:47:35 ET]
Table '3626121232 1' 3-max Seat #3 is the button
Seat 2: KuHans-13 (595 in chips) 
Seat 3: Mahu2021 (905 in chips) 
Mahu2021: posts small blind 15
KuHans-13: posts big blind 30
*** HOLE CARDS ***
Dealt to Mahu2021 [Qs 5d]
Mahu2021: folds 
Uncalled bet (15) returned to KuHans-13
KuHans-13 collected 30 from pot
KuHans-13: doesn't show hand 
*** SUMMARY ***
Total pot 30 | Rake 0 
Seat 2: KuHans-13 (big blind) collected (30)
Seat 3: Mahu2021 (button) (small blind) folded before Flop



PokerStars Hand #245175235125: Tournament #3626121232, $0.92+$0.08 USD Hold'em No Limit - Level II (15/30) - 2023/08/03 10:47:40 CET [2023/08/03 4:47:40 ET]
Table '3626121232 1' 3-max Seat #2 is the button
Seat 2: KuHans-13 (610 in chips) 
Seat 3: Mahu2021 (890 in chips) 
KuHans-13: posts small blind 15
Mahu2021: posts big blind 30
*** HOLE CARDS ***
Dealt to Mahu2021 [Ad 3d]
KuHans-13: calls 15
Mahu2021: checks 
*** FLOP *** [Tc Td 3s]
Mahu2021: bets 30
KuHans-13: calls 30
*** TURN *** [Tc Td 3s] [2h]
Mahu2021: bets 120
KuHans-13: folds 
Uncalled bet (120) returned to Mahu2021
Mahu2021 collected 120 from pot
Mahu2021: doesn't show hand 
*** SUMMARY ***
Total pot 120 | Rake 0 
Board [Tc Td 3s 2h]
Seat 2: KuHans-13 (button) (small blind) folded on the Turn
Seat 3: Mahu2021 (big blind) collected (120)



PokerStars Hand #245175237145: Tournament #3626121232, $0.92+$0.08 USD Hold'em No Limit - Level II (15/30) - 2023/08/03 10:47:56 CET [2023/08/03 4:47:56 ET]
Table '3626121232 1' 3-max Seat #3 is the button
Seat 2: KuHans-13 (550 in chips) 
Seat 3: Mahu2021 (950 in chips) 
Mahu2021: posts small blind 15
KuHans-13: posts big blind 30
*** HOLE CARDS ***
Dealt to Mahu2021 [2h 8h]
Mahu2021: folds 
Uncalled bet (15) returned to KuHans-13
KuHans-13 collected 30 from pot
KuHans-13: doesn't show hand 
*** SUMMARY ***
Total pot 30 | Rake 0 
Seat 2: KuHans-13 (big blind) collected (30)
Seat 3: Mahu2021 (button) (small blind) folded before Flop



PokerStars Hand #245175237776: Tournament #3626121232, $0.92+$0.08 USD Hold'em No Limit - Level II (15/30) - 2023/08/03 10:48:01 CET [2023/08/03 4:48:01 ET]
Table '3626121232 1' 3-max Seat #2 is the button
Seat 2: KuHans-13 (565 in chips) 
Seat 3: Mahu2021 (935 in chips) 
KuHans-13: posts small blind 15
Mahu2021: posts big blind 30
*** HOLE CARDS ***
Dealt to Mahu2021 [4d 6d]
KuHans-13: calls 15
Mahu2021: checks 
*** FLOP *** [8d Tc Ts]
Mahu2021: checks 
KuHans-13: checks 
*** TURN *** [8d Tc Ts] [Jh]
Mahu2021: checks 
KuHans-13: bets 60
Mahu2021: folds 
Uncalled bet (60) returned to KuHans-13
KuHans-13 collected 60 from pot
KuHans-13: doesn't show hand 
*** SUMMARY ***
Total pot 60 | Rake 0 
Board [8d Tc Ts Jh]
Seat 2: KuHans-13 (button) (small blind) collected (60)
Seat 3: Mahu2021 (big blind) folded on the Turn



PokerStars Hand #245175239485: Tournament #3626121232, $0.92+$0.08 USD Hold'em No Limit - Level II (15/30) - 2023/08/03 10:48:16 CET [2023/08/03 4:48:16 ET]
Table '3626121232 1' 3-max Seat #3 is the button
Seat 2: KuHans-13 (595 in chips) 
Seat 3: Mahu2021 (905 in chips) 
Mahu2021: posts small blind 15
KuHans-13: posts big blind 30
*** HOLE CARDS ***
Dealt to Mahu2021 [Jd 9s]
Mahu2021: raises 30 to 60
KuHans-13: calls 30
*** FLOP *** [Ad 6d Qd]
KuHans-13: checks 
Mahu2021: bets 120
KuHans-13: raises 415 to 535 and is all-in
Mahu2021: calls 415
*** TURN *** [Ad 6d Qd] [6c]
*** RIVER *** [Ad 6d Qd 6c] [5h]
*** SHOW DOWN ***
KuHans-13: shows [6h Ah] (a full house, Sixes full of Aces)
Mahu2021: shows [Jd 9s] (a pair of Sixes)
KuHans-13 collected 1190 from pot
*** SUMMARY ***
Total pot 1190 | Rake 0 
Board [Ad 6d Qd 6c 5h]
Seat 2: KuHans-13 (big blind) showed [6h Ah] and won (1190) with a full house, Sixes full of Aces
Seat 3: Mahu2021 (button) (small blind) showed [Jd 9s] and lost with a pair of Sixes



PokerStars Hand #245175241962: Tournament #3626121232, $0.92+$0.08 USD Hold'em No Limit - Level II (15/30) - 2023/08/03 10:48:36 CET [2023/08/03 4:48:36 ET]
Table '3626121232 1' 3-max Seat #2 is the button
Seat 2: KuHans-13 (1190 in chips) 
Seat 3: Mahu2021 (310 in chips) 
KuHans-13: posts small blind 15
Mahu2021: posts big blind 30
*** HOLE CARDS ***
Dealt to Mahu2021 [Th Ah]
KuHans-13: raises 30 to 60
Mahu2021: raises 250 to 310 and is all-in
KuHans-13: calls 250
*** FLOP *** [7s 3c Qc]
*** TURN *** [7s 3c Qc] [Ks]
*** RIVER *** [7s 3c Qc Ks] [9h]
*** SHOW DOWN ***
Mahu2021: shows [Th Ah] (high card Ace)
KuHans-13: shows [3h 4h] (a pair of Threes)
KuHans-13 collected 620 from pot
Mahu2021 finished the tournament in 2nd place
KuHans-13 wins the tournament and receives $2.00 - congratulations!
*** SUMMARY ***
Total pot 620 | Rake 0 
Board [7s 3c Qc Ks 9h]
Seat 2: KuHans-13 (button) (small blind) showed [3h 4h] and won (620) with a pair of Threes
Seat 3: Mahu2021 (big blind) showed [Th Ah] and lost with high card Ace



