PokerStars Hand #248221315602: Tournament #3699808632, $1.84+$0.16 USD Hold'em No Limit - Level I (10/20) - 2024/01/12 10:45:58 CET [2024/01/12 4:45:58 ET]
Table '3699808632 1' 3-max Seat #1 is the button
Seat 1: P. Houdini (500 in chips) 
Seat 2: Mahu2021 (500 in chips) 
Seat 3: fernandafsna (500 in chips) 
Mahu2021: posts small blind 10
fernandafsna: posts big blind 20
*** HOLE CARDS ***
Dealt to Mahu2021 [Ts 5c]
P. Houdini: raises 40 to 60
Mahu2021: folds 
fernandafsna: calls 40
*** FLOP *** [3d Kc 4h]
fernandafsna: checks 
P. Houdini: bets 65
fernandafsna: folds 
Uncalled bet (65) returned to P. Houdini
P. Houdini collected 130 from pot
*** SUMMARY ***
Total pot 130 | Rake 0 
Board [3d Kc 4h]
Seat 1: P. Houdini (button) collected (130)
Seat 2: Mahu2021 (small blind) folded before Flop
Seat 3: fernandafsna (big blind) folded on the Flop



PokerStars Hand #248221318225: Tournament #3699808632, $1.84+$0.16 USD Hold'em No Limit - Level I (10/20) - 2024/01/12 10:46:17 CET [2024/01/12 4:46:17 ET]
Table '3699808632 1' 3-max Seat #2 is the button
Seat 1: P. Houdini (570 in chips) 
Seat 2: Mahu2021 (490 in chips) 
Seat 3: fernandafsna (440 in chips) 
fernandafsna: posts small blind 10
P. Houdini: posts big blind 20
*** HOLE CARDS ***
Dealt to Mahu2021 [Js 3s]
Mahu2021: calls 20
fernandafsna: calls 10
P. Houdini: raises 60 to 80
Mahu2021: folds 
fernandafsna: folds 
Uncalled bet (60) returned to P. Houdini
P. Houdini collected 60 from pot
*** SUMMARY ***
Total pot 60 | Rake 0 
Seat 1: P. Houdini (big blind) collected (60)
Seat 2: Mahu2021 (button) folded before Flop
Seat 3: fernandafsna (small blind) folded before Flop



PokerStars Hand #248221320263: Tournament #3699808632, $1.84+$0.16 USD Hold'em No Limit - Level I (10/20) - 2024/01/12 10:46:32 CET [2024/01/12 4:46:32 ET]
Table '3699808632 1' 3-max Seat #3 is the button
Seat 1: P. Houdini (610 in chips) 
Seat 2: Mahu2021 (470 in chips) 
Seat 3: fernandafsna (420 in chips) 
P. Houdini: posts small blind 10
Mahu2021: posts big blind 20
*** HOLE CARDS ***
Dealt to Mahu2021 [8c 3c]
fernandafsna: folds 
P. Houdini: raises 20 to 40
Mahu2021: folds 
Uncalled bet (20) returned to P. Houdini
P. Houdini collected 40 from pot
*** SUMMARY ***
Total pot 40 | Rake 0 
Seat 1: P. Houdini (small blind) collected (40)
Seat 2: Mahu2021 (big blind) folded before Flop
Seat 3: fernandafsna (button) folded before Flop (didn't bet)



PokerStars Hand #248221321321: Tournament #3699808632, $1.84+$0.16 USD Hold'em No Limit - Level I (10/20) - 2024/01/12 10:46:40 CET [2024/01/12 4:46:40 ET]
Table '3699808632 1' 3-max Seat #1 is the button
Seat 1: P. Houdini (630 in chips) 
Seat 2: Mahu2021 (450 in chips) 
Seat 3: fernandafsna (420 in chips) 
Mahu2021: posts small blind 10
fernandafsna: posts big blind 20
*** HOLE CARDS ***
Dealt to Mahu2021 [2h 2d]
P. Houdini: calls 20
Mahu2021: calls 10
fernandafsna: checks 
*** FLOP *** [Kh 5c 8c]
Mahu2021: checks 
fernandafsna: checks 
P. Houdini: bets 30
Mahu2021: folds 
fernandafsna: folds 
Uncalled bet (30) returned to P. Houdini
P. Houdini collected 60 from pot
*** SUMMARY ***
Total pot 60 | Rake 0 
Board [Kh 5c 8c]
Seat 1: P. Houdini (button) collected (60)
Seat 2: Mahu2021 (small blind) folded on the Flop
Seat 3: fernandafsna (big blind) folded on the Flop



PokerStars Hand #248221324294: Tournament #3699808632, $1.84+$0.16 USD Hold'em No Limit - Level I (10/20) - 2024/01/12 10:47:01 CET [2024/01/12 4:47:01 ET]
Table '3699808632 1' 3-max Seat #2 is the button
Seat 1: P. Houdini (670 in chips) 
Seat 2: Mahu2021 (430 in chips) 
Seat 3: fernandafsna (400 in chips) 
fernandafsna: posts small blind 10
P. Houdini: posts big blind 20
*** HOLE CARDS ***
Dealt to Mahu2021 [4h 6s]
Mahu2021: folds 
fernandafsna: calls 10
P. Houdini: checks 
*** FLOP *** [Qc Ks Js]
fernandafsna: bets 40
P. Houdini: folds 
Uncalled bet (40) returned to fernandafsna
fernandafsna collected 40 from pot
*** SUMMARY ***
Total pot 40 | Rake 0 
Board [Qc Ks Js]
Seat 1: P. Houdini (big blind) folded on the Flop
Seat 2: Mahu2021 (button) folded before Flop (didn't bet)
Seat 3: fernandafsna (small blind) collected (40)



PokerStars Hand #248221327396: Tournament #3699808632, $1.84+$0.16 USD Hold'em No Limit - Level I (10/20) - 2024/01/12 10:47:25 CET [2024/01/12 4:47:25 ET]
Table '3699808632 1' 3-max Seat #3 is the button
Seat 1: P. Houdini (650 in chips) 
Seat 2: Mahu2021 (430 in chips) 
Seat 3: fernandafsna (420 in chips) 
P. Houdini: posts small blind 10
Mahu2021: posts big blind 20
*** HOLE CARDS ***
Dealt to Mahu2021 [Kc 5h]
fernandafsna: folds 
P. Houdini: raises 20 to 40
Mahu2021: calls 20
*** FLOP *** [Kh 5c Tc]
P. Houdini: checks 
Mahu2021: bets 20
P. Houdini: calls 20
*** TURN *** [Kh 5c Tc] [6s]
P. Houdini: checks 
Mahu2021: bets 40
P. Houdini: folds 
Uncalled bet (40) returned to Mahu2021
Mahu2021 collected 120 from pot
Mahu2021: doesn't show hand 
*** SUMMARY ***
Total pot 120 | Rake 0 
Board [Kh 5c Tc 6s]
Seat 1: P. Houdini (small blind) folded on the Turn
Seat 2: Mahu2021 (big blind) collected (120)
Seat 3: fernandafsna (button) folded before Flop (didn't bet)



PokerStars Hand #248221330078: Tournament #3699808632, $1.84+$0.16 USD Hold'em No Limit - Level I (10/20) - 2024/01/12 10:47:45 CET [2024/01/12 4:47:45 ET]
Table '3699808632 1' 3-max Seat #1 is the button
Seat 1: P. Houdini (590 in chips) 
Seat 2: Mahu2021 (490 in chips) 
Seat 3: fernandafsna (420 in chips) 
Mahu2021: posts small blind 10
fernandafsna: posts big blind 20
*** HOLE CARDS ***
Dealt to Mahu2021 [5s Jh]
P. Houdini: folds 
Mahu2021: folds 
Uncalled bet (10) returned to fernandafsna
fernandafsna collected 20 from pot
*** SUMMARY ***
Total pot 20 | Rake 0 
Seat 1: P. Houdini (button) folded before Flop (didn't bet)
Seat 2: Mahu2021 (small blind) folded before Flop
Seat 3: fernandafsna (big blind) collected (20)



PokerStars Hand #248221330811: Tournament #3699808632, $1.84+$0.16 USD Hold'em No Limit - Level I (10/20) - 2024/01/12 10:47:50 CET [2024/01/12 4:47:50 ET]
Table '3699808632 1' 3-max Seat #2 is the button
Seat 1: P. Houdini (590 in chips) 
Seat 2: Mahu2021 (480 in chips) 
Seat 3: fernandafsna (430 in chips) 
fernandafsna: posts small blind 10
P. Houdini: posts big blind 20
*** HOLE CARDS ***
Dealt to Mahu2021 [8h Th]
Mahu2021: raises 20 to 40
fernandafsna: calls 30
P. Houdini: calls 20
*** FLOP *** [2h 7h 3c]
fernandafsna: checks 
P. Houdini: bets 40
Mahu2021: calls 40
fernandafsna: folds 
*** TURN *** [2h 7h 3c] [9s]
P. Houdini: bets 80
Mahu2021: raises 100 to 180
P. Houdini: calls 100
*** RIVER *** [2h 7h 3c 9s] [8d]
P. Houdini: checks 
Mahu2021: bets 220 and is all-in
P. Houdini: folds 
Uncalled bet (220) returned to Mahu2021
Mahu2021 collected 560 from pot
Mahu2021: doesn't show hand 
*** SUMMARY ***
Total pot 560 | Rake 0 
Board [2h 7h 3c 9s 8d]
Seat 1: P. Houdini (big blind) folded on the River
Seat 2: Mahu2021 (button) collected (560)
Seat 3: fernandafsna (small blind) folded on the Flop



PokerStars Hand #248221338411: Tournament #3699808632, $1.84+$0.16 USD Hold'em No Limit - Level II (15/30) - 2024/01/12 10:48:46 CET [2024/01/12 4:48:46 ET]
Table '3699808632 1' 3-max Seat #3 is the button
Seat 1: P. Houdini (330 in chips) 
Seat 2: Mahu2021 (780 in chips) 
Seat 3: fernandafsna (390 in chips) 
P. Houdini: posts small blind 15
Mahu2021: posts big blind 30
*** HOLE CARDS ***
Dealt to Mahu2021 [3d 5d]
fernandafsna: folds 
P. Houdini: raises 300 to 330 and is all-in
Mahu2021: folds 
Uncalled bet (300) returned to P. Houdini
P. Houdini collected 60 from pot
*** SUMMARY ***
Total pot 60 | Rake 0 
Seat 1: P. Houdini (small blind) collected (60)
Seat 2: Mahu2021 (big blind) folded before Flop
Seat 3: fernandafsna (button) folded before Flop (didn't bet)



PokerStars Hand #248221339545: Tournament #3699808632, $1.84+$0.16 USD Hold'em No Limit - Level II (15/30) - 2024/01/12 10:48:54 CET [2024/01/12 4:48:54 ET]
Table '3699808632 1' 3-max Seat #1 is the button
Seat 1: P. Houdini (360 in chips) 
Seat 2: Mahu2021 (750 in chips) 
Seat 3: fernandafsna (390 in chips) 
Mahu2021: posts small blind 15
fernandafsna: posts big blind 30
*** HOLE CARDS ***
Dealt to Mahu2021 [8c As]
P. Houdini: raises 30 to 60
Mahu2021: calls 45
fernandafsna: calls 30
*** FLOP *** [Kh Qc Ad]
Mahu2021: checks 
fernandafsna: checks 
P. Houdini: bets 90
Mahu2021: calls 90
fernandafsna: folds 
*** TURN *** [Kh Qc Ad] [2h]
Mahu2021: checks 
P. Houdini: bets 210 and is all-in
Mahu2021: calls 210
*** RIVER *** [Kh Qc Ad 2h] [Ah]
*** SHOW DOWN ***
Mahu2021: shows [8c As] (three of a kind, Aces)
P. Houdini: shows [7h Js] (a pair of Aces)
Mahu2021 collected 780 from pot
P. Houdini finished the tournament in 3rd place
*** SUMMARY ***
Total pot 780 | Rake 0 
Board [Kh Qc Ad 2h Ah]
Seat 1: P. Houdini (button) showed [7h Js] and lost with a pair of Aces
Seat 2: Mahu2021 (small blind) showed [8c As] and won (780) with three of a kind, Aces
Seat 3: fernandafsna (big blind) folded on the Flop



PokerStars Hand #248221342578: Tournament #3699808632, $1.84+$0.16 USD Hold'em No Limit - Level II (15/30) - 2024/01/12 10:49:16 CET [2024/01/12 4:49:16 ET]
Table '3699808632 1' 3-max Seat #3 is the button
Seat 2: Mahu2021 (1170 in chips) 
Seat 3: fernandafsna (330 in chips) 
fernandafsna: posts small blind 15
Mahu2021: posts big blind 30
*** HOLE CARDS ***
Dealt to Mahu2021 [3s Kh]
fernandafsna: calls 15
Mahu2021: checks 
*** FLOP *** [Ah Th 4s]
Mahu2021: bets 30
fernandafsna: folds 
Uncalled bet (30) returned to Mahu2021
Mahu2021 collected 60 from pot
Mahu2021: doesn't show hand 
*** SUMMARY ***
Total pot 60 | Rake 0 
Board [Ah Th 4s]
Seat 2: Mahu2021 (big blind) collected (60)
Seat 3: fernandafsna (button) (small blind) folded on the Flop



PokerStars Hand #248221344872: Tournament #3699808632, $1.84+$0.16 USD Hold'em No Limit - Level II (15/30) - 2024/01/12 10:49:34 CET [2024/01/12 4:49:34 ET]
Table '3699808632 1' 3-max Seat #2 is the button
Seat 2: Mahu2021 (1200 in chips) 
Seat 3: fernandafsna (300 in chips) 
Mahu2021: posts small blind 15
fernandafsna: posts big blind 30
*** HOLE CARDS ***
Dealt to Mahu2021 [Jh 6h]
Mahu2021: raises 30 to 60
fernandafsna: calls 30
*** FLOP *** [Qs 8d 4s]
fernandafsna: checks 
Mahu2021: bets 60
fernandafsna: raises 180 to 240 and is all-in
Mahu2021: folds 
Uncalled bet (180) returned to fernandafsna
fernandafsna collected 240 from pot
*** SUMMARY ***
Total pot 240 | Rake 0 
Board [Qs 8d 4s]
Seat 2: Mahu2021 (button) (small blind) folded on the Flop
Seat 3: fernandafsna (big blind) collected (240)



PokerStars Hand #248221347376: Tournament #3699808632, $1.84+$0.16 USD Hold'em No Limit - Level II (15/30) - 2024/01/12 10:49:52 CET [2024/01/12 4:49:52 ET]
Table '3699808632 1' 3-max Seat #3 is the button
Seat 2: Mahu2021 (1080 in chips) 
Seat 3: fernandafsna (420 in chips) 
fernandafsna: posts small blind 15
Mahu2021: posts big blind 30
*** HOLE CARDS ***
Dealt to Mahu2021 [Jh Ad]
fernandafsna: calls 15
Mahu2021: raises 60 to 90
fernandafsna: calls 60
*** FLOP *** [6c 7c Tc]
Mahu2021: checks 
fernandafsna: checks 
*** TURN *** [6c 7c Tc] [6d]
Mahu2021: checks 
fernandafsna: bets 60
Mahu2021: calls 60
*** RIVER *** [6c 7c Tc 6d] [5c]
Mahu2021: checks 
fernandafsna: checks 
*** SHOW DOWN ***
Mahu2021: shows [Jh Ad] (a pair of Sixes)
fernandafsna: shows [Qh 7h] (two pair, Sevens and Sixes)
fernandafsna collected 300 from pot
*** SUMMARY ***
Total pot 300 | Rake 0 
Board [6c 7c Tc 6d 5c]
Seat 2: Mahu2021 (big blind) showed [Jh Ad] and lost with a pair of Sixes
Seat 3: fernandafsna (button) (small blind) showed [Qh 7h] and won (300) with two pair, Sevens and Sixes



PokerStars Hand #248221351683: Tournament #3699808632, $1.84+$0.16 USD Hold'em No Limit - Level III (20/40) - 2024/01/12 10:50:23 CET [2024/01/12 4:50:23 ET]
Table '3699808632 1' 3-max Seat #2 is the button
Seat 2: Mahu2021 (930 in chips) 
Seat 3: fernandafsna (570 in chips) 
Mahu2021: posts small blind 20
fernandafsna: posts big blind 40
*** HOLE CARDS ***
Dealt to Mahu2021 [5h Ks]
Mahu2021: calls 20
fernandafsna: raises 80 to 120
Mahu2021: folds 
Uncalled bet (80) returned to fernandafsna
fernandafsna collected 80 from pot
*** SUMMARY ***
Total pot 80 | Rake 0 
Seat 2: Mahu2021 (button) (small blind) folded before Flop
Seat 3: fernandafsna (big blind) collected (80)



PokerStars Hand #248221352798: Tournament #3699808632, $1.84+$0.16 USD Hold'em No Limit - Level III (20/40) - 2024/01/12 10:50:32 CET [2024/01/12 4:50:32 ET]
Table '3699808632 1' 3-max Seat #3 is the button
Seat 2: Mahu2021 (890 in chips) 
Seat 3: fernandafsna (610 in chips) 
fernandafsna: posts small blind 20
Mahu2021: posts big blind 40
*** HOLE CARDS ***
Dealt to Mahu2021 [4s Kd]
fernandafsna: folds 
Uncalled bet (20) returned to Mahu2021
Mahu2021 collected 40 from pot
Mahu2021: doesn't show hand 
*** SUMMARY ***
Total pot 40 | Rake 0 
Seat 2: Mahu2021 (big blind) collected (40)
Seat 3: fernandafsna (button) (small blind) folded before Flop



PokerStars Hand #248221353608: Tournament #3699808632, $1.84+$0.16 USD Hold'em No Limit - Level III (20/40) - 2024/01/12 10:50:38 CET [2024/01/12 4:50:38 ET]
Table '3699808632 1' 3-max Seat #2 is the button
Seat 2: Mahu2021 (910 in chips) 
Seat 3: fernandafsna (590 in chips) 
Mahu2021: posts small blind 20
fernandafsna: posts big blind 40
*** HOLE CARDS ***
Dealt to Mahu2021 [Ks Tc]
Mahu2021: raises 40 to 80
fernandafsna: folds 
Uncalled bet (40) returned to Mahu2021
Mahu2021 collected 80 from pot
Mahu2021: doesn't show hand 
*** SUMMARY ***
Total pot 80 | Rake 0 
Seat 2: Mahu2021 (button) (small blind) collected (80)
Seat 3: fernandafsna (big blind) folded before Flop



PokerStars Hand #248221354514: Tournament #3699808632, $1.84+$0.16 USD Hold'em No Limit - Level III (20/40) - 2024/01/12 10:50:44 CET [2024/01/12 4:50:44 ET]
Table '3699808632 1' 3-max Seat #3 is the button
Seat 2: Mahu2021 (950 in chips) 
Seat 3: fernandafsna (550 in chips) 
fernandafsna: posts small blind 20
Mahu2021: posts big blind 40
*** HOLE CARDS ***
Dealt to Mahu2021 [Qh 2h]
fernandafsna: calls 20
Mahu2021: checks 
*** FLOP *** [Ts 2s 3d]
Mahu2021: checks 
fernandafsna: checks 
*** TURN *** [Ts 2s 3d] [9d]
Mahu2021: bets 40
fernandafsna: folds 
Uncalled bet (40) returned to Mahu2021
Mahu2021 collected 80 from pot
Mahu2021: doesn't show hand 
*** SUMMARY ***
Total pot 80 | Rake 0 
Board [Ts 2s 3d 9d]
Seat 2: Mahu2021 (big blind) collected (80)
Seat 3: fernandafsna (button) (small blind) folded on the Turn



PokerStars Hand #248221356118: Tournament #3699808632, $1.84+$0.16 USD Hold'em No Limit - Level III (20/40) - 2024/01/12 10:50:57 CET [2024/01/12 4:50:57 ET]
Table '3699808632 1' 3-max Seat #2 is the button
Seat 2: Mahu2021 (990 in chips) 
Seat 3: fernandafsna (510 in chips) 
Mahu2021: posts small blind 20
fernandafsna: posts big blind 40
*** HOLE CARDS ***
Dealt to Mahu2021 [2s As]
Mahu2021: calls 20
fernandafsna: raises 470 to 510 and is all-in
Mahu2021: folds 
Uncalled bet (470) returned to fernandafsna
fernandafsna collected 80 from pot
*** SUMMARY ***
Total pot 80 | Rake 0 
Seat 2: Mahu2021 (button) (small blind) folded before Flop
Seat 3: fernandafsna (big blind) collected (80)



PokerStars Hand #248221357352: Tournament #3699808632, $1.84+$0.16 USD Hold'em No Limit - Level III (20/40) - 2024/01/12 10:51:06 CET [2024/01/12 4:51:06 ET]
Table '3699808632 1' 3-max Seat #3 is the button
Seat 2: Mahu2021 (950 in chips) 
Seat 3: fernandafsna (550 in chips) 
fernandafsna: posts small blind 20
Mahu2021: posts big blind 40
*** HOLE CARDS ***
Dealt to Mahu2021 [Kd 9d]
fernandafsna: calls 20
Mahu2021: checks 
*** FLOP *** [9h 2d 2h]
Mahu2021: bets 40
fernandafsna: folds 
Uncalled bet (40) returned to Mahu2021
Mahu2021 collected 80 from pot
Mahu2021: doesn't show hand 
*** SUMMARY ***
Total pot 80 | Rake 0 
Board [9h 2d 2h]
Seat 2: Mahu2021 (big blind) collected (80)
Seat 3: fernandafsna (button) (small blind) folded on the Flop



PokerStars Hand #248221359289: Tournament #3699808632, $1.84+$0.16 USD Hold'em No Limit - Level III (20/40) - 2024/01/12 10:51:20 CET [2024/01/12 4:51:20 ET]
Table '3699808632 1' 3-max Seat #2 is the button
Seat 2: Mahu2021 (990 in chips) 
Seat 3: fernandafsna (510 in chips) 
Mahu2021: posts small blind 20
fernandafsna: posts big blind 40
*** HOLE CARDS ***
Dealt to Mahu2021 [9h 6h]
Mahu2021: calls 20
fernandafsna: raises 80 to 120
Mahu2021: calls 80
*** FLOP *** [5c 8s Kh]
fernandafsna: checks 
Mahu2021: checks 
*** TURN *** [5c 8s Kh] [8h]
fernandafsna: bets 40
Mahu2021: calls 40
*** RIVER *** [5c 8s Kh 8h] [Kc]
fernandafsna: bets 40
Mahu2021: folds 
Uncalled bet (40) returned to fernandafsna
fernandafsna collected 320 from pot
*** SUMMARY ***
Total pot 320 | Rake 0 
Board [5c 8s Kh 8h Kc]
Seat 2: Mahu2021 (button) (small blind) folded on the River
Seat 3: fernandafsna (big blind) collected (320)



PokerStars Hand #248221362268: Tournament #3699808632, $1.84+$0.16 USD Hold'em No Limit - Level III (20/40) - 2024/01/12 10:51:42 CET [2024/01/12 4:51:42 ET]
Table '3699808632 1' 3-max Seat #3 is the button
Seat 2: Mahu2021 (830 in chips) 
Seat 3: fernandafsna (670 in chips) 
fernandafsna: posts small blind 20
Mahu2021: posts big blind 40
*** HOLE CARDS ***
Dealt to Mahu2021 [Td 2d]
fernandafsna: calls 20
Mahu2021: checks 
*** FLOP *** [Kc Th 5h]
Mahu2021: bets 40
fernandafsna: calls 40
*** TURN *** [Kc Th 5h] [4s]
Mahu2021: bets 40
fernandafsna: calls 40
*** RIVER *** [Kc Th 5h 4s] [3h]
Mahu2021: bets 40
fernandafsna: calls 40
*** SHOW DOWN ***
Mahu2021: shows [Td 2d] (a pair of Tens)
fernandafsna: mucks hand 
Mahu2021 collected 320 from pot
*** SUMMARY ***
Total pot 320 | Rake 0 
Board [Kc Th 5h 4s 3h]
Seat 2: Mahu2021 (big blind) showed [Td 2d] and won (320) with a pair of Tens
Seat 3: fernandafsna (button) (small blind) mucked [2c 5s]



PokerStars Hand #248221365371: Tournament #3699808632, $1.84+$0.16 USD Hold'em No Limit - Level IV (30/60) - 2024/01/12 10:52:04 CET [2024/01/12 4:52:04 ET]
Table '3699808632 1' 3-max Seat #2 is the button
Seat 2: Mahu2021 (990 in chips) 
Seat 3: fernandafsna (510 in chips) 
Mahu2021: posts small blind 30
fernandafsna: posts big blind 60
*** HOLE CARDS ***
Dealt to Mahu2021 [Kc 8d]
Mahu2021: calls 30
fernandafsna: checks 
*** FLOP *** [6h Qc Ah]
fernandafsna: bets 120
Mahu2021: folds 
Uncalled bet (120) returned to fernandafsna
fernandafsna collected 120 from pot
*** SUMMARY ***
Total pot 120 | Rake 0 
Board [6h Qc Ah]
Seat 2: Mahu2021 (button) (small blind) folded on the Flop
Seat 3: fernandafsna (big blind) collected (120)



PokerStars Hand #248221367797: Tournament #3699808632, $1.84+$0.16 USD Hold'em No Limit - Level IV (30/60) - 2024/01/12 10:52:22 CET [2024/01/12 4:52:22 ET]
Table '3699808632 1' 3-max Seat #3 is the button
Seat 2: Mahu2021 (930 in chips) 
Seat 3: fernandafsna (570 in chips) 
fernandafsna: posts small blind 30
Mahu2021: posts big blind 60
*** HOLE CARDS ***
Dealt to Mahu2021 [Ad 9c]
fernandafsna: calls 30
Mahu2021: raises 870 to 930 and is all-in
fernandafsna: folds 
Uncalled bet (870) returned to Mahu2021
Mahu2021 collected 120 from pot
Mahu2021: doesn't show hand 
*** SUMMARY ***
Total pot 120 | Rake 0 
Seat 2: Mahu2021 (big blind) collected (120)
Seat 3: fernandafsna (button) (small blind) folded before Flop



PokerStars Hand #248221369486: Tournament #3699808632, $1.84+$0.16 USD Hold'em No Limit - Level IV (30/60) - 2024/01/12 10:52:35 CET [2024/01/12 4:52:35 ET]
Table '3699808632 1' 3-max Seat #2 is the button
Seat 2: Mahu2021 (990 in chips) 
Seat 3: fernandafsna (510 in chips) 
Mahu2021: posts small blind 30
fernandafsna: posts big blind 60
*** HOLE CARDS ***
Dealt to Mahu2021 [Kh 3s]
Mahu2021: calls 30
fernandafsna: checks 
*** FLOP *** [Jh Tc 8d]
fernandafsna: checks 
Mahu2021: checks 
*** TURN *** [Jh Tc 8d] [Ad]
fernandafsna: bets 120
Mahu2021: folds 
Uncalled bet (120) returned to fernandafsna
fernandafsna collected 120 from pot
*** SUMMARY ***
Total pot 120 | Rake 0 
Board [Jh Tc 8d Ad]
Seat 2: Mahu2021 (button) (small blind) folded on the Turn
Seat 3: fernandafsna (big blind) collected (120)



PokerStars Hand #248221374083: Tournament #3699808632, $1.84+$0.16 USD Hold'em No Limit - Level IV (30/60) - 2024/01/12 10:53:09 CET [2024/01/12 4:53:09 ET]
Table '3699808632 1' 3-max Seat #3 is the button
Seat 2: Mahu2021 (930 in chips) 
Seat 3: fernandafsna (570 in chips) 
fernandafsna: posts small blind 30
Mahu2021: posts big blind 60
*** HOLE CARDS ***
Dealt to Mahu2021 [4s Qc]
fernandafsna: calls 30
Mahu2021: checks 
*** FLOP *** [6c 7s 7h]
Mahu2021: checks 
fernandafsna: bets 60
Mahu2021: folds 
Uncalled bet (60) returned to fernandafsna
fernandafsna collected 120 from pot
*** SUMMARY ***
Total pot 120 | Rake 0 
Board [6c 7s 7h]
Seat 2: Mahu2021 (big blind) folded on the Flop
Seat 3: fernandafsna (button) (small blind) collected (120)



PokerStars Hand #248221375591: Tournament #3699808632, $1.84+$0.16 USD Hold'em No Limit - Level IV (30/60) - 2024/01/12 10:53:21 CET [2024/01/12 4:53:21 ET]
Table '3699808632 1' 3-max Seat #2 is the button
Seat 2: Mahu2021 (870 in chips) 
Seat 3: fernandafsna (630 in chips) 
Mahu2021: posts small blind 30
fernandafsna: posts big blind 60
*** HOLE CARDS ***
Dealt to Mahu2021 [7h 5s]
Mahu2021: calls 30
fernandafsna: raises 570 to 630 and is all-in
Mahu2021: folds 
Uncalled bet (570) returned to fernandafsna
fernandafsna collected 120 from pot
*** SUMMARY ***
Total pot 120 | Rake 0 
Seat 2: Mahu2021 (button) (small blind) folded before Flop
Seat 3: fernandafsna (big blind) collected (120)



PokerStars Hand #248221376722: Tournament #3699808632, $1.84+$0.16 USD Hold'em No Limit - Level IV (30/60) - 2024/01/12 10:53:29 CET [2024/01/12 4:53:29 ET]
Table '3699808632 1' 3-max Seat #3 is the button
Seat 2: Mahu2021 (810 in chips) 
Seat 3: fernandafsna (690 in chips) 
fernandafsna: posts small blind 30
Mahu2021: posts big blind 60
*** HOLE CARDS ***
Dealt to Mahu2021 [3d Tc]
fernandafsna: calls 30
Mahu2021: checks 
*** FLOP *** [4h Kh Qs]
Mahu2021: checks 
fernandafsna: bets 60
Mahu2021: folds 
Uncalled bet (60) returned to fernandafsna
fernandafsna collected 120 from pot
*** SUMMARY ***
Total pot 120 | Rake 0 
Board [4h Kh Qs]
Seat 2: Mahu2021 (big blind) folded on the Flop
Seat 3: fernandafsna (button) (small blind) collected (120)



PokerStars Hand #248221378748: Tournament #3699808632, $1.84+$0.16 USD Hold'em No Limit - Level IV (30/60) - 2024/01/12 10:53:44 CET [2024/01/12 4:53:44 ET]
Table '3699808632 1' 3-max Seat #2 is the button
Seat 2: Mahu2021 (750 in chips) 
Seat 3: fernandafsna (750 in chips) 
Mahu2021: posts small blind 30
fernandafsna: posts big blind 60
*** HOLE CARDS ***
Dealt to Mahu2021 [Jh Td]
Mahu2021: calls 30
fernandafsna: raises 690 to 750 and is all-in
Mahu2021: folds 
Uncalled bet (690) returned to fernandafsna
fernandafsna collected 120 from pot
*** SUMMARY ***
Total pot 120 | Rake 0 
Seat 2: Mahu2021 (button) (small blind) folded before Flop
Seat 3: fernandafsna (big blind) collected (120)



PokerStars Hand #248221380532: Tournament #3699808632, $1.84+$0.16 USD Hold'em No Limit - Level IV (30/60) - 2024/01/12 10:53:57 CET [2024/01/12 4:53:57 ET]
Table '3699808632 1' 3-max Seat #3 is the button
Seat 2: Mahu2021 (690 in chips) 
Seat 3: fernandafsna (810 in chips) 
fernandafsna: posts small blind 30
Mahu2021: posts big blind 60
*** HOLE CARDS ***
Dealt to Mahu2021 [Kd As]
fernandafsna: raises 120 to 180
Mahu2021: raises 510 to 690 and is all-in
fernandafsna: calls 510
*** FLOP *** [8d Js 3c]
*** TURN *** [8d Js 3c] [Ts]
*** RIVER *** [8d Js 3c Ts] [2h]
*** SHOW DOWN ***
Mahu2021: shows [Kd As] (high card Ace)
fernandafsna: shows [Jd Jh] (three of a kind, Jacks)
fernandafsna collected 1380 from pot
Mahu2021 finished the tournament in 2nd place
fernandafsna wins the tournament and receives $4.00 - congratulations!
*** SUMMARY ***
Total pot 1380 | Rake 0 
Board [8d Js 3c Ts 2h]
Seat 2: Mahu2021 (big blind) showed [Kd As] and lost with high card Ace
Seat 3: fernandafsna (button) (small blind) showed [Jd Jh] and won (1380) with three of a kind, Jacks



