PokerStars Hand #244014166101: Tournament #3598469886, $0.92+$0.08 USD Hold'em No Limit - Level I (10/20) - 2023/05/31 18:29:28 CET [2023/05/31 12:29:28 ET]
Table '3598469886 1' 3-max Seat #1 is the button
Seat 1: Xron4iio (500 in chips) 
Seat 2: Mahu2021 (500 in chips) 
Seat 3: MARCELL ZAIONS (500 in chips) 
Mahu2021: posts small blind 10
MARCELL ZAIONS: posts big blind 20
*** HOLE CARDS ***
Dealt to Mahu2021 [Tc Ac]
Xron4iio: folds 
Mahu2021: calls 10
MARCELL ZAIONS: checks 
*** FLOP *** [5s 4d Qh]
Mahu2021: checks 
MARCELL ZAIONS: checks 
*** TURN *** [5s 4d Qh] [Qs]
Mahu2021: checks 
MARCELL ZAIONS: bets 40
Mahu2021: calls 40
*** RIVER *** [5s 4d Qh Qs] [4s]
Mahu2021: checks 
MARCELL ZAIONS: checks 
*** SHOW DOWN ***
Mahu2021: shows [Tc Ac] (two pair, Queens and Fours)
MARCELL ZAIONS: mucks hand 
Mahu2021 collected 120 from pot
*** SUMMARY ***
Total pot 120 | Rake 0 
Board [5s 4d Qh Qs 4s]
Seat 1: Xron4iio (button) folded before Flop (didn't bet)
Seat 2: Mahu2021 (small blind) showed [Tc Ac] and won (120) with two pair, Queens and Fours
Seat 3: MARCELL ZAIONS (big blind) mucked [2d Th]



PokerStars Hand #244014171082: Tournament #3598469886, $0.92+$0.08 USD Hold'em No Limit - Level I (10/20) - 2023/05/31 18:29:47 CET [2023/05/31 12:29:47 ET]
Table '3598469886 1' 3-max Seat #2 is the button
Seat 1: Xron4iio (500 in chips) 
Seat 2: Mahu2021 (560 in chips) 
Seat 3: MARCELL ZAIONS (440 in chips) 
MARCELL ZAIONS: posts small blind 10
Xron4iio: posts big blind 20
*** HOLE CARDS ***
Dealt to Mahu2021 [Tc 8s]
Mahu2021: folds 
MARCELL ZAIONS: folds 
Uncalled bet (10) returned to Xron4iio
Xron4iio collected 20 from pot
*** SUMMARY ***
Total pot 20 | Rake 0 
Seat 1: Xron4iio (big blind) collected (20)
Seat 2: Mahu2021 (button) folded before Flop (didn't bet)
Seat 3: MARCELL ZAIONS (small blind) folded before Flop



PokerStars Hand #244014172577: Tournament #3598469886, $0.92+$0.08 USD Hold'em No Limit - Level I (10/20) - 2023/05/31 18:29:53 CET [2023/05/31 12:29:53 ET]
Table '3598469886 1' 3-max Seat #3 is the button
Seat 1: Xron4iio (510 in chips) 
Seat 2: Mahu2021 (560 in chips) 
Seat 3: MARCELL ZAIONS (430 in chips) 
Xron4iio: posts small blind 10
Mahu2021: posts big blind 20
*** HOLE CARDS ***
Dealt to Mahu2021 [Js Qh]
MARCELL ZAIONS: calls 20
Xron4iio: folds 
Mahu2021: checks 
*** FLOP *** [4h 3s 4c]
Mahu2021: checks 
MARCELL ZAIONS: checks 
*** TURN *** [4h 3s 4c] [Kd]
Mahu2021: checks 
MARCELL ZAIONS: checks 
*** RIVER *** [4h 3s 4c Kd] [6c]
Mahu2021: checks 
MARCELL ZAIONS: bets 60
Mahu2021: folds 
Uncalled bet (60) returned to MARCELL ZAIONS
MARCELL ZAIONS collected 50 from pot
*** SUMMARY ***
Total pot 50 | Rake 0 
Board [4h 3s 4c Kd 6c]
Seat 1: Xron4iio (small blind) folded before Flop
Seat 2: Mahu2021 (big blind) folded on the River
Seat 3: MARCELL ZAIONS (button) collected (50)



PokerStars Hand #244014177809: Tournament #3598469886, $0.92+$0.08 USD Hold'em No Limit - Level I (10/20) - 2023/05/31 18:30:10 CET [2023/05/31 12:30:10 ET]
Table '3598469886 1' 3-max Seat #1 is the button
Seat 1: Xron4iio (500 in chips) 
Seat 2: Mahu2021 (540 in chips) 
Seat 3: MARCELL ZAIONS (460 in chips) 
Mahu2021: posts small blind 10
MARCELL ZAIONS: posts big blind 20
*** HOLE CARDS ***
Dealt to Mahu2021 [4d Qd]
Xron4iio: raises 40 to 60
Mahu2021: folds 
MARCELL ZAIONS: folds 
Uncalled bet (40) returned to Xron4iio
Xron4iio collected 50 from pot
*** SUMMARY ***
Total pot 50 | Rake 0 
Seat 1: Xron4iio (button) collected (50)
Seat 2: Mahu2021 (small blind) folded before Flop
Seat 3: MARCELL ZAIONS (big blind) folded before Flop



PokerStars Hand #244014179844: Tournament #3598469886, $0.92+$0.08 USD Hold'em No Limit - Level I (10/20) - 2023/05/31 18:30:18 CET [2023/05/31 12:30:18 ET]
Table '3598469886 1' 3-max Seat #2 is the button
Seat 1: Xron4iio (530 in chips) 
Seat 2: Mahu2021 (530 in chips) 
Seat 3: MARCELL ZAIONS (440 in chips) 
MARCELL ZAIONS: posts small blind 10
Xron4iio: posts big blind 20
*** HOLE CARDS ***
Dealt to Mahu2021 [7c 7s]
Mahu2021: raises 20 to 40
MARCELL ZAIONS: calls 30
Xron4iio: folds 
*** FLOP *** [Ts Tc 4h]
MARCELL ZAIONS: checks 
Mahu2021: bets 40
MARCELL ZAIONS: folds 
Uncalled bet (40) returned to Mahu2021
Mahu2021 collected 100 from pot
Mahu2021: doesn't show hand 
*** SUMMARY ***
Total pot 100 | Rake 0 
Board [Ts Tc 4h]
Seat 1: Xron4iio (big blind) folded before Flop
Seat 2: Mahu2021 (button) collected (100)
Seat 3: MARCELL ZAIONS (small blind) folded on the Flop



PokerStars Hand #244014184249: Tournament #3598469886, $0.92+$0.08 USD Hold'em No Limit - Level I (10/20) - 2023/05/31 18:30:34 CET [2023/05/31 12:30:34 ET]
Table '3598469886 1' 3-max Seat #3 is the button
Seat 1: Xron4iio (510 in chips) 
Seat 2: Mahu2021 (590 in chips) 
Seat 3: MARCELL ZAIONS (400 in chips) 
Xron4iio: posts small blind 10
Mahu2021: posts big blind 20
*** HOLE CARDS ***
Dealt to Mahu2021 [Ad Th]
MARCELL ZAIONS: calls 20
Xron4iio: folds 
Mahu2021: checks 
*** FLOP *** [Js 2h 6h]
Mahu2021: checks 
MARCELL ZAIONS: checks 
*** TURN *** [Js 2h 6h] [2c]
Mahu2021: checks 
MARCELL ZAIONS: checks 
*** RIVER *** [Js 2h 6h 2c] [9h]
Mahu2021: checks 
MARCELL ZAIONS: bets 60
Mahu2021: folds 
Uncalled bet (60) returned to MARCELL ZAIONS
MARCELL ZAIONS collected 50 from pot
*** SUMMARY ***
Total pot 50 | Rake 0 
Board [Js 2h 6h 2c 9h]
Seat 1: Xron4iio (small blind) folded before Flop
Seat 2: Mahu2021 (big blind) folded on the River
Seat 3: MARCELL ZAIONS (button) collected (50)



PokerStars Hand #244014189579: Tournament #3598469886, $0.92+$0.08 USD Hold'em No Limit - Level I (10/20) - 2023/05/31 18:30:54 CET [2023/05/31 12:30:54 ET]
Table '3598469886 1' 3-max Seat #1 is the button
Seat 1: Xron4iio (500 in chips) 
Seat 2: Mahu2021 (570 in chips) 
Seat 3: MARCELL ZAIONS (430 in chips) 
Mahu2021: posts small blind 10
MARCELL ZAIONS: posts big blind 20
*** HOLE CARDS ***
Dealt to Mahu2021 [6c Ks]
Xron4iio: folds 
Mahu2021: calls 10
MARCELL ZAIONS: raises 80 to 100
Mahu2021: folds 
Uncalled bet (80) returned to MARCELL ZAIONS
MARCELL ZAIONS collected 40 from pot
*** SUMMARY ***
Total pot 40 | Rake 0 
Seat 1: Xron4iio (button) folded before Flop (didn't bet)
Seat 2: Mahu2021 (small blind) folded before Flop
Seat 3: MARCELL ZAIONS (big blind) collected (40)



PokerStars Hand #244014192046: Tournament #3598469886, $0.92+$0.08 USD Hold'em No Limit - Level I (10/20) - 2023/05/31 18:31:03 CET [2023/05/31 12:31:03 ET]
Table '3598469886 1' 3-max Seat #2 is the button
Seat 1: Xron4iio (500 in chips) 
Seat 2: Mahu2021 (550 in chips) 
Seat 3: MARCELL ZAIONS (450 in chips) 
MARCELL ZAIONS: posts small blind 10
Xron4iio: posts big blind 20
*** HOLE CARDS ***
Dealt to Mahu2021 [Th 9h]
Mahu2021: raises 20 to 40
MARCELL ZAIONS: folds 
Xron4iio: calls 20
*** FLOP *** [8c 5c 6h]
Xron4iio: checks 
Mahu2021: checks 
*** TURN *** [8c 5c 6h] [Qs]
Xron4iio: checks 
Mahu2021: bets 40
Xron4iio: calls 40
*** RIVER *** [8c 5c 6h Qs] [3s]
Xron4iio: checks 
Mahu2021: checks 
*** SHOW DOWN ***
Xron4iio: shows [4c 6c] (a pair of Sixes)
Mahu2021: mucks hand 
Xron4iio collected 170 from pot
*** SUMMARY ***
Total pot 170 | Rake 0 
Board [8c 5c 6h Qs 3s]
Seat 1: Xron4iio (big blind) showed [4c 6c] and won (170) with a pair of Sixes
Seat 2: Mahu2021 (button) mucked [Th 9h]
Seat 3: MARCELL ZAIONS (small blind) folded before Flop



PokerStars Hand #244014198580: Tournament #3598469886, $0.92+$0.08 USD Hold'em No Limit - Level I (10/20) - 2023/05/31 18:31:26 CET [2023/05/31 12:31:26 ET]
Table '3598469886 1' 3-max Seat #3 is the button
Seat 1: Xron4iio (590 in chips) 
Seat 2: Mahu2021 (470 in chips) 
Seat 3: MARCELL ZAIONS (440 in chips) 
Xron4iio: posts small blind 10
Mahu2021: posts big blind 20
*** HOLE CARDS ***
Dealt to Mahu2021 [6h 9d]
MARCELL ZAIONS: folds 
Xron4iio: calls 10
Mahu2021: checks 
*** FLOP *** [4d 3h Ts]
Xron4iio: checks 
Mahu2021: checks 
*** TURN *** [4d 3h Ts] [8c]
Xron4iio: bets 20
Mahu2021: folds 
Uncalled bet (20) returned to Xron4iio
Xron4iio collected 40 from pot
*** SUMMARY ***
Total pot 40 | Rake 0 
Board [4d 3h Ts 8c]
Seat 1: Xron4iio (small blind) collected (40)
Seat 2: Mahu2021 (big blind) folded on the Turn
Seat 3: MARCELL ZAIONS (button) folded before Flop (didn't bet)



PokerStars Hand #244014206760: Tournament #3598469886, $0.92+$0.08 USD Hold'em No Limit - Level II (15/30) - 2023/05/31 18:31:56 CET [2023/05/31 12:31:56 ET]
Table '3598469886 1' 3-max Seat #1 is the button
Seat 1: Xron4iio (610 in chips) 
Seat 2: Mahu2021 (450 in chips) 
Seat 3: MARCELL ZAIONS (440 in chips) 
Mahu2021: posts small blind 15
MARCELL ZAIONS: posts big blind 30
*** HOLE CARDS ***
Dealt to Mahu2021 [3c 9c]
Xron4iio: folds 
Mahu2021: folds 
Uncalled bet (15) returned to MARCELL ZAIONS
MARCELL ZAIONS collected 30 from pot
*** SUMMARY ***
Total pot 30 | Rake 0 
Seat 1: Xron4iio (button) folded before Flop (didn't bet)
Seat 2: Mahu2021 (small blind) folded before Flop
Seat 3: MARCELL ZAIONS (big blind) collected (30)



PokerStars Hand #244014208229: Tournament #3598469886, $0.92+$0.08 USD Hold'em No Limit - Level II (15/30) - 2023/05/31 18:32:01 CET [2023/05/31 12:32:01 ET]
Table '3598469886 1' 3-max Seat #2 is the button
Seat 1: Xron4iio (610 in chips) 
Seat 2: Mahu2021 (435 in chips) 
Seat 3: MARCELL ZAIONS (455 in chips) 
MARCELL ZAIONS: posts small blind 15
Xron4iio: posts big blind 30
*** HOLE CARDS ***
Dealt to Mahu2021 [Tc 6d]
Mahu2021: folds 
MARCELL ZAIONS: calls 15
Xron4iio: checks 
*** FLOP *** [Ac 5s Js]
MARCELL ZAIONS: checks 
Xron4iio: checks 
*** TURN *** [Ac 5s Js] [Qd]
MARCELL ZAIONS: checks 
Xron4iio: checks 
*** RIVER *** [Ac 5s Js Qd] [4s]
MARCELL ZAIONS: bets 60
Xron4iio: folds 
Uncalled bet (60) returned to MARCELL ZAIONS
MARCELL ZAIONS collected 60 from pot
*** SUMMARY ***
Total pot 60 | Rake 0 
Board [Ac 5s Js Qd 4s]
Seat 1: Xron4iio (big blind) folded on the River
Seat 2: Mahu2021 (button) folded before Flop (didn't bet)
Seat 3: MARCELL ZAIONS (small blind) collected (60)



PokerStars Hand #244014214106: Tournament #3598469886, $0.92+$0.08 USD Hold'em No Limit - Level II (15/30) - 2023/05/31 18:32:23 CET [2023/05/31 12:32:23 ET]
Table '3598469886 1' 3-max Seat #3 is the button
Seat 1: Xron4iio (580 in chips) 
Seat 2: Mahu2021 (435 in chips) 
Seat 3: MARCELL ZAIONS (485 in chips) 
Xron4iio: posts small blind 15
Mahu2021: posts big blind 30
*** HOLE CARDS ***
Dealt to Mahu2021 [Kd 5c]
MARCELL ZAIONS: raises 30 to 60
Xron4iio: folds 
Mahu2021: folds 
Uncalled bet (30) returned to MARCELL ZAIONS
MARCELL ZAIONS collected 75 from pot
*** SUMMARY ***
Total pot 75 | Rake 0 
Seat 1: Xron4iio (small blind) folded before Flop
Seat 2: Mahu2021 (big blind) folded before Flop
Seat 3: MARCELL ZAIONS (button) collected (75)



PokerStars Hand #244014216277: Tournament #3598469886, $0.92+$0.08 USD Hold'em No Limit - Level II (15/30) - 2023/05/31 18:32:30 CET [2023/05/31 12:32:30 ET]
Table '3598469886 1' 3-max Seat #1 is the button
Seat 1: Xron4iio (565 in chips) 
Seat 2: Mahu2021 (405 in chips) 
Seat 3: MARCELL ZAIONS (530 in chips) 
Mahu2021: posts small blind 15
MARCELL ZAIONS: posts big blind 30
*** HOLE CARDS ***
Dealt to Mahu2021 [Js Jd]
Xron4iio: folds 
Mahu2021: raises 30 to 60
MARCELL ZAIONS: folds 
Uncalled bet (30) returned to Mahu2021
Mahu2021 collected 60 from pot
Mahu2021: doesn't show hand 
*** SUMMARY ***
Total pot 60 | Rake 0 
Seat 1: Xron4iio (button) folded before Flop (didn't bet)
Seat 2: Mahu2021 (small blind) collected (60)
Seat 3: MARCELL ZAIONS (big blind) folded before Flop



PokerStars Hand #244014219133: Tournament #3598469886, $0.92+$0.08 USD Hold'em No Limit - Level II (15/30) - 2023/05/31 18:32:41 CET [2023/05/31 12:32:41 ET]
Table '3598469886 1' 3-max Seat #2 is the button
Seat 1: Xron4iio (565 in chips) 
Seat 2: Mahu2021 (435 in chips) 
Seat 3: MARCELL ZAIONS (500 in chips) 
MARCELL ZAIONS: posts small blind 15
Xron4iio: posts big blind 30
*** HOLE CARDS ***
Dealt to Mahu2021 [5s 9h]
Mahu2021: folds 
MARCELL ZAIONS: folds 
Uncalled bet (15) returned to Xron4iio
Xron4iio collected 30 from pot
*** SUMMARY ***
Total pot 30 | Rake 0 
Seat 1: Xron4iio (big blind) collected (30)
Seat 2: Mahu2021 (button) folded before Flop (didn't bet)
Seat 3: MARCELL ZAIONS (small blind) folded before Flop



PokerStars Hand #244014220771: Tournament #3598469886, $0.92+$0.08 USD Hold'em No Limit - Level II (15/30) - 2023/05/31 18:32:47 CET [2023/05/31 12:32:47 ET]
Table '3598469886 1' 3-max Seat #3 is the button
Seat 1: Xron4iio (580 in chips) 
Seat 2: Mahu2021 (435 in chips) 
Seat 3: MARCELL ZAIONS (485 in chips) 
Xron4iio: posts small blind 15
Mahu2021: posts big blind 30
*** HOLE CARDS ***
Dealt to Mahu2021 [Td 5s]
MARCELL ZAIONS: folds 
Xron4iio: calls 15
Mahu2021: checks 
*** FLOP *** [Js 8h 6s]
Xron4iio: checks 
Mahu2021: checks 
*** TURN *** [Js 8h 6s] [Qh]
Xron4iio: checks 
Mahu2021: checks 
*** RIVER *** [Js 8h 6s Qh] [Kc]
Xron4iio: checks 
Mahu2021: checks 
*** SHOW DOWN ***
Xron4iio: shows [6d 5d] (a pair of Sixes)
Mahu2021: mucks hand 
Xron4iio collected 60 from pot
*** SUMMARY ***
Total pot 60 | Rake 0 
Board [Js 8h 6s Qh Kc]
Seat 1: Xron4iio (small blind) showed [6d 5d] and won (60) with a pair of Sixes
Seat 2: Mahu2021 (big blind) mucked [Td 5s]
Seat 3: MARCELL ZAIONS (button) folded before Flop (didn't bet)



PokerStars Hand #244014224948: Tournament #3598469886, $0.92+$0.08 USD Hold'em No Limit - Level II (15/30) - 2023/05/31 18:33:02 CET [2023/05/31 12:33:02 ET]
Table '3598469886 1' 3-max Seat #1 is the button
Seat 1: Xron4iio (610 in chips) 
Seat 2: Mahu2021 (405 in chips) 
Seat 3: MARCELL ZAIONS (485 in chips) 
Mahu2021: posts small blind 15
MARCELL ZAIONS: posts big blind 30
*** HOLE CARDS ***
Dealt to Mahu2021 [Th Jh]
Xron4iio: raises 30 to 60
Mahu2021: calls 45
MARCELL ZAIONS: raises 420 to 480
Xron4iio: folds 
Mahu2021: folds 
Uncalled bet (420) returned to MARCELL ZAIONS
MARCELL ZAIONS collected 180 from pot
*** SUMMARY ***
Total pot 180 | Rake 0 
Seat 1: Xron4iio (button) folded before Flop
Seat 2: Mahu2021 (small blind) folded before Flop
Seat 3: MARCELL ZAIONS (big blind) collected (180)



PokerStars Hand #244014229249: Tournament #3598469886, $0.92+$0.08 USD Hold'em No Limit - Level II (15/30) - 2023/05/31 18:33:18 CET [2023/05/31 12:33:18 ET]
Table '3598469886 1' 3-max Seat #2 is the button
Seat 1: Xron4iio (550 in chips) 
Seat 2: Mahu2021 (345 in chips) 
Seat 3: MARCELL ZAIONS (605 in chips) 
MARCELL ZAIONS: posts small blind 15
Xron4iio: posts big blind 30
*** HOLE CARDS ***
Dealt to Mahu2021 [3h Qd]
Mahu2021: folds 
MARCELL ZAIONS: calls 15
Xron4iio: raises 520 to 550 and is all-in
MARCELL ZAIONS: folds 
Uncalled bet (520) returned to Xron4iio
Xron4iio collected 60 from pot
*** SUMMARY ***
Total pot 60 | Rake 0 
Seat 1: Xron4iio (big blind) collected (60)
Seat 2: Mahu2021 (button) folded before Flop (didn't bet)
Seat 3: MARCELL ZAIONS (small blind) folded before Flop



PokerStars Hand #244014233304: Tournament #3598469886, $0.92+$0.08 USD Hold'em No Limit - Level III (20/40) - 2023/05/31 18:33:33 CET [2023/05/31 12:33:33 ET]
Table '3598469886 1' 3-max Seat #3 is the button
Seat 1: Xron4iio (580 in chips) 
Seat 2: Mahu2021 (345 in chips) 
Seat 3: MARCELL ZAIONS (575 in chips) 
Xron4iio: posts small blind 20
Mahu2021: posts big blind 40
*** HOLE CARDS ***
Dealt to Mahu2021 [4s 8s]
MARCELL ZAIONS: folds 
Xron4iio: calls 20
Mahu2021: checks 
*** FLOP *** [Qc Qh 8c]
Xron4iio: checks 
Mahu2021: bets 80
Xron4iio: raises 460 to 540 and is all-in
Mahu2021: calls 225 and is all-in
Uncalled bet (235) returned to Xron4iio
*** TURN *** [Qc Qh 8c] [Kd]
*** RIVER *** [Qc Qh 8c Kd] [6h]
*** SHOW DOWN ***
Xron4iio: shows [4c 2c] (a pair of Queens)
Mahu2021: shows [4s 8s] (two pair, Queens and Eights)
Mahu2021 collected 690 from pot
*** SUMMARY ***
Total pot 690 | Rake 0 
Board [Qc Qh 8c Kd 6h]
Seat 1: Xron4iio (small blind) showed [4c 2c] and lost with a pair of Queens
Seat 2: Mahu2021 (big blind) showed [4s 8s] and won (690) with two pair, Queens and Eights
Seat 3: MARCELL ZAIONS (button) folded before Flop (didn't bet)



PokerStars Hand #244014239562: Tournament #3598469886, $0.92+$0.08 USD Hold'em No Limit - Level III (20/40) - 2023/05/31 18:33:55 CET [2023/05/31 12:33:55 ET]
Table '3598469886 1' 3-max Seat #1 is the button
Seat 1: Xron4iio (235 in chips) 
Seat 2: Mahu2021 (690 in chips) 
Seat 3: MARCELL ZAIONS (575 in chips) 
Mahu2021: posts small blind 20
MARCELL ZAIONS: posts big blind 40
*** HOLE CARDS ***
Dealt to Mahu2021 [3d 4c]
Xron4iio: folds 
Mahu2021: calls 20
MARCELL ZAIONS: checks 
*** FLOP *** [Ts Ad 7s]
Mahu2021: bets 40
MARCELL ZAIONS: folds 
Uncalled bet (40) returned to Mahu2021
Mahu2021 collected 80 from pot
Mahu2021: doesn't show hand 
*** SUMMARY ***
Total pot 80 | Rake 0 
Board [Ts Ad 7s]
Seat 1: Xron4iio (button) folded before Flop (didn't bet)
Seat 2: Mahu2021 (small blind) collected (80)
Seat 3: MARCELL ZAIONS (big blind) folded on the Flop



PokerStars Hand #244014243148: Tournament #3598469886, $0.92+$0.08 USD Hold'em No Limit - Level III (20/40) - 2023/05/31 18:34:08 CET [2023/05/31 12:34:08 ET]
Table '3598469886 1' 3-max Seat #2 is the button
Seat 1: Xron4iio (235 in chips) 
Seat 2: Mahu2021 (730 in chips) 
Seat 3: MARCELL ZAIONS (535 in chips) 
MARCELL ZAIONS: posts small blind 20
Xron4iio: posts big blind 40
*** HOLE CARDS ***
Dealt to Mahu2021 [3d Jc]
Mahu2021: folds 
MARCELL ZAIONS: calls 20
Xron4iio: raises 195 to 235 and is all-in
MARCELL ZAIONS: folds 
Uncalled bet (195) returned to Xron4iio
Xron4iio collected 80 from pot
*** SUMMARY ***
Total pot 80 | Rake 0 
Seat 1: Xron4iio (big blind) collected (80)
Seat 2: Mahu2021 (button) folded before Flop (didn't bet)
Seat 3: MARCELL ZAIONS (small blind) folded before Flop



PokerStars Hand #244014246379: Tournament #3598469886, $0.92+$0.08 USD Hold'em No Limit - Level III (20/40) - 2023/05/31 18:34:20 CET [2023/05/31 12:34:20 ET]
Table '3598469886 1' 3-max Seat #3 is the button
Seat 1: Xron4iio (275 in chips) 
Seat 2: Mahu2021 (730 in chips) 
Seat 3: MARCELL ZAIONS (495 in chips) 
Xron4iio: posts small blind 20
Mahu2021: posts big blind 40
*** HOLE CARDS ***
Dealt to Mahu2021 [Ts Ad]
MARCELL ZAIONS: folds 
Xron4iio: calls 20
Mahu2021: raises 80 to 120
Xron4iio: raises 155 to 275 and is all-in
Mahu2021: calls 155
*** FLOP *** [2d Ac Qd]
*** TURN *** [2d Ac Qd] [6h]
*** RIVER *** [2d Ac Qd 6h] [3d]
*** SHOW DOWN ***
Xron4iio: shows [Ks Jd] (high card Ace)
Mahu2021: shows [Ts Ad] (a pair of Aces)
Mahu2021 collected 550 from pot
Xron4iio finished the tournament in 3rd place
*** SUMMARY ***
Total pot 550 | Rake 0 
Board [2d Ac Qd 6h 3d]
Seat 1: Xron4iio (small blind) showed [Ks Jd] and lost with high card Ace
Seat 2: Mahu2021 (big blind) showed [Ts Ad] and won (550) with a pair of Aces
Seat 3: MARCELL ZAIONS (button) folded before Flop (didn't bet)



PokerStars Hand #244014253196: Tournament #3598469886, $0.92+$0.08 USD Hold'em No Limit - Level III (20/40) - 2023/05/31 18:34:44 CET [2023/05/31 12:34:44 ET]
Table '3598469886 1' 3-max Seat #2 is the button
Seat 2: Mahu2021 (1005 in chips) 
Seat 3: MARCELL ZAIONS (495 in chips) 
Mahu2021: posts small blind 20
MARCELL ZAIONS: posts big blind 40
*** HOLE CARDS ***
Dealt to Mahu2021 [6d 3h]
Mahu2021: calls 20
MARCELL ZAIONS: checks 
*** FLOP *** [3s 6h 7d]
MARCELL ZAIONS: checks 
Mahu2021: bets 40
MARCELL ZAIONS: calls 40
*** TURN *** [3s 6h 7d] [4h]
MARCELL ZAIONS: checks 
Mahu2021: checks 
*** RIVER *** [3s 6h 7d 4h] [9s]
MARCELL ZAIONS: bets 120
Mahu2021: calls 120
*** SHOW DOWN ***
MARCELL ZAIONS: shows [9h 3d] (two pair, Nines and Threes)
Mahu2021: mucks hand 
MARCELL ZAIONS collected 400 from pot
*** SUMMARY ***
Total pot 400 | Rake 0 
Board [3s 6h 7d 4h 9s]
Seat 2: Mahu2021 (button) (small blind) mucked [6d 3h]
Seat 3: MARCELL ZAIONS (big blind) showed [9h 3d] and won (400) with two pair, Nines and Threes



PokerStars Hand #244014258746: Tournament #3598469886, $0.92+$0.08 USD Hold'em No Limit - Level III (20/40) - 2023/05/31 18:35:04 CET [2023/05/31 12:35:04 ET]
Table '3598469886 1' 3-max Seat #3 is the button
Seat 2: Mahu2021 (805 in chips) 
Seat 3: MARCELL ZAIONS (695 in chips) 
MARCELL ZAIONS: posts small blind 20
Mahu2021: posts big blind 40
*** HOLE CARDS ***
Dealt to Mahu2021 [3s 2h]
MARCELL ZAIONS: calls 20
Mahu2021: checks 
*** FLOP *** [Kc 6h 5s]
Mahu2021: checks 
MARCELL ZAIONS: checks 
*** TURN *** [Kc 6h 5s] [2d]
Mahu2021: bets 40
MARCELL ZAIONS: folds 
Uncalled bet (40) returned to Mahu2021
Mahu2021 collected 80 from pot
Mahu2021: doesn't show hand 
*** SUMMARY ***
Total pot 80 | Rake 0 
Board [Kc 6h 5s 2d]
Seat 2: Mahu2021 (big blind) collected (80)
Seat 3: MARCELL ZAIONS (button) (small blind) folded on the Turn



PokerStars Hand #244014262378: Tournament #3598469886, $0.92+$0.08 USD Hold'em No Limit - Level III (20/40) - 2023/05/31 18:35:17 CET [2023/05/31 12:35:17 ET]
Table '3598469886 1' 3-max Seat #2 is the button
Seat 2: Mahu2021 (845 in chips) 
Seat 3: MARCELL ZAIONS (655 in chips) 
Mahu2021: posts small blind 20
MARCELL ZAIONS: posts big blind 40
*** HOLE CARDS ***
Dealt to Mahu2021 [9s 5d]
Mahu2021: folds 
Uncalled bet (20) returned to MARCELL ZAIONS
MARCELL ZAIONS collected 40 from pot
*** SUMMARY ***
Total pot 40 | Rake 0 
Seat 2: Mahu2021 (button) (small blind) folded before Flop
Seat 3: MARCELL ZAIONS (big blind) collected (40)



PokerStars Hand #244014263686: Tournament #3598469886, $0.92+$0.08 USD Hold'em No Limit - Level III (20/40) - 2023/05/31 18:35:22 CET [2023/05/31 12:35:22 ET]
Table '3598469886 1' 3-max Seat #3 is the button
Seat 2: Mahu2021 (825 in chips) 
Seat 3: MARCELL ZAIONS (675 in chips) 
MARCELL ZAIONS: posts small blind 20
Mahu2021: posts big blind 40
*** HOLE CARDS ***
Dealt to Mahu2021 [5s Qh]
MARCELL ZAIONS: calls 20
Mahu2021: checks 
*** FLOP *** [4s 7s 7d]
Mahu2021: checks 
MARCELL ZAIONS: checks 
*** TURN *** [4s 7s 7d] [4d]
Mahu2021: checks 
MARCELL ZAIONS: checks 
*** RIVER *** [4s 7s 7d 4d] [Th]
Mahu2021: bets 40
MARCELL ZAIONS: raises 80 to 120
Mahu2021: folds 
Uncalled bet (80) returned to MARCELL ZAIONS
MARCELL ZAIONS collected 160 from pot
*** SUMMARY ***
Total pot 160 | Rake 0 
Board [4s 7s 7d 4d Th]
Seat 2: Mahu2021 (big blind) folded on the River
Seat 3: MARCELL ZAIONS (button) (small blind) collected (160)



PokerStars Hand #244014269199: Tournament #3598469886, $0.92+$0.08 USD Hold'em No Limit - Level IV (30/60) - 2023/05/31 18:35:41 CET [2023/05/31 12:35:41 ET]
Table '3598469886 1' 3-max Seat #2 is the button
Seat 2: Mahu2021 (745 in chips) 
Seat 3: MARCELL ZAIONS (755 in chips) 
Mahu2021: posts small blind 30
MARCELL ZAIONS: posts big blind 60
*** HOLE CARDS ***
Dealt to Mahu2021 [Ah 9s]
Mahu2021: calls 30
MARCELL ZAIONS: raises 60 to 120
Mahu2021: calls 60
*** FLOP *** [7s 8c 3h]
MARCELL ZAIONS: checks 
Mahu2021: checks 
*** TURN *** [7s 8c 3h] [Qh]
MARCELL ZAIONS: checks 
Mahu2021: checks 
*** RIVER *** [7s 8c 3h Qh] [Ac]
MARCELL ZAIONS: bets 60
Mahu2021: calls 60
*** SHOW DOWN ***
MARCELL ZAIONS: shows [6h Th] (high card Ace)
Mahu2021: shows [Ah 9s] (a pair of Aces)
Mahu2021 collected 360 from pot
*** SUMMARY ***
Total pot 360 | Rake 0 
Board [7s 8c 3h Qh Ac]
Seat 2: Mahu2021 (button) (small blind) showed [Ah 9s] and won (360) with a pair of Aces
Seat 3: MARCELL ZAIONS (big blind) showed [6h Th] and lost with high card Ace



PokerStars Hand #244014273568: Tournament #3598469886, $0.92+$0.08 USD Hold'em No Limit - Level IV (30/60) - 2023/05/31 18:35:57 CET [2023/05/31 12:35:57 ET]
Table '3598469886 1' 3-max Seat #3 is the button
Seat 2: Mahu2021 (925 in chips) 
Seat 3: MARCELL ZAIONS (575 in chips) 
MARCELL ZAIONS: posts small blind 30
Mahu2021: posts big blind 60
*** HOLE CARDS ***
Dealt to Mahu2021 [8d Qs]
MARCELL ZAIONS: calls 30
Mahu2021: checks 
*** FLOP *** [Ah Qd 4d]
Mahu2021: checks 
MARCELL ZAIONS: checks 
*** TURN *** [Ah Qd 4d] [Ac]
Mahu2021: checks 
MARCELL ZAIONS: checks 
*** RIVER *** [Ah Qd 4d Ac] [7d]
Mahu2021: checks 
MARCELL ZAIONS: checks 
*** SHOW DOWN ***
Mahu2021: shows [8d Qs] (two pair, Aces and Queens)
MARCELL ZAIONS: mucks hand 
Mahu2021 collected 120 from pot
*** SUMMARY ***
Total pot 120 | Rake 0 
Board [Ah Qd 4d Ac 7d]
Seat 2: Mahu2021 (big blind) showed [8d Qs] and won (120) with two pair, Aces and Queens
Seat 3: MARCELL ZAIONS (button) (small blind) mucked [Kh 6c]



PokerStars Hand #244014278602: Tournament #3598469886, $0.92+$0.08 USD Hold'em No Limit - Level IV (30/60) - 2023/05/31 18:36:15 CET [2023/05/31 12:36:15 ET]
Table '3598469886 1' 3-max Seat #2 is the button
Seat 2: Mahu2021 (985 in chips) 
Seat 3: MARCELL ZAIONS (515 in chips) 
Mahu2021: posts small blind 30
MARCELL ZAIONS: posts big blind 60
*** HOLE CARDS ***
Dealt to Mahu2021 [2d 6d]
Mahu2021: calls 30
MARCELL ZAIONS: raises 60 to 120
Mahu2021: calls 60
*** FLOP *** [Jh Jd 7c]
MARCELL ZAIONS: bets 395 and is all-in
Mahu2021: folds 
Uncalled bet (395) returned to MARCELL ZAIONS
MARCELL ZAIONS collected 240 from pot
*** SUMMARY ***
Total pot 240 | Rake 0 
Board [Jh Jd 7c]
Seat 2: Mahu2021 (button) (small blind) folded on the Flop
Seat 3: MARCELL ZAIONS (big blind) collected (240)



PokerStars Hand #244014282015: Tournament #3598469886, $0.92+$0.08 USD Hold'em No Limit - Level IV (30/60) - 2023/05/31 18:36:27 CET [2023/05/31 12:36:27 ET]
Table '3598469886 1' 3-max Seat #3 is the button
Seat 2: Mahu2021 (865 in chips) 
Seat 3: MARCELL ZAIONS (635 in chips) 
MARCELL ZAIONS: posts small blind 30
Mahu2021: posts big blind 60
*** HOLE CARDS ***
Dealt to Mahu2021 [Qh Ks]
MARCELL ZAIONS: calls 30
Mahu2021: checks 
*** FLOP *** [7h 5h Th]
Mahu2021: checks 
MARCELL ZAIONS: checks 
*** TURN *** [7h 5h Th] [Qc]
Mahu2021: bets 60
MARCELL ZAIONS: calls 60
*** RIVER *** [7h 5h Th Qc] [8s]
Mahu2021: bets 60
MARCELL ZAIONS: calls 60
*** SHOW DOWN ***
Mahu2021: shows [Qh Ks] (a pair of Queens)
MARCELL ZAIONS: mucks hand 
Mahu2021 collected 360 from pot
*** SUMMARY ***
Total pot 360 | Rake 0 
Board [7h 5h Th Qc 8s]
Seat 2: Mahu2021 (big blind) showed [Qh Ks] and won (360) with a pair of Queens
Seat 3: MARCELL ZAIONS (button) (small blind) mucked [Ts Kh]



PokerStars Hand #244014286484: Tournament #3598469886, $0.92+$0.08 USD Hold'em No Limit - Level IV (30/60) - 2023/05/31 18:36:43 CET [2023/05/31 12:36:43 ET]
Table '3598469886 1' 3-max Seat #2 is the button
Seat 2: Mahu2021 (1045 in chips) 
Seat 3: MARCELL ZAIONS (455 in chips) 
Mahu2021: posts small blind 30
MARCELL ZAIONS: posts big blind 60
*** HOLE CARDS ***
Dealt to Mahu2021 [Jc Qs]
Mahu2021: calls 30
MARCELL ZAIONS: raises 60 to 120
Mahu2021: calls 60
*** FLOP *** [7h 6h Kc]
MARCELL ZAIONS: checks 
Mahu2021: checks 
*** TURN *** [7h 6h Kc] [2s]
MARCELL ZAIONS: bets 60
Mahu2021: folds 
Uncalled bet (60) returned to MARCELL ZAIONS
MARCELL ZAIONS collected 240 from pot
*** SUMMARY ***
Total pot 240 | Rake 0 
Board [7h 6h Kc 2s]
Seat 2: Mahu2021 (button) (small blind) folded on the Turn
Seat 3: MARCELL ZAIONS (big blind) collected (240)



PokerStars Hand #244014290150: Tournament #3598469886, $0.92+$0.08 USD Hold'em No Limit - Level IV (30/60) - 2023/05/31 18:36:57 CET [2023/05/31 12:36:57 ET]
Table '3598469886 1' 3-max Seat #3 is the button
Seat 2: Mahu2021 (925 in chips) 
Seat 3: MARCELL ZAIONS (575 in chips) 
MARCELL ZAIONS: posts small blind 30
Mahu2021: posts big blind 60
*** HOLE CARDS ***
Dealt to Mahu2021 [3c Kh]
MARCELL ZAIONS: calls 30
Mahu2021: checks 
*** FLOP *** [Qh Kc 5c]
Mahu2021: checks 
MARCELL ZAIONS: checks 
*** TURN *** [Qh Kc 5c] [3s]
Mahu2021: checks 
MARCELL ZAIONS: bets 60
Mahu2021: raises 120 to 180
MARCELL ZAIONS: folds 
Uncalled bet (120) returned to Mahu2021
Mahu2021 collected 240 from pot
Mahu2021: doesn't show hand 
*** SUMMARY ***
Total pot 240 | Rake 0 
Board [Qh Kc 5c 3s]
Seat 2: Mahu2021 (big blind) collected (240)
Seat 3: MARCELL ZAIONS (button) (small blind) folded on the Turn



PokerStars Hand #244014294210: Tournament #3598469886, $0.92+$0.08 USD Hold'em No Limit - Level IV (30/60) - 2023/05/31 18:37:12 CET [2023/05/31 12:37:12 ET]
Table '3598469886 1' 3-max Seat #2 is the button
Seat 2: Mahu2021 (1045 in chips) 
Seat 3: MARCELL ZAIONS (455 in chips) 
Mahu2021: posts small blind 30
MARCELL ZAIONS: posts big blind 60
*** HOLE CARDS ***
Dealt to Mahu2021 [Jh 3c]
Mahu2021: calls 30
MARCELL ZAIONS: checks 
*** FLOP *** [Kc 6s 3d]
MARCELL ZAIONS: checks 
Mahu2021: bets 60
MARCELL ZAIONS: raises 335 to 395 and is all-in
Mahu2021: folds 
Uncalled bet (335) returned to MARCELL ZAIONS
MARCELL ZAIONS collected 240 from pot
*** SUMMARY ***
Total pot 240 | Rake 0 
Board [Kc 6s 3d]
Seat 2: Mahu2021 (button) (small blind) folded on the Flop
Seat 3: MARCELL ZAIONS (big blind) collected (240)



PokerStars Hand #244014300782: Tournament #3598469886, $0.92+$0.08 USD Hold'em No Limit - Level V (40/80) - 2023/05/31 18:37:35 CET [2023/05/31 12:37:35 ET]
Table '3598469886 1' 3-max Seat #3 is the button
Seat 2: Mahu2021 (925 in chips) 
Seat 3: MARCELL ZAIONS (575 in chips) 
MARCELL ZAIONS: posts small blind 40
Mahu2021: posts big blind 80
*** HOLE CARDS ***
Dealt to Mahu2021 [8h 7h]
MARCELL ZAIONS: raises 80 to 160
Mahu2021: calls 80
*** FLOP *** [Qh 6s Qd]
Mahu2021: checks 
MARCELL ZAIONS: checks 
*** TURN *** [Qh 6s Qd] [Kd]
Mahu2021: checks 
MARCELL ZAIONS: bets 80
Mahu2021: folds 
Uncalled bet (80) returned to MARCELL ZAIONS
MARCELL ZAIONS collected 320 from pot
*** SUMMARY ***
Total pot 320 | Rake 0 
Board [Qh 6s Qd Kd]
Seat 2: Mahu2021 (big blind) folded on the Turn
Seat 3: MARCELL ZAIONS (button) (small blind) collected (320)



PokerStars Hand #244014304244: Tournament #3598469886, $0.92+$0.08 USD Hold'em No Limit - Level V (40/80) - 2023/05/31 18:37:47 CET [2023/05/31 12:37:47 ET]
Table '3598469886 1' 3-max Seat #2 is the button
Seat 2: Mahu2021 (765 in chips) 
Seat 3: MARCELL ZAIONS (735 in chips) 
Mahu2021: posts small blind 40
MARCELL ZAIONS: posts big blind 80
*** HOLE CARDS ***
Dealt to Mahu2021 [8s 4s]
Mahu2021: calls 40
MARCELL ZAIONS: raises 80 to 160
Mahu2021: calls 80
*** FLOP *** [4h Jh 3c]
MARCELL ZAIONS: bets 80
Mahu2021: raises 525 to 605 and is all-in
MARCELL ZAIONS: calls 495 and is all-in
Uncalled bet (30) returned to Mahu2021
*** TURN *** [4h Jh 3c] [Ac]
*** RIVER *** [4h Jh 3c Ac] [5s]
*** SHOW DOWN ***
MARCELL ZAIONS: shows [Kd 6d] (high card Ace)
Mahu2021: shows [8s 4s] (a pair of Fours)
Mahu2021 collected 1470 from pot
MARCELL ZAIONS finished the tournament in 2nd place
Mahu2021 wins the tournament and receives $2.00 - congratulations!
*** SUMMARY ***
Total pot 1470 | Rake 0 
Board [4h Jh 3c Ac 5s]
Seat 2: Mahu2021 (button) (small blind) showed [8s 4s] and won (1470) with a pair of Fours
Seat 3: MARCELL ZAIONS (big blind) showed [Kd 6d] and lost with high card Ace



