PokerStars Hand #252758028129: Tournament #3807963213, $0.46+$0.04 USD Hold'em No Limit - Level I (10/20) - 2024/10/04 9:40:39 CET [2024/10/04 3:40:39 ET]
Table '3807963213 1' 3-max Seat #1 is the button
Seat 1: Mahu2021 (500 in chips) 
Seat 2: one leg Gino (500 in chips) 
Seat 3: DaLimey1 (500 in chips) 
one leg Gino: posts small blind 10
DaLimey1: posts big blind 20
*** HOLE CARDS ***
Dealt to Mahu2021 [Th Kc]
Mahu2021: raises 20 to 40
one leg Gino: calls 30
DaLimey1: calls 20
*** FLOP *** [9h 7s Kh]
one leg Gino: checks 
DaLimey1: checks 
Mahu2021: bets 40
one leg Gino: calls 40
DaLimey1: folds 
*** TURN *** [9h 7s Kh] [Js]
one leg Gino: checks 
Mahu2021: bets 40
one leg Gino: calls 40
*** RIVER *** [9h 7s Kh Js] [As]
one leg Gino: checks 
Mahu2021: checks 
*** SHOW DOWN ***
one leg Gino: shows [2d 2s] (a pair of Deuces)
Mahu2021: shows [Th Kc] (a pair of Kings)
Mahu2021 collected 280 from pot
*** SUMMARY ***
Total pot 280 | Rake 0 
Board [9h 7s Kh Js As]
Seat 1: Mahu2021 (button) showed [Th Kc] and won (280) with a pair of Kings
Seat 2: one leg Gino (small blind) showed [2d 2s] and lost with a pair of Deuces
Seat 3: DaLimey1 (big blind) folded on the Flop



PokerStars Hand #252758030647: Tournament #3807963213, $0.46+$0.04 USD Hold'em No Limit - Level I (10/20) - 2024/10/04 9:41:04 CET [2024/10/04 3:41:04 ET]
Table '3807963213 1' 3-max Seat #2 is the button
Seat 1: Mahu2021 (660 in chips) 
Seat 2: one leg Gino (380 in chips) 
Seat 3: DaLimey1 (460 in chips) 
DaLimey1: posts small blind 10
Mahu2021: posts big blind 20
*** HOLE CARDS ***
Dealt to Mahu2021 [Ac 5c]
one leg Gino: calls 20
DaLimey1: folds 
Mahu2021: checks 
*** FLOP *** [2c 3c Qc]
Mahu2021: checks 
one leg Gino: checks 
*** TURN *** [2c 3c Qc] [Td]
Mahu2021: checks 
one leg Gino: checks 
*** RIVER *** [2c 3c Qc Td] [2h]
Mahu2021: bets 640 and is all-in
one leg Gino: folds 
Uncalled bet (640) returned to Mahu2021
Mahu2021 collected 50 from pot
Mahu2021: doesn't show hand 
*** SUMMARY ***
Total pot 50 | Rake 0 
Board [2c 3c Qc Td 2h]
Seat 1: Mahu2021 (big blind) collected (50)
Seat 2: one leg Gino (button) folded on the River
Seat 3: DaLimey1 (small blind) folded before Flop



PokerStars Hand #252758032349: Tournament #3807963213, $0.46+$0.04 USD Hold'em No Limit - Level I (10/20) - 2024/10/04 9:41:21 CET [2024/10/04 3:41:21 ET]
Table '3807963213 1' 3-max Seat #3 is the button
Seat 1: Mahu2021 (690 in chips) 
Seat 2: one leg Gino (360 in chips) 
Seat 3: DaLimey1 (450 in chips) 
Mahu2021: posts small blind 10
one leg Gino: posts big blind 20
*** HOLE CARDS ***
Dealt to Mahu2021 [2s 3c]
DaLimey1: folds 
Mahu2021: folds 
Uncalled bet (10) returned to one leg Gino
one leg Gino collected 20 from pot
one leg Gino: doesn't show hand 
*** SUMMARY ***
Total pot 20 | Rake 0 
Seat 1: Mahu2021 (small blind) folded before Flop
Seat 2: one leg Gino (big blind) collected (20)
Seat 3: DaLimey1 (button) folded before Flop (didn't bet)



PokerStars Hand #252758032978: Tournament #3807963213, $0.46+$0.04 USD Hold'em No Limit - Level I (10/20) - 2024/10/04 9:41:28 CET [2024/10/04 3:41:28 ET]
Table '3807963213 1' 3-max Seat #1 is the button
Seat 1: Mahu2021 (680 in chips) 
Seat 2: one leg Gino (370 in chips) 
Seat 3: DaLimey1 (450 in chips) 
one leg Gino: posts small blind 10
DaLimey1: posts big blind 20
*** HOLE CARDS ***
Dealt to Mahu2021 [9h Ah]
Mahu2021: raises 20 to 40
one leg Gino: raises 100 to 140
DaLimey1: folds 
Mahu2021: calls 100
*** FLOP *** [9d 3s Jh]
one leg Gino: bets 230 and is all-in
Mahu2021: calls 230
*** TURN *** [9d 3s Jh] [2s]
*** RIVER *** [9d 3s Jh 2s] [4c]
*** SHOW DOWN ***
one leg Gino: shows [As 8d] (high card Ace)
Mahu2021: shows [9h Ah] (a pair of Nines)
Mahu2021 collected 760 from pot
one leg Gino finished the tournament in 3rd place
*** SUMMARY ***
Total pot 760 | Rake 0 
Board [9d 3s Jh 2s 4c]
Seat 1: Mahu2021 (button) showed [9h Ah] and won (760) with a pair of Nines
Seat 2: one leg Gino (small blind) showed [As 8d] and lost with high card Ace
Seat 3: DaLimey1 (big blind) folded before Flop



PokerStars Hand #252758035618: Tournament #3807963213, $0.46+$0.04 USD Hold'em No Limit - Level I (10/20) - 2024/10/04 9:41:53 CET [2024/10/04 3:41:53 ET]
Table '3807963213 1' 3-max Seat #3 is the button
Seat 1: Mahu2021 (1070 in chips) 
Seat 3: DaLimey1 (430 in chips) 
DaLimey1: posts small blind 10
Mahu2021: posts big blind 20
*** HOLE CARDS ***
Dealt to Mahu2021 [4h 5h]
DaLimey1: raises 20 to 40
Mahu2021: calls 20
*** FLOP *** [3h 2h Js]
Mahu2021: checks 
DaLimey1: bets 36
Mahu2021: calls 36
*** TURN *** [3h 2h Js] [3d]
Mahu2021: checks 
DaLimey1: bets 68
Mahu2021: calls 68
*** RIVER *** [3h 2h Js 3d] [Qh]
Mahu2021: bets 926 and is all-in
DaLimey1: folds 
Uncalled bet (926) returned to Mahu2021
Mahu2021 collected 288 from pot
Mahu2021: doesn't show hand 
*** SUMMARY ***
Total pot 288 | Rake 0 
Board [3h 2h Js 3d Qh]
Seat 1: Mahu2021 (big blind) collected (288)
Seat 3: DaLimey1 (button) (small blind) folded on the River



PokerStars Hand #252758037879: Tournament #3807963213, $0.46+$0.04 USD Hold'em No Limit - Level I (10/20) - 2024/10/04 9:42:16 CET [2024/10/04 3:42:16 ET]
Table '3807963213 1' 3-max Seat #1 is the button
Seat 1: Mahu2021 (1214 in chips) 
Seat 3: DaLimey1 (286 in chips) 
Mahu2021: posts small blind 10
DaLimey1: posts big blind 20
*** HOLE CARDS ***
Dealt to Mahu2021 [Tc 7h]
Mahu2021: calls 10
DaLimey1: checks 
*** FLOP *** [7c 2h Qd]
DaLimey1: checks 
Mahu2021: bets 20
DaLimey1: folds 
Uncalled bet (20) returned to Mahu2021
Mahu2021 collected 40 from pot
Mahu2021: doesn't show hand 
*** SUMMARY ***
Total pot 40 | Rake 0 
Board [7c 2h Qd]
Seat 1: Mahu2021 (button) (small blind) collected (40)
Seat 3: DaLimey1 (big blind) folded on the Flop



PokerStars Hand #252758039891: Tournament #3807963213, $0.46+$0.04 USD Hold'em No Limit - Level I (10/20) - 2024/10/04 9:42:36 CET [2024/10/04 3:42:36 ET]
Table '3807963213 1' 3-max Seat #3 is the button
Seat 1: Mahu2021 (1234 in chips) 
Seat 3: DaLimey1 (266 in chips) 
DaLimey1: posts small blind 10
Mahu2021: posts big blind 20
*** HOLE CARDS ***
Dealt to Mahu2021 [Ac 7s]
DaLimey1: raises 246 to 266 and is all-in
Mahu2021: calls 246
*** FLOP *** [3d 5s Ks]
*** TURN *** [3d 5s Ks] [4d]
*** RIVER *** [3d 5s Ks 4d] [Qc]
*** SHOW DOWN ***
Mahu2021: shows [Ac 7s] (high card Ace)
DaLimey1: shows [Kh Jc] (a pair of Kings)
DaLimey1 collected 532 from pot
*** SUMMARY ***
Total pot 532 | Rake 0 
Board [3d 5s Ks 4d Qc]
Seat 1: Mahu2021 (big blind) showed [Ac 7s] and lost with high card Ace
Seat 3: DaLimey1 (button) (small blind) showed [Kh Jc] and won (532) with a pair of Kings



PokerStars Hand #252758041568: Tournament #3807963213, $0.46+$0.04 USD Hold'em No Limit - Level II (15/30) - 2024/10/04 9:42:52 CET [2024/10/04 3:42:52 ET]
Table '3807963213 1' 3-max Seat #1 is the button
Seat 1: Mahu2021 (968 in chips) 
Seat 3: DaLimey1 (532 in chips) 
Mahu2021: posts small blind 15
DaLimey1: posts big blind 30
*** HOLE CARDS ***
Dealt to Mahu2021 [3d 5s]
Mahu2021: calls 15
DaLimey1: checks 
*** FLOP *** [7c Kd 2d]
DaLimey1: checks 
Mahu2021: checks 
*** TURN *** [7c Kd 2d] [9d]
DaLimey1: checks 
Mahu2021: bets 30
DaLimey1: folds 
Uncalled bet (30) returned to Mahu2021
Mahu2021 collected 60 from pot
Mahu2021: doesn't show hand 
*** SUMMARY ***
Total pot 60 | Rake 0 
Board [7c Kd 2d 9d]
Seat 1: Mahu2021 (button) (small blind) collected (60)
Seat 3: DaLimey1 (big blind) folded on the Turn



PokerStars Hand #252758043452: Tournament #3807963213, $0.46+$0.04 USD Hold'em No Limit - Level II (15/30) - 2024/10/04 9:43:11 CET [2024/10/04 3:43:11 ET]
Table '3807963213 1' 3-max Seat #3 is the button
Seat 1: Mahu2021 (998 in chips) 
Seat 3: DaLimey1 (502 in chips) 
DaLimey1: posts small blind 15
Mahu2021: posts big blind 30
*** HOLE CARDS ***
Dealt to Mahu2021 [Qs 5c]
DaLimey1: raises 472 to 502 and is all-in
Mahu2021: folds 
Uncalled bet (472) returned to DaLimey1
DaLimey1 collected 60 from pot
DaLimey1: doesn't show hand 
*** SUMMARY ***
Total pot 60 | Rake 0 
Seat 1: Mahu2021 (big blind) folded before Flop
Seat 3: DaLimey1 (button) (small blind) collected (60)



PokerStars Hand #252758044162: Tournament #3807963213, $0.46+$0.04 USD Hold'em No Limit - Level II (15/30) - 2024/10/04 9:43:18 CET [2024/10/04 3:43:18 ET]
Table '3807963213 1' 3-max Seat #1 is the button
Seat 1: Mahu2021 (968 in chips) 
Seat 3: DaLimey1 (532 in chips) 
Mahu2021: posts small blind 15
DaLimey1: posts big blind 30
*** HOLE CARDS ***
Dealt to Mahu2021 [4d 3h]
Mahu2021: calls 15
DaLimey1: checks 
*** FLOP *** [9s 7h As]
DaLimey1: checks 
Mahu2021: checks 
*** TURN *** [9s 7h As] [Jc]
DaLimey1: checks 
Mahu2021: checks 
*** RIVER *** [9s 7h As Jc] [5h]
DaLimey1: checks 
Mahu2021: bets 30
DaLimey1: calls 30
*** SHOW DOWN ***
Mahu2021: shows [4d 3h] (high card Ace)
DaLimey1: shows [Ks 5d] (a pair of Fives)
DaLimey1 collected 120 from pot
*** SUMMARY ***
Total pot 120 | Rake 0 
Board [9s 7h As Jc 5h]
Seat 1: Mahu2021 (button) (small blind) showed [4d 3h] and lost with high card Ace
Seat 3: DaLimey1 (big blind) showed [Ks 5d] and won (120) with a pair of Fives



PokerStars Hand #252758046263: Tournament #3807963213, $0.46+$0.04 USD Hold'em No Limit - Level II (15/30) - 2024/10/04 9:43:38 CET [2024/10/04 3:43:38 ET]
Table '3807963213 1' 3-max Seat #3 is the button
Seat 1: Mahu2021 (908 in chips) 
Seat 3: DaLimey1 (592 in chips) 
DaLimey1: posts small blind 15
Mahu2021: posts big blind 30
*** HOLE CARDS ***
Dealt to Mahu2021 [Kc 9d]
DaLimey1: folds 
Uncalled bet (15) returned to Mahu2021
Mahu2021 collected 30 from pot
Mahu2021: doesn't show hand 
*** SUMMARY ***
Total pot 30 | Rake 0 
Seat 1: Mahu2021 (big blind) collected (30)
Seat 3: DaLimey1 (button) (small blind) folded before Flop



PokerStars Hand #252758046708: Tournament #3807963213, $0.46+$0.04 USD Hold'em No Limit - Level II (15/30) - 2024/10/04 9:43:43 CET [2024/10/04 3:43:43 ET]
Table '3807963213 1' 3-max Seat #1 is the button
Seat 1: Mahu2021 (923 in chips) 
Seat 3: DaLimey1 (577 in chips) 
Mahu2021: posts small blind 15
DaLimey1: posts big blind 30
*** HOLE CARDS ***
Dealt to Mahu2021 [Ac As]
Mahu2021: raises 893 to 923 and is all-in
DaLimey1: calls 547 and is all-in
Uncalled bet (346) returned to Mahu2021
*** FLOP *** [Jc 6d Qc]
*** TURN *** [Jc 6d Qc] [2h]
*** RIVER *** [Jc 6d Qc 2h] [Qd]
*** SHOW DOWN ***
DaLimey1: shows [9d 9s] (two pair, Queens and Nines)
Mahu2021: shows [Ac As] (two pair, Aces and Queens)
Mahu2021 collected 1154 from pot
DaLimey1 finished the tournament in 2nd place
Mahu2021 wins the tournament - congratulations!
Mahu2021 wins a '$1.00 Power Path Step 2 Ticket' ticket
*** SUMMARY ***
Total pot 1154 | Rake 0 
Board [Jc 6d Qc 2h Qd]
Seat 1: Mahu2021 (button) (small blind) showed [Ac As] and won (1154) with two pair, Aces and Queens
Seat 3: DaLimey1 (big blind) showed [9d 9s] and lost with two pair, Queens and Nines



