PokerStars Hand #253650741636: Tournament #3829232353, $0.46+$0.04 USD Hold'em No Limit - Level I (10/20) - 2024/12/01 10:23:21 CET [2024/12/01 4:23:21 ET]
Table '3829232353 1' 3-max Seat #1 is the button
Seat 1: pikolo1377 (500 in chips) 
Seat 2: Mahu2021 (500 in chips) 
Seat 3: Dr.Calligraph (500 in chips) 
Mahu2021: posts small blind 10
Dr.Calligraph: posts big blind 20
*** HOLE CARDS ***
Dealt to Mahu2021 [7d Jc]
pikolo1377: folds 
Mahu2021: calls 10
Dr.Calligraph: raises 20 to 40
Mahu2021: calls 20
*** FLOP *** [Td Jd 2s]
Mahu2021: checks 
Dr.Calligraph: bets 80
Mahu2021: raises 380 to 460 and is all-in
Dr.Calligraph: calls 380 and is all-in
*** TURN *** [Td Jd 2s] [5d]
*** RIVER *** [Td Jd 2s 5d] [7s]
*** SHOW DOWN ***
Mahu2021: shows [7d Jc] (two pair, Jacks and Sevens)
Dr.Calligraph: shows [8h Tc] (a pair of Tens)
Mahu2021 collected 1000 from pot
Dr.Calligraph finished the tournament in 3rd place
*** SUMMARY ***
Total pot 1000 | Rake 0 
Board [Td Jd 2s 5d 7s]
Seat 1: pikolo1377 (button) folded before Flop (didn't bet)
Seat 2: Mahu2021 (small blind) showed [7d Jc] and won (1000) with two pair, Jacks and Sevens
Seat 3: Dr.Calligraph (big blind) showed [8h Tc] and lost with a pair of Tens



PokerStars Hand #253650744021: Tournament #3829232353, $0.46+$0.04 USD Hold'em No Limit - Level I (10/20) - 2024/12/01 10:23:46 CET [2024/12/01 4:23:46 ET]
Table '3829232353 1' 3-max Seat #2 is the button
Seat 1: pikolo1377 (500 in chips) 
Seat 2: Mahu2021 (1000 in chips) 
Mahu2021: posts small blind 10
pikolo1377: posts big blind 20
*** HOLE CARDS ***
Dealt to Mahu2021 [Kc Ad]
Mahu2021: raises 40 to 60
pikolo1377: calls 40
*** FLOP *** [2d 7d Kd]
pikolo1377: checks 
Mahu2021: bets 60
pikolo1377: folds 
Uncalled bet (60) returned to Mahu2021
Mahu2021 collected 120 from pot
Mahu2021: doesn't show hand 
*** SUMMARY ***
Total pot 120 | Rake 0 
Board [2d 7d Kd]
Seat 1: pikolo1377 (big blind) folded on the Flop
Seat 2: Mahu2021 (button) (small blind) collected (120)



PokerStars Hand #253650745925: Tournament #3829232353, $0.46+$0.04 USD Hold'em No Limit - Level I (10/20) - 2024/12/01 10:24:06 CET [2024/12/01 4:24:06 ET]
Table '3829232353 1' 3-max Seat #1 is the button
Seat 1: pikolo1377 (440 in chips) 
Seat 2: Mahu2021 (1060 in chips) 
pikolo1377: posts small blind 10
Mahu2021: posts big blind 20
*** HOLE CARDS ***
Dealt to Mahu2021 [3h Td]
pikolo1377: calls 10
Mahu2021: checks 
*** FLOP *** [Tc 2h 4s]
Mahu2021: bets 40
pikolo1377: calls 40
*** TURN *** [Tc 2h 4s] [7s]
Mahu2021: bets 40
pikolo1377: calls 40
*** RIVER *** [Tc 2h 4s 7s] [Ks]
Mahu2021: bets 40
pikolo1377: raises 300 to 340 and is all-in
Mahu2021: folds 
Uncalled bet (300) returned to pikolo1377
pikolo1377 collected 280 from pot
pikolo1377: doesn't show hand 
*** SUMMARY ***
Total pot 280 | Rake 0 
Board [Tc 2h 4s 7s Ks]
Seat 1: pikolo1377 (button) (small blind) collected (280)
Seat 2: Mahu2021 (big blind) folded on the River



PokerStars Hand #253650748343: Tournament #3829232353, $0.46+$0.04 USD Hold'em No Limit - Level I (10/20) - 2024/12/01 10:24:32 CET [2024/12/01 4:24:32 ET]
Table '3829232353 1' 3-max Seat #2 is the button
Seat 1: pikolo1377 (580 in chips) 
Seat 2: Mahu2021 (920 in chips) 
Mahu2021: posts small blind 10
pikolo1377: posts big blind 20
*** HOLE CARDS ***
Dealt to Mahu2021 [6s 9c]
Mahu2021: folds 
Uncalled bet (10) returned to pikolo1377
pikolo1377 collected 20 from pot
pikolo1377: doesn't show hand 
*** SUMMARY ***
Total pot 20 | Rake 0 
Seat 1: pikolo1377 (big blind) collected (20)
Seat 2: Mahu2021 (button) (small blind) folded before Flop



PokerStars Hand #253650748780: Tournament #3829232353, $0.46+$0.04 USD Hold'em No Limit - Level I (10/20) - 2024/12/01 10:24:37 CET [2024/12/01 4:24:37 ET]
Table '3829232353 1' 3-max Seat #1 is the button
Seat 1: pikolo1377 (590 in chips) 
Seat 2: Mahu2021 (910 in chips) 
pikolo1377: posts small blind 10
Mahu2021: posts big blind 20
*** HOLE CARDS ***
Dealt to Mahu2021 [3d 3c]
pikolo1377: calls 10
Mahu2021: raises 890 to 910 and is all-in
pikolo1377: folds 
Uncalled bet (890) returned to Mahu2021
Mahu2021 collected 40 from pot
Mahu2021: doesn't show hand 
*** SUMMARY ***
Total pot 40 | Rake 0 
Seat 1: pikolo1377 (button) (small blind) folded before Flop
Seat 2: Mahu2021 (big blind) collected (40)



PokerStars Hand #253650749580: Tournament #3829232353, $0.46+$0.04 USD Hold'em No Limit - Level I (10/20) - 2024/12/01 10:24:45 CET [2024/12/01 4:24:45 ET]
Table '3829232353 1' 3-max Seat #2 is the button
Seat 1: pikolo1377 (570 in chips) 
Seat 2: Mahu2021 (930 in chips) 
Mahu2021: posts small blind 10
pikolo1377: posts big blind 20
*** HOLE CARDS ***
Dealt to Mahu2021 [5d 3s]
Mahu2021: folds 
Uncalled bet (10) returned to pikolo1377
pikolo1377 collected 20 from pot
pikolo1377: doesn't show hand 
*** SUMMARY ***
Total pot 20 | Rake 0 
Seat 1: pikolo1377 (big blind) collected (20)
Seat 2: Mahu2021 (button) (small blind) folded before Flop



PokerStars Hand #253650750046: Tournament #3829232353, $0.46+$0.04 USD Hold'em No Limit - Level I (10/20) - 2024/12/01 10:24:50 CET [2024/12/01 4:24:50 ET]
Table '3829232353 1' 3-max Seat #1 is the button
Seat 1: pikolo1377 (580 in chips) 
Seat 2: Mahu2021 (920 in chips) 
pikolo1377: posts small blind 10
Mahu2021: posts big blind 20
*** HOLE CARDS ***
Dealt to Mahu2021 [Td Ac]
pikolo1377: calls 10
Mahu2021: raises 40 to 60
pikolo1377: calls 40
*** FLOP *** [Jh 8s 7c]
Mahu2021: checks 
pikolo1377: bets 120
Mahu2021: folds 
Uncalled bet (120) returned to pikolo1377
pikolo1377 collected 120 from pot
pikolo1377: doesn't show hand 
*** SUMMARY ***
Total pot 120 | Rake 0 
Board [Jh 8s 7c]
Seat 1: pikolo1377 (button) (small blind) collected (120)
Seat 2: Mahu2021 (big blind) folded on the Flop



PokerStars Hand #253650752162: Tournament #3829232353, $0.46+$0.04 USD Hold'em No Limit - Level I (10/20) - 2024/12/01 10:25:12 CET [2024/12/01 4:25:12 ET]
Table '3829232353 1' 3-max Seat #2 is the button
Seat 1: pikolo1377 (640 in chips) 
Seat 2: Mahu2021 (860 in chips) 
Mahu2021: posts small blind 10
pikolo1377: posts big blind 20
*** HOLE CARDS ***
Dealt to Mahu2021 [2d 3h]
Mahu2021: folds 
Uncalled bet (10) returned to pikolo1377
pikolo1377 collected 20 from pot
pikolo1377: doesn't show hand 
*** SUMMARY ***
Total pot 20 | Rake 0 
Seat 1: pikolo1377 (big blind) collected (20)
Seat 2: Mahu2021 (button) (small blind) folded before Flop



PokerStars Hand #253650752584: Tournament #3829232353, $0.46+$0.04 USD Hold'em No Limit - Level I (10/20) - 2024/12/01 10:25:16 CET [2024/12/01 4:25:16 ET]
Table '3829232353 1' 3-max Seat #1 is the button
Seat 1: pikolo1377 (650 in chips) 
Seat 2: Mahu2021 (850 in chips) 
pikolo1377: posts small blind 10
Mahu2021: posts big blind 20
*** HOLE CARDS ***
Dealt to Mahu2021 [8d 3c]
pikolo1377: calls 10
Mahu2021: checks 
*** FLOP *** [Qd Td Kd]
Mahu2021: checks 
pikolo1377: checks 
*** TURN *** [Qd Td Kd] [Qc]
Mahu2021: checks 
pikolo1377: checks 
*** RIVER *** [Qd Td Kd Qc] [8c]
Mahu2021: bets 40
pikolo1377: folds 
Uncalled bet (40) returned to Mahu2021
Mahu2021 collected 40 from pot
Mahu2021: doesn't show hand 
*** SUMMARY ***
Total pot 40 | Rake 0 
Board [Qd Td Kd Qc 8c]
Seat 1: pikolo1377 (button) (small blind) folded on the River
Seat 2: Mahu2021 (big blind) collected (40)



PokerStars Hand #253650754527: Tournament #3829232353, $0.46+$0.04 USD Hold'em No Limit - Level II (15/30) - 2024/12/01 10:25:37 CET [2024/12/01 4:25:37 ET]
Table '3829232353 1' 3-max Seat #2 is the button
Seat 1: pikolo1377 (630 in chips) 
Seat 2: Mahu2021 (870 in chips) 
Mahu2021: posts small blind 15
pikolo1377: posts big blind 30
*** HOLE CARDS ***
Dealt to Mahu2021 [Qh 9s]
Mahu2021: raises 60 to 90
pikolo1377: calls 60
*** FLOP *** [6d Kd Kh]
pikolo1377: checks 
Mahu2021: bets 780 and is all-in
pikolo1377: calls 540 and is all-in
Uncalled bet (240) returned to Mahu2021
*** TURN *** [6d Kd Kh] [Jd]
*** RIVER *** [6d Kd Kh Jd] [Ac]
*** SHOW DOWN ***
pikolo1377: shows [6c 4s] (two pair, Kings and Sixes)
Mahu2021: shows [Qh 9s] (a pair of Kings)
pikolo1377 collected 1260 from pot
*** SUMMARY ***
Total pot 1260 | Rake 0 
Board [6d Kd Kh Jd Ac]
Seat 1: pikolo1377 (big blind) showed [6c 4s] and won (1260) with two pair, Kings and Sixes
Seat 2: Mahu2021 (button) (small blind) showed [Qh 9s] and lost with a pair of Kings



PokerStars Hand #253650756410: Tournament #3829232353, $0.46+$0.04 USD Hold'em No Limit - Level II (15/30) - 2024/12/01 10:25:56 CET [2024/12/01 4:25:56 ET]
Table '3829232353 1' 3-max Seat #1 is the button
Seat 1: pikolo1377 (1260 in chips) 
Seat 2: Mahu2021 (240 in chips) 
pikolo1377: posts small blind 15
Mahu2021: posts big blind 30
*** HOLE CARDS ***
Dealt to Mahu2021 [3d 4d]
pikolo1377: calls 15
Mahu2021: checks 
*** FLOP *** [Td 9s 5s]
Mahu2021: checks 
pikolo1377: checks 
*** TURN *** [Td 9s 5s] [7c]
Mahu2021: checks 
pikolo1377: checks 
*** RIVER *** [Td 9s 5s 7c] [4h]
Mahu2021: bets 210 and is all-in
pikolo1377: folds 
Uncalled bet (210) returned to Mahu2021
Mahu2021 collected 60 from pot
Mahu2021: doesn't show hand 
*** SUMMARY ***
Total pot 60 | Rake 0 
Board [Td 9s 5s 7c 4h]
Seat 1: pikolo1377 (button) (small blind) folded on the River
Seat 2: Mahu2021 (big blind) collected (60)



PokerStars Hand #253650758417: Tournament #3829232353, $0.46+$0.04 USD Hold'em No Limit - Level II (15/30) - 2024/12/01 10:26:18 CET [2024/12/01 4:26:18 ET]
Table '3829232353 1' 3-max Seat #2 is the button
Seat 1: pikolo1377 (1230 in chips) 
Seat 2: Mahu2021 (270 in chips) 
Mahu2021: posts small blind 15
pikolo1377: posts big blind 30
*** HOLE CARDS ***
Dealt to Mahu2021 [8d 5s]
Mahu2021: folds 
Uncalled bet (15) returned to pikolo1377
pikolo1377 collected 30 from pot
pikolo1377: doesn't show hand 
*** SUMMARY ***
Total pot 30 | Rake 0 
Seat 1: pikolo1377 (big blind) collected (30)
Seat 2: Mahu2021 (button) (small blind) folded before Flop



PokerStars Hand #253650758859: Tournament #3829232353, $0.46+$0.04 USD Hold'em No Limit - Level II (15/30) - 2024/12/01 10:26:22 CET [2024/12/01 4:26:22 ET]
Table '3829232353 1' 3-max Seat #1 is the button
Seat 1: pikolo1377 (1245 in chips) 
Seat 2: Mahu2021 (255 in chips) 
pikolo1377: posts small blind 15
Mahu2021: posts big blind 30
*** HOLE CARDS ***
Dealt to Mahu2021 [3c 6c]
pikolo1377: calls 15
Mahu2021: checks 
*** FLOP *** [9h 8s As]
Mahu2021: checks 
pikolo1377: checks 
*** TURN *** [9h 8s As] [Ac]
Mahu2021: checks 
pikolo1377: bets 30
Mahu2021: folds 
Uncalled bet (30) returned to pikolo1377
pikolo1377 collected 60 from pot
pikolo1377: doesn't show hand 
*** SUMMARY ***
Total pot 60 | Rake 0 
Board [9h 8s As Ac]
Seat 1: pikolo1377 (button) (small blind) collected (60)
Seat 2: Mahu2021 (big blind) folded on the Turn



PokerStars Hand #253650760645: Tournament #3829232353, $0.46+$0.04 USD Hold'em No Limit - Level II (15/30) - 2024/12/01 10:26:41 CET [2024/12/01 4:26:41 ET]
Table '3829232353 1' 3-max Seat #2 is the button
Seat 1: pikolo1377 (1275 in chips) 
Seat 2: Mahu2021 (225 in chips) 
Mahu2021: posts small blind 15
pikolo1377: posts big blind 30
*** HOLE CARDS ***
Dealt to Mahu2021 [Qc 5s]
Mahu2021: raises 195 to 225 and is all-in
pikolo1377: folds 
Uncalled bet (195) returned to Mahu2021
Mahu2021 collected 60 from pot
Mahu2021: doesn't show hand 
*** SUMMARY ***
Total pot 60 | Rake 0 
Seat 1: pikolo1377 (big blind) folded before Flop
Seat 2: Mahu2021 (button) (small blind) collected (60)



PokerStars Hand #253650761365: Tournament #3829232353, $0.46+$0.04 USD Hold'em No Limit - Level II (15/30) - 2024/12/01 10:26:49 CET [2024/12/01 4:26:49 ET]
Table '3829232353 1' 3-max Seat #1 is the button
Seat 1: pikolo1377 (1245 in chips) 
Seat 2: Mahu2021 (255 in chips) 
pikolo1377: posts small blind 15
Mahu2021: posts big blind 30
*** HOLE CARDS ***
Dealt to Mahu2021 [Qs 2c]
pikolo1377: raises 1215 to 1245 and is all-in
Mahu2021: folds 
Uncalled bet (1215) returned to pikolo1377
pikolo1377 collected 60 from pot
pikolo1377: doesn't show hand 
*** SUMMARY ***
Total pot 60 | Rake 0 
Seat 1: pikolo1377 (button) (small blind) collected (60)
Seat 2: Mahu2021 (big blind) folded before Flop



PokerStars Hand #253650762005: Tournament #3829232353, $0.46+$0.04 USD Hold'em No Limit - Level II (15/30) - 2024/12/01 10:26:55 CET [2024/12/01 4:26:55 ET]
Table '3829232353 1' 3-max Seat #2 is the button
Seat 1: pikolo1377 (1275 in chips) 
Seat 2: Mahu2021 (225 in chips) 
Mahu2021: posts small blind 15
pikolo1377: posts big blind 30
*** HOLE CARDS ***
Dealt to Mahu2021 [2s 7s]
Mahu2021: folds 
Uncalled bet (15) returned to pikolo1377
pikolo1377 collected 30 from pot
pikolo1377: doesn't show hand 
*** SUMMARY ***
Total pot 30 | Rake 0 
Seat 1: pikolo1377 (big blind) collected (30)
Seat 2: Mahu2021 (button) (small blind) folded before Flop



PokerStars Hand #253650762379: Tournament #3829232353, $0.46+$0.04 USD Hold'em No Limit - Level II (15/30) - 2024/12/01 10:26:59 CET [2024/12/01 4:26:59 ET]
Table '3829232353 1' 3-max Seat #1 is the button
Seat 1: pikolo1377 (1290 in chips) 
Seat 2: Mahu2021 (210 in chips) 
pikolo1377: posts small blind 15
Mahu2021: posts big blind 30
*** HOLE CARDS ***
Dealt to Mahu2021 [Kc Js]
pikolo1377: raises 1260 to 1290 and is all-in
Mahu2021: calls 180 and is all-in
Uncalled bet (1080) returned to pikolo1377
*** FLOP *** [Qh 7h Jd]
*** TURN *** [Qh 7h Jd] [5c]
*** RIVER *** [Qh 7h Jd 5c] [3d]
*** SHOW DOWN ***
Mahu2021: shows [Kc Js] (a pair of Jacks)
pikolo1377: shows [Ts Td] (a pair of Tens)
Mahu2021 collected 420 from pot
*** SUMMARY ***
Total pot 420 | Rake 0 
Board [Qh 7h Jd 5c 3d]
Seat 1: pikolo1377 (button) (small blind) showed [Ts Td] and lost with a pair of Tens
Seat 2: Mahu2021 (big blind) showed [Kc Js] and won (420) with a pair of Jacks



PokerStars Hand #253650763662: Tournament #3829232353, $0.46+$0.04 USD Hold'em No Limit - Level II (15/30) - 2024/12/01 10:27:13 CET [2024/12/01 4:27:13 ET]
Table '3829232353 1' 3-max Seat #2 is the button
Seat 1: pikolo1377 (1080 in chips) 
Seat 2: Mahu2021 (420 in chips) 
Mahu2021: posts small blind 15
pikolo1377: posts big blind 30
*** HOLE CARDS ***
Dealt to Mahu2021 [5d Jd]
Mahu2021: raises 30 to 60
pikolo1377: calls 30
*** FLOP *** [Qh Tc Jc]
pikolo1377: checks 
Mahu2021: bets 360 and is all-in
pikolo1377: folds 
Uncalled bet (360) returned to Mahu2021
Mahu2021 collected 120 from pot
Mahu2021: doesn't show hand 
*** SUMMARY ***
Total pot 120 | Rake 0 
Board [Qh Tc Jc]
Seat 1: pikolo1377 (big blind) folded on the Flop
Seat 2: Mahu2021 (button) (small blind) collected (120)



PokerStars Hand #253650765492: Tournament #3829232353, $0.46+$0.04 USD Hold'em No Limit - Level III (20/40) - 2024/12/01 10:27:32 CET [2024/12/01 4:27:32 ET]
Table '3829232353 1' 3-max Seat #1 is the button
Seat 1: pikolo1377 (1020 in chips) 
Seat 2: Mahu2021 (480 in chips) 
pikolo1377: posts small blind 20
Mahu2021: posts big blind 40
*** HOLE CARDS ***
Dealt to Mahu2021 [Jh 4d]
pikolo1377: raises 980 to 1020 and is all-in
Mahu2021: folds 
Uncalled bet (980) returned to pikolo1377
pikolo1377 collected 80 from pot
pikolo1377: doesn't show hand 
*** SUMMARY ***
Total pot 80 | Rake 0 
Seat 1: pikolo1377 (button) (small blind) collected (80)
Seat 2: Mahu2021 (big blind) folded before Flop



PokerStars Hand #253650766126: Tournament #3829232353, $0.46+$0.04 USD Hold'em No Limit - Level III (20/40) - 2024/12/01 10:27:38 CET [2024/12/01 4:27:38 ET]
Table '3829232353 1' 3-max Seat #2 is the button
Seat 1: pikolo1377 (1060 in chips) 
Seat 2: Mahu2021 (440 in chips) 
Mahu2021: posts small blind 20
pikolo1377: posts big blind 40
*** HOLE CARDS ***
Dealt to Mahu2021 [4c Qs]
Mahu2021: raises 40 to 80
pikolo1377: calls 40
*** FLOP *** [Qh 9s 6s]
pikolo1377: checks 
Mahu2021: bets 160
pikolo1377: folds 
Uncalled bet (160) returned to Mahu2021
Mahu2021 collected 160 from pot
Mahu2021: doesn't show hand 
*** SUMMARY ***
Total pot 160 | Rake 0 
Board [Qh 9s 6s]
Seat 1: pikolo1377 (big blind) folded on the Flop
Seat 2: Mahu2021 (button) (small blind) collected (160)



PokerStars Hand #253650767191: Tournament #3829232353, $0.46+$0.04 USD Hold'em No Limit - Level III (20/40) - 2024/12/01 10:27:50 CET [2024/12/01 4:27:50 ET]
Table '3829232353 1' 3-max Seat #1 is the button
Seat 1: pikolo1377 (980 in chips) 
Seat 2: Mahu2021 (520 in chips) 
pikolo1377: posts small blind 20
Mahu2021: posts big blind 40
*** HOLE CARDS ***
Dealt to Mahu2021 [5s Ad]
pikolo1377: calls 20
Mahu2021: raises 480 to 520 and is all-in
pikolo1377: folds 
Uncalled bet (480) returned to Mahu2021
Mahu2021 collected 80 from pot
Mahu2021: doesn't show hand 
*** SUMMARY ***
Total pot 80 | Rake 0 
Seat 1: pikolo1377 (button) (small blind) folded before Flop
Seat 2: Mahu2021 (big blind) collected (80)



PokerStars Hand #253650768022: Tournament #3829232353, $0.46+$0.04 USD Hold'em No Limit - Level III (20/40) - 2024/12/01 10:27:58 CET [2024/12/01 4:27:58 ET]
Table '3829232353 1' 3-max Seat #2 is the button
Seat 1: pikolo1377 (940 in chips) 
Seat 2: Mahu2021 (560 in chips) 
Mahu2021: posts small blind 20
pikolo1377: posts big blind 40
*** HOLE CARDS ***
Dealt to Mahu2021 [9s Ks]
Mahu2021: raises 40 to 80
pikolo1377: folds 
Uncalled bet (40) returned to Mahu2021
Mahu2021 collected 80 from pot
Mahu2021: doesn't show hand 
*** SUMMARY ***
Total pot 80 | Rake 0 
Seat 1: pikolo1377 (big blind) folded before Flop
Seat 2: Mahu2021 (button) (small blind) collected (80)



PokerStars Hand #253650768604: Tournament #3829232353, $0.46+$0.04 USD Hold'em No Limit - Level III (20/40) - 2024/12/01 10:28:04 CET [2024/12/01 4:28:04 ET]
Table '3829232353 1' 3-max Seat #1 is the button
Seat 1: pikolo1377 (900 in chips) 
Seat 2: Mahu2021 (600 in chips) 
pikolo1377: posts small blind 20
Mahu2021: posts big blind 40
*** HOLE CARDS ***
Dealt to Mahu2021 [Jd Qh]
pikolo1377: folds 
Uncalled bet (20) returned to Mahu2021
Mahu2021 collected 40 from pot
Mahu2021: doesn't show hand 
*** SUMMARY ***
Total pot 40 | Rake 0 
Seat 1: pikolo1377 (button) (small blind) folded before Flop
Seat 2: Mahu2021 (big blind) collected (40)



PokerStars Hand #253650769093: Tournament #3829232353, $0.46+$0.04 USD Hold'em No Limit - Level III (20/40) - 2024/12/01 10:28:09 CET [2024/12/01 4:28:09 ET]
Table '3829232353 1' 3-max Seat #2 is the button
Seat 1: pikolo1377 (880 in chips) 
Seat 2: Mahu2021 (620 in chips) 
Mahu2021: posts small blind 20
pikolo1377: posts big blind 40
*** HOLE CARDS ***
Dealt to Mahu2021 [Qd Ts]
Mahu2021: raises 80 to 120
pikolo1377: raises 760 to 880 and is all-in
Mahu2021: calls 500 and is all-in
Uncalled bet (260) returned to pikolo1377
*** FLOP *** [7c Ac 7d]
*** TURN *** [7c Ac 7d] [7h]
*** RIVER *** [7c Ac 7d 7h] [9s]
*** SHOW DOWN ***
pikolo1377: shows [6h Qs] (three of a kind, Sevens)
Mahu2021: shows [Qd Ts] (three of a kind, Sevens)
pikolo1377 collected 620 from pot
Mahu2021 collected 620 from pot
*** SUMMARY ***
Total pot 1240 | Rake 0 
Board [7c Ac 7d 7h 9s]
Seat 1: pikolo1377 (big blind) showed [6h Qs] and won (620) with three of a kind, Sevens
Seat 2: Mahu2021 (button) (small blind) showed [Qd Ts] and won (620) with three of a kind, Sevens



PokerStars Hand #253650770500: Tournament #3829232353, $0.46+$0.04 USD Hold'em No Limit - Level III (20/40) - 2024/12/01 10:28:24 CET [2024/12/01 4:28:24 ET]
Table '3829232353 1' 3-max Seat #1 is the button
Seat 1: pikolo1377 (880 in chips) 
Seat 2: Mahu2021 (620 in chips) 
pikolo1377: posts small blind 20
Mahu2021: posts big blind 40
*** HOLE CARDS ***
Dealt to Mahu2021 [6c 7d]
pikolo1377: raises 840 to 880 and is all-in
Mahu2021: folds 
Uncalled bet (840) returned to pikolo1377
pikolo1377 collected 80 from pot
pikolo1377: doesn't show hand 
*** SUMMARY ***
Total pot 80 | Rake 0 
Seat 1: pikolo1377 (button) (small blind) collected (80)
Seat 2: Mahu2021 (big blind) folded before Flop



PokerStars Hand #253650771335: Tournament #3829232353, $0.46+$0.04 USD Hold'em No Limit - Level III (20/40) - 2024/12/01 10:28:32 CET [2024/12/01 4:28:32 ET]
Table '3829232353 1' 3-max Seat #2 is the button
Seat 1: pikolo1377 (920 in chips) 
Seat 2: Mahu2021 (580 in chips) 
Mahu2021: posts small blind 20
pikolo1377: posts big blind 40
*** HOLE CARDS ***
Dealt to Mahu2021 [9s 6h]
Mahu2021: folds 
Uncalled bet (20) returned to pikolo1377
pikolo1377 collected 40 from pot
pikolo1377: doesn't show hand 
*** SUMMARY ***
Total pot 40 | Rake 0 
Seat 1: pikolo1377 (big blind) collected (40)
Seat 2: Mahu2021 (button) (small blind) folded before Flop



PokerStars Hand #253650771755: Tournament #3829232353, $0.46+$0.04 USD Hold'em No Limit - Level III (20/40) - 2024/12/01 10:28:37 CET [2024/12/01 4:28:37 ET]
Table '3829232353 1' 3-max Seat #1 is the button
Seat 1: pikolo1377 (940 in chips) 
Seat 2: Mahu2021 (560 in chips) 
pikolo1377: posts small blind 20
Mahu2021: posts big blind 40
*** HOLE CARDS ***
Dealt to Mahu2021 [Ac 9d]
pikolo1377: calls 20
Mahu2021: raises 80 to 120
pikolo1377: calls 80
*** FLOP *** [9h Td Qs]
Mahu2021: bets 440 and is all-in
pikolo1377: calls 440
*** TURN *** [9h Td Qs] [3h]
*** RIVER *** [9h Td Qs 3h] [9c]
*** SHOW DOWN ***
Mahu2021: shows [Ac 9d] (three of a kind, Nines)
pikolo1377: shows [6h Jc] (a pair of Nines)
Mahu2021 collected 1120 from pot
*** SUMMARY ***
Total pot 1120 | Rake 0 
Board [9h Td Qs 3h 9c]
Seat 1: pikolo1377 (button) (small blind) showed [6h Jc] and lost with a pair of Nines
Seat 2: Mahu2021 (big blind) showed [Ac 9d] and won (1120) with three of a kind, Nines



PokerStars Hand #253650773393: Tournament #3829232353, $0.46+$0.04 USD Hold'em No Limit - Level III (20/40) - 2024/12/01 10:28:53 CET [2024/12/01 4:28:53 ET]
Table '3829232353 1' 3-max Seat #2 is the button
Seat 1: pikolo1377 (380 in chips) 
Seat 2: Mahu2021 (1120 in chips) 
Mahu2021: posts small blind 20
pikolo1377: posts big blind 40
*** HOLE CARDS ***
Dealt to Mahu2021 [8c Ad]
Mahu2021: raises 80 to 120
pikolo1377: raises 260 to 380 and is all-in
Mahu2021: calls 260
*** FLOP *** [4s 7c Jc]
*** TURN *** [4s 7c Jc] [6h]
*** RIVER *** [4s 7c Jc 6h] [Th]
*** SHOW DOWN ***
pikolo1377: shows [Kd 8d] (high card King)
Mahu2021: shows [8c Ad] (high card Ace)
Mahu2021 collected 760 from pot
pikolo1377 finished the tournament in 2nd place
Mahu2021 wins the tournament - congratulations!
Mahu2021 wins a '$1.00 Power Path Step 2 Ticket' ticket
*** SUMMARY ***
Total pot 760 | Rake 0 
Board [4s 7c Jc 6h Th]
Seat 1: pikolo1377 (big blind) showed [Kd 8d] and lost with high card King
Seat 2: Mahu2021 (button) (small blind) showed [8c Ad] and won (760) with high card Ace



