PokerStars Hand #248075736953: Tournament #3696403054, $1.84+$0.16 USD Hold'em No Limit - Level I (10/20) - 2024/01/05 12:25:07 CET [2024/01/05 6:25:07 ET]
Table '3696403054 1' 3-max Seat #1 is the button
Seat 1: zinbell (500 in chips) 
Seat 2: Mahu2021 (500 in chips) 
Seat 3: Deivid Vieira (500 in chips) 
Mahu2021: posts small blind 10
Deivid Vieira: posts big blind 20
*** HOLE CARDS ***
Dealt to Mahu2021 [Qh 7h]
zinbell: folds 
Mahu2021: calls 10
Deivid Vieira: checks 
*** FLOP *** [As Tc Js]
Mahu2021: checks 
Deivid Vieira: checks 
*** TURN *** [As Tc Js] [Qs]
Mahu2021: checks 
Deivid Vieira: bets 20
Mahu2021: calls 20
*** RIVER *** [As Tc Js Qs] [6s]
Mahu2021: checks 
Deivid Vieira: checks 
*** SHOW DOWN ***
Mahu2021: shows [Qh 7h] (a pair of Queens)
Deivid Vieira: mucks hand 
Mahu2021 collected 80 from pot
*** SUMMARY ***
Total pot 80 | Rake 0 
Board [As Tc Js Qs 6s]
Seat 1: zinbell (button) folded before Flop (didn't bet)
Seat 2: Mahu2021 (small blind) showed [Qh 7h] and won (80) with a pair of Queens
Seat 3: Deivid Vieira (big blind) mucked [3d Jh]



PokerStars Hand #248075740183: Tournament #3696403054, $1.84+$0.16 USD Hold'em No Limit - Level I (10/20) - 2024/01/05 12:25:27 CET [2024/01/05 6:25:27 ET]
Table '3696403054 1' 3-max Seat #2 is the button
Seat 1: zinbell (500 in chips) 
Seat 2: Mahu2021 (540 in chips) 
Seat 3: Deivid Vieira (460 in chips) 
Deivid Vieira: posts small blind 10
zinbell: posts big blind 20
*** HOLE CARDS ***
Dealt to Mahu2021 [4s Ts]
Mahu2021: folds 
Deivid Vieira: folds 
Uncalled bet (10) returned to zinbell
zinbell collected 20 from pot
zinbell: doesn't show hand 
*** SUMMARY ***
Total pot 20 | Rake 0 
Seat 1: zinbell (big blind) collected (20)
Seat 2: Mahu2021 (button) folded before Flop (didn't bet)
Seat 3: Deivid Vieira (small blind) folded before Flop



PokerStars Hand #248075741714: Tournament #3696403054, $1.84+$0.16 USD Hold'em No Limit - Level I (10/20) - 2024/01/05 12:25:37 CET [2024/01/05 6:25:37 ET]
Table '3696403054 1' 3-max Seat #3 is the button
Seat 1: zinbell (510 in chips) 
Seat 2: Mahu2021 (540 in chips) 
Seat 3: Deivid Vieira (450 in chips) 
zinbell: posts small blind 10
Mahu2021: posts big blind 20
*** HOLE CARDS ***
Dealt to Mahu2021 [Ah 7s]
Deivid Vieira: folds 
zinbell: calls 10
Mahu2021: checks 
*** FLOP *** [Th 8h 2h]
zinbell: checks 
Mahu2021: checks 
*** TURN *** [Th 8h 2h] [4c]
zinbell: checks 
Mahu2021: bets 20
zinbell: folds 
Uncalled bet (20) returned to Mahu2021
Mahu2021 collected 40 from pot
Mahu2021: doesn't show hand 
*** SUMMARY ***
Total pot 40 | Rake 0 
Board [Th 8h 2h 4c]
Seat 1: zinbell (small blind) folded on the Turn
Seat 2: Mahu2021 (big blind) collected (40)
Seat 3: Deivid Vieira (button) folded before Flop (didn't bet)



PokerStars Hand #248075744338: Tournament #3696403054, $1.84+$0.16 USD Hold'em No Limit - Level I (10/20) - 2024/01/05 12:25:53 CET [2024/01/05 6:25:53 ET]
Table '3696403054 1' 3-max Seat #1 is the button
Seat 1: zinbell (490 in chips) 
Seat 2: Mahu2021 (560 in chips) 
Seat 3: Deivid Vieira (450 in chips) 
Mahu2021: posts small blind 10
Deivid Vieira: posts big blind 20
*** HOLE CARDS ***
Dealt to Mahu2021 [Ad Ks]
zinbell: folds 
Mahu2021: raises 20 to 40
Deivid Vieira: folds 
Uncalled bet (20) returned to Mahu2021
Mahu2021 collected 40 from pot
Mahu2021: doesn't show hand 
*** SUMMARY ***
Total pot 40 | Rake 0 
Seat 1: zinbell (button) folded before Flop (didn't bet)
Seat 2: Mahu2021 (small blind) collected (40)
Seat 3: Deivid Vieira (big blind) folded before Flop



PokerStars Hand #248075745690: Tournament #3696403054, $1.84+$0.16 USD Hold'em No Limit - Level I (10/20) - 2024/01/05 12:26:01 CET [2024/01/05 6:26:01 ET]
Table '3696403054 1' 3-max Seat #2 is the button
Seat 1: zinbell (490 in chips) 
Seat 2: Mahu2021 (580 in chips) 
Seat 3: Deivid Vieira (430 in chips) 
Deivid Vieira: posts small blind 10
zinbell: posts big blind 20
*** HOLE CARDS ***
Dealt to Mahu2021 [3c Jh]
Mahu2021: folds 
Deivid Vieira: calls 10
zinbell: checks 
*** FLOP *** [6d 9h 7h]
Deivid Vieira: checks 
zinbell: checks 
*** TURN *** [6d 9h 7h] [Ac]
Deivid Vieira: checks 
zinbell: checks 
*** RIVER *** [6d 9h 7h Ac] [Ad]
Deivid Vieira: checks 
zinbell: checks 
*** SHOW DOWN ***
Deivid Vieira: shows [Kd Td] (a pair of Aces)
zinbell: mucks hand 
Deivid Vieira collected 40 from pot
*** SUMMARY ***
Total pot 40 | Rake 0 
Board [6d 9h 7h Ac Ad]
Seat 1: zinbell (big blind) mucked [Qd 5c]
Seat 2: Mahu2021 (button) folded before Flop (didn't bet)
Seat 3: Deivid Vieira (small blind) showed [Kd Td] and won (40) with a pair of Aces



PokerStars Hand #248075750711: Tournament #3696403054, $1.84+$0.16 USD Hold'em No Limit - Level I (10/20) - 2024/01/05 12:26:32 CET [2024/01/05 6:26:32 ET]
Table '3696403054 1' 3-max Seat #3 is the button
Seat 1: zinbell (470 in chips) 
Seat 2: Mahu2021 (580 in chips) 
Seat 3: Deivid Vieira (450 in chips) 
zinbell: posts small blind 10
Mahu2021: posts big blind 20
*** HOLE CARDS ***
Dealt to Mahu2021 [Kh 6c]
Deivid Vieira: folds 
zinbell: folds 
Uncalled bet (10) returned to Mahu2021
Mahu2021 collected 20 from pot
Mahu2021: doesn't show hand 
*** SUMMARY ***
Total pot 20 | Rake 0 
Seat 1: zinbell (small blind) folded before Flop
Seat 2: Mahu2021 (big blind) collected (20)
Seat 3: Deivid Vieira (button) folded before Flop (didn't bet)



PokerStars Hand #248075752015: Tournament #3696403054, $1.84+$0.16 USD Hold'em No Limit - Level I (10/20) - 2024/01/05 12:26:41 CET [2024/01/05 6:26:41 ET]
Table '3696403054 1' 3-max Seat #1 is the button
Seat 1: zinbell (460 in chips) 
Seat 2: Mahu2021 (590 in chips) 
Seat 3: Deivid Vieira (450 in chips) 
Mahu2021: posts small blind 10
Deivid Vieira: posts big blind 20
*** HOLE CARDS ***
Dealt to Mahu2021 [As 2c]
zinbell: folds 
Mahu2021: calls 10
Deivid Vieira: checks 
*** FLOP *** [Js Jc 7d]
Mahu2021: checks 
Deivid Vieira: checks 
*** TURN *** [Js Jc 7d] [3c]
Mahu2021: checks 
Deivid Vieira: checks 
*** RIVER *** [Js Jc 7d 3c] [Td]
Mahu2021: checks 
Deivid Vieira: checks 
*** SHOW DOWN ***
Mahu2021: shows [As 2c] (a pair of Jacks)
Deivid Vieira: mucks hand 
Mahu2021 collected 40 from pot
*** SUMMARY ***
Total pot 40 | Rake 0 
Board [Js Jc 7d 3c Td]
Seat 1: zinbell (button) folded before Flop (didn't bet)
Seat 2: Mahu2021 (small blind) showed [As 2c] and won (40) with a pair of Jacks
Seat 3: Deivid Vieira (big blind) mucked [Qc 6d]



PokerStars Hand #248075756299: Tournament #3696403054, $1.84+$0.16 USD Hold'em No Limit - Level I (10/20) - 2024/01/05 12:27:07 CET [2024/01/05 6:27:07 ET]
Table '3696403054 1' 3-max Seat #2 is the button
Seat 1: zinbell (460 in chips) 
Seat 2: Mahu2021 (610 in chips) 
Seat 3: Deivid Vieira (430 in chips) 
Deivid Vieira: posts small blind 10
zinbell: posts big blind 20
*** HOLE CARDS ***
Dealt to Mahu2021 [Td 3s]
Mahu2021: folds 
Deivid Vieira: folds 
Uncalled bet (10) returned to zinbell
zinbell collected 20 from pot
zinbell: doesn't show hand 
*** SUMMARY ***
Total pot 20 | Rake 0 
Seat 1: zinbell (big blind) collected (20)
Seat 2: Mahu2021 (button) folded before Flop (didn't bet)
Seat 3: Deivid Vieira (small blind) folded before Flop



PokerStars Hand #248075757467: Tournament #3696403054, $1.84+$0.16 USD Hold'em No Limit - Level I (10/20) - 2024/01/05 12:27:14 CET [2024/01/05 6:27:14 ET]
Table '3696403054 1' 3-max Seat #3 is the button
Seat 1: zinbell (470 in chips) 
Seat 2: Mahu2021 (610 in chips) 
Seat 3: Deivid Vieira (420 in chips) 
zinbell: posts small blind 10
Mahu2021: posts big blind 20
*** HOLE CARDS ***
Dealt to Mahu2021 [Js 6c]
Deivid Vieira: folds 
zinbell: folds 
Uncalled bet (10) returned to Mahu2021
Mahu2021 collected 20 from pot
Mahu2021: doesn't show hand 
*** SUMMARY ***
Total pot 20 | Rake 0 
Seat 1: zinbell (small blind) folded before Flop
Seat 2: Mahu2021 (big blind) collected (20)
Seat 3: Deivid Vieira (button) folded before Flop (didn't bet)



PokerStars Hand #248075760892: Tournament #3696403054, $1.84+$0.16 USD Hold'em No Limit - Level I (10/20) - 2024/01/05 12:27:35 CET [2024/01/05 6:27:35 ET]
Table '3696403054 1' 3-max Seat #1 is the button
Seat 1: zinbell (460 in chips) 
Seat 2: Mahu2021 (620 in chips) 
Seat 3: Deivid Vieira (420 in chips) 
Mahu2021: posts small blind 10
Deivid Vieira: posts big blind 20
*** HOLE CARDS ***
Dealt to Mahu2021 [6c 5s]
zinbell: folds 
Mahu2021: calls 10
Deivid Vieira: checks 
*** FLOP *** [3h Ah 3d]
Mahu2021: checks 
Deivid Vieira: checks 
*** TURN *** [3h Ah 3d] [2c]
Mahu2021: checks 
Deivid Vieira: checks 
*** RIVER *** [3h Ah 3d 2c] [7h]
Mahu2021: checks 
Deivid Vieira: checks 
*** SHOW DOWN ***
Mahu2021: shows [6c 5s] (a pair of Threes)
Deivid Vieira: shows [Qd Jc] (a pair of Threes - Ace+Queen kicker)
Deivid Vieira collected 40 from pot
*** SUMMARY ***
Total pot 40 | Rake 0 
Board [3h Ah 3d 2c 7h]
Seat 1: zinbell (button) folded before Flop (didn't bet)
Seat 2: Mahu2021 (small blind) showed [6c 5s] and lost with a pair of Threes
Seat 3: Deivid Vieira (big blind) showed [Qd Jc] and won (40) with a pair of Threes



PokerStars Hand #248075767382: Tournament #3696403054, $1.84+$0.16 USD Hold'em No Limit - Level II (15/30) - 2024/01/05 12:28:15 CET [2024/01/05 6:28:15 ET]
Table '3696403054 1' 3-max Seat #2 is the button
Seat 1: zinbell (460 in chips) 
Seat 2: Mahu2021 (600 in chips) 
Seat 3: Deivid Vieira (440 in chips) 
Deivid Vieira: posts small blind 15
zinbell: posts big blind 30
*** HOLE CARDS ***
Dealt to Mahu2021 [5d 3s]
Mahu2021: folds 
Deivid Vieira: calls 15
zinbell: checks 
*** FLOP *** [As 2h 4s]
Deivid Vieira: checks 
zinbell: bets 30
Deivid Vieira: calls 30
*** TURN *** [As 2h 4s] [Qd]
Deivid Vieira: checks 
zinbell: checks 
*** RIVER *** [As 2h 4s Qd] [Jd]
Deivid Vieira: bets 120
zinbell: folds 
Uncalled bet (120) returned to Deivid Vieira
Deivid Vieira collected 120 from pot
*** SUMMARY ***
Total pot 120 | Rake 0 
Board [As 2h 4s Qd Jd]
Seat 1: zinbell (big blind) folded on the River
Seat 2: Mahu2021 (button) folded before Flop (didn't bet)
Seat 3: Deivid Vieira (small blind) collected (120)



PokerStars Hand #248075772400: Tournament #3696403054, $1.84+$0.16 USD Hold'em No Limit - Level II (15/30) - 2024/01/05 12:28:45 CET [2024/01/05 6:28:45 ET]
Table '3696403054 1' 3-max Seat #3 is the button
Seat 1: zinbell (400 in chips) 
Seat 2: Mahu2021 (600 in chips) 
Seat 3: Deivid Vieira (500 in chips) 
zinbell: posts small blind 15
Mahu2021: posts big blind 30
*** HOLE CARDS ***
Dealt to Mahu2021 [5c 7s]
Deivid Vieira: folds 
zinbell: calls 15
Mahu2021: checks 
*** FLOP *** [Kh 3h 9h]
zinbell: bets 30
Mahu2021: folds 
Uncalled bet (30) returned to zinbell
zinbell collected 60 from pot
zinbell: doesn't show hand 
*** SUMMARY ***
Total pot 60 | Rake 0 
Board [Kh 3h 9h]
Seat 1: zinbell (small blind) collected (60)
Seat 2: Mahu2021 (big blind) folded on the Flop
Seat 3: Deivid Vieira (button) folded before Flop (didn't bet)



PokerStars Hand #248075775210: Tournament #3696403054, $1.84+$0.16 USD Hold'em No Limit - Level II (15/30) - 2024/01/05 12:29:02 CET [2024/01/05 6:29:02 ET]
Table '3696403054 1' 3-max Seat #1 is the button
Seat 1: zinbell (430 in chips) 
Seat 2: Mahu2021 (570 in chips) 
Seat 3: Deivid Vieira (500 in chips) 
Mahu2021: posts small blind 15
Deivid Vieira: posts big blind 30
*** HOLE CARDS ***
Dealt to Mahu2021 [7c Ts]
zinbell: raises 30 to 60
Mahu2021: folds 
Deivid Vieira: calls 30
*** FLOP *** [Qc 3c Th]
Deivid Vieira: checks 
zinbell: bets 45
Deivid Vieira: folds 
Uncalled bet (45) returned to zinbell
zinbell collected 135 from pot
zinbell: doesn't show hand 
*** SUMMARY ***
Total pot 135 | Rake 0 
Board [Qc 3c Th]
Seat 1: zinbell (button) collected (135)
Seat 2: Mahu2021 (small blind) folded before Flop
Seat 3: Deivid Vieira (big blind) folded on the Flop



PokerStars Hand #248075778534: Tournament #3696403054, $1.84+$0.16 USD Hold'em No Limit - Level II (15/30) - 2024/01/05 12:29:23 CET [2024/01/05 6:29:23 ET]
Table '3696403054 1' 3-max Seat #2 is the button
Seat 1: zinbell (505 in chips) 
Seat 2: Mahu2021 (555 in chips) 
Seat 3: Deivid Vieira (440 in chips) 
Deivid Vieira: posts small blind 15
zinbell: posts big blind 30
*** HOLE CARDS ***
Dealt to Mahu2021 [2d 9c]
Mahu2021: folds 
Deivid Vieira: folds 
Uncalled bet (15) returned to zinbell
zinbell collected 30 from pot
zinbell: doesn't show hand 
*** SUMMARY ***
Total pot 30 | Rake 0 
Seat 1: zinbell (big blind) collected (30)
Seat 2: Mahu2021 (button) folded before Flop (didn't bet)
Seat 3: Deivid Vieira (small blind) folded before Flop



PokerStars Hand #248075779749: Tournament #3696403054, $1.84+$0.16 USD Hold'em No Limit - Level II (15/30) - 2024/01/05 12:29:30 CET [2024/01/05 6:29:30 ET]
Table '3696403054 1' 3-max Seat #3 is the button
Seat 1: zinbell (520 in chips) 
Seat 2: Mahu2021 (555 in chips) 
Seat 3: Deivid Vieira (425 in chips) 
zinbell: posts small blind 15
Mahu2021: posts big blind 30
*** HOLE CARDS ***
Dealt to Mahu2021 [9s 7h]
Deivid Vieira: folds 
zinbell: raises 30 to 60
Mahu2021: calls 30
*** FLOP *** [4s Qh 8h]
zinbell: bets 30
Mahu2021: calls 30
*** TURN *** [4s Qh 8h] [9c]
zinbell: bets 75
Mahu2021: calls 75
*** RIVER *** [4s Qh 8h 9c] [Ac]
zinbell: bets 75
Mahu2021: calls 75
*** SHOW DOWN ***
zinbell: shows [Ts Jd] (a straight, Eight to Queen)
Mahu2021: mucks hand 
zinbell collected 480 from pot
*** SUMMARY ***
Total pot 480 | Rake 0 
Board [4s Qh 8h 9c Ac]
Seat 1: zinbell (small blind) showed [Ts Jd] and won (480) with a straight, Eight to Queen
Seat 2: Mahu2021 (big blind) mucked [9s 7h]
Seat 3: Deivid Vieira (button) folded before Flop (didn't bet)



PokerStars Hand #248075783614: Tournament #3696403054, $1.84+$0.16 USD Hold'em No Limit - Level II (15/30) - 2024/01/05 12:29:54 CET [2024/01/05 6:29:54 ET]
Table '3696403054 1' 3-max Seat #1 is the button
Seat 1: zinbell (760 in chips) 
Seat 2: Mahu2021 (315 in chips) 
Seat 3: Deivid Vieira (425 in chips) 
Mahu2021: posts small blind 15
Deivid Vieira: posts big blind 30
*** HOLE CARDS ***
Dealt to Mahu2021 [Qc Kh]
zinbell: folds 
Mahu2021: raises 30 to 60
Deivid Vieira: calls 30
*** FLOP *** [3h 4h Jh]
Mahu2021: bets 60
Deivid Vieira: calls 60
*** TURN *** [3h 4h Jh] [2d]
Mahu2021: bets 195 and is all-in
Deivid Vieira: calls 195
*** RIVER *** [3h 4h Jh 2d] [9d]
*** SHOW DOWN ***
Mahu2021: shows [Qc Kh] (high card King)
Deivid Vieira: shows [Qs 7d] (high card Queen)
Mahu2021 collected 630 from pot
*** SUMMARY ***
Total pot 630 | Rake 0 
Board [3h 4h Jh 2d 9d]
Seat 1: zinbell (button) folded before Flop (didn't bet)
Seat 2: Mahu2021 (small blind) showed [Qc Kh] and won (630) with high card King
Seat 3: Deivid Vieira (big blind) showed [Qs 7d] and lost with high card Queen



PokerStars Hand #248075787750: Tournament #3696403054, $1.84+$0.16 USD Hold'em No Limit - Level II (15/30) - 2024/01/05 12:30:19 CET [2024/01/05 6:30:19 ET]
Table '3696403054 1' 3-max Seat #2 is the button
Seat 1: zinbell (760 in chips) 
Seat 2: Mahu2021 (630 in chips) 
Seat 3: Deivid Vieira (110 in chips) 
Deivid Vieira: posts small blind 15
zinbell: posts big blind 30
*** HOLE CARDS ***
Dealt to Mahu2021 [Ts 3h]
Mahu2021: folds 
Deivid Vieira: folds 
Uncalled bet (15) returned to zinbell
zinbell collected 30 from pot
zinbell: doesn't show hand 
*** SUMMARY ***
Total pot 30 | Rake 0 
Seat 1: zinbell (big blind) collected (30)
Seat 2: Mahu2021 (button) folded before Flop (didn't bet)
Seat 3: Deivid Vieira (small blind) folded before Flop



PokerStars Hand #248075788746: Tournament #3696403054, $1.84+$0.16 USD Hold'em No Limit - Level II (15/30) - 2024/01/05 12:30:25 CET [2024/01/05 6:30:25 ET]
Table '3696403054 1' 3-max Seat #3 is the button
Seat 1: zinbell (775 in chips) 
Seat 2: Mahu2021 (630 in chips) 
Seat 3: Deivid Vieira (95 in chips) 
zinbell: posts small blind 15
Mahu2021: posts big blind 30
*** HOLE CARDS ***
Dealt to Mahu2021 [Qs Kd]
Deivid Vieira: calls 30
zinbell: calls 15
Mahu2021: checks 
*** FLOP *** [7d 9d 6d]
zinbell: checks 
Mahu2021: bets 30
Deivid Vieira: calls 30
zinbell: calls 30
*** TURN *** [7d 9d 6d] [Js]
zinbell: checks 
Mahu2021: checks 
Deivid Vieira: bets 30
zinbell: raises 60 to 90
Mahu2021: calls 90
Deivid Vieira: calls 5 and is all-in
*** RIVER *** [7d 9d 6d Js] [5h]
zinbell: bets 130
Mahu2021: folds 
Uncalled bet (130) returned to zinbell
*** SHOW DOWN ***
zinbell: shows [Jh Qd] (a pair of Jacks)
zinbell collected 110 from side pot
Deivid Vieira: shows [Ac 5s] (a pair of Fives)
zinbell collected 285 from main pot
Deivid Vieira finished the tournament in 3rd place
*** SUMMARY ***
Total pot 395 Main pot 285. Side pot 110. | Rake 0 
Board [7d 9d 6d Js 5h]
Seat 1: zinbell (small blind) showed [Jh Qd] and won (395) with a pair of Jacks
Seat 2: Mahu2021 (big blind) folded on the River
Seat 3: Deivid Vieira (button) showed [Ac 5s] and lost with a pair of Fives



PokerStars Hand #248075794945: Tournament #3696403054, $1.84+$0.16 USD Hold'em No Limit - Level II (15/30) - 2024/01/05 12:31:02 CET [2024/01/05 6:31:02 ET]
Table '3696403054 1' 3-max Seat #2 is the button
Seat 1: zinbell (1020 in chips) 
Seat 2: Mahu2021 (480 in chips) 
Mahu2021: posts small blind 15
zinbell: posts big blind 30
*** HOLE CARDS ***
Dealt to Mahu2021 [7c 3h]
Mahu2021: folds 
Uncalled bet (15) returned to zinbell
zinbell collected 30 from pot
zinbell: doesn't show hand 
*** SUMMARY ***
Total pot 30 | Rake 0 
Seat 1: zinbell (big blind) collected (30)
Seat 2: Mahu2021 (button) (small blind) folded before Flop



PokerStars Hand #248075795654: Tournament #3696403054, $1.84+$0.16 USD Hold'em No Limit - Level II (15/30) - 2024/01/05 12:31:07 CET [2024/01/05 6:31:07 ET]
Table '3696403054 1' 3-max Seat #1 is the button
Seat 1: zinbell (1035 in chips) 
Seat 2: Mahu2021 (465 in chips) 
zinbell: posts small blind 15
Mahu2021: posts big blind 30
*** HOLE CARDS ***
Dealt to Mahu2021 [6d 4d]
zinbell: calls 15
Mahu2021: checks 
*** FLOP *** [6s 9d 3d]
Mahu2021: checks 
zinbell: bets 30
Mahu2021: calls 30
*** TURN *** [6s 9d 3d] [Ks]
Mahu2021: checks 
zinbell: bets 75
Mahu2021: calls 75
*** RIVER *** [6s 9d 3d Ks] [2s]
Mahu2021: checks 
zinbell: checks 
*** SHOW DOWN ***
Mahu2021: shows [6d 4d] (a pair of Sixes)
zinbell: mucks hand 
Mahu2021 collected 270 from pot
*** SUMMARY ***
Total pot 270 | Rake 0 
Board [6s 9d 3d Ks 2s]
Seat 1: zinbell (button) (small blind) mucked [5c 8c]
Seat 2: Mahu2021 (big blind) showed [6d 4d] and won (270) with a pair of Sixes



PokerStars Hand #248075798786: Tournament #3696403054, $1.84+$0.16 USD Hold'em No Limit - Level III (20/40) - 2024/01/05 12:31:26 CET [2024/01/05 6:31:26 ET]
Table '3696403054 1' 3-max Seat #2 is the button
Seat 1: zinbell (900 in chips) 
Seat 2: Mahu2021 (600 in chips) 
Mahu2021: posts small blind 20
zinbell: posts big blind 40
*** HOLE CARDS ***
Dealt to Mahu2021 [Tc 3h]
Mahu2021: folds 
Uncalled bet (20) returned to zinbell
zinbell collected 40 from pot
zinbell: doesn't show hand 
*** SUMMARY ***
Total pot 40 | Rake 0 
Seat 1: zinbell (big blind) collected (40)
Seat 2: Mahu2021 (button) (small blind) folded before Flop



PokerStars Hand #248075799502: Tournament #3696403054, $1.84+$0.16 USD Hold'em No Limit - Level III (20/40) - 2024/01/05 12:31:30 CET [2024/01/05 6:31:30 ET]
Table '3696403054 1' 3-max Seat #1 is the button
Seat 1: zinbell (920 in chips) 
Seat 2: Mahu2021 (580 in chips) 
zinbell: posts small blind 20
Mahu2021: posts big blind 40
*** HOLE CARDS ***
Dealt to Mahu2021 [6s 3d]
zinbell: raises 880 to 920 and is all-in
Mahu2021: folds 
Uncalled bet (880) returned to zinbell
zinbell collected 80 from pot
zinbell: doesn't show hand 
*** SUMMARY ***
Total pot 80 | Rake 0 
Seat 1: zinbell (button) (small blind) collected (80)
Seat 2: Mahu2021 (big blind) folded before Flop



PokerStars Hand #248075800630: Tournament #3696403054, $1.84+$0.16 USD Hold'em No Limit - Level III (20/40) - 2024/01/05 12:31:37 CET [2024/01/05 6:31:37 ET]
Table '3696403054 1' 3-max Seat #2 is the button
Seat 1: zinbell (960 in chips) 
Seat 2: Mahu2021 (540 in chips) 
Mahu2021: posts small blind 20
zinbell: posts big blind 40
*** HOLE CARDS ***
Dealt to Mahu2021 [9s 2h]
Mahu2021: folds 
Uncalled bet (20) returned to zinbell
zinbell collected 40 from pot
zinbell: doesn't show hand 
*** SUMMARY ***
Total pot 40 | Rake 0 
Seat 1: zinbell (big blind) collected (40)
Seat 2: Mahu2021 (button) (small blind) folded before Flop



PokerStars Hand #248075801339: Tournament #3696403054, $1.84+$0.16 USD Hold'em No Limit - Level III (20/40) - 2024/01/05 12:31:41 CET [2024/01/05 6:31:41 ET]
Table '3696403054 1' 3-max Seat #1 is the button
Seat 1: zinbell (980 in chips) 
Seat 2: Mahu2021 (520 in chips) 
zinbell: posts small blind 20
Mahu2021: posts big blind 40
*** HOLE CARDS ***
Dealt to Mahu2021 [5s 9d]
zinbell: raises 40 to 80
Mahu2021: folds 
Uncalled bet (40) returned to zinbell
zinbell collected 80 from pot
zinbell: doesn't show hand 
*** SUMMARY ***
Total pot 80 | Rake 0 
Seat 1: zinbell (button) (small blind) collected (80)
Seat 2: Mahu2021 (big blind) folded before Flop



PokerStars Hand #248075802177: Tournament #3696403054, $1.84+$0.16 USD Hold'em No Limit - Level III (20/40) - 2024/01/05 12:31:46 CET [2024/01/05 6:31:46 ET]
Table '3696403054 1' 3-max Seat #2 is the button
Seat 1: zinbell (1020 in chips) 
Seat 2: Mahu2021 (480 in chips) 
Mahu2021: posts small blind 20
zinbell: posts big blind 40
*** HOLE CARDS ***
Dealt to Mahu2021 [2d Ks]
Mahu2021: folds 
Uncalled bet (20) returned to zinbell
zinbell collected 40 from pot
zinbell: doesn't show hand 
*** SUMMARY ***
Total pot 40 | Rake 0 
Seat 1: zinbell (big blind) collected (40)
Seat 2: Mahu2021 (button) (small blind) folded before Flop



PokerStars Hand #248075802884: Tournament #3696403054, $1.84+$0.16 USD Hold'em No Limit - Level III (20/40) - 2024/01/05 12:31:50 CET [2024/01/05 6:31:50 ET]
Table '3696403054 1' 3-max Seat #1 is the button
Seat 1: zinbell (1040 in chips) 
Seat 2: Mahu2021 (460 in chips) 
zinbell: posts small blind 20
Mahu2021: posts big blind 40
*** HOLE CARDS ***
Dealt to Mahu2021 [Kh Ts]
zinbell: raises 40 to 80
Mahu2021: raises 120 to 200
zinbell: raises 840 to 1040 and is all-in
Mahu2021: calls 260 and is all-in
Uncalled bet (580) returned to zinbell
*** FLOP *** [Th Ks 5c]
*** TURN *** [Th Ks 5c] [2c]
*** RIVER *** [Th Ks 5c 2c] [2h]
*** SHOW DOWN ***
Mahu2021: shows [Kh Ts] (two pair, Kings and Tens)
zinbell: shows [Jd Jc] (two pair, Jacks and Deuces)
Mahu2021 collected 920 from pot
*** SUMMARY ***
Total pot 920 | Rake 0 
Board [Th Ks 5c 2c 2h]
Seat 1: zinbell (button) (small blind) showed [Jd Jc] and lost with two pair, Jacks and Deuces
Seat 2: Mahu2021 (big blind) showed [Kh Ts] and won (920) with two pair, Kings and Tens



PokerStars Hand #248075805497: Tournament #3696403054, $1.84+$0.16 USD Hold'em No Limit - Level III (20/40) - 2024/01/05 12:32:06 CET [2024/01/05 6:32:06 ET]
Table '3696403054 1' 3-max Seat #2 is the button
Seat 1: zinbell (580 in chips) 
Seat 2: Mahu2021 (920 in chips) 
Mahu2021: posts small blind 20
zinbell: posts big blind 40
*** HOLE CARDS ***
Dealt to Mahu2021 [Ah 8s]
Mahu2021: raises 40 to 80
zinbell: calls 40
*** FLOP *** [3h Ac 8d]
zinbell: checks 
Mahu2021: checks 
*** TURN *** [3h Ac 8d] [Td]
zinbell: bets 40
Mahu2021: raises 40 to 80
zinbell: calls 40
*** RIVER *** [3h Ac 8d Td] [4c]
zinbell: checks 
Mahu2021: bets 80
zinbell: folds 
Uncalled bet (80) returned to Mahu2021
Mahu2021 collected 320 from pot
Mahu2021: doesn't show hand 
*** SUMMARY ***
Total pot 320 | Rake 0 
Board [3h Ac 8d Td 4c]
Seat 1: zinbell (big blind) folded on the River
Seat 2: Mahu2021 (button) (small blind) collected (320)



PokerStars Hand #248075809244: Tournament #3696403054, $1.84+$0.16 USD Hold'em No Limit - Level III (20/40) - 2024/01/05 12:32:29 CET [2024/01/05 6:32:29 ET]
Table '3696403054 1' 3-max Seat #1 is the button
Seat 1: zinbell (420 in chips) 
Seat 2: Mahu2021 (1080 in chips) 
zinbell: posts small blind 20
Mahu2021: posts big blind 40
*** HOLE CARDS ***
Dealt to Mahu2021 [3d 9s]
zinbell: calls 20
Mahu2021: checks 
*** FLOP *** [2s 5h 2h]
Mahu2021: checks 
zinbell: bets 40
Mahu2021: calls 40
*** TURN *** [2s 5h 2h] [8c]
Mahu2021: checks 
zinbell: bets 100
Mahu2021: folds 
Uncalled bet (100) returned to zinbell
zinbell collected 160 from pot
zinbell: doesn't show hand 
*** SUMMARY ***
Total pot 160 | Rake 0 
Board [2s 5h 2h 8c]
Seat 1: zinbell (button) (small blind) collected (160)
Seat 2: Mahu2021 (big blind) folded on the Turn



PokerStars Hand #248075811807: Tournament #3696403054, $1.84+$0.16 USD Hold'em No Limit - Level III (20/40) - 2024/01/05 12:32:44 CET [2024/01/05 6:32:44 ET]
Table '3696403054 1' 3-max Seat #2 is the button
Seat 1: zinbell (500 in chips) 
Seat 2: Mahu2021 (1000 in chips) 
Mahu2021: posts small blind 20
zinbell: posts big blind 40
*** HOLE CARDS ***
Dealt to Mahu2021 [Ad 3h]
Mahu2021: raises 40 to 80
zinbell: calls 40
*** FLOP *** [8c 7d 6d]
zinbell: checks 
Mahu2021: bets 920 and is all-in
zinbell: folds 
Uncalled bet (920) returned to Mahu2021
Mahu2021 collected 160 from pot
Mahu2021: doesn't show hand 
*** SUMMARY ***
Total pot 160 | Rake 0 
Board [8c 7d 6d]
Seat 1: zinbell (big blind) folded on the Flop
Seat 2: Mahu2021 (button) (small blind) collected (160)



PokerStars Hand #248075813803: Tournament #3696403054, $1.84+$0.16 USD Hold'em No Limit - Level III (20/40) - 2024/01/05 12:32:57 CET [2024/01/05 6:32:57 ET]
Table '3696403054 1' 3-max Seat #1 is the button
Seat 1: zinbell (420 in chips) 
Seat 2: Mahu2021 (1080 in chips) 
zinbell: posts small blind 20
Mahu2021: posts big blind 40
*** HOLE CARDS ***
Dealt to Mahu2021 [As 5h]
zinbell: calls 20
Mahu2021: raises 80 to 120
zinbell: folds 
Uncalled bet (80) returned to Mahu2021
Mahu2021 collected 80 from pot
Mahu2021: doesn't show hand 
*** SUMMARY ***
Total pot 80 | Rake 0 
Seat 1: zinbell (button) (small blind) folded before Flop
Seat 2: Mahu2021 (big blind) collected (80)



PokerStars Hand #248075815082: Tournament #3696403054, $1.84+$0.16 USD Hold'em No Limit - Level III (20/40) - 2024/01/05 12:33:04 CET [2024/01/05 6:33:04 ET]
Table '3696403054 1' 3-max Seat #2 is the button
Seat 1: zinbell (380 in chips) 
Seat 2: Mahu2021 (1120 in chips) 
Mahu2021: posts small blind 20
zinbell: posts big blind 40
*** HOLE CARDS ***
Dealt to Mahu2021 [4c 7s]
Mahu2021: folds 
Uncalled bet (20) returned to zinbell
zinbell collected 40 from pot
zinbell: doesn't show hand 
*** SUMMARY ***
Total pot 40 | Rake 0 
Seat 1: zinbell (big blind) collected (40)
Seat 2: Mahu2021 (button) (small blind) folded before Flop



PokerStars Hand #248075815850: Tournament #3696403054, $1.84+$0.16 USD Hold'em No Limit - Level III (20/40) - 2024/01/05 12:33:09 CET [2024/01/05 6:33:09 ET]
Table '3696403054 1' 3-max Seat #1 is the button
Seat 1: zinbell (400 in chips) 
Seat 2: Mahu2021 (1100 in chips) 
zinbell: posts small blind 20
Mahu2021: posts big blind 40
*** HOLE CARDS ***
Dealt to Mahu2021 [Th 5h]
zinbell: raises 360 to 400 and is all-in
Mahu2021: folds 
Uncalled bet (360) returned to zinbell
zinbell collected 80 from pot
zinbell: doesn't show hand 
*** SUMMARY ***
Total pot 80 | Rake 0 
Seat 1: zinbell (button) (small blind) collected (80)
Seat 2: Mahu2021 (big blind) folded before Flop



PokerStars Hand #248075816784: Tournament #3696403054, $1.84+$0.16 USD Hold'em No Limit - Level III (20/40) - 2024/01/05 12:33:14 CET [2024/01/05 6:33:14 ET]
Table '3696403054 1' 3-max Seat #2 is the button
Seat 1: zinbell (440 in chips) 
Seat 2: Mahu2021 (1060 in chips) 
Mahu2021: posts small blind 20
zinbell: posts big blind 40
*** HOLE CARDS ***
Dealt to Mahu2021 [8c 9c]
Mahu2021: calls 20
zinbell: raises 400 to 440 and is all-in
Mahu2021: folds 
Uncalled bet (400) returned to zinbell
zinbell collected 80 from pot
zinbell: doesn't show hand 
*** SUMMARY ***
Total pot 80 | Rake 0 
Seat 1: zinbell (big blind) collected (80)
Seat 2: Mahu2021 (button) (small blind) folded before Flop



PokerStars Hand #248075818073: Tournament #3696403054, $1.84+$0.16 USD Hold'em No Limit - Level III (20/40) - 2024/01/05 12:33:22 CET [2024/01/05 6:33:22 ET]
Table '3696403054 1' 3-max Seat #1 is the button
Seat 1: zinbell (480 in chips) 
Seat 2: Mahu2021 (1020 in chips) 
zinbell: posts small blind 20
Mahu2021: posts big blind 40
*** HOLE CARDS ***
Dealt to Mahu2021 [Qh Ac]
zinbell: raises 440 to 480 and is all-in
Mahu2021: calls 440
*** FLOP *** [6d 5h Td]
*** TURN *** [6d 5h Td] [Ts]
*** RIVER *** [6d 5h Td Ts] [Jd]
*** SHOW DOWN ***
Mahu2021: shows [Qh Ac] (a pair of Tens)
zinbell: shows [Ad Jh] (two pair, Jacks and Tens)
zinbell collected 960 from pot
*** SUMMARY ***
Total pot 960 | Rake 0 
Board [6d 5h Td Ts Jd]
Seat 1: zinbell (button) (small blind) showed [Ad Jh] and won (960) with two pair, Jacks and Tens
Seat 2: Mahu2021 (big blind) showed [Qh Ac] and lost with a pair of Tens



PokerStars Hand #248075820134: Tournament #3696403054, $1.84+$0.16 USD Hold'em No Limit - Level III (20/40) - 2024/01/05 12:33:33 CET [2024/01/05 6:33:33 ET]
Table '3696403054 1' 3-max Seat #2 is the button
Seat 1: zinbell (960 in chips) 
Seat 2: Mahu2021 (540 in chips) 
Mahu2021: posts small blind 20
zinbell: posts big blind 40
*** HOLE CARDS ***
Dealt to Mahu2021 [7s 5h]
Mahu2021: folds 
Uncalled bet (20) returned to zinbell
zinbell collected 40 from pot
zinbell: doesn't show hand 
*** SUMMARY ***
Total pot 40 | Rake 0 
Seat 1: zinbell (big blind) collected (40)
Seat 2: Mahu2021 (button) (small blind) folded before Flop



PokerStars Hand #248075821328: Tournament #3696403054, $1.84+$0.16 USD Hold'em No Limit - Level III (20/40) - 2024/01/05 12:33:41 CET [2024/01/05 6:33:41 ET]
Table '3696403054 1' 3-max Seat #1 is the button
Seat 1: zinbell (980 in chips) 
Seat 2: Mahu2021 (520 in chips) 
zinbell: posts small blind 20
Mahu2021: posts big blind 40
*** HOLE CARDS ***
Dealt to Mahu2021 [Ts 9h]
zinbell: folds 
Uncalled bet (20) returned to Mahu2021
Mahu2021 collected 40 from pot
Mahu2021: doesn't show hand 
*** SUMMARY ***
Total pot 40 | Rake 0 
Seat 1: zinbell (button) (small blind) folded before Flop
Seat 2: Mahu2021 (big blind) collected (40)



PokerStars Hand #248075822012: Tournament #3696403054, $1.84+$0.16 USD Hold'em No Limit - Level III (20/40) - 2024/01/05 12:33:45 CET [2024/01/05 6:33:45 ET]
Table '3696403054 1' 3-max Seat #2 is the button
Seat 1: zinbell (960 in chips) 
Seat 2: Mahu2021 (540 in chips) 
Mahu2021: posts small blind 20
zinbell: posts big blind 40
*** HOLE CARDS ***
Dealt to Mahu2021 [4s Th]
Mahu2021: folds 
Uncalled bet (20) returned to zinbell
zinbell collected 40 from pot
zinbell: doesn't show hand 
*** SUMMARY ***
Total pot 40 | Rake 0 
Seat 1: zinbell (big blind) collected (40)
Seat 2: Mahu2021 (button) (small blind) folded before Flop



PokerStars Hand #248075822798: Tournament #3696403054, $1.84+$0.16 USD Hold'em No Limit - Level III (20/40) - 2024/01/05 12:33:49 CET [2024/01/05 6:33:49 ET]
Table '3696403054 1' 3-max Seat #1 is the button
Seat 1: zinbell (980 in chips) 
Seat 2: Mahu2021 (520 in chips) 
zinbell: posts small blind 20
Mahu2021: posts big blind 40
*** HOLE CARDS ***
Dealt to Mahu2021 [3c 9d]
zinbell: folds 
Uncalled bet (20) returned to Mahu2021
Mahu2021 collected 40 from pot
Mahu2021: doesn't show hand 
*** SUMMARY ***
Total pot 40 | Rake 0 
Seat 1: zinbell (button) (small blind) folded before Flop
Seat 2: Mahu2021 (big blind) collected (40)



PokerStars Hand #248075823588: Tournament #3696403054, $1.84+$0.16 USD Hold'em No Limit - Level III (20/40) - 2024/01/05 12:33:54 CET [2024/01/05 6:33:54 ET]
Table '3696403054 1' 3-max Seat #2 is the button
Seat 1: zinbell (960 in chips) 
Seat 2: Mahu2021 (540 in chips) 
Mahu2021: posts small blind 20
zinbell: posts big blind 40
*** HOLE CARDS ***
Dealt to Mahu2021 [2d Tc]
Mahu2021: folds 
Uncalled bet (20) returned to zinbell
zinbell collected 40 from pot
zinbell: doesn't show hand 
*** SUMMARY ***
Total pot 40 | Rake 0 
Seat 1: zinbell (big blind) collected (40)
Seat 2: Mahu2021 (button) (small blind) folded before Flop



PokerStars Hand #248075824261: Tournament #3696403054, $1.84+$0.16 USD Hold'em No Limit - Level III (20/40) - 2024/01/05 12:33:58 CET [2024/01/05 6:33:58 ET]
Table '3696403054 1' 3-max Seat #1 is the button
Seat 1: zinbell (980 in chips) 
Seat 2: Mahu2021 (520 in chips) 
zinbell: posts small blind 20
Mahu2021: posts big blind 40
*** HOLE CARDS ***
Dealt to Mahu2021 [Qh 8h]
zinbell: folds 
Uncalled bet (20) returned to Mahu2021
Mahu2021 collected 40 from pot
Mahu2021: doesn't show hand 
*** SUMMARY ***
Total pot 40 | Rake 0 
Seat 1: zinbell (button) (small blind) folded before Flop
Seat 2: Mahu2021 (big blind) collected (40)



PokerStars Hand #248075825189: Tournament #3696403054, $1.84+$0.16 USD Hold'em No Limit - Level III (20/40) - 2024/01/05 12:34:03 CET [2024/01/05 6:34:03 ET]
Table '3696403054 1' 3-max Seat #2 is the button
Seat 1: zinbell (960 in chips) 
Seat 2: Mahu2021 (540 in chips) 
Mahu2021: posts small blind 20
zinbell: posts big blind 40
*** HOLE CARDS ***
Dealt to Mahu2021 [Jd 9c]
Mahu2021: calls 20
zinbell: raises 100 to 140
Mahu2021: calls 100
*** FLOP *** [Th 2c 3h]
zinbell: bets 92
Mahu2021: calls 92
*** TURN *** [Th 2c 3h] [Qs]
zinbell: bets 728 and is all-in
Mahu2021: calls 308 and is all-in
Uncalled bet (420) returned to zinbell
*** RIVER *** [Th 2c 3h Qs] [9s]
*** SHOW DOWN ***
zinbell: shows [Jh Tc] (a pair of Tens)
Mahu2021: shows [Jd 9c] (a pair of Nines)
zinbell collected 1080 from pot
Mahu2021 finished the tournament in 2nd place
zinbell wins the tournament and receives $6.00 - congratulations!
*** SUMMARY ***
Total pot 1080 | Rake 0 
Board [Th 2c 3h Qs 9s]
Seat 1: zinbell (big blind) showed [Jh Tc] and won (1080) with a pair of Tens
Seat 2: Mahu2021 (button) (small blind) showed [Jd 9c] and lost with a pair of Nines



