PokerStars Hand #246416015926: Tournament #3655632490, $0.92+$0.08 USD Hold'em No Limit - Level I (10/20) - 2023/10/08 11:19:49 CET [2023/10/08 5:19:49 ET]
Table '3655632490 1' 3-max Seat #1 is the button
Seat 1: LeValeureux (500 in chips) 
Seat 2: robbie438 (500 in chips) 
Seat 3: Mahu2021 (500 in chips) 
robbie438: posts small blind 10
Mahu2021: posts big blind 20
*** HOLE CARDS ***
Dealt to Mahu2021 [Kh 6s]
LeValeureux: folds 
robbie438: calls 10
Mahu2021: checks 
*** FLOP *** [6d Qc 4s]
robbie438: checks 
Mahu2021: bets 20
robbie438: calls 20
*** TURN *** [6d Qc 4s] [7h]
robbie438: checks 
Mahu2021: checks 
*** RIVER *** [6d Qc 4s 7h] [Jd]
robbie438: checks 
Mahu2021: checks 
*** SHOW DOWN ***
robbie438: shows [8h 7s] (a pair of Sevens)
Mahu2021: mucks hand 
robbie438 collected 80 from pot
*** SUMMARY ***
Total pot 80 | Rake 0 
Board [6d Qc 4s 7h Jd]
Seat 1: LeValeureux (button) folded before Flop (didn't bet)
Seat 2: robbie438 (small blind) showed [8h 7s] and won (80) with a pair of Sevens
Seat 3: Mahu2021 (big blind) mucked [Kh 6s]



PokerStars Hand #246416018873: Tournament #3655632490, $0.92+$0.08 USD Hold'em No Limit - Level I (10/20) - 2023/10/08 11:20:10 CET [2023/10/08 5:20:10 ET]
Table '3655632490 1' 3-max Seat #2 is the button
Seat 1: LeValeureux (500 in chips) 
Seat 2: robbie438 (540 in chips) 
Seat 3: Mahu2021 (460 in chips) 
Mahu2021: posts small blind 10
LeValeureux: posts big blind 20
*** HOLE CARDS ***
Dealt to Mahu2021 [Tc 9c]
robbie438: folds 
Mahu2021: calls 10
LeValeureux: checks 
*** FLOP *** [4c 6d Jd]
Mahu2021: checks 
LeValeureux: bets 20
Mahu2021: folds 
Uncalled bet (20) returned to LeValeureux
LeValeureux collected 40 from pot
*** SUMMARY ***
Total pot 40 | Rake 0 
Board [4c 6d Jd]
Seat 1: LeValeureux (big blind) collected (40)
Seat 2: robbie438 (button) folded before Flop (didn't bet)
Seat 3: Mahu2021 (small blind) folded on the Flop



PokerStars Hand #246416021509: Tournament #3655632490, $0.92+$0.08 USD Hold'em No Limit - Level I (10/20) - 2023/10/08 11:20:28 CET [2023/10/08 5:20:28 ET]
Table '3655632490 1' 3-max Seat #3 is the button
Seat 1: LeValeureux (520 in chips) 
Seat 2: robbie438 (540 in chips) 
Seat 3: Mahu2021 (440 in chips) 
LeValeureux: posts small blind 10
robbie438: posts big blind 20
*** HOLE CARDS ***
Dealt to Mahu2021 [8c Qs]
Mahu2021: folds 
LeValeureux: raises 30 to 50
robbie438: folds 
Uncalled bet (30) returned to LeValeureux
LeValeureux collected 40 from pot
*** SUMMARY ***
Total pot 40 | Rake 0 
Seat 1: LeValeureux (small blind) collected (40)
Seat 2: robbie438 (big blind) folded before Flop
Seat 3: Mahu2021 (button) folded before Flop (didn't bet)



PokerStars Hand #246416022924: Tournament #3655632490, $0.92+$0.08 USD Hold'em No Limit - Level I (10/20) - 2023/10/08 11:20:38 CET [2023/10/08 5:20:38 ET]
Table '3655632490 1' 3-max Seat #1 is the button
Seat 1: LeValeureux (540 in chips) 
Seat 2: robbie438 (520 in chips) 
Seat 3: Mahu2021 (440 in chips) 
robbie438: posts small blind 10
Mahu2021: posts big blind 20
*** HOLE CARDS ***
Dealt to Mahu2021 [7s 6s]
LeValeureux: folds 
robbie438: calls 10
Mahu2021: checks 
*** FLOP *** [6c 5c Js]
robbie438: checks 
Mahu2021: bets 20
robbie438: calls 20
*** TURN *** [6c 5c Js] [2d]
robbie438: checks 
Mahu2021: checks 
*** RIVER *** [6c 5c Js 2d] [Th]
robbie438: bets 40
Mahu2021: calls 40
*** SHOW DOWN ***
robbie438: shows [Ks Kc] (a pair of Kings)
Mahu2021: mucks hand 
robbie438 collected 160 from pot
*** SUMMARY ***
Total pot 160 | Rake 0 
Board [6c 5c Js 2d Th]
Seat 1: LeValeureux (button) folded before Flop (didn't bet)
Seat 2: robbie438 (small blind) showed [Ks Kc] and won (160) with a pair of Kings
Seat 3: Mahu2021 (big blind) mucked [7s 6s]



PokerStars Hand #246416025814: Tournament #3655632490, $0.92+$0.08 USD Hold'em No Limit - Level I (10/20) - 2023/10/08 11:20:59 CET [2023/10/08 5:20:59 ET]
Table '3655632490 1' 3-max Seat #2 is the button
Seat 1: LeValeureux (540 in chips) 
Seat 2: robbie438 (600 in chips) 
Seat 3: Mahu2021 (360 in chips) 
Mahu2021: posts small blind 10
LeValeureux: posts big blind 20
*** HOLE CARDS ***
Dealt to Mahu2021 [7s Ac]
robbie438: calls 20
Mahu2021: calls 10
LeValeureux: checks 
*** FLOP *** [9d 3h Qd]
Mahu2021: checks 
LeValeureux: bets 20
robbie438: calls 20
Mahu2021: folds 
*** TURN *** [9d 3h Qd] [9s]
LeValeureux: checks 
robbie438: checks 
*** RIVER *** [9d 3h Qd 9s] [4h]
LeValeureux: bets 60
robbie438: folds 
Uncalled bet (60) returned to LeValeureux
LeValeureux collected 100 from pot
*** SUMMARY ***
Total pot 100 | Rake 0 
Board [9d 3h Qd 9s 4h]
Seat 1: LeValeureux (big blind) collected (100)
Seat 2: robbie438 (button) folded on the River
Seat 3: Mahu2021 (small blind) folded on the Flop



PokerStars Hand #246416029503: Tournament #3655632490, $0.92+$0.08 USD Hold'em No Limit - Level I (10/20) - 2023/10/08 11:21:24 CET [2023/10/08 5:21:24 ET]
Table '3655632490 1' 3-max Seat #3 is the button
Seat 1: LeValeureux (600 in chips) 
Seat 2: robbie438 (560 in chips) 
Seat 3: Mahu2021 (340 in chips) 
LeValeureux: posts small blind 10
robbie438: posts big blind 20
*** HOLE CARDS ***
Dealt to Mahu2021 [Ad 3h]
Mahu2021: raises 20 to 40
LeValeureux: calls 30
robbie438: calls 20
*** FLOP *** [4d 2c Ah]
LeValeureux: checks 
robbie438: checks 
Mahu2021: bets 120
LeValeureux: folds 
robbie438: folds 
Uncalled bet (120) returned to Mahu2021
Mahu2021 collected 120 from pot
Mahu2021: doesn't show hand 
*** SUMMARY ***
Total pot 120 | Rake 0 
Board [4d 2c Ah]
Seat 1: LeValeureux (small blind) folded on the Flop
Seat 2: robbie438 (big blind) folded on the Flop
Seat 3: Mahu2021 (button) collected (120)



PokerStars Hand #246416032002: Tournament #3655632490, $0.92+$0.08 USD Hold'em No Limit - Level I (10/20) - 2023/10/08 11:21:41 CET [2023/10/08 5:21:41 ET]
Table '3655632490 1' 3-max Seat #1 is the button
Seat 1: LeValeureux (560 in chips) 
Seat 2: robbie438 (520 in chips) 
Seat 3: Mahu2021 (420 in chips) 
robbie438: posts small blind 10
Mahu2021: posts big blind 20
*** HOLE CARDS ***
Dealt to Mahu2021 [3c 6c]
LeValeureux: raises 20 to 40
robbie438: calls 30
Mahu2021: calls 20
*** FLOP *** [Jc 7h 5s]
robbie438: checks 
Mahu2021: checks 
LeValeureux: bets 40
robbie438: calls 40
Mahu2021: calls 40
*** TURN *** [Jc 7h 5s] [Tc]
robbie438: checks 
Mahu2021: checks 
LeValeureux: checks 
*** RIVER *** [Jc 7h 5s Tc] [2s]
robbie438: checks 
Mahu2021: checks 
LeValeureux: checks 
*** SHOW DOWN ***
robbie438: shows [Qd 5d] (a pair of Fives)
Mahu2021: mucks hand 
LeValeureux: mucks hand 
robbie438 collected 240 from pot
*** SUMMARY ***
Total pot 240 | Rake 0 
Board [Jc 7h 5s Tc 2s]
Seat 1: LeValeureux (button) mucked [Ks 6d]
Seat 2: robbie438 (small blind) showed [Qd 5d] and won (240) with a pair of Fives
Seat 3: Mahu2021 (big blind) mucked [3c 6c]



PokerStars Hand #246416037788: Tournament #3655632490, $0.92+$0.08 USD Hold'em No Limit - Level II (15/30) - 2023/10/08 11:22:20 CET [2023/10/08 5:22:20 ET]
Table '3655632490 1' 3-max Seat #2 is the button
Seat 1: LeValeureux (480 in chips) 
Seat 2: robbie438 (680 in chips) 
Seat 3: Mahu2021 (340 in chips) 
Mahu2021: posts small blind 15
LeValeureux: posts big blind 30
*** HOLE CARDS ***
Dealt to Mahu2021 [Ad 9s]
robbie438: folds 
Mahu2021: raises 30 to 60
LeValeureux: folds 
Uncalled bet (30) returned to Mahu2021
Mahu2021 collected 60 from pot
Mahu2021: doesn't show hand 
*** SUMMARY ***
Total pot 60 | Rake 0 
Seat 1: LeValeureux (big blind) folded before Flop
Seat 2: robbie438 (button) folded before Flop (didn't bet)
Seat 3: Mahu2021 (small blind) collected (60)



PokerStars Hand #246416038791: Tournament #3655632490, $0.92+$0.08 USD Hold'em No Limit - Level II (15/30) - 2023/10/08 11:22:27 CET [2023/10/08 5:22:27 ET]
Table '3655632490 1' 3-max Seat #3 is the button
Seat 1: LeValeureux (450 in chips) 
Seat 2: robbie438 (680 in chips) 
Seat 3: Mahu2021 (370 in chips) 
LeValeureux: posts small blind 15
robbie438: posts big blind 30
*** HOLE CARDS ***
Dealt to Mahu2021 [Jh Th]
Mahu2021: raises 30 to 60
LeValeureux: calls 45
robbie438: calls 30
*** FLOP *** [8s Ah 2s]
LeValeureux: checks 
robbie438: checks 
Mahu2021: checks 
*** TURN *** [8s Ah 2s] [Qc]
LeValeureux: checks 
robbie438: checks 
Mahu2021: bets 180
LeValeureux: folds 
robbie438: folds 
Uncalled bet (180) returned to Mahu2021
Mahu2021 collected 180 from pot
Mahu2021: doesn't show hand 
*** SUMMARY ***
Total pot 180 | Rake 0 
Board [8s Ah 2s Qc]
Seat 1: LeValeureux (small blind) folded on the Turn
Seat 2: robbie438 (big blind) folded on the Turn
Seat 3: Mahu2021 (button) collected (180)



PokerStars Hand #246416042324: Tournament #3655632490, $0.92+$0.08 USD Hold'em No Limit - Level II (15/30) - 2023/10/08 11:22:52 CET [2023/10/08 5:22:52 ET]
Table '3655632490 1' 3-max Seat #1 is the button
Seat 1: LeValeureux (390 in chips) 
Seat 2: robbie438 (620 in chips) 
Seat 3: Mahu2021 (490 in chips) 
robbie438: posts small blind 15
Mahu2021: posts big blind 30
*** HOLE CARDS ***
Dealt to Mahu2021 [Ah 8s]
LeValeureux: folds 
robbie438: folds 
Uncalled bet (15) returned to Mahu2021
Mahu2021 collected 30 from pot
Mahu2021: doesn't show hand 
*** SUMMARY ***
Total pot 30 | Rake 0 
Seat 1: LeValeureux (button) folded before Flop (didn't bet)
Seat 2: robbie438 (small blind) folded before Flop
Seat 3: Mahu2021 (big blind) collected (30)



PokerStars Hand #246416043181: Tournament #3655632490, $0.92+$0.08 USD Hold'em No Limit - Level II (15/30) - 2023/10/08 11:22:58 CET [2023/10/08 5:22:58 ET]
Table '3655632490 1' 3-max Seat #2 is the button
Seat 1: LeValeureux (390 in chips) 
Seat 2: robbie438 (605 in chips) 
Seat 3: Mahu2021 (505 in chips) 
Mahu2021: posts small blind 15
LeValeureux: posts big blind 30
*** HOLE CARDS ***
Dealt to Mahu2021 [5s Qd]
robbie438: folds 
Mahu2021: folds 
Uncalled bet (15) returned to LeValeureux
LeValeureux collected 30 from pot
*** SUMMARY ***
Total pot 30 | Rake 0 
Seat 1: LeValeureux (big blind) collected (30)
Seat 2: robbie438 (button) folded before Flop (didn't bet)
Seat 3: Mahu2021 (small blind) folded before Flop



PokerStars Hand #246416044126: Tournament #3655632490, $0.92+$0.08 USD Hold'em No Limit - Level II (15/30) - 2023/10/08 11:23:04 CET [2023/10/08 5:23:04 ET]
Table '3655632490 1' 3-max Seat #3 is the button
Seat 1: LeValeureux (405 in chips) 
Seat 2: robbie438 (605 in chips) 
Seat 3: Mahu2021 (490 in chips) 
LeValeureux: posts small blind 15
robbie438: posts big blind 30
*** HOLE CARDS ***
Dealt to Mahu2021 [2d Kd]
Mahu2021: calls 30
LeValeureux: folds 
robbie438: checks 
*** FLOP *** [Qc 9d Td]
robbie438: bets 30
Mahu2021: calls 30
*** TURN *** [Qc 9d Td] [Kh]
robbie438: bets 30
Mahu2021: calls 30
*** RIVER *** [Qc 9d Td Kh] [Ad]
robbie438: bets 30
Mahu2021: raises 255 to 285
robbie438: calls 255
*** SHOW DOWN ***
Mahu2021: shows [2d Kd] (a flush, Ace high)
robbie438: mucks hand 
Mahu2021 collected 765 from pot
*** SUMMARY ***
Total pot 765 | Rake 0 
Board [Qc 9d Td Kh Ad]
Seat 1: LeValeureux (small blind) folded before Flop
Seat 2: robbie438 (big blind) mucked [5d Kc]
Seat 3: Mahu2021 (button) showed [2d Kd] and won (765) with a flush, Ace high



PokerStars Hand #246416047413: Tournament #3655632490, $0.92+$0.08 USD Hold'em No Limit - Level II (15/30) - 2023/10/08 11:23:27 CET [2023/10/08 5:23:27 ET]
Table '3655632490 1' 3-max Seat #1 is the button
Seat 1: LeValeureux (390 in chips) 
Seat 2: robbie438 (230 in chips) 
Seat 3: Mahu2021 (880 in chips) 
robbie438: posts small blind 15
Mahu2021: posts big blind 30
*** HOLE CARDS ***
Dealt to Mahu2021 [3s 3h]
LeValeureux: folds 
robbie438: folds 
Uncalled bet (15) returned to Mahu2021
Mahu2021 collected 30 from pot
Mahu2021: doesn't show hand 
*** SUMMARY ***
Total pot 30 | Rake 0 
Seat 1: LeValeureux (button) folded before Flop (didn't bet)
Seat 2: robbie438 (small blind) folded before Flop
Seat 3: Mahu2021 (big blind) collected (30)



PokerStars Hand #246416048275: Tournament #3655632490, $0.92+$0.08 USD Hold'em No Limit - Level II (15/30) - 2023/10/08 11:23:33 CET [2023/10/08 5:23:33 ET]
Table '3655632490 1' 3-max Seat #2 is the button
Seat 1: LeValeureux (390 in chips) 
Seat 2: robbie438 (215 in chips) 
Seat 3: Mahu2021 (895 in chips) 
Mahu2021: posts small blind 15
LeValeureux: posts big blind 30
*** HOLE CARDS ***
Dealt to Mahu2021 [Js Td]
robbie438: calls 30
Mahu2021: calls 15
LeValeureux: checks 
*** FLOP *** [8c 7s Tc]
Mahu2021: bets 30
LeValeureux: raises 30 to 60
robbie438: folds 
Mahu2021: calls 30
*** TURN *** [8c 7s Tc] [Qc]
Mahu2021: checks 
LeValeureux: checks 
*** RIVER *** [8c 7s Tc Qc] [6h]
Mahu2021: checks 
LeValeureux: bets 90
Mahu2021: folds 
Uncalled bet (90) returned to LeValeureux
LeValeureux collected 210 from pot
*** SUMMARY ***
Total pot 210 | Rake 0 
Board [8c 7s Tc Qc 6h]
Seat 1: LeValeureux (big blind) collected (210)
Seat 2: robbie438 (button) folded on the Flop
Seat 3: Mahu2021 (small blind) folded on the River



PokerStars Hand #246416053917: Tournament #3655632490, $0.92+$0.08 USD Hold'em No Limit - Level III (20/40) - 2023/10/08 11:24:11 CET [2023/10/08 5:24:11 ET]
Table '3655632490 1' 3-max Seat #3 is the button
Seat 1: LeValeureux (510 in chips) 
Seat 2: robbie438 (185 in chips) 
Seat 3: Mahu2021 (805 in chips) 
LeValeureux: posts small blind 20
robbie438: posts big blind 40
*** HOLE CARDS ***
Dealt to Mahu2021 [6s Ts]
Mahu2021: folds 
LeValeureux: folds 
Uncalled bet (20) returned to robbie438
robbie438 collected 40 from pot
*** SUMMARY ***
Total pot 40 | Rake 0 
Seat 1: LeValeureux (small blind) folded before Flop
Seat 2: robbie438 (big blind) collected (40)
Seat 3: Mahu2021 (button) folded before Flop (didn't bet)



PokerStars Hand #246416054659: Tournament #3655632490, $0.92+$0.08 USD Hold'em No Limit - Level III (20/40) - 2023/10/08 11:24:16 CET [2023/10/08 5:24:16 ET]
Table '3655632490 1' 3-max Seat #1 is the button
Seat 1: LeValeureux (490 in chips) 
Seat 2: robbie438 (205 in chips) 
Seat 3: Mahu2021 (805 in chips) 
robbie438: posts small blind 20
Mahu2021: posts big blind 40
*** HOLE CARDS ***
Dealt to Mahu2021 [4c Ts]
LeValeureux: raises 450 to 490 and is all-in
robbie438: calls 185 and is all-in
Mahu2021: folds 
Uncalled bet (285) returned to LeValeureux
*** FLOP *** [7d 4d Qh]
*** TURN *** [7d 4d Qh] [4s]
*** RIVER *** [7d 4d Qh 4s] [6h]
*** SHOW DOWN ***
robbie438: shows [9d Ah] (a pair of Fours)
LeValeureux: shows [Ac 8s] (a pair of Fours - lower kicker)
robbie438 collected 450 from pot
*** SUMMARY ***
Total pot 450 | Rake 0 
Board [7d 4d Qh 4s 6h]
Seat 1: LeValeureux (button) showed [Ac 8s] and lost with a pair of Fours
Seat 2: robbie438 (small blind) showed [9d Ah] and won (450) with a pair of Fours
Seat 3: Mahu2021 (big blind) folded before Flop



PokerStars Hand #246416057488: Tournament #3655632490, $0.92+$0.08 USD Hold'em No Limit - Level III (20/40) - 2023/10/08 11:24:36 CET [2023/10/08 5:24:36 ET]
Table '3655632490 1' 3-max Seat #2 is the button
Seat 1: LeValeureux (285 in chips) 
Seat 2: robbie438 (450 in chips) 
Seat 3: Mahu2021 (765 in chips) 
Mahu2021: posts small blind 20
LeValeureux: posts big blind 40
*** HOLE CARDS ***
Dealt to Mahu2021 [As Ad]
robbie438: folds 
Mahu2021: raises 40 to 80
LeValeureux: calls 40
*** FLOP *** [Jh 3s 2h]
Mahu2021: bets 685 and is all-in
LeValeureux: calls 205 and is all-in
Uncalled bet (480) returned to Mahu2021
*** TURN *** [Jh 3s 2h] [2c]
*** RIVER *** [Jh 3s 2h 2c] [9c]
*** SHOW DOWN ***
Mahu2021: shows [As Ad] (two pair, Aces and Deuces)
LeValeureux: shows [6h 4h] (a pair of Deuces)
Mahu2021 collected 570 from pot
LeValeureux finished the tournament in 3rd place
*** SUMMARY ***
Total pot 570 | Rake 0 
Board [Jh 3s 2h 2c 9c]
Seat 1: LeValeureux (big blind) showed [6h 4h] and lost with a pair of Deuces
Seat 2: robbie438 (button) folded before Flop (didn't bet)
Seat 3: Mahu2021 (small blind) showed [As Ad] and won (570) with two pair, Aces and Deuces



PokerStars Hand #246416060883: Tournament #3655632490, $0.92+$0.08 USD Hold'em No Limit - Level III (20/40) - 2023/10/08 11:25:00 CET [2023/10/08 5:25:00 ET]
Table '3655632490 1' 3-max Seat #3 is the button
Seat 2: robbie438 (450 in chips) 
Seat 3: Mahu2021 (1050 in chips) 
Mahu2021: posts small blind 20
robbie438: posts big blind 40
*** HOLE CARDS ***
Dealt to Mahu2021 [Qd 9h]
Mahu2021: calls 20
robbie438: checks 
*** FLOP *** [Ah Qs Kd]
robbie438: bets 40
Mahu2021: calls 40
*** TURN *** [Ah Qs Kd] [6d]
robbie438: bets 40
Mahu2021: calls 40
*** RIVER *** [Ah Qs Kd 6d] [3d]
robbie438: bets 40
Mahu2021: calls 40
*** SHOW DOWN ***
robbie438: shows [2d Ac] (a pair of Aces)
Mahu2021: mucks hand 
robbie438 collected 320 from pot
*** SUMMARY ***
Total pot 320 | Rake 0 
Board [Ah Qs Kd 6d 3d]
Seat 2: robbie438 (big blind) showed [2d Ac] and won (320) with a pair of Aces
Seat 3: Mahu2021 (button) (small blind) mucked [Qd 9h]



PokerStars Hand #246416063796: Tournament #3655632490, $0.92+$0.08 USD Hold'em No Limit - Level III (20/40) - 2023/10/08 11:25:19 CET [2023/10/08 5:25:19 ET]
Table '3655632490 1' 3-max Seat #2 is the button
Seat 2: robbie438 (610 in chips) 
Seat 3: Mahu2021 (890 in chips) 
robbie438: posts small blind 20
Mahu2021: posts big blind 40
*** HOLE CARDS ***
Dealt to Mahu2021 [4s 9c]
robbie438: folds 
Uncalled bet (20) returned to Mahu2021
Mahu2021 collected 40 from pot
Mahu2021: doesn't show hand 
*** SUMMARY ***
Total pot 40 | Rake 0 
Seat 2: robbie438 (button) (small blind) folded before Flop
Seat 3: Mahu2021 (big blind) collected (40)



PokerStars Hand #246416064473: Tournament #3655632490, $0.92+$0.08 USD Hold'em No Limit - Level III (20/40) - 2023/10/08 11:25:24 CET [2023/10/08 5:25:24 ET]
Table '3655632490 1' 3-max Seat #3 is the button
Seat 2: robbie438 (590 in chips) 
Seat 3: Mahu2021 (910 in chips) 
Mahu2021: posts small blind 20
robbie438: posts big blind 40
*** HOLE CARDS ***
Dealt to Mahu2021 [3h Kh]
Mahu2021: raises 40 to 80
robbie438: calls 40
*** FLOP *** [Ad 8h 6d]
robbie438: checks 
Mahu2021: checks 
*** TURN *** [Ad 8h 6d] [7h]
robbie438: checks 
Mahu2021: bets 80
robbie438: folds 
Uncalled bet (80) returned to Mahu2021
Mahu2021 collected 160 from pot
Mahu2021: doesn't show hand 
*** SUMMARY ***
Total pot 160 | Rake 0 
Board [Ad 8h 6d 7h]
Seat 2: robbie438 (big blind) folded on the Turn
Seat 3: Mahu2021 (button) (small blind) collected (160)



PokerStars Hand #246416066550: Tournament #3655632490, $0.92+$0.08 USD Hold'em No Limit - Level III (20/40) - 2023/10/08 11:25:38 CET [2023/10/08 5:25:38 ET]
Table '3655632490 1' 3-max Seat #2 is the button
Seat 2: robbie438 (510 in chips) 
Seat 3: Mahu2021 (990 in chips) 
robbie438: posts small blind 20
Mahu2021: posts big blind 40
*** HOLE CARDS ***
Dealt to Mahu2021 [4c 3c]
robbie438: calls 20
Mahu2021: checks 
*** FLOP *** [8d Kc Jh]
Mahu2021: checks 
robbie438: checks 
*** TURN *** [8d Kc Jh] [8h]
Mahu2021: checks 
robbie438: checks 
*** RIVER *** [8d Kc Jh 8h] [Qh]
Mahu2021: bets 40
robbie438: calls 40
*** SHOW DOWN ***
Mahu2021: shows [4c 3c] (a pair of Eights)
robbie438: shows [2c As] (a pair of Eights - Ace kicker)
robbie438 collected 160 from pot
*** SUMMARY ***
Total pot 160 | Rake 0 
Board [8d Kc Jh 8h Qh]
Seat 2: robbie438 (button) (small blind) showed [2c As] and won (160) with a pair of Eights
Seat 3: Mahu2021 (big blind) showed [4c 3c] and lost with a pair of Eights



PokerStars Hand #246416070067: Tournament #3655632490, $0.92+$0.08 USD Hold'em No Limit - Level IV (30/60) - 2023/10/08 11:26:02 CET [2023/10/08 5:26:02 ET]
Table '3655632490 1' 3-max Seat #3 is the button
Seat 2: robbie438 (590 in chips) 
Seat 3: Mahu2021 (910 in chips) 
Mahu2021: posts small blind 30
robbie438: posts big blind 60
*** HOLE CARDS ***
Dealt to Mahu2021 [9h 4d]
Mahu2021: folds 
Uncalled bet (30) returned to robbie438
robbie438 collected 60 from pot
*** SUMMARY ***
Total pot 60 | Rake 0 
Seat 2: robbie438 (big blind) collected (60)
Seat 3: Mahu2021 (button) (small blind) folded before Flop



PokerStars Hand #246416070720: Tournament #3655632490, $0.92+$0.08 USD Hold'em No Limit - Level IV (30/60) - 2023/10/08 11:26:07 CET [2023/10/08 5:26:07 ET]
Table '3655632490 1' 3-max Seat #2 is the button
Seat 2: robbie438 (620 in chips) 
Seat 3: Mahu2021 (880 in chips) 
robbie438: posts small blind 30
Mahu2021: posts big blind 60
*** HOLE CARDS ***
Dealt to Mahu2021 [8d Qd]
robbie438: calls 30
Mahu2021: checks 
*** FLOP *** [Qh Kh 2d]
Mahu2021: bets 60
robbie438: folds 
Uncalled bet (60) returned to Mahu2021
Mahu2021 collected 120 from pot
Mahu2021: doesn't show hand 
*** SUMMARY ***
Total pot 120 | Rake 0 
Board [Qh Kh 2d]
Seat 2: robbie438 (button) (small blind) folded on the Flop
Seat 3: Mahu2021 (big blind) collected (120)



PokerStars Hand #246416072335: Tournament #3655632490, $0.92+$0.08 USD Hold'em No Limit - Level IV (30/60) - 2023/10/08 11:26:19 CET [2023/10/08 5:26:19 ET]
Table '3655632490 1' 3-max Seat #3 is the button
Seat 2: robbie438 (560 in chips) 
Seat 3: Mahu2021 (940 in chips) 
Mahu2021: posts small blind 30
robbie438: posts big blind 60
*** HOLE CARDS ***
Dealt to Mahu2021 [2s Kd]
Mahu2021: calls 30
robbie438: checks 
*** FLOP *** [2c 4c Qh]
robbie438: checks 
Mahu2021: checks 
*** TURN *** [2c 4c Qh] [Jh]
robbie438: bets 60
Mahu2021: folds 
Uncalled bet (60) returned to robbie438
robbie438 collected 120 from pot
*** SUMMARY ***
Total pot 120 | Rake 0 
Board [2c 4c Qh Jh]
Seat 2: robbie438 (big blind) collected (120)
Seat 3: Mahu2021 (button) (small blind) folded on the Turn



PokerStars Hand #246416074344: Tournament #3655632490, $0.92+$0.08 USD Hold'em No Limit - Level IV (30/60) - 2023/10/08 11:26:32 CET [2023/10/08 5:26:32 ET]
Table '3655632490 1' 3-max Seat #2 is the button
Seat 2: robbie438 (620 in chips) 
Seat 3: Mahu2021 (880 in chips) 
robbie438: posts small blind 30
Mahu2021: posts big blind 60
*** HOLE CARDS ***
Dealt to Mahu2021 [Ah Qh]
robbie438: calls 30
Mahu2021: raises 120 to 180
robbie438: calls 120
*** FLOP *** [As 2h 8s]
Mahu2021: bets 60
robbie438: folds 
Uncalled bet (60) returned to Mahu2021
Mahu2021 collected 360 from pot
Mahu2021: doesn't show hand 
*** SUMMARY ***
Total pot 360 | Rake 0 
Board [As 2h 8s]
Seat 2: robbie438 (button) (small blind) folded on the Flop
Seat 3: Mahu2021 (big blind) collected (360)



PokerStars Hand #246416075993: Tournament #3655632490, $0.92+$0.08 USD Hold'em No Limit - Level IV (30/60) - 2023/10/08 11:26:44 CET [2023/10/08 5:26:44 ET]
Table '3655632490 1' 3-max Seat #3 is the button
Seat 2: robbie438 (440 in chips) 
Seat 3: Mahu2021 (1060 in chips) 
Mahu2021: posts small blind 30
robbie438: posts big blind 60
*** HOLE CARDS ***
Dealt to Mahu2021 [4h 4d]
Mahu2021: raises 1000 to 1060 and is all-in
robbie438: calls 380 and is all-in
Uncalled bet (620) returned to Mahu2021
*** FLOP *** [Jd 9c 7s]
*** TURN *** [Jd 9c 7s] [Jc]
*** RIVER *** [Jd 9c 7s Jc] [3c]
*** SHOW DOWN ***
robbie438: shows [Ac 9h] (two pair, Jacks and Nines)
Mahu2021: shows [4h 4d] (two pair, Jacks and Fours)
robbie438 collected 880 from pot
*** SUMMARY ***
Total pot 880 | Rake 0 
Board [Jd 9c 7s Jc 3c]
Seat 2: robbie438 (big blind) showed [Ac 9h] and won (880) with two pair, Jacks and Nines
Seat 3: Mahu2021 (button) (small blind) showed [4h 4d] and lost with two pair, Jacks and Fours



PokerStars Hand #246416077959: Tournament #3655632490, $0.92+$0.08 USD Hold'em No Limit - Level IV (30/60) - 2023/10/08 11:26:57 CET [2023/10/08 5:26:57 ET]
Table '3655632490 1' 3-max Seat #2 is the button
Seat 2: robbie438 (880 in chips) 
Seat 3: Mahu2021 (620 in chips) 
robbie438: posts small blind 30
Mahu2021: posts big blind 60
*** HOLE CARDS ***
Dealt to Mahu2021 [4c Td]
robbie438: calls 30
Mahu2021: checks 
*** FLOP *** [4h Ah 6c]
Mahu2021: checks 
robbie438: checks 
*** TURN *** [4h Ah 6c] [As]
Mahu2021: bets 60
robbie438: calls 60
*** RIVER *** [4h Ah 6c As] [Ac]
Mahu2021: bets 240
robbie438: raises 520 to 760 and is all-in
Mahu2021: calls 260 and is all-in
Uncalled bet (260) returned to robbie438
*** SHOW DOWN ***
robbie438: shows [8d Ks] (three of a kind, Aces)
Mahu2021: shows [4c Td] (a full house, Aces full of Fours)
Mahu2021 collected 1240 from pot
*** SUMMARY ***
Total pot 1240 | Rake 0 
Board [4h Ah 6c As Ac]
Seat 2: robbie438 (button) (small blind) showed [8d Ks] and lost with three of a kind, Aces
Seat 3: Mahu2021 (big blind) showed [4c Td] and won (1240) with a full house, Aces full of Fours



PokerStars Hand #246416081841: Tournament #3655632490, $0.92+$0.08 USD Hold'em No Limit - Level IV (30/60) - 2023/10/08 11:27:24 CET [2023/10/08 5:27:24 ET]
Table '3655632490 1' 3-max Seat #3 is the button
Seat 2: robbie438 (260 in chips) 
Seat 3: Mahu2021 (1240 in chips) 
Mahu2021: posts small blind 30
robbie438: posts big blind 60
*** HOLE CARDS ***
Dealt to Mahu2021 [Ts 3s]
Mahu2021: calls 30
robbie438: checks 
*** FLOP *** [4s 9c 6s]
robbie438: checks 
Mahu2021: bets 240
robbie438: folds 
Uncalled bet (240) returned to Mahu2021
Mahu2021 collected 120 from pot
Mahu2021: doesn't show hand 
*** SUMMARY ***
Total pot 120 | Rake 0 
Board [4s 9c 6s]
Seat 2: robbie438 (big blind) folded on the Flop
Seat 3: Mahu2021 (button) (small blind) collected (120)



PokerStars Hand #246416084461: Tournament #3655632490, $0.92+$0.08 USD Hold'em No Limit - Level IV (30/60) - 2023/10/08 11:27:43 CET [2023/10/08 5:27:43 ET]
Table '3655632490 1' 3-max Seat #2 is the button
Seat 2: robbie438 (200 in chips) 
Seat 3: Mahu2021 (1300 in chips) 
robbie438: posts small blind 30
Mahu2021: posts big blind 60
*** HOLE CARDS ***
Dealt to Mahu2021 [3h 4d]
robbie438: calls 30
Mahu2021: checks 
*** FLOP *** [8c Ac Qd]
Mahu2021: checks 
robbie438: checks 
*** TURN *** [8c Ac Qd] [3c]
Mahu2021: bets 60
robbie438: calls 60
*** RIVER *** [8c Ac Qd 3c] [4h]
Mahu2021: bets 120
robbie438: calls 80 and is all-in
Uncalled bet (40) returned to Mahu2021
*** SHOW DOWN ***
Mahu2021: shows [3h 4d] (two pair, Fours and Threes)
robbie438: shows [7d Jc] (high card Ace)
Mahu2021 collected 400 from pot
robbie438 finished the tournament in 2nd place
Mahu2021 wins the tournament and receives $2.00 - congratulations!
*** SUMMARY ***
Total pot 400 | Rake 0 
Board [8c Ac Qd 3c 4h]
Seat 2: robbie438 (button) (small blind) showed [7d Jc] and lost with high card Ace
Seat 3: Mahu2021 (big blind) showed [3h 4d] and won (400) with two pair, Fours and Threes



