PokerStars Hand #252759947566: Tournament #3808021595, $1.84+$0.16 USD Hold'em No Limit - Level I (10/20) - 2024/10/04 13:53:16 CET [2024/10/04 7:53:16 ET]
Table '3808021595 1' 3-max Seat #1 is the button
Seat 1: HerrPferd (500 in chips) 
Seat 2: Mahu2021 (500 in chips) 
Seat 3: johuari (500 in chips) 
Mahu2021: posts small blind 10
johuari: posts big blind 20
*** HOLE CARDS ***
Dealt to Mahu2021 [Ah 6c]
HerrPferd: raises 25 to 45
Mahu2021: calls 35
johuari: folds 
*** FLOP *** [Ad 3s 3h]
Mahu2021: bets 40
HerrPferd: folds 
Uncalled bet (40) returned to Mahu2021
Mahu2021 collected 110 from pot
Mahu2021: doesn't show hand 
*** SUMMARY ***
Total pot 110 | Rake 0 
Board [Ad 3s 3h]
Seat 1: HerrPferd (button) folded on the Flop
Seat 2: Mahu2021 (small blind) collected (110)
Seat 3: johuari (big blind) folded before Flop



PokerStars Hand #252759950062: Tournament #3808021595, $1.84+$0.16 USD Hold'em No Limit - Level I (10/20) - 2024/10/04 13:53:32 CET [2024/10/04 7:53:32 ET]
Table '3808021595 1' 3-max Seat #2 is the button
Seat 1: HerrPferd (455 in chips) 
Seat 2: Mahu2021 (565 in chips) 
Seat 3: johuari (480 in chips) 
johuari: posts small blind 10
HerrPferd: posts big blind 20
*** HOLE CARDS ***
Dealt to Mahu2021 [3h Ah]
Mahu2021: raises 20 to 40
johuari: folds 
HerrPferd: folds 
Uncalled bet (20) returned to Mahu2021
Mahu2021 collected 50 from pot
Mahu2021: doesn't show hand 
*** SUMMARY ***
Total pot 50 | Rake 0 
Seat 1: HerrPferd (big blind) folded before Flop
Seat 2: Mahu2021 (button) collected (50)
Seat 3: johuari (small blind) folded before Flop



PokerStars Hand #252759951255: Tournament #3808021595, $1.84+$0.16 USD Hold'em No Limit - Level I (10/20) - 2024/10/04 13:53:39 CET [2024/10/04 7:53:39 ET]
Table '3808021595 1' 3-max Seat #3 is the button
Seat 1: HerrPferd (435 in chips) 
Seat 2: Mahu2021 (595 in chips) 
Seat 3: johuari (470 in chips) 
HerrPferd: posts small blind 10
Mahu2021: posts big blind 20
*** HOLE CARDS ***
Dealt to Mahu2021 [Ac Th]
johuari: folds 
HerrPferd: folds 
Uncalled bet (10) returned to Mahu2021
Mahu2021 collected 20 from pot
Mahu2021: doesn't show hand 
*** SUMMARY ***
Total pot 20 | Rake 0 
Seat 1: HerrPferd (small blind) folded before Flop
Seat 2: Mahu2021 (big blind) collected (20)
Seat 3: johuari (button) folded before Flop (didn't bet)



PokerStars Hand #252759952460: Tournament #3808021595, $1.84+$0.16 USD Hold'em No Limit - Level I (10/20) - 2024/10/04 13:53:47 CET [2024/10/04 7:53:47 ET]
Table '3808021595 1' 3-max Seat #1 is the button
Seat 1: HerrPferd (425 in chips) 
Seat 2: Mahu2021 (605 in chips) 
Seat 3: johuari (470 in chips) 
Mahu2021: posts small blind 10
johuari: posts big blind 20
*** HOLE CARDS ***
Dealt to Mahu2021 [8c 8h]
HerrPferd: raises 38 to 58
Mahu2021: calls 48
johuari: folds 
*** FLOP *** [2d 7c Ts]
Mahu2021: bets 547 and is all-in
HerrPferd: folds 
Uncalled bet (547) returned to Mahu2021
Mahu2021 collected 136 from pot
Mahu2021: doesn't show hand 
*** SUMMARY ***
Total pot 136 | Rake 0 
Board [2d 7c Ts]
Seat 1: HerrPferd (button) folded on the Flop
Seat 2: Mahu2021 (small blind) collected (136)
Seat 3: johuari (big blind) folded before Flop



PokerStars Hand #252759954836: Tournament #3808021595, $1.84+$0.16 USD Hold'em No Limit - Level I (10/20) - 2024/10/04 13:54:02 CET [2024/10/04 7:54:02 ET]
Table '3808021595 1' 3-max Seat #2 is the button
Seat 1: HerrPferd (367 in chips) 
Seat 2: Mahu2021 (683 in chips) 
Seat 3: johuari (450 in chips) 
johuari: posts small blind 10
HerrPferd: posts big blind 20
*** HOLE CARDS ***
Dealt to Mahu2021 [7h As]
Mahu2021: calls 20
johuari: raises 40 to 60
HerrPferd: folds 
Mahu2021: calls 40
*** FLOP *** [6s Ts 4s]
johuari: checks 
Mahu2021: checks 
*** TURN *** [6s Ts 4s] [6d]
johuari: bets 70
Mahu2021: calls 70
*** RIVER *** [6s Ts 4s 6d] [Ks]
johuari: checks 
Mahu2021: bets 100
johuari: folds 
Uncalled bet (100) returned to Mahu2021
Mahu2021 collected 280 from pot
Mahu2021: doesn't show hand 
*** SUMMARY ***
Total pot 280 | Rake 0 
Board [6s Ts 4s 6d Ks]
Seat 1: HerrPferd (big blind) folded before Flop
Seat 2: Mahu2021 (button) collected (280)
Seat 3: johuari (small blind) folded on the River



PokerStars Hand #252759959171: Tournament #3808021595, $1.84+$0.16 USD Hold'em No Limit - Level I (10/20) - 2024/10/04 13:54:30 CET [2024/10/04 7:54:30 ET]
Table '3808021595 1' 3-max Seat #3 is the button
Seat 1: HerrPferd (347 in chips) 
Seat 2: Mahu2021 (833 in chips) 
Seat 3: johuari (320 in chips) 
HerrPferd: posts small blind 10
Mahu2021: posts big blind 20
*** HOLE CARDS ***
Dealt to Mahu2021 [Qd Kc]
johuari: folds 
HerrPferd: folds 
Uncalled bet (10) returned to Mahu2021
Mahu2021 collected 20 from pot
Mahu2021: doesn't show hand 
*** SUMMARY ***
Total pot 20 | Rake 0 
Seat 1: HerrPferd (small blind) folded before Flop
Seat 2: Mahu2021 (big blind) collected (20)
Seat 3: johuari (button) folded before Flop (didn't bet)



PokerStars Hand #252759960209: Tournament #3808021595, $1.84+$0.16 USD Hold'em No Limit - Level I (10/20) - 2024/10/04 13:54:36 CET [2024/10/04 7:54:36 ET]
Table '3808021595 1' 3-max Seat #1 is the button
Seat 1: HerrPferd (337 in chips) 
Seat 2: Mahu2021 (843 in chips) 
Seat 3: johuari (320 in chips) 
Mahu2021: posts small blind 10
johuari: posts big blind 20
*** HOLE CARDS ***
Dealt to Mahu2021 [Js Kh]
HerrPferd: folds 
Mahu2021: raises 20 to 40
johuari: folds 
Uncalled bet (20) returned to Mahu2021
Mahu2021 collected 40 from pot
Mahu2021: doesn't show hand 
*** SUMMARY ***
Total pot 40 | Rake 0 
Seat 1: HerrPferd (button) folded before Flop (didn't bet)
Seat 2: Mahu2021 (small blind) collected (40)
Seat 3: johuari (big blind) folded before Flop



PokerStars Hand #252759961237: Tournament #3808021595, $1.84+$0.16 USD Hold'em No Limit - Level I (10/20) - 2024/10/04 13:54:43 CET [2024/10/04 7:54:43 ET]
Table '3808021595 1' 3-max Seat #2 is the button
Seat 1: HerrPferd (337 in chips) 
Seat 2: Mahu2021 (863 in chips) 
Seat 3: johuari (300 in chips) 
johuari: posts small blind 10
HerrPferd: posts big blind 20
*** HOLE CARDS ***
Dealt to Mahu2021 [3s Ts]
Mahu2021: folds 
johuari: calls 10
HerrPferd: checks 
*** FLOP *** [9s Ks Qc]
johuari: checks 
HerrPferd: checks 
*** TURN *** [9s Ks Qc] [Th]
johuari: checks 
HerrPferd: bets 40
johuari: folds 
Uncalled bet (40) returned to HerrPferd
HerrPferd collected 40 from pot
*** SUMMARY ***
Total pot 40 | Rake 0 
Board [9s Ks Qc Th]
Seat 1: HerrPferd (big blind) collected (40)
Seat 2: Mahu2021 (button) folded before Flop (didn't bet)
Seat 3: johuari (small blind) folded on the Turn



PokerStars Hand #252759964988: Tournament #3808021595, $1.84+$0.16 USD Hold'em No Limit - Level I (10/20) - 2024/10/04 13:55:08 CET [2024/10/04 7:55:08 ET]
Table '3808021595 1' 3-max Seat #3 is the button
Seat 1: HerrPferd (357 in chips) 
Seat 2: Mahu2021 (863 in chips) 
Seat 3: johuari (280 in chips) 
HerrPferd: posts small blind 10
Mahu2021: posts big blind 20
*** HOLE CARDS ***
Dealt to Mahu2021 [6h 5s]
johuari: folds 
HerrPferd: folds 
Uncalled bet (10) returned to Mahu2021
Mahu2021 collected 20 from pot
Mahu2021: doesn't show hand 
*** SUMMARY ***
Total pot 20 | Rake 0 
Seat 1: HerrPferd (small blind) folded before Flop
Seat 2: Mahu2021 (big blind) collected (20)
Seat 3: johuari (button) folded before Flop (didn't bet)



PokerStars Hand #252759965703: Tournament #3808021595, $1.84+$0.16 USD Hold'em No Limit - Level I (10/20) - 2024/10/04 13:55:13 CET [2024/10/04 7:55:13 ET]
Table '3808021595 1' 3-max Seat #1 is the button
Seat 1: HerrPferd (347 in chips) 
Seat 2: Mahu2021 (873 in chips) 
Seat 3: johuari (280 in chips) 
Mahu2021: posts small blind 10
johuari: posts big blind 20
*** HOLE CARDS ***
Dealt to Mahu2021 [8d 5h]
HerrPferd: raises 38 to 58
Mahu2021: folds 
johuari: raises 222 to 280 and is all-in
HerrPferd: calls 222
*** FLOP *** [Qd 8c 7h]
*** TURN *** [Qd 8c 7h] [Td]
*** RIVER *** [Qd 8c 7h Td] [5d]
*** SHOW DOWN ***
johuari: shows [Ah Th] (a pair of Tens)
HerrPferd: shows [3c 3h] (a pair of Threes)
johuari collected 570 from pot
*** SUMMARY ***
Total pot 570 | Rake 0 
Board [Qd 8c 7h Td 5d]
Seat 1: HerrPferd (button) showed [3c 3h] and lost with a pair of Threes
Seat 2: Mahu2021 (small blind) folded before Flop
Seat 3: johuari (big blind) showed [Ah Th] and won (570) with a pair of Tens



PokerStars Hand #252759968549: Tournament #3808021595, $1.84+$0.16 USD Hold'em No Limit - Level II (15/30) - 2024/10/04 13:55:35 CET [2024/10/04 7:55:35 ET]
Table '3808021595 1' 3-max Seat #2 is the button
Seat 1: HerrPferd (67 in chips) 
Seat 2: Mahu2021 (863 in chips) 
Seat 3: johuari (570 in chips) 
johuari: posts small blind 15
HerrPferd: posts big blind 30
*** HOLE CARDS ***
Dealt to Mahu2021 [8c 7c]
Mahu2021: calls 30
johuari: folds 
HerrPferd: checks 
*** FLOP *** [Th 4s 9d]
HerrPferd: checks 
Mahu2021: bets 60
HerrPferd: folds 
Uncalled bet (60) returned to Mahu2021
Mahu2021 collected 75 from pot
Mahu2021: doesn't show hand 
*** SUMMARY ***
Total pot 75 | Rake 0 
Board [Th 4s 9d]
Seat 1: HerrPferd (big blind) folded on the Flop
Seat 2: Mahu2021 (button) collected (75)
Seat 3: johuari (small blind) folded before Flop



PokerStars Hand #252759972707: Tournament #3808021595, $1.84+$0.16 USD Hold'em No Limit - Level II (15/30) - 2024/10/04 13:56:08 CET [2024/10/04 7:56:08 ET]
Table '3808021595 1' 3-max Seat #3 is the button
Seat 1: HerrPferd (37 in chips) 
Seat 2: Mahu2021 (908 in chips) 
Seat 3: johuari (555 in chips) 
HerrPferd: posts small blind 15
Mahu2021: posts big blind 30
*** HOLE CARDS ***
Dealt to Mahu2021 [7d 4h]
johuari: folds 
HerrPferd: raises 7 to 37 and is all-in
Mahu2021: folds 
Uncalled bet (7) returned to HerrPferd
HerrPferd collected 60 from pot
*** SUMMARY ***
Total pot 60 | Rake 0 
Seat 1: HerrPferd (small blind) collected (60)
Seat 2: Mahu2021 (big blind) folded before Flop
Seat 3: johuari (button) folded before Flop (didn't bet)



PokerStars Hand #252759974428: Tournament #3808021595, $1.84+$0.16 USD Hold'em No Limit - Level II (15/30) - 2024/10/04 13:56:21 CET [2024/10/04 7:56:21 ET]
Table '3808021595 1' 3-max Seat #1 is the button
Seat 1: HerrPferd (67 in chips) 
Seat 2: Mahu2021 (878 in chips) 
Seat 3: johuari (555 in chips) 
Mahu2021: posts small blind 15
johuari: posts big blind 30
*** HOLE CARDS ***
Dealt to Mahu2021 [3h 6s]
HerrPferd: raises 37 to 67 and is all-in
Mahu2021: folds 
johuari: calls 37
*** FLOP *** [5h 9d Kd]
*** TURN *** [5h 9d Kd] [Kh]
*** RIVER *** [5h 9d Kd Kh] [Ad]
*** SHOW DOWN ***
johuari: shows [Jd 8c] (a pair of Kings)
HerrPferd: shows [4d 3d] (a flush, Ace high)
HerrPferd collected 149 from pot
*** SUMMARY ***
Total pot 149 | Rake 0 
Board [5h 9d Kd Kh Ad]
Seat 1: HerrPferd (button) showed [4d 3d] and won (149) with a flush, Ace high
Seat 2: Mahu2021 (small blind) folded before Flop
Seat 3: johuari (big blind) showed [Jd 8c] and lost with a pair of Kings



PokerStars Hand #252759977064: Tournament #3808021595, $1.84+$0.16 USD Hold'em No Limit - Level II (15/30) - 2024/10/04 13:56:43 CET [2024/10/04 7:56:43 ET]
Table '3808021595 1' 3-max Seat #2 is the button
Seat 1: HerrPferd (149 in chips) 
Seat 2: Mahu2021 (863 in chips) 
Seat 3: johuari (488 in chips) 
johuari: posts small blind 15
HerrPferd: posts big blind 30
*** HOLE CARDS ***
Dealt to Mahu2021 [4h 4c]
Mahu2021: calls 30
johuari: calls 15
HerrPferd: raises 119 to 149 and is all-in
Mahu2021: calls 119
johuari: folds 
*** FLOP *** [Th Ts 9h]
*** TURN *** [Th Ts 9h] [3c]
*** RIVER *** [Th Ts 9h 3c] [Ac]
*** SHOW DOWN ***
HerrPferd: shows [Qs Ah] (two pair, Aces and Tens)
Mahu2021: shows [4h 4c] (two pair, Tens and Fours)
HerrPferd collected 328 from pot
*** SUMMARY ***
Total pot 328 | Rake 0 
Board [Th Ts 9h 3c Ac]
Seat 1: HerrPferd (big blind) showed [Qs Ah] and won (328) with two pair, Aces and Tens
Seat 2: Mahu2021 (button) showed [4h 4c] and lost with two pair, Tens and Fours
Seat 3: johuari (small blind) folded before Flop



PokerStars Hand #252759979807: Tournament #3808021595, $1.84+$0.16 USD Hold'em No Limit - Level II (15/30) - 2024/10/04 13:57:04 CET [2024/10/04 7:57:04 ET]
Table '3808021595 1' 3-max Seat #3 is the button
Seat 1: HerrPferd (328 in chips) 
Seat 2: Mahu2021 (714 in chips) 
Seat 3: johuari (458 in chips) 
HerrPferd: posts small blind 15
Mahu2021: posts big blind 30
*** HOLE CARDS ***
Dealt to Mahu2021 [Qd Ts]
johuari: raises 30 to 60
HerrPferd: folds 
Mahu2021: calls 30
*** FLOP *** [8s Jh Kh]
Mahu2021: checks 
johuari: bets 41
Mahu2021: calls 41
*** TURN *** [8s Jh Kh] [3d]
Mahu2021: checks 
johuari: checks 
*** RIVER *** [8s Jh Kh 3d] [9s]
Mahu2021: bets 120
johuari: raises 237 to 357 and is all-in
Mahu2021: calls 237
*** SHOW DOWN ***
johuari: shows [Tc Qc] (a straight, Nine to King)
Mahu2021: shows [Qd Ts] (a straight, Nine to King)
Mahu2021 collected 466 from pot
johuari collected 465 from pot
*** SUMMARY ***
Total pot 931 | Rake 0 
Board [8s Jh Kh 3d 9s]
Seat 1: HerrPferd (small blind) folded before Flop
Seat 2: Mahu2021 (big blind) showed [Qd Ts] and won (466) with a straight, Nine to King
Seat 3: johuari (button) showed [Tc Qc] and won (465) with a straight, Nine to King



PokerStars Hand #252759984297: Tournament #3808021595, $1.84+$0.16 USD Hold'em No Limit - Level III (20/40) - 2024/10/04 13:57:40 CET [2024/10/04 7:57:40 ET]
Table '3808021595 1' 3-max Seat #1 is the button
Seat 1: HerrPferd (313 in chips) 
Seat 2: Mahu2021 (722 in chips) 
Seat 3: johuari (465 in chips) 
Mahu2021: posts small blind 20
johuari: posts big blind 40
*** HOLE CARDS ***
Dealt to Mahu2021 [Tc 3h]
HerrPferd: raises 40 to 80
Mahu2021: folds 
johuari: calls 40
*** FLOP *** [4d 9h Qc]
johuari: checks 
HerrPferd: bets 233 and is all-in
johuari: folds 
Uncalled bet (233) returned to HerrPferd
HerrPferd collected 180 from pot
*** SUMMARY ***
Total pot 180 | Rake 0 
Board [4d 9h Qc]
Seat 1: HerrPferd (button) collected (180)
Seat 2: Mahu2021 (small blind) folded before Flop
Seat 3: johuari (big blind) folded on the Flop



PokerStars Hand #252759987844: Tournament #3808021595, $1.84+$0.16 USD Hold'em No Limit - Level III (20/40) - 2024/10/04 13:58:07 CET [2024/10/04 7:58:07 ET]
Table '3808021595 1' 3-max Seat #2 is the button
Seat 1: HerrPferd (413 in chips) 
Seat 2: Mahu2021 (702 in chips) 
Seat 3: johuari (385 in chips) 
johuari: posts small blind 20
HerrPferd: posts big blind 40
*** HOLE CARDS ***
Dealt to Mahu2021 [Js Ks]
Mahu2021: raises 40 to 80
johuari: folds 
HerrPferd: folds 
Uncalled bet (40) returned to Mahu2021
Mahu2021 collected 100 from pot
Mahu2021: doesn't show hand 
*** SUMMARY ***
Total pot 100 | Rake 0 
Seat 1: HerrPferd (big blind) folded before Flop
Seat 2: Mahu2021 (button) collected (100)
Seat 3: johuari (small blind) folded before Flop



PokerStars Hand #252759989452: Tournament #3808021595, $1.84+$0.16 USD Hold'em No Limit - Level III (20/40) - 2024/10/04 13:58:20 CET [2024/10/04 7:58:20 ET]
Table '3808021595 1' 3-max Seat #3 is the button
Seat 1: HerrPferd (373 in chips) 
Seat 2: Mahu2021 (762 in chips) 
Seat 3: johuari (365 in chips) 
HerrPferd: posts small blind 20
Mahu2021: posts big blind 40
*** HOLE CARDS ***
Dealt to Mahu2021 [7s 2h]
johuari: folds 
HerrPferd: folds 
Uncalled bet (20) returned to Mahu2021
Mahu2021 collected 40 from pot
Mahu2021: doesn't show hand 
*** SUMMARY ***
Total pot 40 | Rake 0 
Seat 1: HerrPferd (small blind) folded before Flop
Seat 2: Mahu2021 (big blind) collected (40)
Seat 3: johuari (button) folded before Flop (didn't bet)



PokerStars Hand #252759990215: Tournament #3808021595, $1.84+$0.16 USD Hold'em No Limit - Level III (20/40) - 2024/10/04 13:58:26 CET [2024/10/04 7:58:26 ET]
Table '3808021595 1' 3-max Seat #1 is the button
Seat 1: HerrPferd (353 in chips) 
Seat 2: Mahu2021 (782 in chips) 
Seat 3: johuari (365 in chips) 
Mahu2021: posts small blind 20
johuari: posts big blind 40
*** HOLE CARDS ***
Dealt to Mahu2021 [Kd 8h]
HerrPferd: folds 
Mahu2021: calls 20
johuari: checks 
*** FLOP *** [5c Tc 9d]
Mahu2021: checks 
johuari: bets 325 and is all-in
Mahu2021: folds 
Uncalled bet (325) returned to johuari
johuari collected 80 from pot
johuari: doesn't show hand 
*** SUMMARY ***
Total pot 80 | Rake 0 
Board [5c Tc 9d]
Seat 1: HerrPferd (button) folded before Flop (didn't bet)
Seat 2: Mahu2021 (small blind) folded on the Flop
Seat 3: johuari (big blind) collected (80)



PokerStars Hand #252759992450: Tournament #3808021595, $1.84+$0.16 USD Hold'em No Limit - Level III (20/40) - 2024/10/04 13:58:44 CET [2024/10/04 7:58:44 ET]
Table '3808021595 1' 3-max Seat #2 is the button
Seat 1: HerrPferd (353 in chips) 
Seat 2: Mahu2021 (742 in chips) 
Seat 3: johuari (405 in chips) 
johuari: posts small blind 20
HerrPferd: posts big blind 40
*** HOLE CARDS ***
Dealt to Mahu2021 [As 7c]
Mahu2021: calls 40
johuari: raises 120 to 160
HerrPferd: raises 193 to 353 and is all-in
Mahu2021: folds 
johuari: calls 193
*** FLOP *** [Qs 6h Ah]
*** TURN *** [Qs 6h Ah] [4c]
*** RIVER *** [Qs 6h Ah 4c] [7d]
*** SHOW DOWN ***
johuari: shows [Jc Kd] (high card Ace)
HerrPferd: shows [Ad 9d] (a pair of Aces)
HerrPferd collected 746 from pot
*** SUMMARY ***
Total pot 746 | Rake 0 
Board [Qs 6h Ah 4c 7d]
Seat 1: HerrPferd (big blind) showed [Ad 9d] and won (746) with a pair of Aces
Seat 2: Mahu2021 (button) folded before Flop
Seat 3: johuari (small blind) showed [Jc Kd] and lost with high card Ace



PokerStars Hand #252759994658: Tournament #3808021595, $1.84+$0.16 USD Hold'em No Limit - Level III (20/40) - 2024/10/04 13:59:02 CET [2024/10/04 7:59:02 ET]
Table '3808021595 1' 3-max Seat #3 is the button
Seat 1: HerrPferd (746 in chips) 
Seat 2: Mahu2021 (702 in chips) 
Seat 3: johuari (52 in chips) 
HerrPferd: posts small blind 20
Mahu2021: posts big blind 40
*** HOLE CARDS ***
Dealt to Mahu2021 [7h 9c]
johuari: raises 12 to 52 and is all-in
HerrPferd: folds 
Mahu2021: calls 12
*** FLOP *** [Qd 7c 5s]
*** TURN *** [Qd 7c 5s] [Qc]
*** RIVER *** [Qd 7c 5s Qc] [Kc]
*** SHOW DOWN ***
Mahu2021: shows [7h 9c] (two pair, Queens and Sevens)
johuari: shows [Ts Kd] (two pair, Kings and Queens)
johuari collected 124 from pot
*** SUMMARY ***
Total pot 124 | Rake 0 
Board [Qd 7c 5s Qc Kc]
Seat 1: HerrPferd (small blind) folded before Flop
Seat 2: Mahu2021 (big blind) showed [7h 9c] and lost with two pair, Queens and Sevens
Seat 3: johuari (button) showed [Ts Kd] and won (124) with two pair, Kings and Queens



PokerStars Hand #252759996288: Tournament #3808021595, $1.84+$0.16 USD Hold'em No Limit - Level III (20/40) - 2024/10/04 13:59:15 CET [2024/10/04 7:59:15 ET]
Table '3808021595 1' 3-max Seat #1 is the button
Seat 1: HerrPferd (726 in chips) 
Seat 2: Mahu2021 (650 in chips) 
Seat 3: johuari (124 in chips) 
Mahu2021: posts small blind 20
johuari: posts big blind 40
*** HOLE CARDS ***
Dealt to Mahu2021 [Ts 5s]
HerrPferd: folds 
Mahu2021: folds 
Uncalled bet (20) returned to johuari
johuari collected 40 from pot
johuari: doesn't show hand 
*** SUMMARY ***
Total pot 40 | Rake 0 
Seat 1: HerrPferd (button) folded before Flop (didn't bet)
Seat 2: Mahu2021 (small blind) folded before Flop
Seat 3: johuari (big blind) collected (40)



PokerStars Hand #252759997384: Tournament #3808021595, $1.84+$0.16 USD Hold'em No Limit - Level IV (30/60) - 2024/10/04 13:59:23 CET [2024/10/04 7:59:23 ET]
Table '3808021595 1' 3-max Seat #2 is the button
Seat 1: HerrPferd (726 in chips) 
Seat 2: Mahu2021 (630 in chips) 
Seat 3: johuari (144 in chips) 
johuari: posts small blind 30
HerrPferd: posts big blind 60
*** HOLE CARDS ***
Dealt to Mahu2021 [Qs 5d]
Mahu2021: folds 
johuari: raises 84 to 144 and is all-in
HerrPferd: calls 84
*** FLOP *** [Qc 4c 6s]
*** TURN *** [Qc 4c 6s] [5s]
*** RIVER *** [Qc 4c 6s 5s] [Jd]
*** SHOW DOWN ***
johuari: shows [2c 7c] (high card Queen)
HerrPferd: shows [Th Kd] (high card King)
HerrPferd collected 288 from pot
johuari finished the tournament in 3rd place
*** SUMMARY ***
Total pot 288 | Rake 0 
Board [Qc 4c 6s 5s Jd]
Seat 1: HerrPferd (big blind) showed [Th Kd] and won (288) with high card King
Seat 2: Mahu2021 (button) folded before Flop (didn't bet)
Seat 3: johuari (small blind) showed [2c 7c] and lost with high card Queen



PokerStars Hand #252760000274: Tournament #3808021595, $1.84+$0.16 USD Hold'em No Limit - Level IV (30/60) - 2024/10/04 13:59:45 CET [2024/10/04 7:59:45 ET]
Table '3808021595 1' 3-max Seat #1 is the button
Seat 1: HerrPferd (870 in chips) 
Seat 2: Mahu2021 (630 in chips) 
HerrPferd: posts small blind 30
Mahu2021: posts big blind 60
*** HOLE CARDS ***
Dealt to Mahu2021 [Ad Qc]
HerrPferd: folds 
Uncalled bet (30) returned to Mahu2021
Mahu2021 collected 60 from pot
Mahu2021: doesn't show hand 
*** SUMMARY ***
Total pot 60 | Rake 0 
Seat 1: HerrPferd (button) (small blind) folded before Flop
Seat 2: Mahu2021 (big blind) collected (60)



PokerStars Hand #252760000837: Tournament #3808021595, $1.84+$0.16 USD Hold'em No Limit - Level IV (30/60) - 2024/10/04 13:59:49 CET [2024/10/04 7:59:49 ET]
Table '3808021595 1' 3-max Seat #2 is the button
Seat 1: HerrPferd (840 in chips) 
Seat 2: Mahu2021 (660 in chips) 
Mahu2021: posts small blind 30
HerrPferd: posts big blind 60
*** HOLE CARDS ***
Dealt to Mahu2021 [2d 5s]
Mahu2021: calls 30
HerrPferd: checks 
*** FLOP *** [6d 9c 3c]
HerrPferd: checks 
Mahu2021: checks 
*** TURN *** [6d 9c 3c] [6s]
HerrPferd: checks 
Mahu2021: checks 
*** RIVER *** [6d 9c 3c 6s] [5d]
HerrPferd: checks 
Mahu2021: bets 60
HerrPferd: folds 
Uncalled bet (60) returned to Mahu2021
Mahu2021 collected 120 from pot
Mahu2021: doesn't show hand 
*** SUMMARY ***
Total pot 120 | Rake 0 
Board [6d 9c 3c 6s 5d]
Seat 1: HerrPferd (big blind) folded on the River
Seat 2: Mahu2021 (button) (small blind) collected (120)



PokerStars Hand #252760003579: Tournament #3808021595, $1.84+$0.16 USD Hold'em No Limit - Level IV (30/60) - 2024/10/04 14:00:11 CET [2024/10/04 8:00:11 ET]
Table '3808021595 1' 3-max Seat #1 is the button
Seat 1: HerrPferd (780 in chips) 
Seat 2: Mahu2021 (720 in chips) 
HerrPferd: posts small blind 30
Mahu2021: posts big blind 60
*** HOLE CARDS ***
Dealt to Mahu2021 [2s Qs]
HerrPferd: folds 
Uncalled bet (30) returned to Mahu2021
Mahu2021 collected 60 from pot
Mahu2021: doesn't show hand 
*** SUMMARY ***
Total pot 60 | Rake 0 
Seat 1: HerrPferd (button) (small blind) folded before Flop
Seat 2: Mahu2021 (big blind) collected (60)



PokerStars Hand #252760004136: Tournament #3808021595, $1.84+$0.16 USD Hold'em No Limit - Level IV (30/60) - 2024/10/04 14:00:15 CET [2024/10/04 8:00:15 ET]
Table '3808021595 1' 3-max Seat #2 is the button
Seat 1: HerrPferd (750 in chips) 
Seat 2: Mahu2021 (750 in chips) 
Mahu2021: posts small blind 30
HerrPferd: posts big blind 60
*** HOLE CARDS ***
Dealt to Mahu2021 [9s Qc]
Mahu2021: raises 60 to 120
HerrPferd: folds 
Uncalled bet (60) returned to Mahu2021
Mahu2021 collected 120 from pot
Mahu2021: doesn't show hand 
*** SUMMARY ***
Total pot 120 | Rake 0 
Seat 1: HerrPferd (big blind) folded before Flop
Seat 2: Mahu2021 (button) (small blind) collected (120)



PokerStars Hand #252760004729: Tournament #3808021595, $1.84+$0.16 USD Hold'em No Limit - Level IV (30/60) - 2024/10/04 14:00:20 CET [2024/10/04 8:00:20 ET]
Table '3808021595 1' 3-max Seat #1 is the button
Seat 1: HerrPferd (690 in chips) 
Seat 2: Mahu2021 (810 in chips) 
HerrPferd: posts small blind 30
Mahu2021: posts big blind 60
*** HOLE CARDS ***
Dealt to Mahu2021 [8s 3s]
HerrPferd: raises 60 to 120
Mahu2021: folds 
Uncalled bet (60) returned to HerrPferd
HerrPferd collected 120 from pot
*** SUMMARY ***
Total pot 120 | Rake 0 
Seat 1: HerrPferd (button) (small blind) collected (120)
Seat 2: Mahu2021 (big blind) folded before Flop



PokerStars Hand #252760005502: Tournament #3808021595, $1.84+$0.16 USD Hold'em No Limit - Level IV (30/60) - 2024/10/04 14:00:26 CET [2024/10/04 8:00:26 ET]
Table '3808021595 1' 3-max Seat #2 is the button
Seat 1: HerrPferd (750 in chips) 
Seat 2: Mahu2021 (750 in chips) 
Mahu2021: posts small blind 30
HerrPferd: posts big blind 60
*** HOLE CARDS ***
Dealt to Mahu2021 [Jh 6s]
Mahu2021: calls 30
HerrPferd: raises 60 to 120
Mahu2021: calls 60
*** FLOP *** [Ac Qh 9d]
HerrPferd: bets 120
Mahu2021: folds 
Uncalled bet (120) returned to HerrPferd
HerrPferd collected 240 from pot
*** SUMMARY ***
Total pot 240 | Rake 0 
Board [Ac Qh 9d]
Seat 1: HerrPferd (big blind) collected (240)
Seat 2: Mahu2021 (button) (small blind) folded on the Flop



PokerStars Hand #252760007102: Tournament #3808021595, $1.84+$0.16 USD Hold'em No Limit - Level IV (30/60) - 2024/10/04 14:00:38 CET [2024/10/04 8:00:38 ET]
Table '3808021595 1' 3-max Seat #1 is the button
Seat 1: HerrPferd (870 in chips) 
Seat 2: Mahu2021 (630 in chips) 
HerrPferd: posts small blind 30
Mahu2021: posts big blind 60
*** HOLE CARDS ***
Dealt to Mahu2021 [6s Qd]
HerrPferd: raises 60 to 120
Mahu2021: calls 60
*** FLOP *** [3d 3c 4h]
Mahu2021: checks 
HerrPferd: checks 
*** TURN *** [3d 3c 4h] [Td]
Mahu2021: checks 
HerrPferd: checks 
*** RIVER *** [3d 3c 4h Td] [Kh]
Mahu2021: bets 120
HerrPferd: raises 630 to 750 and is all-in
Mahu2021: folds 
Uncalled bet (630) returned to HerrPferd
HerrPferd collected 480 from pot
*** SUMMARY ***
Total pot 480 | Rake 0 
Board [3d 3c 4h Td Kh]
Seat 1: HerrPferd (button) (small blind) collected (480)
Seat 2: Mahu2021 (big blind) folded on the River



PokerStars Hand #252760009339: Tournament #3808021595, $1.84+$0.16 USD Hold'em No Limit - Level IV (30/60) - 2024/10/04 14:00:53 CET [2024/10/04 8:00:53 ET]
Table '3808021595 1' 3-max Seat #2 is the button
Seat 1: HerrPferd (1110 in chips) 
Seat 2: Mahu2021 (390 in chips) 
Mahu2021: posts small blind 30
HerrPferd: posts big blind 60
*** HOLE CARDS ***
Dealt to Mahu2021 [Qd 6h]
Mahu2021: calls 30
HerrPferd: checks 
*** FLOP *** [4h 3c Td]
HerrPferd: checks 
Mahu2021: checks 
*** TURN *** [4h 3c Td] [Js]
HerrPferd: bets 60
Mahu2021: folds 
Uncalled bet (60) returned to HerrPferd
HerrPferd collected 120 from pot
*** SUMMARY ***
Total pot 120 | Rake 0 
Board [4h 3c Td Js]
Seat 1: HerrPferd (big blind) collected (120)
Seat 2: Mahu2021 (button) (small blind) folded on the Turn



PokerStars Hand #252760011011: Tournament #3808021595, $1.84+$0.16 USD Hold'em No Limit - Level IV (30/60) - 2024/10/04 14:01:03 CET [2024/10/04 8:01:03 ET]
Table '3808021595 1' 3-max Seat #1 is the button
Seat 1: HerrPferd (1170 in chips) 
Seat 2: Mahu2021 (330 in chips) 
HerrPferd: posts small blind 30
Mahu2021: posts big blind 60
*** HOLE CARDS ***
Dealt to Mahu2021 [Ad 4s]
HerrPferd: calls 30
Mahu2021: raises 270 to 330 and is all-in
HerrPferd: folds 
Uncalled bet (270) returned to Mahu2021
Mahu2021 collected 120 from pot
Mahu2021: doesn't show hand 
*** SUMMARY ***
Total pot 120 | Rake 0 
Seat 1: HerrPferd (button) (small blind) folded before Flop
Seat 2: Mahu2021 (big blind) collected (120)



PokerStars Hand #252760012314: Tournament #3808021595, $1.84+$0.16 USD Hold'em No Limit - Level IV (30/60) - 2024/10/04 14:01:11 CET [2024/10/04 8:01:11 ET]
Table '3808021595 1' 3-max Seat #2 is the button
Seat 1: HerrPferd (1110 in chips) 
Seat 2: Mahu2021 (390 in chips) 
Mahu2021: posts small blind 30
HerrPferd: posts big blind 60
*** HOLE CARDS ***
Dealt to Mahu2021 [4d 2c]
Mahu2021: folds 
Uncalled bet (30) returned to HerrPferd
HerrPferd collected 60 from pot
*** SUMMARY ***
Total pot 60 | Rake 0 
Seat 1: HerrPferd (big blind) collected (60)
Seat 2: Mahu2021 (button) (small blind) folded before Flop



PokerStars Hand #252760012922: Tournament #3808021595, $1.84+$0.16 USD Hold'em No Limit - Level IV (30/60) - 2024/10/04 14:01:15 CET [2024/10/04 8:01:15 ET]
Table '3808021595 1' 3-max Seat #1 is the button
Seat 1: HerrPferd (1140 in chips) 
Seat 2: Mahu2021 (360 in chips) 
HerrPferd: posts small blind 30
Mahu2021: posts big blind 60
*** HOLE CARDS ***
Dealt to Mahu2021 [3s 8h]
HerrPferd: raises 60 to 120
Mahu2021: folds 
Uncalled bet (60) returned to HerrPferd
HerrPferd collected 120 from pot
*** SUMMARY ***
Total pot 120 | Rake 0 
Seat 1: HerrPferd (button) (small blind) collected (120)
Seat 2: Mahu2021 (big blind) folded before Flop



PokerStars Hand #252760014143: Tournament #3808021595, $1.84+$0.16 USD Hold'em No Limit - Level V (40/80) - 2024/10/04 14:01:24 CET [2024/10/04 8:01:24 ET]
Table '3808021595 1' 3-max Seat #2 is the button
Seat 1: HerrPferd (1200 in chips) 
Seat 2: Mahu2021 (300 in chips) 
Mahu2021: posts small blind 40
HerrPferd: posts big blind 80
*** HOLE CARDS ***
Dealt to Mahu2021 [8h Jd]
Mahu2021: raises 220 to 300 and is all-in
HerrPferd: folds 
Uncalled bet (220) returned to Mahu2021
Mahu2021 collected 160 from pot
Mahu2021: doesn't show hand 
*** SUMMARY ***
Total pot 160 | Rake 0 
Seat 1: HerrPferd (big blind) folded before Flop
Seat 2: Mahu2021 (button) (small blind) collected (160)



PokerStars Hand #252760014947: Tournament #3808021595, $1.84+$0.16 USD Hold'em No Limit - Level V (40/80) - 2024/10/04 14:01:29 CET [2024/10/04 8:01:29 ET]
Table '3808021595 1' 3-max Seat #1 is the button
Seat 1: HerrPferd (1120 in chips) 
Seat 2: Mahu2021 (380 in chips) 
HerrPferd: posts small blind 40
Mahu2021: posts big blind 80
*** HOLE CARDS ***
Dealt to Mahu2021 [8h Tc]
HerrPferd: raises 1040 to 1120 and is all-in
Mahu2021: folds 
Uncalled bet (1040) returned to HerrPferd
HerrPferd collected 160 from pot
*** SUMMARY ***
Total pot 160 | Rake 0 
Seat 1: HerrPferd (button) (small blind) collected (160)
Seat 2: Mahu2021 (big blind) folded before Flop



PokerStars Hand #252760016050: Tournament #3808021595, $1.84+$0.16 USD Hold'em No Limit - Level V (40/80) - 2024/10/04 14:01:36 CET [2024/10/04 8:01:36 ET]
Table '3808021595 1' 3-max Seat #2 is the button
Seat 1: HerrPferd (1200 in chips) 
Seat 2: Mahu2021 (300 in chips) 
Mahu2021: posts small blind 40
HerrPferd: posts big blind 80
*** HOLE CARDS ***
Dealt to Mahu2021 [4h 9h]
Mahu2021: folds 
Uncalled bet (40) returned to HerrPferd
HerrPferd collected 80 from pot
*** SUMMARY ***
Total pot 80 | Rake 0 
Seat 1: HerrPferd (big blind) collected (80)
Seat 2: Mahu2021 (button) (small blind) folded before Flop



PokerStars Hand #252760016778: Tournament #3808021595, $1.84+$0.16 USD Hold'em No Limit - Level V (40/80) - 2024/10/04 14:01:41 CET [2024/10/04 8:01:41 ET]
Table '3808021595 1' 3-max Seat #1 is the button
Seat 1: HerrPferd (1240 in chips) 
Seat 2: Mahu2021 (260 in chips) 
HerrPferd: posts small blind 40
Mahu2021: posts big blind 80
*** HOLE CARDS ***
Dealt to Mahu2021 [Qc Qs]
HerrPferd: raises 1160 to 1240 and is all-in
Mahu2021: calls 180 and is all-in
Uncalled bet (980) returned to HerrPferd
*** FLOP *** [7s Ts 9s]
*** TURN *** [7s Ts 9s] [9d]
*** RIVER *** [7s Ts 9s 9d] [6s]
*** SHOW DOWN ***
Mahu2021: shows [Qc Qs] (a flush, Queen high)
HerrPferd: shows [Qd 4d] (a pair of Nines)
Mahu2021 collected 520 from pot
*** SUMMARY ***
Total pot 520 | Rake 0 
Board [7s Ts 9s 9d 6s]
Seat 1: HerrPferd (button) (small blind) showed [Qd 4d] and lost with a pair of Nines
Seat 2: Mahu2021 (big blind) showed [Qc Qs] and won (520) with a flush, Queen high



PokerStars Hand #252760018777: Tournament #3808021595, $1.84+$0.16 USD Hold'em No Limit - Level V (40/80) - 2024/10/04 14:01:54 CET [2024/10/04 8:01:54 ET]
Table '3808021595 1' 3-max Seat #2 is the button
Seat 1: HerrPferd (980 in chips) 
Seat 2: Mahu2021 (520 in chips) 
Mahu2021: posts small blind 40
HerrPferd: posts big blind 80
*** HOLE CARDS ***
Dealt to Mahu2021 [Kd Kc]
Mahu2021: raises 440 to 520 and is all-in
HerrPferd: folds 
Uncalled bet (440) returned to Mahu2021
Mahu2021 collected 160 from pot
Mahu2021: doesn't show hand 
*** SUMMARY ***
Total pot 160 | Rake 0 
Seat 1: HerrPferd (big blind) folded before Flop
Seat 2: Mahu2021 (button) (small blind) collected (160)



PokerStars Hand #252760019570: Tournament #3808021595, $1.84+$0.16 USD Hold'em No Limit - Level V (40/80) - 2024/10/04 14:01:59 CET [2024/10/04 8:01:59 ET]
Table '3808021595 1' 3-max Seat #1 is the button
Seat 1: HerrPferd (900 in chips) 
Seat 2: Mahu2021 (600 in chips) 
HerrPferd: posts small blind 40
Mahu2021: posts big blind 80
*** HOLE CARDS ***
Dealt to Mahu2021 [7h Ac]
HerrPferd: folds 
Uncalled bet (40) returned to Mahu2021
Mahu2021 collected 80 from pot
Mahu2021: doesn't show hand 
*** SUMMARY ***
Total pot 80 | Rake 0 
Seat 1: HerrPferd (button) (small blind) folded before Flop
Seat 2: Mahu2021 (big blind) collected (80)



PokerStars Hand #252760020212: Tournament #3808021595, $1.84+$0.16 USD Hold'em No Limit - Level V (40/80) - 2024/10/04 14:02:03 CET [2024/10/04 8:02:03 ET]
Table '3808021595 1' 3-max Seat #2 is the button
Seat 1: HerrPferd (860 in chips) 
Seat 2: Mahu2021 (640 in chips) 
Mahu2021: posts small blind 40
HerrPferd: posts big blind 80
*** HOLE CARDS ***
Dealt to Mahu2021 [Kh 2s]
Mahu2021: raises 560 to 640 and is all-in
HerrPferd: folds 
Uncalled bet (560) returned to Mahu2021
Mahu2021 collected 160 from pot
Mahu2021: doesn't show hand 
*** SUMMARY ***
Total pot 160 | Rake 0 
Seat 1: HerrPferd (big blind) folded before Flop
Seat 2: Mahu2021 (button) (small blind) collected (160)



PokerStars Hand #252760021087: Tournament #3808021595, $1.84+$0.16 USD Hold'em No Limit - Level V (40/80) - 2024/10/04 14:02:08 CET [2024/10/04 8:02:08 ET]
Table '3808021595 1' 3-max Seat #1 is the button
Seat 1: HerrPferd (780 in chips) 
Seat 2: Mahu2021 (720 in chips) 
HerrPferd: posts small blind 40
Mahu2021: posts big blind 80
*** HOLE CARDS ***
Dealt to Mahu2021 [Qs 7h]
HerrPferd: calls 40
Mahu2021: raises 640 to 720 and is all-in
HerrPferd: folds 
Uncalled bet (640) returned to Mahu2021
Mahu2021 collected 160 from pot
Mahu2021: doesn't show hand 
*** SUMMARY ***
Total pot 160 | Rake 0 
Seat 1: HerrPferd (button) (small blind) folded before Flop
Seat 2: Mahu2021 (big blind) collected (160)



PokerStars Hand #252760022403: Tournament #3808021595, $1.84+$0.16 USD Hold'em No Limit - Level V (40/80) - 2024/10/04 14:02:17 CET [2024/10/04 8:02:17 ET]
Table '3808021595 1' 3-max Seat #2 is the button
Seat 1: HerrPferd (700 in chips) 
Seat 2: Mahu2021 (800 in chips) 
Mahu2021: posts small blind 40
HerrPferd: posts big blind 80
*** HOLE CARDS ***
Dealt to Mahu2021 [3s 6h]
Mahu2021: folds 
Uncalled bet (40) returned to HerrPferd
HerrPferd collected 80 from pot
*** SUMMARY ***
Total pot 80 | Rake 0 
Seat 1: HerrPferd (big blind) collected (80)
Seat 2: Mahu2021 (button) (small blind) folded before Flop



PokerStars Hand #252760023124: Tournament #3808021595, $1.84+$0.16 USD Hold'em No Limit - Level V (40/80) - 2024/10/04 14:02:21 CET [2024/10/04 8:02:21 ET]
Table '3808021595 1' 3-max Seat #1 is the button
Seat 1: HerrPferd (740 in chips) 
Seat 2: Mahu2021 (760 in chips) 
HerrPferd: posts small blind 40
Mahu2021: posts big blind 80
*** HOLE CARDS ***
Dealt to Mahu2021 [2d 3c]
HerrPferd: calls 40
Mahu2021: checks 
*** FLOP *** [8c Ks Kc]
Mahu2021: checks 
HerrPferd: checks 
*** TURN *** [8c Ks Kc] [6h]
Mahu2021: checks 
HerrPferd: checks 
*** RIVER *** [8c Ks Kc 6h] [5d]
Mahu2021: checks 
HerrPferd: bets 80
Mahu2021: folds 
Uncalled bet (80) returned to HerrPferd
HerrPferd collected 160 from pot
*** SUMMARY ***
Total pot 160 | Rake 0 
Board [8c Ks Kc 6h 5d]
Seat 1: HerrPferd (button) (small blind) collected (160)
Seat 2: Mahu2021 (big blind) folded on the River



PokerStars Hand #252760025193: Tournament #3808021595, $1.84+$0.16 USD Hold'em No Limit - Level V (40/80) - 2024/10/04 14:02:34 CET [2024/10/04 8:02:34 ET]
Table '3808021595 1' 3-max Seat #2 is the button
Seat 1: HerrPferd (820 in chips) 
Seat 2: Mahu2021 (680 in chips) 
Mahu2021: posts small blind 40
HerrPferd: posts big blind 80
*** HOLE CARDS ***
Dealt to Mahu2021 [6c Jd]
Mahu2021: calls 40
HerrPferd: checks 
*** FLOP *** [6d Ad Qd]
HerrPferd: checks 
Mahu2021: bets 80
HerrPferd: folds 
Uncalled bet (80) returned to Mahu2021
Mahu2021 collected 160 from pot
Mahu2021: doesn't show hand 
*** SUMMARY ***
Total pot 160 | Rake 0 
Board [6d Ad Qd]
Seat 1: HerrPferd (big blind) folded on the Flop
Seat 2: Mahu2021 (button) (small blind) collected (160)



PokerStars Hand #252760026702: Tournament #3808021595, $1.84+$0.16 USD Hold'em No Limit - Level V (40/80) - 2024/10/04 14:02:43 CET [2024/10/04 8:02:43 ET]
Table '3808021595 1' 3-max Seat #1 is the button
Seat 1: HerrPferd (740 in chips) 
Seat 2: Mahu2021 (760 in chips) 
HerrPferd: posts small blind 40
Mahu2021: posts big blind 80
*** HOLE CARDS ***
Dealt to Mahu2021 [9c 5d]
HerrPferd: raises 80 to 160
Mahu2021: folds 
Uncalled bet (80) returned to HerrPferd
HerrPferd collected 160 from pot
*** SUMMARY ***
Total pot 160 | Rake 0 
Seat 1: HerrPferd (button) (small blind) collected (160)
Seat 2: Mahu2021 (big blind) folded before Flop



PokerStars Hand #252760027612: Tournament #3808021595, $1.84+$0.16 USD Hold'em No Limit - Level V (40/80) - 2024/10/04 14:02:49 CET [2024/10/04 8:02:49 ET]
Table '3808021595 1' 3-max Seat #2 is the button
Seat 1: HerrPferd (820 in chips) 
Seat 2: Mahu2021 (680 in chips) 
Mahu2021: posts small blind 40
HerrPferd: posts big blind 80
*** HOLE CARDS ***
Dealt to Mahu2021 [3d Kc]
Mahu2021: raises 600 to 680 and is all-in
HerrPferd: calls 600
*** FLOP *** [6h 4d Tc]
*** TURN *** [6h 4d Tc] [3s]
*** RIVER *** [6h 4d Tc 3s] [Ad]
*** SHOW DOWN ***
HerrPferd: shows [9d Ah] (a pair of Aces)
Mahu2021: shows [3d Kc] (a pair of Threes)
HerrPferd collected 1360 from pot
Mahu2021 finished the tournament in 2nd place
HerrPferd wins the tournament and receives $4.00 - congratulations!
*** SUMMARY ***
Total pot 1360 | Rake 0 
Board [6h 4d Tc 3s Ad]
Seat 1: HerrPferd (big blind) showed [9d Ah] and won (1360) with a pair of Aces
Seat 2: Mahu2021 (button) (small blind) showed [3d Kc] and lost with a pair of Threes



