PokerStars Hand #245203017953: Tournament #3626813877, $0.92+$0.08 USD Hold'em No Limit - Level I (10/20) - 2023/08/04 21:33:58 CET [2023/08/04 15:33:58 ET]
Table '3626813877 1' 3-max Seat #1 is the button
Seat 1: Mahu2021 (500 in chips) 
Seat 2: portugal013 (500 in chips) 
Seat 3: Unskilled98 (500 in chips) 
portugal013: posts small blind 10
Unskilled98: posts big blind 20
*** HOLE CARDS ***
Dealt to Mahu2021 [7d Th]
Mahu2021: folds 
portugal013: raises 20 to 40
Unskilled98: folds 
Uncalled bet (20) returned to portugal013
portugal013 collected 40 from pot
*** SUMMARY ***
Total pot 40 | Rake 0 
Seat 1: Mahu2021 (button) folded before Flop (didn't bet)
Seat 2: portugal013 (small blind) collected (40)
Seat 3: Unskilled98 (big blind) folded before Flop



PokerStars Hand #245203020503: Tournament #3626813877, $0.92+$0.08 USD Hold'em No Limit - Level I (10/20) - 2023/08/04 21:34:05 CET [2023/08/04 15:34:05 ET]
Table '3626813877 1' 3-max Seat #2 is the button
Seat 1: Mahu2021 (500 in chips) 
Seat 2: portugal013 (520 in chips) 
Seat 3: Unskilled98 (480 in chips) 
Unskilled98: posts small blind 10
Mahu2021: posts big blind 20
*** HOLE CARDS ***
Dealt to Mahu2021 [Qs 2d]
portugal013: folds 
Unskilled98: calls 10
Mahu2021: checks 
*** FLOP *** [3d 6h As]
Unskilled98: checks 
Mahu2021: checks 
*** TURN *** [3d 6h As] [8h]
Unskilled98: checks 
Mahu2021: bets 20
Unskilled98: folds 
Uncalled bet (20) returned to Mahu2021
Mahu2021 collected 40 from pot
Mahu2021: doesn't show hand 
*** SUMMARY ***
Total pot 40 | Rake 0 
Board [3d 6h As 8h]
Seat 1: Mahu2021 (big blind) collected (40)
Seat 2: portugal013 (button) folded before Flop (didn't bet)
Seat 3: Unskilled98 (small blind) folded on the Turn



PokerStars Hand #245203026133: Tournament #3626813877, $0.92+$0.08 USD Hold'em No Limit - Level I (10/20) - 2023/08/04 21:34:22 CET [2023/08/04 15:34:22 ET]
Table '3626813877 1' 3-max Seat #3 is the button
Seat 1: Mahu2021 (520 in chips) 
Seat 2: portugal013 (520 in chips) 
Seat 3: Unskilled98 (460 in chips) 
Mahu2021: posts small blind 10
portugal013: posts big blind 20
*** HOLE CARDS ***
Dealt to Mahu2021 [Ah Js]
Unskilled98: calls 20
Mahu2021: raises 60 to 80
portugal013: folds 
Unskilled98: calls 60
*** FLOP *** [Jd 9s Kh]
Mahu2021: checks 
Unskilled98: checks 
*** TURN *** [Jd 9s Kh] [3c]
Mahu2021: checks 
Unskilled98: bets 20
Mahu2021: calls 20
*** RIVER *** [Jd 9s Kh 3c] [4h]
Mahu2021: checks 
Unskilled98: checks 
*** SHOW DOWN ***
Mahu2021: shows [Ah Js] (a pair of Jacks)
Unskilled98: mucks hand 
Mahu2021 collected 220 from pot
*** SUMMARY ***
Total pot 220 | Rake 0 
Board [Jd 9s Kh 3c 4h]
Seat 1: Mahu2021 (small blind) showed [Ah Js] and won (220) with a pair of Jacks
Seat 2: portugal013 (big blind) folded before Flop
Seat 3: Unskilled98 (button) mucked [8c 2d]



PokerStars Hand #245203033958: Tournament #3626813877, $0.92+$0.08 USD Hold'em No Limit - Level I (10/20) - 2023/08/04 21:34:45 CET [2023/08/04 15:34:45 ET]
Table '3626813877 1' 3-max Seat #1 is the button
Seat 1: Mahu2021 (640 in chips) 
Seat 2: portugal013 (500 in chips) 
Seat 3: Unskilled98 (360 in chips) 
portugal013: posts small blind 10
Unskilled98: posts big blind 20
*** HOLE CARDS ***
Dealt to Mahu2021 [7h Jd]
Mahu2021: folds 
portugal013: calls 10
Unskilled98: checks 
*** FLOP *** [2c Jc 6d]
portugal013: checks 
Unskilled98: bets 20
portugal013: folds 
Uncalled bet (20) returned to Unskilled98
Unskilled98 collected 40 from pot
Unskilled98: doesn't show hand 
*** SUMMARY ***
Total pot 40 | Rake 0 
Board [2c Jc 6d]
Seat 1: Mahu2021 (button) folded before Flop (didn't bet)
Seat 2: portugal013 (small blind) folded on the Flop
Seat 3: Unskilled98 (big blind) collected (40)



PokerStars Hand #245203039545: Tournament #3626813877, $0.92+$0.08 USD Hold'em No Limit - Level I (10/20) - 2023/08/04 21:35:02 CET [2023/08/04 15:35:02 ET]
Table '3626813877 1' 3-max Seat #2 is the button
Seat 1: Mahu2021 (640 in chips) 
Seat 2: portugal013 (480 in chips) 
Seat 3: Unskilled98 (380 in chips) 
Unskilled98: posts small blind 10
Mahu2021: posts big blind 20
*** HOLE CARDS ***
Dealt to Mahu2021 [Jh 6s]
portugal013: raises 460 to 480 and is all-in
Unskilled98: folds 
Mahu2021: folds 
Uncalled bet (460) returned to portugal013
portugal013 collected 50 from pot
*** SUMMARY ***
Total pot 50 | Rake 0 
Seat 1: Mahu2021 (big blind) folded before Flop
Seat 2: portugal013 (button) collected (50)
Seat 3: Unskilled98 (small blind) folded before Flop



PokerStars Hand #245203042319: Tournament #3626813877, $0.92+$0.08 USD Hold'em No Limit - Level I (10/20) - 2023/08/04 21:35:10 CET [2023/08/04 15:35:10 ET]
Table '3626813877 1' 3-max Seat #3 is the button
Seat 1: Mahu2021 (620 in chips) 
Seat 2: portugal013 (510 in chips) 
Seat 3: Unskilled98 (370 in chips) 
Mahu2021: posts small blind 10
portugal013: posts big blind 20
*** HOLE CARDS ***
Dealt to Mahu2021 [4h Th]
Unskilled98: calls 20
Mahu2021: calls 10
portugal013: checks 
*** FLOP *** [3s 2s 4d]
Mahu2021: bets 20
portugal013: folds 
Unskilled98: calls 20
*** TURN *** [3s 2s 4d] [9d]
Mahu2021: checks 
Unskilled98: checks 
*** RIVER *** [3s 2s 4d 9d] [3d]
Mahu2021: checks 
Unskilled98: bets 20
Mahu2021: calls 20
*** SHOW DOWN ***
Unskilled98: shows [5h 7d] (a pair of Threes)
Mahu2021: shows [4h Th] (two pair, Fours and Threes)
Mahu2021 collected 140 from pot
*** SUMMARY ***
Total pot 140 | Rake 0 
Board [3s 2s 4d 9d 3d]
Seat 1: Mahu2021 (small blind) showed [4h Th] and won (140) with two pair, Fours and Threes
Seat 2: portugal013 (big blind) folded on the Flop
Seat 3: Unskilled98 (button) showed [5h 7d] and lost with a pair of Threes



PokerStars Hand #245203048984: Tournament #3626813877, $0.92+$0.08 USD Hold'em No Limit - Level I (10/20) - 2023/08/04 21:35:30 CET [2023/08/04 15:35:30 ET]
Table '3626813877 1' 3-max Seat #1 is the button
Seat 1: Mahu2021 (700 in chips) 
Seat 2: portugal013 (490 in chips) 
Seat 3: Unskilled98 (310 in chips) 
portugal013: posts small blind 10
Unskilled98: posts big blind 20
*** HOLE CARDS ***
Dealt to Mahu2021 [6h Th]
Mahu2021: folds 
portugal013: calls 10
Unskilled98: raises 20 to 40
portugal013: calls 20
*** FLOP *** [9d Qc 3h]
portugal013: bets 20
Unskilled98: raises 250 to 270 and is all-in
portugal013: folds 
Uncalled bet (250) returned to Unskilled98
Unskilled98 collected 120 from pot
Unskilled98: doesn't show hand 
*** SUMMARY ***
Total pot 120 | Rake 0 
Board [9d Qc 3h]
Seat 1: Mahu2021 (button) folded before Flop (didn't bet)
Seat 2: portugal013 (small blind) folded on the Flop
Seat 3: Unskilled98 (big blind) collected (120)



PokerStars Hand #245203055684: Tournament #3626813877, $0.92+$0.08 USD Hold'em No Limit - Level I (10/20) - 2023/08/04 21:35:49 CET [2023/08/04 15:35:49 ET]
Table '3626813877 1' 3-max Seat #2 is the button
Seat 1: Mahu2021 (700 in chips) 
Seat 2: portugal013 (430 in chips) 
Seat 3: Unskilled98 (370 in chips) 
Unskilled98: posts small blind 10
Mahu2021: posts big blind 20
*** HOLE CARDS ***
Dealt to Mahu2021 [Kd 4c]
portugal013: folds 
Unskilled98: calls 10
Mahu2021: checks 
*** FLOP *** [2d 9s Ad]
Unskilled98: checks 
Mahu2021: checks 
*** TURN *** [2d 9s Ad] [4h]
Unskilled98: bets 20
Mahu2021: calls 20
*** RIVER *** [2d 9s Ad 4h] [9d]
Unskilled98: bets 60
Mahu2021: calls 60
*** SHOW DOWN ***
Unskilled98: shows [8s As] (two pair, Aces and Nines)
Mahu2021: mucks hand 
Unskilled98 collected 200 from pot
*** SUMMARY ***
Total pot 200 | Rake 0 
Board [2d 9s Ad 4h 9d]
Seat 1: Mahu2021 (big blind) mucked [Kd 4c]
Seat 2: portugal013 (button) folded before Flop (didn't bet)
Seat 3: Unskilled98 (small blind) showed [8s As] and won (200) with two pair, Aces and Nines



PokerStars Hand #245203063336: Tournament #3626813877, $0.92+$0.08 USD Hold'em No Limit - Level I (10/20) - 2023/08/04 21:36:12 CET [2023/08/04 15:36:12 ET]
Table '3626813877 1' 3-max Seat #3 is the button
Seat 1: Mahu2021 (600 in chips) 
Seat 2: portugal013 (430 in chips) 
Seat 3: Unskilled98 (470 in chips) 
Mahu2021: posts small blind 10
portugal013: posts big blind 20
*** HOLE CARDS ***
Dealt to Mahu2021 [Jd 5d]
Unskilled98: folds 
Mahu2021: raises 20 to 40
portugal013: calls 20
*** FLOP *** [4c Td 5h]
Mahu2021: bets 40
portugal013: raises 350 to 390 and is all-in
Mahu2021: calls 350
*** TURN *** [4c Td 5h] [Jh]
*** RIVER *** [4c Td 5h Jh] [As]
*** SHOW DOWN ***
Mahu2021: shows [Jd 5d] (two pair, Jacks and Fives)
portugal013: shows [8h Tc] (a pair of Tens)
Mahu2021 collected 860 from pot
portugal013 finished the tournament in 3rd place
*** SUMMARY ***
Total pot 860 | Rake 0 
Board [4c Td 5h Jh As]
Seat 1: Mahu2021 (small blind) showed [Jd 5d] and won (860) with two pair, Jacks and Fives
Seat 2: portugal013 (big blind) showed [8h Tc] and lost with a pair of Tens
Seat 3: Unskilled98 (button) folded before Flop (didn't bet)



PokerStars Hand #245203074490: Tournament #3626813877, $0.92+$0.08 USD Hold'em No Limit - Level I (10/20) - 2023/08/04 21:36:45 CET [2023/08/04 15:36:45 ET]
Table '3626813877 1' 3-max Seat #1 is the button
Seat 1: Mahu2021 (1030 in chips) 
Seat 3: Unskilled98 (470 in chips) 
Mahu2021: posts small blind 10
Unskilled98: posts big blind 20
*** HOLE CARDS ***
Dealt to Mahu2021 [Qd 4c]
Mahu2021: folds 
Uncalled bet (10) returned to Unskilled98
Unskilled98 collected 20 from pot
Unskilled98: doesn't show hand 
*** SUMMARY ***
Total pot 20 | Rake 0 
Seat 1: Mahu2021 (button) (small blind) folded before Flop
Seat 3: Unskilled98 (big blind) collected (20)



PokerStars Hand #245203075969: Tournament #3626813877, $0.92+$0.08 USD Hold'em No Limit - Level I (10/20) - 2023/08/04 21:36:49 CET [2023/08/04 15:36:49 ET]
Table '3626813877 1' 3-max Seat #3 is the button
Seat 1: Mahu2021 (1020 in chips) 
Seat 3: Unskilled98 (480 in chips) 
Unskilled98: posts small blind 10
Mahu2021: posts big blind 20
*** HOLE CARDS ***
Dealt to Mahu2021 [6d 2h]
Unskilled98: calls 10
Mahu2021: checks 
*** FLOP *** [Qc 8s 2c]
Mahu2021: bets 20
Unskilled98: folds 
Uncalled bet (20) returned to Mahu2021
Mahu2021 collected 40 from pot
Mahu2021: doesn't show hand 
*** SUMMARY ***
Total pot 40 | Rake 0 
Board [Qc 8s 2c]
Seat 1: Mahu2021 (big blind) collected (40)
Seat 3: Unskilled98 (button) (small blind) folded on the Flop



PokerStars Hand #245203087075: Tournament #3626813877, $0.92+$0.08 USD Hold'em No Limit - Level II (15/30) - 2023/08/04 21:37:22 CET [2023/08/04 15:37:22 ET]
Table '3626813877 1' 3-max Seat #1 is the button
Seat 1: Mahu2021 (1040 in chips) 
Seat 3: Unskilled98 (460 in chips) 
Mahu2021: posts small blind 15
Unskilled98: posts big blind 30
*** HOLE CARDS ***
Dealt to Mahu2021 [2h 8d]
Mahu2021: folds 
Uncalled bet (15) returned to Unskilled98
Unskilled98 collected 30 from pot
Unskilled98: doesn't show hand 
*** SUMMARY ***
Total pot 30 | Rake 0 
Seat 1: Mahu2021 (button) (small blind) folded before Flop
Seat 3: Unskilled98 (big blind) collected (30)



PokerStars Hand #245203088453: Tournament #3626813877, $0.92+$0.08 USD Hold'em No Limit - Level II (15/30) - 2023/08/04 21:37:26 CET [2023/08/04 15:37:26 ET]
Table '3626813877 1' 3-max Seat #3 is the button
Seat 1: Mahu2021 (1025 in chips) 
Seat 3: Unskilled98 (475 in chips) 
Unskilled98: posts small blind 15
Mahu2021: posts big blind 30
*** HOLE CARDS ***
Dealt to Mahu2021 [Ts 7h]
Unskilled98: calls 15
Mahu2021: checks 
*** FLOP *** [3h 9d 5d]
Mahu2021: checks 
Unskilled98: bets 30
Mahu2021: folds 
Uncalled bet (30) returned to Unskilled98
Unskilled98 collected 60 from pot
Unskilled98: doesn't show hand 
*** SUMMARY ***
Total pot 60 | Rake 0 
Board [3h 9d 5d]
Seat 1: Mahu2021 (big blind) folded on the Flop
Seat 3: Unskilled98 (button) (small blind) collected (60)



PokerStars Hand #245203093203: Tournament #3626813877, $0.92+$0.08 USD Hold'em No Limit - Level II (15/30) - 2023/08/04 21:37:40 CET [2023/08/04 15:37:40 ET]
Table '3626813877 1' 3-max Seat #1 is the button
Seat 1: Mahu2021 (995 in chips) 
Seat 3: Unskilled98 (505 in chips) 
Mahu2021: posts small blind 15
Unskilled98: posts big blind 30
*** HOLE CARDS ***
Dealt to Mahu2021 [7d Th]
Mahu2021: calls 15
Unskilled98: raises 30 to 60
Mahu2021: folds 
Uncalled bet (30) returned to Unskilled98
Unskilled98 collected 60 from pot
Unskilled98: doesn't show hand 
*** SUMMARY ***
Total pot 60 | Rake 0 
Seat 1: Mahu2021 (button) (small blind) folded before Flop
Seat 3: Unskilled98 (big blind) collected (60)



PokerStars Hand #245203096881: Tournament #3626813877, $0.92+$0.08 USD Hold'em No Limit - Level II (15/30) - 2023/08/04 21:37:51 CET [2023/08/04 15:37:51 ET]
Table '3626813877 1' 3-max Seat #3 is the button
Seat 1: Mahu2021 (965 in chips) 
Seat 3: Unskilled98 (535 in chips) 
Unskilled98: posts small blind 15
Mahu2021: posts big blind 30
*** HOLE CARDS ***
Dealt to Mahu2021 [Qs 4c]
Unskilled98: raises 30 to 60
Mahu2021: folds 
Uncalled bet (30) returned to Unskilled98
Unskilled98 collected 60 from pot
Unskilled98: doesn't show hand 
*** SUMMARY ***
Total pot 60 | Rake 0 
Seat 1: Mahu2021 (big blind) folded before Flop
Seat 3: Unskilled98 (button) (small blind) collected (60)



PokerStars Hand #245203100115: Tournament #3626813877, $0.92+$0.08 USD Hold'em No Limit - Level II (15/30) - 2023/08/04 21:38:00 CET [2023/08/04 15:38:00 ET]
Table '3626813877 1' 3-max Seat #1 is the button
Seat 1: Mahu2021 (935 in chips) 
Seat 3: Unskilled98 (565 in chips) 
Mahu2021: posts small blind 15
Unskilled98: posts big blind 30
*** HOLE CARDS ***
Dealt to Mahu2021 [5s 5c]
Mahu2021: calls 15
Unskilled98: checks 
*** FLOP *** [Jd Kc 8c]
Unskilled98: checks 
Mahu2021: checks 
*** TURN *** [Jd Kc 8c] [Qd]
Unskilled98: bets 30
Mahu2021: calls 30
*** RIVER *** [Jd Kc 8c Qd] [9d]
Unskilled98: bets 30
Mahu2021: folds 
Uncalled bet (30) returned to Unskilled98
Unskilled98 collected 120 from pot
Unskilled98: doesn't show hand 
*** SUMMARY ***
Total pot 120 | Rake 0 
Board [Jd Kc 8c Qd 9d]
Seat 1: Mahu2021 (button) (small blind) folded on the River
Seat 3: Unskilled98 (big blind) collected (120)



PokerStars Hand #245203104603: Tournament #3626813877, $0.92+$0.08 USD Hold'em No Limit - Level II (15/30) - 2023/08/04 21:38:14 CET [2023/08/04 15:38:14 ET]
Table '3626813877 1' 3-max Seat #3 is the button
Seat 1: Mahu2021 (875 in chips) 
Seat 3: Unskilled98 (625 in chips) 
Unskilled98: posts small blind 15
Mahu2021: posts big blind 30
*** HOLE CARDS ***
Dealt to Mahu2021 [7s Jc]
Unskilled98: calls 15
Mahu2021: checks 
*** FLOP *** [Qd 8c 4c]
Mahu2021: checks 
Unskilled98: checks 
*** TURN *** [Qd 8c 4c] [7h]
Mahu2021: bets 30
Unskilled98: calls 30
*** RIVER *** [Qd 8c 4c 7h] [Kh]
Mahu2021: bets 30
Unskilled98: raises 535 to 565 and is all-in
Mahu2021: folds 
Uncalled bet (535) returned to Unskilled98
Unskilled98 collected 180 from pot
Unskilled98: doesn't show hand 
*** SUMMARY ***
Total pot 180 | Rake 0 
Board [Qd 8c 4c 7h Kh]
Seat 1: Mahu2021 (big blind) folded on the River
Seat 3: Unskilled98 (button) (small blind) collected (180)



PokerStars Hand #245203111161: Tournament #3626813877, $0.92+$0.08 USD Hold'em No Limit - Level II (15/30) - 2023/08/04 21:38:33 CET [2023/08/04 15:38:33 ET]
Table '3626813877 1' 3-max Seat #1 is the button
Seat 1: Mahu2021 (785 in chips) 
Seat 3: Unskilled98 (715 in chips) 
Mahu2021: posts small blind 15
Unskilled98: posts big blind 30
*** HOLE CARDS ***
Dealt to Mahu2021 [6h 7h]
Mahu2021: raises 30 to 60
Unskilled98: calls 30
*** FLOP *** [5d 5s 6d]
Unskilled98: bets 30
Mahu2021: raises 695 to 725 and is all-in
Unskilled98: folds 
Uncalled bet (695) returned to Mahu2021
Mahu2021 collected 180 from pot
Mahu2021: doesn't show hand 
*** SUMMARY ***
Total pot 180 | Rake 0 
Board [5d 5s 6d]
Seat 1: Mahu2021 (button) (small blind) collected (180)
Seat 3: Unskilled98 (big blind) folded on the Flop



PokerStars Hand #245203116030: Tournament #3626813877, $0.92+$0.08 USD Hold'em No Limit - Level II (15/30) - 2023/08/04 21:38:48 CET [2023/08/04 15:38:48 ET]
Table '3626813877 1' 3-max Seat #3 is the button
Seat 1: Mahu2021 (875 in chips) 
Seat 3: Unskilled98 (625 in chips) 
Unskilled98: posts small blind 15
Mahu2021: posts big blind 30
*** HOLE CARDS ***
Dealt to Mahu2021 [Kc 8c]
Unskilled98: calls 15
Mahu2021: checks 
*** FLOP *** [3s 6c Ah]
Mahu2021: checks 
Unskilled98: bets 30
Mahu2021: calls 30
*** TURN *** [3s 6c Ah] [3h]
Mahu2021: checks 
Unskilled98: bets 30
Mahu2021: calls 30
*** RIVER *** [3s 6c Ah 3h] [7s]
Mahu2021: checks 
Unskilled98: bets 30
Mahu2021: raises 150 to 180
Unskilled98: calls 150
*** SHOW DOWN ***
Mahu2021: shows [Kc 8c] (a pair of Threes)
Unskilled98: shows [Ad 9d] (two pair, Aces and Threes)
Unskilled98 collected 540 from pot
*** SUMMARY ***
Total pot 540 | Rake 0 
Board [3s 6c Ah 3h 7s]
Seat 1: Mahu2021 (big blind) showed [Kc 8c] and lost with a pair of Threes
Seat 3: Unskilled98 (button) (small blind) showed [Ad 9d] and won (540) with two pair, Aces and Threes



PokerStars Hand #245203127459: Tournament #3626813877, $0.92+$0.08 USD Hold'em No Limit - Level II (15/30) - 2023/08/04 21:39:22 CET [2023/08/04 15:39:22 ET]
Table '3626813877 1' 3-max Seat #1 is the button
Seat 1: Mahu2021 (605 in chips) 
Seat 3: Unskilled98 (895 in chips) 
Mahu2021: posts small blind 15
Unskilled98: posts big blind 30
*** HOLE CARDS ***
Dealt to Mahu2021 [Qh 6s]
Mahu2021: folds 
Uncalled bet (15) returned to Unskilled98
Unskilled98 collected 30 from pot
Unskilled98: doesn't show hand 
*** SUMMARY ***
Total pot 30 | Rake 0 
Seat 1: Mahu2021 (button) (small blind) folded before Flop
Seat 3: Unskilled98 (big blind) collected (30)



PokerStars Hand #245203128916: Tournament #3626813877, $0.92+$0.08 USD Hold'em No Limit - Level II (15/30) - 2023/08/04 21:39:26 CET [2023/08/04 15:39:26 ET]
Table '3626813877 1' 3-max Seat #3 is the button
Seat 1: Mahu2021 (590 in chips) 
Seat 3: Unskilled98 (910 in chips) 
Unskilled98: posts small blind 15
Mahu2021: posts big blind 30
*** HOLE CARDS ***
Dealt to Mahu2021 [5d Js]
Unskilled98: calls 15
Mahu2021: checks 
*** FLOP *** [3d Qs Jc]
Mahu2021: checks 
Unskilled98: bets 30
Mahu2021: calls 30
*** TURN *** [3d Qs Jc] [Kh]
Mahu2021: checks 
Unskilled98: bets 30
Mahu2021: calls 30
*** RIVER *** [3d Qs Jc Kh] [4h]
Mahu2021: checks 
Unskilled98: checks 
*** SHOW DOWN ***
Mahu2021: shows [5d Js] (a pair of Jacks)
Unskilled98: mucks hand 
Mahu2021 collected 180 from pot
*** SUMMARY ***
Total pot 180 | Rake 0 
Board [3d Qs Jc Kh 4h]
Seat 1: Mahu2021 (big blind) showed [5d Js] and won (180) with a pair of Jacks
Seat 3: Unskilled98 (button) (small blind) mucked [Th 7c]



PokerStars Hand #245203134993: Tournament #3626813877, $0.92+$0.08 USD Hold'em No Limit - Level II (15/30) - 2023/08/04 21:39:44 CET [2023/08/04 15:39:44 ET]
Table '3626813877 1' 3-max Seat #1 is the button
Seat 1: Mahu2021 (680 in chips) 
Seat 3: Unskilled98 (820 in chips) 
Mahu2021: posts small blind 15
Unskilled98: posts big blind 30
*** HOLE CARDS ***
Dealt to Mahu2021 [6h 3d]
Mahu2021: folds 
Uncalled bet (15) returned to Unskilled98
Unskilled98 collected 30 from pot
Unskilled98: doesn't show hand 
*** SUMMARY ***
Total pot 30 | Rake 0 
Seat 1: Mahu2021 (button) (small blind) folded before Flop
Seat 3: Unskilled98 (big blind) collected (30)



PokerStars Hand #245203136442: Tournament #3626813877, $0.92+$0.08 USD Hold'em No Limit - Level II (15/30) - 2023/08/04 21:39:48 CET [2023/08/04 15:39:48 ET]
Table '3626813877 1' 3-max Seat #3 is the button
Seat 1: Mahu2021 (665 in chips) 
Seat 3: Unskilled98 (835 in chips) 
Unskilled98: posts small blind 15
Mahu2021: posts big blind 30
*** HOLE CARDS ***
Dealt to Mahu2021 [Qs 3d]
Unskilled98: calls 15
Mahu2021: checks 
*** FLOP *** [5h 8c Jh]
Mahu2021: checks 
Unskilled98: bets 30
Mahu2021: folds 
Uncalled bet (30) returned to Unskilled98
Unskilled98 collected 60 from pot
Unskilled98: doesn't show hand 
*** SUMMARY ***
Total pot 60 | Rake 0 
Board [5h 8c Jh]
Seat 1: Mahu2021 (big blind) folded on the Flop
Seat 3: Unskilled98 (button) (small blind) collected (60)



PokerStars Hand #245203139809: Tournament #3626813877, $0.92+$0.08 USD Hold'em No Limit - Level II (15/30) - 2023/08/04 21:39:58 CET [2023/08/04 15:39:58 ET]
Table '3626813877 1' 3-max Seat #1 is the button
Seat 1: Mahu2021 (635 in chips) 
Seat 3: Unskilled98 (865 in chips) 
Mahu2021: posts small blind 15
Unskilled98: posts big blind 30
*** HOLE CARDS ***
Dealt to Mahu2021 [3h 9s]
Mahu2021: folds 
Uncalled bet (15) returned to Unskilled98
Unskilled98 collected 30 from pot
Unskilled98: doesn't show hand 
*** SUMMARY ***
Total pot 30 | Rake 0 
Seat 1: Mahu2021 (button) (small blind) folded before Flop
Seat 3: Unskilled98 (big blind) collected (30)



PokerStars Hand #245203142269: Tournament #3626813877, $0.92+$0.08 USD Hold'em No Limit - Level III (20/40) - 2023/08/04 21:40:05 CET [2023/08/04 15:40:05 ET]
Table '3626813877 1' 3-max Seat #3 is the button
Seat 1: Mahu2021 (620 in chips) 
Seat 3: Unskilled98 (880 in chips) 
Unskilled98: posts small blind 20
Mahu2021: posts big blind 40
*** HOLE CARDS ***
Dealt to Mahu2021 [7h 2s]
Unskilled98: calls 20
Mahu2021: checks 
*** FLOP *** [5d 7c 4d]
Mahu2021: bets 580 and is all-in
Unskilled98: calls 580
*** TURN *** [5d 7c 4d] [Ad]
*** RIVER *** [5d 7c 4d Ad] [8c]
*** SHOW DOWN ***
Mahu2021: shows [7h 2s] (a pair of Sevens)
Unskilled98: shows [6h 9h] (a straight, Five to Nine)
Unskilled98 collected 1240 from pot
Mahu2021 finished the tournament in 2nd place
Unskilled98 wins the tournament and receives $3.00 - congratulations!
*** SUMMARY ***
Total pot 1240 | Rake 0 
Board [5d 7c 4d Ad 8c]
Seat 1: Mahu2021 (big blind) showed [7h 2s] and lost with a pair of Sevens
Seat 3: Unskilled98 (button) (small blind) showed [6h 9h] and won (1240) with a straight, Five to Nine



