PokerStars Hand #248388086682: Tournament #3703798606, $1.84+$0.16 USD Hold'em No Limit - Level I (10/20) - 2024/01/20 14:49:04 CET [2024/01/20 8:49:04 ET]
Table '3703798606 1' 3-max Seat #1 is the button
Seat 1: Mahu2021 (500 in chips) 
Seat 2: typac (500 in chips) 
Seat 3: makler-v (500 in chips) 
typac: posts small blind 10
makler-v: posts big blind 20
*** HOLE CARDS ***
Dealt to Mahu2021 [7s 8c]
Mahu2021: folds 
typac: calls 10
makler-v: checks 
*** FLOP *** [9h 6s Qh]
typac: bets 20
makler-v: calls 20
*** TURN *** [9h 6s Qh] [2c]
typac: bets 20
makler-v: calls 20
*** RIVER *** [9h 6s Qh 2c] [Jh]
typac: checks 
makler-v: checks 
*** SHOW DOWN ***
typac: shows [8s 7d] (high card Queen)
makler-v: shows [9s 7c] (a pair of Nines)
makler-v collected 120 from pot
*** SUMMARY ***
Total pot 120 | Rake 0 
Board [9h 6s Qh 2c Jh]
Seat 1: Mahu2021 (button) folded before Flop (didn't bet)
Seat 2: typac (small blind) showed [8s 7d] and lost with high card Queen
Seat 3: makler-v (big blind) showed [9s 7c] and won (120) with a pair of Nines



PokerStars Hand #248388094321: Tournament #3703798606, $1.84+$0.16 USD Hold'em No Limit - Level I (10/20) - 2024/01/20 14:49:36 CET [2024/01/20 8:49:36 ET]
Table '3703798606 1' 3-max Seat #2 is the button
Seat 1: Mahu2021 (500 in chips) 
Seat 2: typac (440 in chips) 
Seat 3: makler-v (560 in chips) 
makler-v: posts small blind 10
Mahu2021: posts big blind 20
*** HOLE CARDS ***
Dealt to Mahu2021 [Ah Jd]
typac: folds 
makler-v: raises 20 to 40
Mahu2021: calls 20
*** FLOP *** [Jh 5s 8h]
makler-v: bets 28
Mahu2021: calls 28
*** TURN *** [Jh 5s 8h] [As]
makler-v: bets 90
Mahu2021: calls 90
*** RIVER *** [Jh 5s 8h As] [4s]
makler-v: bets 402 and is all-in
Mahu2021: calls 342 and is all-in
Uncalled bet (60) returned to makler-v
*** SHOW DOWN ***
makler-v: shows [3s 3h] (a pair of Threes)
Mahu2021: shows [Ah Jd] (two pair, Aces and Jacks)
Mahu2021 collected 1000 from pot
*** SUMMARY ***
Total pot 1000 | Rake 0 
Board [Jh 5s 8h As 4s]
Seat 1: Mahu2021 (big blind) showed [Ah Jd] and won (1000) with two pair, Aces and Jacks
Seat 2: typac (button) folded before Flop (didn't bet)
Seat 3: makler-v (small blind) showed [3s 3h] and lost with a pair of Threes



PokerStars Hand #248388104092: Tournament #3703798606, $1.84+$0.16 USD Hold'em No Limit - Level I (10/20) - 2024/01/20 14:50:18 CET [2024/01/20 8:50:18 ET]
Table '3703798606 1' 3-max Seat #3 is the button
Seat 1: Mahu2021 (1000 in chips) 
Seat 2: typac (440 in chips) 
Seat 3: makler-v (60 in chips) 
Mahu2021: posts small blind 10
typac: posts big blind 20
*** HOLE CARDS ***
Dealt to Mahu2021 [4c 7s]
makler-v: raises 40 to 60 and is all-in
Mahu2021: folds 
typac: folds 
Uncalled bet (40) returned to makler-v
makler-v collected 50 from pot
makler-v: doesn't show hand 
*** SUMMARY ***
Total pot 50 | Rake 0 
Seat 1: Mahu2021 (small blind) folded before Flop
Seat 2: typac (big blind) folded before Flop
Seat 3: makler-v (button) collected (50)



PokerStars Hand #248388106664: Tournament #3703798606, $1.84+$0.16 USD Hold'em No Limit - Level I (10/20) - 2024/01/20 14:50:29 CET [2024/01/20 8:50:29 ET]
Table '3703798606 1' 3-max Seat #1 is the button
Seat 1: Mahu2021 (990 in chips) 
Seat 2: typac (420 in chips) 
Seat 3: makler-v (90 in chips) 
typac: posts small blind 10
makler-v: posts big blind 20
*** HOLE CARDS ***
Dealt to Mahu2021 [5d Qs]
Mahu2021: folds 
typac: calls 10
makler-v: checks 
*** FLOP *** [As 8d Ad]
typac: checks 
makler-v: checks 
*** TURN *** [As 8d Ad] [Js]
typac: bets 20
makler-v: calls 20
*** RIVER *** [As 8d Ad Js] [Kh]
typac: bets 60
makler-v: calls 50 and is all-in
Uncalled bet (10) returned to typac
*** SHOW DOWN ***
typac: shows [Ah 4h] (three of a kind, Aces)
makler-v: shows [4d Kc] (two pair, Aces and Kings)
typac collected 180 from pot
makler-v finished the tournament in 3rd place
*** SUMMARY ***
Total pot 180 | Rake 0 
Board [As 8d Ad Js Kh]
Seat 1: Mahu2021 (button) folded before Flop (didn't bet)
Seat 2: typac (small blind) showed [Ah 4h] and won (180) with three of a kind, Aces
Seat 3: makler-v (big blind) showed [4d Kc] and lost with two pair, Aces and Kings



PokerStars Hand #248388115617: Tournament #3703798606, $1.84+$0.16 USD Hold'em No Limit - Level I (10/20) - 2024/01/20 14:51:06 CET [2024/01/20 8:51:06 ET]
Table '3703798606 1' 3-max Seat #2 is the button
Seat 1: Mahu2021 (990 in chips) 
Seat 2: typac (510 in chips) 
typac: posts small blind 10
Mahu2021: posts big blind 20
*** HOLE CARDS ***
Dealt to Mahu2021 [9h 4h]
typac: calls 10
Mahu2021: checks 
*** FLOP *** [Qh 9s As]
Mahu2021: checks 
typac: bets 40
Mahu2021: calls 40
*** TURN *** [Qh 9s As] [3h]
Mahu2021: checks 
typac: bets 120
Mahu2021: calls 120
*** RIVER *** [Qh 9s As 3h] [9c]
Mahu2021: bets 810 and is all-in
typac: calls 330 and is all-in
Uncalled bet (480) returned to Mahu2021
*** SHOW DOWN ***
Mahu2021: shows [9h 4h] (three of a kind, Nines)
typac: shows [7d Ac] (two pair, Aces and Nines)
Mahu2021 collected 1020 from pot
typac finished the tournament in 2nd place
Mahu2021 wins the tournament and receives $4.00 - congratulations!
*** SUMMARY ***
Total pot 1020 | Rake 0 
Board [Qh 9s As 3h 9c]
Seat 1: Mahu2021 (big blind) showed [9h 4h] and won (1020) with three of a kind, Nines
Seat 2: typac (button) (small blind) showed [7d Ac] and lost with two pair, Aces and Nines



