PokerStars Hand #252652428686: Tournament #3805615913, $9.30+$0.70 USD Hold'em No Limit - Level I (10/20) - 2024/09/27 14:48:56 CET [2024/09/27 8:48:56 ET]
Table '3805615913 1' 3-max Seat #1 is the button
Seat 1: Mahu2021 (500 in chips) 
Seat 2: strankE (500 in chips) 
Seat 3: afronewtzz (500 in chips) 
strankE: posts small blind 10
afronewtzz: posts big blind 20
*** HOLE CARDS ***
Dealt to Mahu2021 [2s Kh]
Mahu2021: folds 
strankE: raises 40 to 60
afronewtzz: folds 
Uncalled bet (40) returned to strankE
strankE collected 40 from pot
*** SUMMARY ***
Total pot 40 | Rake 0 
Seat 1: Mahu2021 (button) folded before Flop (didn't bet)
Seat 2: strankE (small blind) collected (40)
Seat 3: afronewtzz (big blind) folded before Flop



PokerStars Hand #252652431954: Tournament #3805615913, $9.30+$0.70 USD Hold'em No Limit - Level I (10/20) - 2024/09/27 14:49:15 CET [2024/09/27 8:49:15 ET]
Table '3805615913 1' 3-max Seat #2 is the button
Seat 1: Mahu2021 (500 in chips) 
Seat 2: strankE (520 in chips) 
Seat 3: afronewtzz (480 in chips) 
afronewtzz: posts small blind 10
Mahu2021: posts big blind 20
*** HOLE CARDS ***
Dealt to Mahu2021 [2s Jd]
strankE: raises 20 to 40
afronewtzz: folds 
Mahu2021: calls 20
*** FLOP *** [7d 2h 3h]
Mahu2021: checks 
strankE: checks 
*** TURN *** [7d 2h 3h] [Kc]
Mahu2021: checks 
strankE: bets 68
Mahu2021: folds 
Uncalled bet (68) returned to strankE
strankE collected 90 from pot
*** SUMMARY ***
Total pot 90 | Rake 0 
Board [7d 2h 3h Kc]
Seat 1: Mahu2021 (big blind) folded on the Turn
Seat 2: strankE (button) collected (90)
Seat 3: afronewtzz (small blind) folded before Flop



PokerStars Hand #252652438785: Tournament #3805615913, $9.30+$0.70 USD Hold'em No Limit - Level I (10/20) - 2024/09/27 14:49:56 CET [2024/09/27 8:49:56 ET]
Table '3805615913 1' 3-max Seat #3 is the button
Seat 1: Mahu2021 (460 in chips) 
Seat 2: strankE (570 in chips) 
Seat 3: afronewtzz (470 in chips) 
Mahu2021: posts small blind 10
strankE: posts big blind 20
*** HOLE CARDS ***
Dealt to Mahu2021 [Kh 6s]
afronewtzz: raises 20 to 40
Mahu2021: folds 
strankE: folds 
Uncalled bet (20) returned to afronewtzz
afronewtzz collected 50 from pot
*** SUMMARY ***
Total pot 50 | Rake 0 
Seat 1: Mahu2021 (small blind) folded before Flop
Seat 2: strankE (big blind) folded before Flop
Seat 3: afronewtzz (button) collected (50)



PokerStars Hand #252652440462: Tournament #3805615913, $9.30+$0.70 USD Hold'em No Limit - Level I (10/20) - 2024/09/27 14:50:06 CET [2024/09/27 8:50:06 ET]
Table '3805615913 1' 3-max Seat #1 is the button
Seat 1: Mahu2021 (450 in chips) 
Seat 2: strankE (550 in chips) 
Seat 3: afronewtzz (500 in chips) 
strankE: posts small blind 10
afronewtzz: posts big blind 20
*** HOLE CARDS ***
Dealt to Mahu2021 [9d 6h]
Mahu2021: folds 
strankE: folds 
Uncalled bet (10) returned to afronewtzz
afronewtzz collected 20 from pot
*** SUMMARY ***
Total pot 20 | Rake 0 
Seat 1: Mahu2021 (button) folded before Flop (didn't bet)
Seat 2: strankE (small blind) folded before Flop
Seat 3: afronewtzz (big blind) collected (20)



PokerStars Hand #252652441302: Tournament #3805615913, $9.30+$0.70 USD Hold'em No Limit - Level I (10/20) - 2024/09/27 14:50:11 CET [2024/09/27 8:50:11 ET]
Table '3805615913 1' 3-max Seat #2 is the button
Seat 1: Mahu2021 (450 in chips) 
Seat 2: strankE (540 in chips) 
Seat 3: afronewtzz (510 in chips) 
afronewtzz: posts small blind 10
Mahu2021: posts big blind 20
*** HOLE CARDS ***
Dealt to Mahu2021 [2d 9d]
strankE: folds 
afronewtzz: raises 20 to 40
Mahu2021: folds 
Uncalled bet (20) returned to afronewtzz
afronewtzz collected 40 from pot
*** SUMMARY ***
Total pot 40 | Rake 0 
Seat 1: Mahu2021 (big blind) folded before Flop
Seat 2: strankE (button) folded before Flop (didn't bet)
Seat 3: afronewtzz (small blind) collected (40)



PokerStars Hand #252652442550: Tournament #3805615913, $9.30+$0.70 USD Hold'em No Limit - Level I (10/20) - 2024/09/27 14:50:19 CET [2024/09/27 8:50:19 ET]
Table '3805615913 1' 3-max Seat #3 is the button
Seat 1: Mahu2021 (430 in chips) 
Seat 2: strankE (540 in chips) 
Seat 3: afronewtzz (530 in chips) 
Mahu2021: posts small blind 10
strankE: posts big blind 20
*** HOLE CARDS ***
Dealt to Mahu2021 [3s 8c]
afronewtzz: folds 
Mahu2021: folds 
Uncalled bet (10) returned to strankE
strankE collected 20 from pot
*** SUMMARY ***
Total pot 20 | Rake 0 
Seat 1: Mahu2021 (small blind) folded before Flop
Seat 2: strankE (big blind) collected (20)
Seat 3: afronewtzz (button) folded before Flop (didn't bet)



PokerStars Hand #252652443283: Tournament #3805615913, $9.30+$0.70 USD Hold'em No Limit - Level I (10/20) - 2024/09/27 14:50:23 CET [2024/09/27 8:50:23 ET]
Table '3805615913 1' 3-max Seat #1 is the button
Seat 1: Mahu2021 (420 in chips) 
Seat 2: strankE (550 in chips) 
Seat 3: afronewtzz (530 in chips) 
strankE: posts small blind 10
afronewtzz: posts big blind 20
*** HOLE CARDS ***
Dealt to Mahu2021 [4s 6d]
Mahu2021: folds 
strankE: raises 40 to 60
afronewtzz: folds 
Uncalled bet (40) returned to strankE
strankE collected 40 from pot
*** SUMMARY ***
Total pot 40 | Rake 0 
Seat 1: Mahu2021 (button) folded before Flop (didn't bet)
Seat 2: strankE (small blind) collected (40)
Seat 3: afronewtzz (big blind) folded before Flop



PokerStars Hand #252652445924: Tournament #3805615913, $9.30+$0.70 USD Hold'em No Limit - Level I (10/20) - 2024/09/27 14:50:39 CET [2024/09/27 8:50:39 ET]
Table '3805615913 1' 3-max Seat #2 is the button
Seat 1: Mahu2021 (420 in chips) 
Seat 2: strankE (570 in chips) 
Seat 3: afronewtzz (510 in chips) 
afronewtzz: posts small blind 10
Mahu2021: posts big blind 20
*** HOLE CARDS ***
Dealt to Mahu2021 [8c Qh]
strankE: folds 
afronewtzz: raises 20 to 40
Mahu2021: calls 20
*** FLOP *** [2c 2d 3s]
afronewtzz: checks 
Mahu2021: checks 
*** TURN *** [2c 2d 3s] [Td]
afronewtzz: bets 40
Mahu2021: folds 
Uncalled bet (40) returned to afronewtzz
afronewtzz collected 80 from pot
*** SUMMARY ***
Total pot 80 | Rake 0 
Board [2c 2d 3s Td]
Seat 1: Mahu2021 (big blind) folded on the Turn
Seat 2: strankE (button) folded before Flop (didn't bet)
Seat 3: afronewtzz (small blind) collected (80)



PokerStars Hand #252652453140: Tournament #3805615913, $9.30+$0.70 USD Hold'em No Limit - Level II (15/30) - 2024/09/27 14:51:22 CET [2024/09/27 8:51:22 ET]
Table '3805615913 1' 3-max Seat #3 is the button
Seat 1: Mahu2021 (380 in chips) 
Seat 2: strankE (570 in chips) 
Seat 3: afronewtzz (550 in chips) 
Mahu2021: posts small blind 15
strankE: posts big blind 30
*** HOLE CARDS ***
Dealt to Mahu2021 [5h Jc]
afronewtzz: folds 
Mahu2021: folds 
Uncalled bet (15) returned to strankE
strankE collected 30 from pot
*** SUMMARY ***
Total pot 30 | Rake 0 
Seat 1: Mahu2021 (small blind) folded before Flop
Seat 2: strankE (big blind) collected (30)
Seat 3: afronewtzz (button) folded before Flop (didn't bet)



PokerStars Hand #252652453888: Tournament #3805615913, $9.30+$0.70 USD Hold'em No Limit - Level II (15/30) - 2024/09/27 14:51:26 CET [2024/09/27 8:51:26 ET]
Table '3805615913 1' 3-max Seat #1 is the button
Seat 1: Mahu2021 (365 in chips) 
Seat 2: strankE (585 in chips) 
Seat 3: afronewtzz (550 in chips) 
strankE: posts small blind 15
afronewtzz: posts big blind 30
*** HOLE CARDS ***
Dealt to Mahu2021 [Jd Ah]
Mahu2021: raises 30 to 60
strankE: raises 525 to 585 and is all-in
afronewtzz: calls 520 and is all-in
Mahu2021: calls 305 and is all-in
Uncalled bet (35) returned to strankE
*** FLOP *** [4s 6s 9d]
*** TURN *** [4s 6s 9d] [3c]
*** RIVER *** [4s 6s 9d 3c] [8h]
*** SHOW DOWN ***
strankE: shows [Ks Ts] (high card King)
afronewtzz: shows [7s 7d] (a pair of Sevens)
afronewtzz collected 370 from side pot
Mahu2021: shows [Jd Ah] (high card Ace)
afronewtzz collected 1095 from main pot
Mahu2021 finished the tournament in 3rd place
*** SUMMARY ***
Total pot 1465 Main pot 1095. Side pot 370. | Rake 0 
Board [4s 6s 9d 3c 8h]
Seat 1: Mahu2021 (button) showed [Jd Ah] and lost with high card Ace
Seat 2: strankE (small blind) showed [Ks Ts] and lost with high card King
Seat 3: afronewtzz (big blind) showed [7s 7d] and won (1465) with a pair of Sevens



