PokerStars Zoom Hand #254542615720:  Hold'em No Limit ($0.05/$0.10) - 2025/01/25 9:35:58 CET [2025/01/25 3:35:58 ET]
Table 'Aludra' 6-max Seat #1 is the button
Seat 1: camilo13186 ($4.85 in chips) 
Seat 2: PixelGnome ($6.64 in chips) 
Seat 3: Mahu2021 ($10 in chips) 
Seat 4: craigbissett ($19.39 in chips) 
Seat 5: Earthquake36 ($10 in chips) 
Seat 6: mOberdan ($20.21 in chips) 
PixelGnome: posts small blind $0.05
Mahu2021: posts big blind $0.10
*** HOLE CARDS ***
Dealt to Mahu2021 [8h 3h]
craigbissett: folds 
Earthquake36: folds 
mOberdan: folds 
camilo13186: folds 
PixelGnome: folds 
Uncalled bet ($0.05) returned to Mahu2021
Mahu2021 collected $0.10 from pot
Mahu2021: doesn't show hand 
*** SUMMARY ***
Total pot $0.10 | Rake $0 
Seat 1: camilo13186 (button) folded before Flop (didn't bet)
Seat 2: PixelGnome (small blind) folded before Flop
Seat 3: Mahu2021 (big blind) collected ($0.10)
Seat 4: craigbissett folded before Flop (didn't bet)
Seat 5: Earthquake36 folded before Flop (didn't bet)
Seat 6: mOberdan folded before Flop (didn't bet)



PokerStars Zoom Hand #254542617395:  Hold'em No Limit ($0.05/$0.10) - 2025/01/25 9:36:17 CET [2025/01/25 3:36:17 ET]
Table 'Aludra' 6-max Seat #1 is the button
Seat 1: Mahu2021 ($10 in chips) 
Seat 2: foili ($25.24 in chips) 
Seat 3: snake oil 12 ($14.87 in chips) 
Seat 4: osfp7john ($18.73 in chips) 
Seat 5: colin1945 ($6.81 in chips) 
Seat 6: Calvis_lol ($10.15 in chips) 
foili: posts small blind $0.05
snake oil 12: posts big blind $0.10
*** HOLE CARDS ***
Dealt to Mahu2021 [Ad 6h]
osfp7john: folds 
colin1945: folds 
Calvis_lol: folds 
Mahu2021: raises $0.20 to $0.30
foili: raises $0.98 to $1.28
snake oil 12: folds 
Mahu2021: folds 
Uncalled bet ($0.98) returned to foili
foili collected $0.70 from pot
foili: doesn't show hand 
*** SUMMARY ***
Total pot $0.70 | Rake $0 
Seat 1: Mahu2021 (button) folded before Flop
Seat 2: foili (small blind) collected ($0.70)
Seat 3: snake oil 12 (big blind) folded before Flop
Seat 4: osfp7john folded before Flop (didn't bet)
Seat 5: colin1945 folded before Flop (didn't bet)
Seat 6: Calvis_lol folded before Flop (didn't bet)



PokerStars Zoom Hand #254542616966:  Hold'em No Limit ($0.05/$0.10) - 2025/01/25 9:36:12 CET [2025/01/25 3:36:12 ET]
Table 'Aludra' 6-max Seat #1 is the button
Seat 1: craigbissett ($19.39 in chips) 
Seat 2: Mahu2021 ($10.05 in chips) 
Seat 3: Earthquake36 ($10 in chips) 
Seat 4: maceo78 ($27.41 in chips) 
Seat 5: CELESTINA979 ($6.22 in chips) 
Seat 6: snake oil 12 ($14.87 in chips) 
Mahu2021: posts small blind $0.05
Earthquake36: posts big blind $0.10
*** HOLE CARDS ***
Dealt to Mahu2021 [Th 2s]
maceo78: folds 
CELESTINA979: raises $0.10 to $0.20
snake oil 12: folds 
craigbissett: folds 
Mahu2021: folds 
Earthquake36: calls $0.10
*** FLOP *** [Js 7c 8h]
Earthquake36: checks 
CELESTINA979: checks 
*** TURN *** [Js 7c 8h] [Qs]
Earthquake36: checks 
CELESTINA979: bets $0.10
Earthquake36: folds 
Uncalled bet ($0.10) returned to CELESTINA979
CELESTINA979 collected $0.43 from pot
CELESTINA979: doesn't show hand 
*** SUMMARY ***
Total pot $0.45 | Rake $0.02 
Board [Js 7c 8h Qs]
Seat 1: craigbissett (button) folded before Flop (didn't bet)
Seat 2: Mahu2021 (small blind) folded before Flop
Seat 3: Earthquake36 (big blind) folded on the Turn
Seat 4: maceo78 folded before Flop (didn't bet)
Seat 5: CELESTINA979 collected ($0.43)
Seat 6: snake oil 12 folded before Flop (didn't bet)



PokerStars Zoom Hand #254542618954:  Hold'em No Limit ($0.05/$0.10) - 2025/01/25 9:36:34 CET [2025/01/25 3:36:34 ET]
Table 'Aludra' 6-max Seat #1 is the button
Seat 1: TomasHn ($11.94 in chips) 
Seat 2: fasora ($10.76 in chips) 
Seat 3: Earthquake36 ($10.97 in chips) 
Seat 4: A-materasu7777 ($11.36 in chips) 
Seat 5: Mahu2021 ($9.70 in chips) 
Seat 6: 11PurgerVeGe11 ($12.18 in chips) 
fasora: posts small blind $0.05
Earthquake36: posts big blind $0.10
*** HOLE CARDS ***
Dealt to Mahu2021 [Qc Ad]
A-materasu7777: folds 
Mahu2021: raises $0.14 to $0.24
11PurgerVeGe11: folds 
TomasHn: folds 
fasora: folds 
Earthquake36: calls $0.14
*** FLOP *** [Jc 4d 5s]
Earthquake36: checks 
Mahu2021: bets $0.20
Earthquake36: calls $0.20
*** TURN *** [Jc 4d 5s] [9s]
Earthquake36: checks 
Mahu2021: bets $0.10
Earthquake36: calls $0.10
*** RIVER *** [Jc 4d 5s 9s] [2s]
Earthquake36: checks 
Mahu2021: checks 
*** SHOW DOWN ***
Earthquake36: shows [8h 8c] (a pair of Eights)
Mahu2021: mucks hand 
Earthquake36 collected $1.08 from pot
*** SUMMARY ***
Total pot $1.13 | Rake $0.05 
Board [Jc 4d 5s 9s 2s]
Seat 1: TomasHn (button) folded before Flop (didn't bet)
Seat 2: fasora (small blind) folded before Flop
Seat 3: Earthquake36 (big blind) showed [8h 8c] and won ($1.08) with a pair of Eights
Seat 4: A-materasu7777 folded before Flop (didn't bet)
Seat 5: Mahu2021 mucked [Qc Ad]
Seat 6: 11PurgerVeGe11 folded before Flop (didn't bet)



PokerStars Zoom Hand #254542625266:  Hold'em No Limit ($0.05/$0.10) - 2025/01/25 9:37:44 CET [2025/01/25 3:37:44 ET]
Table 'Aludra' 6-max Seat #1 is the button
Seat 1: 00O-2Z ($13.47 in chips) 
Seat 2: ZookeeperBoy ($16.78 in chips) 
Seat 3: kyus83 ($10.74 in chips) 
Seat 4: mOberdan ($19.41 in chips) 
Seat 5: TomasHn ($11.84 in chips) 
Seat 6: Mahu2021 ($9.16 in chips) 
ZookeeperBoy: posts small blind $0.05
kyus83: posts big blind $0.10
*** HOLE CARDS ***
Dealt to Mahu2021 [3s Ad]
mOberdan: folds 
TomasHn: folds 
Mahu2021: folds 
00O-2Z: raises $0.10 to $0.20
ZookeeperBoy: calls $0.15
kyus83: folds 
*** FLOP *** [Js 2s Ac]
ZookeeperBoy: bets $0.40
00O-2Z: folds 
Uncalled bet ($0.40) returned to ZookeeperBoy
ZookeeperBoy collected $0.48 from pot
ZookeeperBoy: doesn't show hand 
*** SUMMARY ***
Total pot $0.50 | Rake $0.02 
Board [Js 2s Ac]
Seat 1: 00O-2Z (button) folded on the Flop
Seat 2: ZookeeperBoy (small blind) collected ($0.48)
Seat 3: kyus83 (big blind) folded before Flop
Seat 4: mOberdan folded before Flop (didn't bet)
Seat 5: TomasHn folded before Flop (didn't bet)
Seat 6: Mahu2021 folded before Flop (didn't bet)



PokerStars Zoom Hand #254542626057:  Hold'em No Limit ($0.05/$0.10) - 2025/01/25 9:37:53 CET [2025/01/25 3:37:53 ET]
Table 'Aludra' 6-max Seat #1 is the button
Seat 1: TomasHn ($10 in chips) 
Seat 2: Tedorini ($10.38 in chips) 
Seat 3: 11PurgerVeGe11 ($12.03 in chips) 
Seat 4: Baratrum777 ($10 in chips) 
Seat 5: A-materasu7777 ($11.11 in chips) 
Seat 6: Mahu2021 ($9.16 in chips) 
Tedorini: posts small blind $0.05
11PurgerVeGe11: posts big blind $0.10
*** HOLE CARDS ***
Dealt to Mahu2021 [8d 8c]
Baratrum777: raises $0.20 to $0.30
A-materasu7777: folds 
Mahu2021: calls $0.30
TomasHn: folds 
Tedorini: calls $0.25
11PurgerVeGe11: folds 
*** FLOP *** [3h Jd Ah]
Tedorini: bets $0.48
Baratrum777: folds 
Mahu2021: folds 
Uncalled bet ($0.48) returned to Tedorini
Tedorini collected $0.95 from pot
Tedorini: doesn't show hand 
*** SUMMARY ***
Total pot $1 | Rake $0.05 
Board [3h Jd Ah]
Seat 1: TomasHn (button) folded before Flop (didn't bet)
Seat 2: Tedorini (small blind) collected ($0.95)
Seat 3: 11PurgerVeGe11 (big blind) folded before Flop
Seat 4: Baratrum777 folded on the Flop
Seat 5: A-materasu7777 folded before Flop (didn't bet)
Seat 6: Mahu2021 folded on the Flop



PokerStars Zoom Hand #254542629185:  Hold'em No Limit ($0.05/$0.10) - 2025/01/25 9:38:28 CET [2025/01/25 3:38:28 ET]
Table 'Aludra' 6-max Seat #1 is the button
Seat 1: temahia54 ($7.49 in chips) 
Seat 2: TomasHn ($10.28 in chips) 
Seat 3: steveno1983 ($18.51 in chips) 
Seat 4: daisuke.ars ($18.80 in chips) 
Seat 5: Mahu2021 ($8.86 in chips) 
Seat 6: CELESTINA979 ($6.05 in chips) 
TomasHn: posts small blind $0.05
steveno1983: posts big blind $0.10
*** HOLE CARDS ***
Dealt to Mahu2021 [5d 6h]
daisuke.ars: folds 
Mahu2021: folds 
CELESTINA979: folds 
temahia54: folds 
TomasHn: folds 
Uncalled bet ($0.05) returned to steveno1983
steveno1983 collected $0.10 from pot
steveno1983: doesn't show hand 
*** SUMMARY ***
Total pot $0.10 | Rake $0 
Seat 1: temahia54 (button) folded before Flop (didn't bet)
Seat 2: TomasHn (small blind) folded before Flop
Seat 3: steveno1983 (big blind) collected ($0.10)
Seat 4: daisuke.ars folded before Flop (didn't bet)
Seat 5: Mahu2021 folded before Flop (didn't bet)
Seat 6: CELESTINA979 folded before Flop (didn't bet)



PokerStars Zoom Hand #254542629720:  Hold'em No Limit ($0.05/$0.10) - 2025/01/25 9:38:34 CET [2025/01/25 3:38:34 ET]
Table 'Aludra' 6-max Seat #1 is the button
Seat 1: foggz ($10 in chips) 
Seat 2: Bur1k ($5 in chips) 
Seat 3: Mahu2021 ($8.86 in chips) 
Seat 4: mOberdan ($11.70 in chips) 
Seat 5: SkunkBoy77 ($12.43 in chips) 
Seat 6: Gongyong ($10.33 in chips) 
Bur1k: posts small blind $0.05
Mahu2021: posts big blind $0.10
*** HOLE CARDS ***
Dealt to Mahu2021 [3h 5s]
mOberdan: folds 
SkunkBoy77: folds 
Gongyong: raises $0.10 to $0.20
foggz: folds 
Bur1k: folds 
Mahu2021: calls $0.10
*** FLOP *** [9h 9c 6h]
Mahu2021: checks 
Gongyong: bets $0.22
Mahu2021: folds 
Uncalled bet ($0.22) returned to Gongyong
Gongyong collected $0.43 from pot
Gongyong: doesn't show hand 
*** SUMMARY ***
Total pot $0.45 | Rake $0.02 
Board [9h 9c 6h]
Seat 1: foggz (button) folded before Flop (didn't bet)
Seat 2: Bur1k (small blind) folded before Flop
Seat 3: Mahu2021 (big blind) folded on the Flop
Seat 4: mOberdan folded before Flop (didn't bet)
Seat 5: SkunkBoy77 folded before Flop (didn't bet)
Seat 6: Gongyong collected ($0.43)



PokerStars Zoom Hand #254542634602:  Hold'em No Limit ($0.05/$0.10) - 2025/01/25 9:39:28 CET [2025/01/25 3:39:28 ET]
Table 'Aludra' 6-max Seat #1 is the button
Seat 1: Mahu2021 ($8.61 in chips) 
Seat 2: counsellor13 ($9.76 in chips) 
Seat 3: Baratrum777 ($10 in chips) 
Seat 4: 00O-2Z ($12.72 in chips) 
Seat 5: dali0511 ($23.12 in chips) 
Seat 6: PixelGnome ($6.13 in chips) 
counsellor13: posts small blind $0.05
Baratrum777: posts big blind $0.10
*** HOLE CARDS ***
Dealt to Mahu2021 [8s Jh]
00O-2Z: folds 
dali0511: raises $0.15 to $0.25
PixelGnome: folds 
Mahu2021: folds 
counsellor13: calls $0.20
Baratrum777: folds 
*** FLOP *** [Ks 4h 9s]
counsellor13: checks 
dali0511: bets $0.34
counsellor13: folds 
Uncalled bet ($0.34) returned to dali0511
dali0511 collected $0.57 from pot
dali0511: doesn't show hand 
*** SUMMARY ***
Total pot $0.60 | Rake $0.03 
Board [Ks 4h 9s]
Seat 1: Mahu2021 (button) folded before Flop (didn't bet)
Seat 2: counsellor13 (small blind) folded on the Flop
Seat 3: Baratrum777 (big blind) folded before Flop
Seat 4: 00O-2Z folded before Flop (didn't bet)
Seat 5: dali0511 collected ($0.57)
Seat 6: PixelGnome folded before Flop (didn't bet)



PokerStars Zoom Hand #254542635072:  Hold'em No Limit ($0.05/$0.10) - 2025/01/25 9:39:33 CET [2025/01/25 3:39:33 ET]
Table 'Aludra' 6-max Seat #1 is the button
Seat 1: foili ($24.59 in chips) 
Seat 2: 00O-2Z ($12.72 in chips) 
Seat 3: PixelGnome ($6.13 in chips) 
Seat 4: Wii G Bored ($18.64 in chips) 
Seat 5: Mahu2021 ($8.61 in chips) 
Seat 6: A-materasu7777 ($15.07 in chips) 
00O-2Z: posts small blind $0.05
PixelGnome: posts big blind $0.10
*** HOLE CARDS ***
Dealt to Mahu2021 [3h 8d]
Wii G Bored: folds 
Mahu2021: folds 
A-materasu7777: raises $0.15 to $0.25
foili: raises $0.49 to $0.74
00O-2Z: raises $1.56 to $2.30
PixelGnome: folds 
A-materasu7777: folds 
foili: folds 
Uncalled bet ($1.56) returned to 00O-2Z
00O-2Z collected $1.83 from pot
00O-2Z: doesn't show hand 
*** SUMMARY ***
Total pot $1.83 | Rake $0 
Seat 1: foili (button) folded before Flop
Seat 2: 00O-2Z (small blind) collected ($1.83)
Seat 3: PixelGnome (big blind) folded before Flop
Seat 4: Wii G Bored folded before Flop (didn't bet)
Seat 5: Mahu2021 folded before Flop (didn't bet)
Seat 6: A-materasu7777 folded before Flop



PokerStars Zoom Hand #254542633542:  Hold'em No Limit ($0.05/$0.10) - 2025/01/25 9:39:16 CET [2025/01/25 3:39:16 ET]
Table 'Aludra' 6-max Seat #1 is the button
Seat 1: mOberdan ($11.55 in chips) 
Seat 2: Mahu2021 ($8.66 in chips) 
Seat 3: fasora ($10.55 in chips) 
Seat 4: Gongyong ($10.04 in chips) 
Seat 5: steveno1983 ($17.91 in chips) 
Seat 6: 11PurgerVeGe11 ($11.78 in chips) 
Mahu2021: posts small blind $0.05
fasora: posts big blind $0.10
*** HOLE CARDS ***
Dealt to Mahu2021 [5h Qs]
Gongyong: folds 
steveno1983: raises $0.10 to $0.20
11PurgerVeGe11: folds 
mOberdan: folds 
Mahu2021: folds 
fasora: raises $1 to $1.20
steveno1983: calls $1
*** FLOP *** [7c Ac Tc]
fasora: bets $1.17
steveno1983: folds 
Uncalled bet ($1.17) returned to fasora
fasora collected $2.34 from pot
fasora: doesn't show hand 
*** SUMMARY ***
Total pot $2.45 | Rake $0.11 
Board [7c Ac Tc]
Seat 1: mOberdan (button) folded before Flop (didn't bet)
Seat 2: Mahu2021 (small blind) folded before Flop
Seat 3: fasora (big blind) collected ($2.34)
Seat 4: Gongyong folded before Flop (didn't bet)
Seat 5: steveno1983 folded on the Flop
Seat 6: 11PurgerVeGe11 folded before Flop (didn't bet)



PokerStars Zoom Hand #254542635503:  Hold'em No Limit ($0.05/$0.10) - 2025/01/25 9:39:38 CET [2025/01/25 3:39:38 ET]
Table 'Aludra' 6-max Seat #1 is the button
Seat 1: Wii G Bored ($18.64 in chips) 
Seat 2: snake oil 12 ($14.68 in chips) 
Seat 3: osfp7john ($15.58 in chips) 
Seat 4: smokeeiyy ($9.75 in chips) 
Seat 5: Bur1k ($5.57 in chips) 
Seat 6: Mahu2021 ($8.61 in chips) 
snake oil 12: posts small blind $0.05
osfp7john: posts big blind $0.10
*** HOLE CARDS ***
Dealt to Mahu2021 [Jd 7c]
smokeeiyy: raises $0.20 to $0.30
Bur1k: folds 
Mahu2021: folds 
Wii G Bored: folds 
snake oil 12: calls $0.25
osfp7john: folds 
*** FLOP *** [9s 3s 5c]
snake oil 12: checks 
smokeeiyy: bets $0.34
snake oil 12: folds 
Uncalled bet ($0.34) returned to smokeeiyy
smokeeiyy collected $0.67 from pot
smokeeiyy: doesn't show hand 
*** SUMMARY ***
Total pot $0.70 | Rake $0.03 
Board [9s 3s 5c]
Seat 1: Wii G Bored (button) folded before Flop (didn't bet)
Seat 2: snake oil 12 (small blind) folded on the Flop
Seat 3: osfp7john (big blind) folded before Flop
Seat 4: smokeeiyy collected ($0.67)
Seat 5: Bur1k folded before Flop (didn't bet)
Seat 6: Mahu2021 folded before Flop (didn't bet)



PokerStars Zoom Hand #254542635890:  Hold'em No Limit ($0.05/$0.10) - 2025/01/25 9:39:42 CET [2025/01/25 3:39:42 ET]
Table 'Aludra' 6-max Seat #1 is the button
Seat 1: Mahu2021 ($8.61 in chips) 
Seat 2: foili ($23.47 in chips) 
Seat 3: Wii G Bored ($18.64 in chips) 
Seat 4: Baratrum777 ($10 in chips) 
Seat 5: mOberdan ($14 in chips) 
Seat 6: TarasViktorovic ($20.81 in chips) 
foili: posts small blind $0.05
Wii G Bored: posts big blind $0.10
*** HOLE CARDS ***
Dealt to Mahu2021 [Jc Jh]
Baratrum777: folds 
mOberdan: folds 
TarasViktorovic: raises $0.15 to $0.25
Mahu2021: calls $0.25
foili: folds 
Wii G Bored: folds 
*** FLOP *** [5h Kc Jd]
TarasViktorovic: bets $0.21
Mahu2021: calls $0.21
*** TURN *** [5h Kc Jd] [3c]
TarasViktorovic: bets $0.35
Mahu2021: calls $0.35
*** RIVER *** [5h Kc Jd 3c] [9s]
TarasViktorovic: bets $0.57
Mahu2021: raises $0.93 to $1.50
TarasViktorovic: folds 
Uncalled bet ($0.93) returned to Mahu2021
Mahu2021 collected $2.78 from pot
Mahu2021: doesn't show hand 
*** SUMMARY ***
Total pot $2.91 | Rake $0.13 
Board [5h Kc Jd 3c 9s]
Seat 1: Mahu2021 (button) collected ($2.78)
Seat 2: foili (small blind) folded before Flop
Seat 3: Wii G Bored (big blind) folded before Flop
Seat 4: Baratrum777 folded before Flop (didn't bet)
Seat 5: mOberdan folded before Flop (didn't bet)
Seat 6: TarasViktorovic folded on the River



PokerStars Zoom Hand #254542643969:  Hold'em No Limit ($0.05/$0.10) - 2025/01/25 9:41:11 CET [2025/01/25 3:41:11 ET]
Table 'Aludra' 6-max Seat #1 is the button
Seat 1: kloniss ($10 in chips) 
Seat 2: Mahu2021 ($10.01 in chips) 
Seat 3: Calvis_lol ($10.50 in chips) 
Seat 4: Bur1k ($5 in chips) 
Seat 5: Baratrum777 ($10.72 in chips) 
Seat 6: TomasHn ($17.42 in chips) 
Mahu2021: posts small blind $0.05
Calvis_lol: posts big blind $0.10
*** HOLE CARDS ***
Dealt to Mahu2021 [Qs 5h]
Bur1k: folds 
Baratrum777: folds 
TomasHn: folds 
kloniss: folds 
Mahu2021: folds 
Uncalled bet ($0.05) returned to Calvis_lol
Calvis_lol collected $0.10 from pot
Calvis_lol: doesn't show hand 
*** SUMMARY ***
Total pot $0.10 | Rake $0 
Seat 1: kloniss (button) folded before Flop (didn't bet)
Seat 2: Mahu2021 (small blind) folded before Flop
Seat 3: Calvis_lol (big blind) collected ($0.10)
Seat 4: Bur1k folded before Flop (didn't bet)
Seat 5: Baratrum777 folded before Flop (didn't bet)
Seat 6: TomasHn folded before Flop (didn't bet)



PokerStars Zoom Hand #254542644428:  Hold'em No Limit ($0.05/$0.10) - 2025/01/25 9:41:16 CET [2025/01/25 3:41:16 ET]
Table 'Aludra' 6-max Seat #1 is the button
Seat 1: jotadedios1322 ($5.38 in chips) 
Seat 2: kyus83 ($11.71 in chips) 
Seat 3: Mahu2021 ($9.96 in chips) 
Seat 4: PixelGnome ($5.91 in chips) 
Seat 5: A-materasu7777 ($10.82 in chips) 
Seat 6: CELESTINA979 ($5.26 in chips) 
kyus83: posts small blind $0.05
Mahu2021: posts big blind $0.10
*** HOLE CARDS ***
Dealt to Mahu2021 [2d 4c]
PixelGnome: raises $0.15 to $0.25
A-materasu7777: folds 
CELESTINA979: folds 
jotadedios1322: folds 
kyus83: folds 
Mahu2021: folds 
Uncalled bet ($0.15) returned to PixelGnome
PixelGnome collected $0.25 from pot
PixelGnome: doesn't show hand 
*** SUMMARY ***
Total pot $0.25 | Rake $0 
Seat 1: jotadedios1322 (button) folded before Flop (didn't bet)
Seat 2: kyus83 (small blind) folded before Flop
Seat 3: Mahu2021 (big blind) folded before Flop
Seat 4: PixelGnome collected ($0.25)
Seat 5: A-materasu7777 folded before Flop (didn't bet)
Seat 6: CELESTINA979 folded before Flop (didn't bet)



PokerStars Zoom Hand #254542645188:  Hold'em No Limit ($0.05/$0.10) - 2025/01/25 9:41:24 CET [2025/01/25 3:41:24 ET]
Table 'Aludra' 6-max Seat #1 is the button
Seat 1: dali0511 ($12.73 in chips) 
Seat 2: Gongyong ($10 in chips) 
Seat 3: CELESTINA979 ($5.26 in chips) 
Seat 4: Mahu2021 ($9.86 in chips) 
Seat 5: A-materasu7777 ($10.82 in chips) 
Seat 6: Lampard10228 ($12.07 in chips) 
Gongyong: posts small blind $0.05
CELESTINA979: posts big blind $0.10
*** HOLE CARDS ***
Dealt to Mahu2021 [Ks Qh]
Mahu2021: raises $0.14 to $0.24
A-materasu7777: folds 
Lampard10228: folds 
dali0511: folds 
Gongyong: folds 
CELESTINA979: calls $0.14
*** FLOP *** [4d 7h 6s]
CELESTINA979: checks 
Mahu2021: checks 
*** TURN *** [4d 7h 6s] [9d]
CELESTINA979: bets $0.30
Mahu2021: folds 
Uncalled bet ($0.30) returned to CELESTINA979
CELESTINA979 collected $0.51 from pot
CELESTINA979: doesn't show hand 
*** SUMMARY ***
Total pot $0.53 | Rake $0.02 
Board [4d 7h 6s 9d]
Seat 1: dali0511 (button) folded before Flop (didn't bet)
Seat 2: Gongyong (small blind) folded before Flop
Seat 3: CELESTINA979 (big blind) collected ($0.51)
Seat 4: Mahu2021 folded on the Turn
Seat 5: A-materasu7777 folded before Flop (didn't bet)
Seat 6: Lampard10228 folded before Flop (didn't bet)



PokerStars Zoom Hand #254542647495:  Hold'em No Limit ($0.05/$0.10) - 2025/01/25 9:41:50 CET [2025/01/25 3:41:50 ET]
Table 'Aludra' 6-max Seat #1 is the button
Seat 1: Mahu2021 ($9.62 in chips) 
Seat 2: foili ($23.12 in chips) 
Seat 3: Baratrum777 ($10 in chips) 
Seat 4: TarasViktorovic ($19.43 in chips) 
Seat 5: lolb0t ($10 in chips) 
Seat 6: Calvis_lol ($10 in chips) 
foili: posts small blind $0.05
Baratrum777: posts big blind $0.10
*** HOLE CARDS ***
Dealt to Mahu2021 [3d 6s]
TarasViktorovic: folds 
lolb0t: raises $0.20 to $0.30
Calvis_lol: folds 
Mahu2021: folds 
foili: folds 
Baratrum777: folds 
Uncalled bet ($0.20) returned to lolb0t
lolb0t collected $0.25 from pot
lolb0t: doesn't show hand 
*** SUMMARY ***
Total pot $0.25 | Rake $0 
Seat 1: Mahu2021 (button) folded before Flop (didn't bet)
Seat 2: foili (small blind) folded before Flop
Seat 3: Baratrum777 (big blind) folded before Flop
Seat 4: TarasViktorovic folded before Flop (didn't bet)
Seat 5: lolb0t collected ($0.25)
Seat 6: Calvis_lol folded before Flop (didn't bet)



PokerStars Zoom Hand #254542646944:  Hold'em No Limit ($0.05/$0.10) - 2025/01/25 9:41:44 CET [2025/01/25 3:41:44 ET]
Table 'Aludra' 6-max Seat #1 is the button
Seat 1: Bur1k ($5 in chips) 
Seat 2: TarasViktorovic ($19.48 in chips) 
Seat 3: Lampard10228 ($12.07 in chips) 
Seat 4: Baratrum777 ($10 in chips) 
Seat 5: Mahu2021 ($9.62 in chips) 
Seat 6: TomasHn ($10.15 in chips) 
TarasViktorovic: posts small blind $0.05
Lampard10228: posts big blind $0.10
*** HOLE CARDS ***
Dealt to Mahu2021 [Qc 8h]
Baratrum777: folds 
Mahu2021: folds 
TomasHn: folds 
Bur1k: folds 
TarasViktorovic: folds 
Uncalled bet ($0.05) returned to Lampard10228
Lampard10228 collected $0.10 from pot
Lampard10228: doesn't show hand 
*** SUMMARY ***
Total pot $0.10 | Rake $0 
Seat 1: Bur1k (button) folded before Flop (didn't bet)
Seat 2: TarasViktorovic (small blind) folded before Flop
Seat 3: Lampard10228 (big blind) collected ($0.10)
Seat 4: Baratrum777 folded before Flop (didn't bet)
Seat 5: Mahu2021 folded before Flop (didn't bet)
Seat 6: TomasHn folded before Flop (didn't bet)



PokerStars Zoom Hand #254542648049:  Hold'em No Limit ($0.05/$0.10) - 2025/01/25 9:41:55 CET [2025/01/25 3:41:55 ET]
Table 'Aludra' 6-max Seat #1 is the button
Seat 1: lolb0t ($10.42 in chips) 
Seat 2: Mahu2021 ($9.62 in chips) 
Seat 3: osfp7john ($18.57 in chips) 
Seat 4: A-materasu7777 ($10.77 in chips) 
Seat 5: Calvis_lol ($10.50 in chips) 
Seat 6: TarasViktorovic ($19.43 in chips) 
Mahu2021: posts small blind $0.05
osfp7john: posts big blind $0.10
*** HOLE CARDS ***
Dealt to Mahu2021 [3d 5c]
A-materasu7777: folds 
Calvis_lol: folds 
TarasViktorovic: folds 
lolb0t: raises $0.20 to $0.30
Mahu2021: folds 
osfp7john: calls $0.20
*** FLOP *** [Qs 2h 8h]
osfp7john: checks 
lolb0t: bets $0.31
osfp7john: calls $0.31
*** TURN *** [Qs 2h 8h] [7h]
osfp7john: checks 
lolb0t: checks 
*** RIVER *** [Qs 2h 8h 7h] [6d]
osfp7john: bets $0.91
lolb0t: folds 
Uncalled bet ($0.91) returned to osfp7john
osfp7john collected $1.21 from pot
osfp7john: doesn't show hand 
*** SUMMARY ***
Total pot $1.27 | Rake $0.06 
Board [Qs 2h 8h 7h 6d]
Seat 1: lolb0t (button) folded on the River
Seat 2: Mahu2021 (small blind) folded before Flop
Seat 3: osfp7john (big blind) collected ($1.21)
Seat 4: A-materasu7777 folded before Flop (didn't bet)
Seat 5: Calvis_lol folded before Flop (didn't bet)
Seat 6: TarasViktorovic folded before Flop (didn't bet)



PokerStars Zoom Hand #254542648853:  Hold'em No Limit ($0.05/$0.10) - 2025/01/25 9:42:05 CET [2025/01/25 3:42:05 ET]
Table 'Aludra' 6-max Seat #1 is the button
Seat 1: smoky fish 90 ($24.03 in chips) 
Seat 2: dali0511 ($22.52 in chips) 
Seat 3: Mahu2021 ($9.57 in chips) 
Seat 4: CELESTINA979 ($5.48 in chips) 
Seat 5: Calvis_lol ($11.80 in chips) 
Seat 6: Baratrum777 ($11.14 in chips) 
dali0511: posts small blind $0.05
Mahu2021: posts big blind $0.10
*** HOLE CARDS ***
Dealt to Mahu2021 [6c 2c]
CELESTINA979: calls $0.10
Calvis_lol: folds 
Baratrum777: folds 
smoky fish 90: folds 
dali0511: raises $1.10 to $1.20
Mahu2021: folds 
CELESTINA979: folds 
Uncalled bet ($1.10) returned to dali0511
dali0511 collected $0.30 from pot
dali0511: doesn't show hand 
*** SUMMARY ***
Total pot $0.30 | Rake $0 
Seat 1: smoky fish 90 (button) folded before Flop (didn't bet)
Seat 2: dali0511 (small blind) collected ($0.30)
Seat 3: Mahu2021 (big blind) folded before Flop
Seat 4: CELESTINA979 folded before Flop
Seat 5: Calvis_lol folded before Flop (didn't bet)
Seat 6: Baratrum777 folded before Flop (didn't bet)



PokerStars Zoom Hand #254542650701:  Hold'em No Limit ($0.05/$0.10) - 2025/01/25 9:42:24 CET [2025/01/25 3:42:24 ET]
Table 'Aludra' 6-max Seat #1 is the button
Seat 1: TomasHn ($10.34 in chips) 
Seat 2: Mahu2021 ($9.47 in chips) 
Seat 3: fasora ($10.79 in chips) 
Seat 4: lolb0t ($10 in chips) 
Seat 5: Lampard10228 ($12.22 in chips) 
Seat 6: Tedorini ($7.77 in chips) 
Mahu2021: posts small blind $0.05
fasora: posts big blind $0.10
*** HOLE CARDS ***
Dealt to Mahu2021 [4d 7h]
lolb0t: folds 
Lampard10228: folds 
Tedorini: folds 
TomasHn: folds 
Mahu2021: folds 
Uncalled bet ($0.05) returned to fasora
fasora collected $0.10 from pot
fasora: doesn't show hand 
*** SUMMARY ***
Total pot $0.10 | Rake $0 
Seat 1: TomasHn (button) folded before Flop (didn't bet)
Seat 2: Mahu2021 (small blind) folded before Flop
Seat 3: fasora (big blind) collected ($0.10)
Seat 4: lolb0t folded before Flop (didn't bet)
Seat 5: Lampard10228 folded before Flop (didn't bet)
Seat 6: Tedorini folded before Flop (didn't bet)



PokerStars Zoom Hand #254542648377:  Hold'em No Limit ($0.05/$0.10) - 2025/01/25 9:41:59 CET [2025/01/25 3:41:59 ET]
Table 'Aludra' 6-max Seat #1 is the button
Seat 1: crazy miki ($13.79 in chips) 
Seat 2: Calvis_lol ($10.50 in chips) 
Seat 3: TarasViktorovic ($19.43 in chips) 
Seat 4: Mahu2021 ($9.57 in chips) 
Seat 5: TomasHn ($11.97 in chips) 
Seat 6: dali0511 ($22.52 in chips) 
Calvis_lol: posts small blind $0.05
TarasViktorovic: posts big blind $0.10
*** HOLE CARDS ***
Dealt to Mahu2021 [8c 4s]
Mahu2021: folds 
TomasHn: folds 
dali0511: folds 
crazy miki: raises $0.10 to $0.20
Calvis_lol: folds 
TarasViktorovic: raises $0.95 to $1.15
crazy miki: calls $0.95
*** FLOP *** [Jh 3s 2d]
TarasViktorovic: bets $0.76
crazy miki: folds 
Uncalled bet ($0.76) returned to TarasViktorovic
TarasViktorovic collected $2.24 from pot
TarasViktorovic: doesn't show hand 
*** SUMMARY ***
Total pot $2.35 | Rake $0.11 
Board [Jh 3s 2d]
Seat 1: crazy miki (button) folded on the Flop
Seat 2: Calvis_lol (small blind) folded before Flop
Seat 3: TarasViktorovic (big blind) collected ($2.24)
Seat 4: Mahu2021 folded before Flop (didn't bet)
Seat 5: TomasHn folded before Flop (didn't bet)
Seat 6: dali0511 folded before Flop (didn't bet)



PokerStars Zoom Hand #254542651448:  Hold'em No Limit ($0.05/$0.10) - 2025/01/25 9:42:32 CET [2025/01/25 3:42:32 ET]
Table 'Aludra' 6-max Seat #1 is the button
Seat 1: t1a2n330 ($11.87 in chips) 
Seat 2: camilo13186 ($3.08 in chips) 
Seat 3: Tedorini ($7.77 in chips) 
Seat 4: fasora ($10.26 in chips) 
Seat 5: d11dozer ($8.30 in chips) 
Seat 6: Mahu2021 ($9.42 in chips) 
camilo13186: posts small blind $0.05
Tedorini: posts big blind $0.10
*** HOLE CARDS ***
Dealt to Mahu2021 [9h Qh]
fasora: raises $0.10 to $0.20
d11dozer: folds 
Mahu2021: calls $0.20
t1a2n330: folds 
camilo13186: folds 
Tedorini: folds 
*** FLOP *** [7h Jc Ks]
fasora: checks 
Mahu2021: checks 
*** TURN *** [7h Jc Ks] [2c]
fasora: checks 
Mahu2021: checks 
*** RIVER *** [7h Jc Ks 2c] [3h]
fasora: bets $0.17
Mahu2021: folds 
Uncalled bet ($0.17) returned to fasora
fasora collected $0.53 from pot
fasora: doesn't show hand 
*** SUMMARY ***
Total pot $0.55 | Rake $0.02 
Board [7h Jc Ks 2c 3h]
Seat 1: t1a2n330 (button) folded before Flop (didn't bet)
Seat 2: camilo13186 (small blind) folded before Flop
Seat 3: Tedorini (big blind) folded before Flop
Seat 4: fasora collected ($0.53)
Seat 5: d11dozer folded before Flop (didn't bet)
Seat 6: Mahu2021 folded on the River



PokerStars Zoom Hand #254542656522:  Hold'em No Limit ($0.05/$0.10) - 2025/01/25 9:43:29 CET [2025/01/25 3:43:29 ET]
Table 'Aludra' 6-max Seat #1 is the button
Seat 1: counsellor13 ($9.48 in chips) 
Seat 2: dali0511 ($22.62 in chips) 
Seat 3: mOberdan ($12.48 in chips) 
Seat 4: lolb0t ($10 in chips) 
Seat 5: kyus83 ($11.78 in chips) 
Seat 6: Mahu2021 ($9.12 in chips) 
dali0511: posts small blind $0.05
mOberdan: posts big blind $0.10
*** HOLE CARDS ***
Dealt to Mahu2021 [Qd 3c]
lolb0t: folds 
kyus83: folds 
Mahu2021: folds 
counsellor13: folds 
dali0511: folds 
Uncalled bet ($0.05) returned to mOberdan
mOberdan collected $0.10 from pot
mOberdan: doesn't show hand 
*** SUMMARY ***
Total pot $0.10 | Rake $0 
Seat 1: counsellor13 (button) folded before Flop (didn't bet)
Seat 2: dali0511 (small blind) folded before Flop
Seat 3: mOberdan (big blind) collected ($0.10)
Seat 4: lolb0t folded before Flop (didn't bet)
Seat 5: kyus83 folded before Flop (didn't bet)
Seat 6: Mahu2021 folded before Flop (didn't bet)



PokerStars Zoom Hand #254542656887:  Hold'em No Limit ($0.05/$0.10) - 2025/01/25 9:43:33 CET [2025/01/25 3:43:33 ET]
Table 'Aludra' 6-max Seat #1 is the button
Seat 1: lolb0t ($10 in chips) 
Seat 2: TarasViktorovic ($20.57 in chips) 
Seat 3: kyus83 ($11.78 in chips) 
Seat 4: Mahu2021 ($9.12 in chips) 
Seat 5: fasora ($10.79 in chips) 
Seat 6: TomasHn ($10 in chips) 
TarasViktorovic: posts small blind $0.05
kyus83: posts big blind $0.10
*** HOLE CARDS ***
Dealt to Mahu2021 [9h 4s]
Mahu2021: folds 
fasora: folds 
TomasHn: folds 
lolb0t: folds 
TarasViktorovic: folds 
Uncalled bet ($0.05) returned to kyus83
kyus83 collected $0.10 from pot
kyus83: doesn't show hand 
*** SUMMARY ***
Total pot $0.10 | Rake $0 
Seat 1: lolb0t (button) folded before Flop (didn't bet)
Seat 2: TarasViktorovic (small blind) folded before Flop
Seat 3: kyus83 (big blind) collected ($0.10)
Seat 4: Mahu2021 folded before Flop (didn't bet)
Seat 5: fasora folded before Flop (didn't bet)
Seat 6: TomasHn folded before Flop (didn't bet)



PokerStars Zoom Hand #254542657232:  Hold'em No Limit ($0.05/$0.10) - 2025/01/25 9:43:37 CET [2025/01/25 3:43:37 ET]
Table 'Aludra' 6-max Seat #1 is the button
Seat 1: t1a2n330 ($11.52 in chips) 
Seat 2: foggz ($13.50 in chips) 
Seat 3: fasora ($10.79 in chips) 
Seat 4: TomasHn ($10.66 in chips) 
Seat 5: Mahu2021 ($9.12 in chips) 
Seat 6: Calvis_lol ($10 in chips) 
foggz: posts small blind $0.05
fasora: posts big blind $0.10
*** HOLE CARDS ***
Dealt to Mahu2021 [5s Ts]
TomasHn: folds 
Mahu2021: folds 
Calvis_lol: folds 
t1a2n330: raises $0.10 to $0.20
foggz: folds 
fasora: folds 
Uncalled bet ($0.10) returned to t1a2n330
t1a2n330 collected $0.25 from pot
t1a2n330: doesn't show hand 
*** SUMMARY ***
Total pot $0.25 | Rake $0 
Seat 1: t1a2n330 (button) collected ($0.25)
Seat 2: foggz (small blind) folded before Flop
Seat 3: fasora (big blind) folded before Flop
Seat 4: TomasHn folded before Flop (didn't bet)
Seat 5: Mahu2021 folded before Flop (didn't bet)
Seat 6: Calvis_lol folded before Flop (didn't bet)



PokerStars Zoom Hand #254542654158:  Hold'em No Limit ($0.05/$0.10) - 2025/01/25 9:43:03 CET [2025/01/25 3:43:03 ET]
Table 'Aludra' 6-max Seat #1 is the button
Seat 1: Gongyong ($10 in chips) 
Seat 2: TomasHn ($10.05 in chips) 
Seat 3: Mahu2021 ($9.22 in chips) 
Seat 4: lolb0t ($10 in chips) 
Seat 5: dali0511 ($13.49 in chips) 
Seat 6: kloniss ($10.15 in chips) 
TomasHn: posts small blind $0.05
Mahu2021: posts big blind $0.10
*** HOLE CARDS ***
Dealt to Mahu2021 [5h Kd]
lolb0t: folds 
dali0511: folds 
kloniss: raises $0.12 to $0.22
Gongyong: raises $0.58 to $0.80
TomasHn: folds 
Mahu2021: folds 
kloniss: folds 
Uncalled bet ($0.58) returned to Gongyong
Gongyong collected $0.59 from pot
Gongyong: doesn't show hand 
*** SUMMARY ***
Total pot $0.59 | Rake $0 
Seat 1: Gongyong (button) collected ($0.59)
Seat 2: TomasHn (small blind) folded before Flop
Seat 3: Mahu2021 (big blind) folded before Flop
Seat 4: lolb0t folded before Flop (didn't bet)
Seat 5: dali0511 folded before Flop (didn't bet)
Seat 6: kloniss folded before Flop



PokerStars Zoom Hand #254542656154:  Hold'em No Limit ($0.05/$0.10) - 2025/01/25 9:43:25 CET [2025/01/25 3:43:25 ET]
Table 'Aludra' 6-max Seat #1 is the button
Seat 1: Mahu2021 ($9.12 in chips) 
Seat 2: Baratrum777 ($10.57 in chips) 
Seat 3: osfp7john ($31.81 in chips) 
Seat 4: mOberdan ($12.48 in chips) 
Seat 5: lolb0t ($10 in chips) 
Seat 6: Bur1k ($5.57 in chips) 
Baratrum777: posts small blind $0.05
osfp7john: posts big blind $0.10
*** HOLE CARDS ***
Dealt to Mahu2021 [4d Jc]
mOberdan: folds 
lolb0t: folds 
Bur1k: folds 
Mahu2021: folds 
Baratrum777: folds 
Uncalled bet ($0.05) returned to osfp7john
osfp7john collected $0.10 from pot
osfp7john: doesn't show hand 
*** SUMMARY ***
Total pot $0.10 | Rake $0 
Seat 1: Mahu2021 (button) folded before Flop (didn't bet)
Seat 2: Baratrum777 (small blind) folded before Flop
Seat 3: osfp7john (big blind) collected ($0.10)
Seat 4: mOberdan folded before Flop (didn't bet)
Seat 5: lolb0t folded before Flop (didn't bet)
Seat 6: Bur1k folded before Flop (didn't bet)



PokerStars Zoom Hand #254542657732:  Hold'em No Limit ($0.05/$0.10) - 2025/01/25 9:43:42 CET [2025/01/25 3:43:42 ET]
Table 'Aludra' 6-max Seat #1 is the button
Seat 1: Calvis_lol ($10.07 in chips) 
Seat 2: TomasHn ($10 in chips) 
Seat 3: smokeeiyy ($9.55 in chips) 
Seat 4: Mahu2021 ($9.12 in chips) 
Seat 5: TarasViktorovic ($20.52 in chips) 
Seat 6: foggz ($13.45 in chips) 
TomasHn: posts small blind $0.05
smokeeiyy: posts big blind $0.10
*** HOLE CARDS ***
Dealt to Mahu2021 [5s 3s]
Mahu2021: folds 
TarasViktorovic: folds 
foggz: folds 
Calvis_lol: folds 
TomasHn: raises $0.20 to $0.30
smokeeiyy: folds 
Uncalled bet ($0.20) returned to TomasHn
TomasHn collected $0.20 from pot
TomasHn: doesn't show hand 
*** SUMMARY ***
Total pot $0.20 | Rake $0 
Seat 1: Calvis_lol (button) folded before Flop (didn't bet)
Seat 2: TomasHn (small blind) collected ($0.20)
Seat 3: smokeeiyy (big blind) folded before Flop
Seat 4: Mahu2021 folded before Flop (didn't bet)
Seat 5: TarasViktorovic folded before Flop (didn't bet)
Seat 6: foggz folded before Flop (didn't bet)



PokerStars Zoom Hand #254542658083:  Hold'em No Limit ($0.05/$0.10) - 2025/01/25 9:43:46 CET [2025/01/25 3:43:46 ET]
Table 'Aludra' 6-max Seat #1 is the button
Seat 1: fasora ($10.69 in chips) 
Seat 2: Mahu2021 ($9.12 in chips) 
Seat 3: lolb0t ($10 in chips) 
Seat 4: steveno1983 ($15.86 in chips) 
Seat 5: CELESTINA979 ($5.08 in chips) 
Seat 6: TomasHn ($10.66 in chips) 
Mahu2021: posts small blind $0.05
lolb0t: posts big blind $0.10
*** HOLE CARDS ***
Dealt to Mahu2021 [9h 2d]
steveno1983: raises $0.20 to $0.30
CELESTINA979: folds 
TomasHn: folds 
fasora: folds 
Mahu2021: folds 
lolb0t: folds 
Uncalled bet ($0.20) returned to steveno1983
steveno1983 collected $0.25 from pot
steveno1983: doesn't show hand 
*** SUMMARY ***
Total pot $0.25 | Rake $0 
Seat 1: fasora (button) folded before Flop (didn't bet)
Seat 2: Mahu2021 (small blind) folded before Flop
Seat 3: lolb0t (big blind) folded before Flop
Seat 4: steveno1983 collected ($0.25)
Seat 5: CELESTINA979 folded before Flop (didn't bet)
Seat 6: TomasHn folded before Flop (didn't bet)



PokerStars Zoom Hand #254542655710:  Hold'em No Limit ($0.05/$0.10) - 2025/01/25 9:43:20 CET [2025/01/25 3:43:20 ET]
Table 'Aludra' 6-max Seat #1 is the button
Seat 1: steveno1983 ($16.16 in chips) 
Seat 2: smoky fish 90 ($24.25 in chips) 
Seat 3: A-materasu7777 ($11.97 in chips) 
Seat 4: lolb0t ($10.17 in chips) 
Seat 5: Mahu2021 ($9.12 in chips) 
Seat 6: fasora ($10.79 in chips) 
smoky fish 90: posts small blind $0.05
A-materasu7777: posts big blind $0.10
*** HOLE CARDS ***
Dealt to Mahu2021 [7c Jh]
lolb0t: folds 
Mahu2021: folds 
fasora: folds 
steveno1983: raises $0.20 to $0.30
smoky fish 90: raises $1.10 to $1.40
A-materasu7777: folds 
steveno1983: folds 
Uncalled bet ($1.10) returned to smoky fish 90
smoky fish 90 collected $0.70 from pot
smoky fish 90: doesn't show hand 
*** SUMMARY ***
Total pot $0.70 | Rake $0 
Seat 1: steveno1983 (button) folded before Flop
Seat 2: smoky fish 90 (small blind) collected ($0.70)
Seat 3: A-materasu7777 (big blind) folded before Flop
Seat 4: lolb0t folded before Flop (didn't bet)
Seat 5: Mahu2021 folded before Flop (didn't bet)
Seat 6: fasora folded before Flop (didn't bet)



PokerStars Zoom Hand #254542658549:  Hold'em No Limit ($0.05/$0.10) - 2025/01/25 9:43:51 CET [2025/01/25 3:43:51 ET]
Table 'Aludra' 6-max Seat #1 is the button
Seat 1: osfp7john ($31.86 in chips) 
Seat 2: Smallpotate ($10 in chips) 
Seat 3: Mahu2021 ($9.07 in chips) 
Seat 4: CELESTINA979 ($5.08 in chips) 
Seat 5: Bur1k ($5.67 in chips) 
Seat 6: t1a2n330 ($11.62 in chips) 
Smallpotate: posts small blind $0.05
Mahu2021: posts big blind $0.10
*** HOLE CARDS ***
Dealt to Mahu2021 [7h 2s]
CELESTINA979: calls $0.10
Bur1k: folds 
t1a2n330: folds 
osfp7john: folds 
Smallpotate: folds 
Mahu2021: checks 
*** FLOP *** [9d 5d Jd]
Mahu2021: checks 
CELESTINA979: bets $0.10
Mahu2021: folds 
Uncalled bet ($0.10) returned to CELESTINA979
CELESTINA979 collected $0.24 from pot
CELESTINA979: doesn't show hand 
*** SUMMARY ***
Total pot $0.25 | Rake $0.01 
Board [9d 5d Jd]
Seat 1: osfp7john (button) folded before Flop (didn't bet)
Seat 2: Smallpotate (small blind) folded before Flop
Seat 3: Mahu2021 (big blind) folded on the Flop
Seat 4: CELESTINA979 collected ($0.24)
Seat 5: Bur1k folded before Flop (didn't bet)
Seat 6: t1a2n330 folded before Flop (didn't bet)



PokerStars Zoom Hand #254542659936:  Hold'em No Limit ($0.05/$0.10) - 2025/01/25 9:44:06 CET [2025/01/25 3:44:06 ET]
Table 'Aludra' 6-max Seat #1 is the button
Seat 1: Mahu2021 ($8.97 in chips) 
Seat 2: TomasHn ($10 in chips) 
Seat 3: foggz ($13.60 in chips) 
Seat 4: lolb0t ($10.02 in chips) 
Seat 5: A-materasu7777 ($10 in chips) 
Seat 6: Tedorini ($7.62 in chips) 
TomasHn: posts small blind $0.05
foggz: posts big blind $0.10
*** HOLE CARDS ***
Dealt to Mahu2021 [8h Tc]
lolb0t: folds 
A-materasu7777: folds 
Tedorini: raises $0.25 to $0.35
Mahu2021: folds 
TomasHn: folds 
foggz: folds 
Uncalled bet ($0.25) returned to Tedorini
Tedorini collected $0.25 from pot
Tedorini: doesn't show hand 
*** SUMMARY ***
Total pot $0.25 | Rake $0 
Seat 1: Mahu2021 (button) folded before Flop (didn't bet)
Seat 2: TomasHn (small blind) folded before Flop
Seat 3: foggz (big blind) folded before Flop
Seat 4: lolb0t folded before Flop (didn't bet)
Seat 5: A-materasu7777 folded before Flop (didn't bet)
Seat 6: Tedorini collected ($0.25)



PokerStars Zoom Hand #254542660582:  Hold'em No Limit ($0.05/$0.10) - 2025/01/25 9:44:13 CET [2025/01/25 3:44:13 ET]
Table 'Aludra' 6-max Seat #1 is the button
Seat 1: dali0511 ($21.50 in chips) 
Seat 2: lolb0t ($10.64 in chips) 
Seat 3: Smallpotate ($10 in chips) 
Seat 4: A-materasu7777 ($10 in chips) 
Seat 5: FN BRICK ($19.55 in chips) 
Seat 6: Mahu2021 ($8.97 in chips) 
lolb0t: posts small blind $0.05
Smallpotate: posts big blind $0.10
*** HOLE CARDS ***
Dealt to Mahu2021 [3s 5s]
A-materasu7777: folds 
FN BRICK: folds 
Mahu2021: folds 
dali0511: raises $0.15 to $0.25
lolb0t: folds 
Smallpotate: folds 
Uncalled bet ($0.15) returned to dali0511
dali0511 collected $0.25 from pot
dali0511: doesn't show hand 
*** SUMMARY ***
Total pot $0.25 | Rake $0 
Seat 1: dali0511 (button) collected ($0.25)
Seat 2: lolb0t (small blind) folded before Flop
Seat 3: Smallpotate (big blind) folded before Flop
Seat 4: A-materasu7777 folded before Flop (didn't bet)
Seat 5: FN BRICK folded before Flop (didn't bet)
Seat 6: Mahu2021 folded before Flop (didn't bet)



PokerStars Zoom Hand #254542661231:  Hold'em No Limit ($0.05/$0.10) - 2025/01/25 9:44:20 CET [2025/01/25 3:44:20 ET]
Table 'Aludra' 6-max Seat #1 is the button
Seat 1: TJI6687 ($14.84 in chips) 
Seat 2: dali0511 ($22.62 in chips) 
Seat 3: Mahu2021 ($8.97 in chips) 
Seat 4: FN BRICK ($19.55 in chips) 
Seat 5: A-materasu7777 ($12.22 in chips) 
Seat 6: Baratrum777 ($11 in chips) 
dali0511: posts small blind $0.05
Mahu2021: posts big blind $0.10
*** HOLE CARDS ***
Dealt to Mahu2021 [4s Th]
FN BRICK: folds 
A-materasu7777: folds 
Baratrum777: raises $0.20 to $0.30
TJI6687: folds 
dali0511: folds 
Mahu2021: folds 
Uncalled bet ($0.20) returned to Baratrum777
Baratrum777 collected $0.25 from pot
Baratrum777: doesn't show hand 
*** SUMMARY ***
Total pot $0.25 | Rake $0 
Seat 1: TJI6687 (button) folded before Flop (didn't bet)
Seat 2: dali0511 (small blind) folded before Flop
Seat 3: Mahu2021 (big blind) folded before Flop
Seat 4: FN BRICK folded before Flop (didn't bet)
Seat 5: A-materasu7777 folded before Flop (didn't bet)
Seat 6: Baratrum777 collected ($0.25)



PokerStars Zoom Hand #254542662066:  Hold'em No Limit ($0.05/$0.10) - 2025/01/25 9:44:29 CET [2025/01/25 3:44:29 ET]
Table 'Aludra' 6-max Seat #1 is the button
Seat 1: TomasHn ($12.45 in chips) 
Seat 2: FN BRICK ($19.55 in chips) 
Seat 3: dali0511 ($13.64 in chips) 
Seat 4: Calvis_lol ($12.37 in chips) 
Seat 5: Mahu2021 ($8.87 in chips) 
Seat 6: A-materasu7777 ($12.22 in chips) 
FN BRICK: posts small blind $0.05
dali0511: posts big blind $0.10
*** HOLE CARDS ***
Dealt to Mahu2021 [5d 2d]
Calvis_lol: folds 
Mahu2021: folds 
A-materasu7777: folds 
TomasHn: folds 
FN BRICK: raises $0.10 to $0.20
dali0511: folds 
Uncalled bet ($0.10) returned to FN BRICK
FN BRICK collected $0.20 from pot
FN BRICK: doesn't show hand 
*** SUMMARY ***
Total pot $0.20 | Rake $0 
Seat 1: TomasHn (button) folded before Flop (didn't bet)
Seat 2: FN BRICK (small blind) collected ($0.20)
Seat 3: dali0511 (big blind) folded before Flop
Seat 4: Calvis_lol folded before Flop (didn't bet)
Seat 5: Mahu2021 folded before Flop (didn't bet)
Seat 6: A-materasu7777 folded before Flop (didn't bet)



PokerStars Zoom Hand #254542662503:  Hold'em No Limit ($0.05/$0.10) - 2025/01/25 9:44:34 CET [2025/01/25 3:44:34 ET]
Table 'Aludra' 6-max Seat #1 is the button
Seat 1: Mahu2021 ($8.87 in chips) 
Seat 2: Calvis_lol ($12.37 in chips) 
Seat 3: counsellor13 ($9.63 in chips) 
Seat 4: hiding.by ($10 in chips) 
Seat 5: Smallpotate ($10 in chips) 
Seat 6: Lampard10228 ($10.67 in chips) 
Calvis_lol: posts small blind $0.05
counsellor13: posts big blind $0.10
*** HOLE CARDS ***
Dealt to Mahu2021 [Td 6s]
hiding.by: raises $0.20 to $0.30
Smallpotate: folds 
Lampard10228: folds 
Mahu2021: folds 
Calvis_lol: folds 
counsellor13: calls $0.20
*** FLOP *** [7d 9d Qs]
counsellor13: checks 
hiding.by: bets $0.41
counsellor13: folds 
Uncalled bet ($0.41) returned to hiding.by
hiding.by collected $0.62 from pot
hiding.by: doesn't show hand 
*** SUMMARY ***
Total pot $0.65 | Rake $0.03 
Board [7d 9d Qs]
Seat 1: Mahu2021 (button) folded before Flop (didn't bet)
Seat 2: Calvis_lol (small blind) folded before Flop
Seat 3: counsellor13 (big blind) folded on the Flop
Seat 4: hiding.by collected ($0.62)
Seat 5: Smallpotate folded before Flop (didn't bet)
Seat 6: Lampard10228 folded before Flop (didn't bet)



PokerStars Zoom Hand #254542662875:  Hold'em No Limit ($0.05/$0.10) - 2025/01/25 9:44:38 CET [2025/01/25 3:44:38 ET]
Table 'Aludra' 6-max Seat #1 is the button
Seat 1: stedy_eddie ($14.75 in chips) 
Seat 2: Mahu2021 ($8.87 in chips) 
Seat 3: A-materasu7777 ($10 in chips) 
Seat 4: osfp7john ($19.51 in chips) 
Seat 5: kloniss ($9.93 in chips) 
Seat 6: mOberdan ($11.63 in chips) 
Mahu2021: posts small blind $0.05
A-materasu7777: posts big blind $0.10
*** HOLE CARDS ***
Dealt to Mahu2021 [Qh As]
osfp7john: folds 
kloniss: folds 
mOberdan: folds 
stedy_eddie: raises $0.20 to $0.30
Mahu2021: calls $0.25
A-materasu7777: folds 
*** FLOP *** [Kd Qs 6d]
Mahu2021: checks 
stedy_eddie: bets $0.20
Mahu2021: calls $0.20
*** TURN *** [Kd Qs 6d] [Ad]
Mahu2021: checks 
stedy_eddie: checks 
*** RIVER *** [Kd Qs 6d Ad] [5d]
Mahu2021: bets $1.05
stedy_eddie: folds 
Uncalled bet ($1.05) returned to Mahu2021
Mahu2021 collected $1.05 from pot
Mahu2021: doesn't show hand 
*** SUMMARY ***
Total pot $1.10 | Rake $0.05 
Board [Kd Qs 6d Ad 5d]
Seat 1: stedy_eddie (button) folded on the River
Seat 2: Mahu2021 (small blind) collected ($1.05)
Seat 3: A-materasu7777 (big blind) folded before Flop
Seat 4: osfp7john folded before Flop (didn't bet)
Seat 5: kloniss folded before Flop (didn't bet)
Seat 6: mOberdan folded before Flop (didn't bet)



PokerStars Zoom Hand #254542666972:  Hold'em No Limit ($0.05/$0.10) - 2025/01/25 9:45:22 CET [2025/01/25 3:45:22 ET]
Table 'Aludra' 6-max Seat #1 is the button
Seat 1: emmachan415 ($10 in chips) 
Seat 2: osfp7john ($31.71 in chips) 
Seat 3: kyus83 ($11.02 in chips) 
Seat 4: Baratrum777 ($10.05 in chips) 
Seat 5: Bur1k ($5.42 in chips) 
Seat 6: Mahu2021 ($9.42 in chips) 
osfp7john: posts small blind $0.05
kyus83: posts big blind $0.10
*** HOLE CARDS ***
Dealt to Mahu2021 [7c Jc]
Baratrum777: folds 
Bur1k: folds 
Mahu2021: folds 
emmachan415: raises $0.15 to $0.25
osfp7john: folds 
kyus83: folds 
Uncalled bet ($0.15) returned to emmachan415
emmachan415 collected $0.25 from pot
emmachan415: doesn't show hand 
*** SUMMARY ***
Total pot $0.25 | Rake $0 
Seat 1: emmachan415 (button) collected ($0.25)
Seat 2: osfp7john (small blind) folded before Flop
Seat 3: kyus83 (big blind) folded before Flop
Seat 4: Baratrum777 folded before Flop (didn't bet)
Seat 5: Bur1k folded before Flop (didn't bet)
Seat 6: Mahu2021 folded before Flop (didn't bet)



PokerStars Zoom Hand #254542667329:  Hold'em No Limit ($0.05/$0.10) - 2025/01/25 9:45:26 CET [2025/01/25 3:45:26 ET]
Table 'Aludra' 6-max Seat #1 is the button
Seat 1: lolb0t ($10 in chips) 
Seat 2: fasora ($11.69 in chips) 
Seat 3: counsellor13 ($9.28 in chips) 
Seat 4: Mahu2021 ($9.42 in chips) 
Seat 5: steveno1983 ($16.16 in chips) 
Seat 6: Baratrum777 ($10 in chips) 
fasora: posts small blind $0.05
counsellor13: posts big blind $0.10
*** HOLE CARDS ***
Dealt to Mahu2021 [8h 9s]
Mahu2021: folds 
steveno1983: raises $0.20 to $0.30
Baratrum777: folds 
lolb0t: raises $0.75 to $1.05
fasora: folds 
counsellor13: folds 
steveno1983: calls $0.75
*** FLOP *** [2h Jc 8s]
steveno1983: checks 
lolb0t: bets $1.08
steveno1983: calls $1.08
*** TURN *** [2h Jc 8s] [9c]
steveno1983: checks 
lolb0t: checks 
*** RIVER *** [2h Jc 8s 9c] [2s]
steveno1983: bets $4.21
lolb0t: folds 
Uncalled bet ($4.21) returned to steveno1983
steveno1983 collected $4.21 from pot
steveno1983: doesn't show hand 
*** SUMMARY ***
Total pot $4.41 | Rake $0.20 
Board [2h Jc 8s 9c 2s]
Seat 1: lolb0t (button) folded on the River
Seat 2: fasora (small blind) folded before Flop
Seat 3: counsellor13 (big blind) folded before Flop
Seat 4: Mahu2021 folded before Flop (didn't bet)
Seat 5: steveno1983 collected ($4.21)
Seat 6: Baratrum777 folded before Flop (didn't bet)



PokerStars Zoom Hand #254542674302:  Hold'em No Limit ($0.05/$0.10) - 2025/01/25 9:46:41 CET [2025/01/25 3:46:41 ET]
Table 'Aludra' 6-max Seat #1 is the button
Seat 1: tov.Suhov1 ($10 in chips) 
Seat 2: fasora ($11.49 in chips) 
Seat 3: osfp7john ($31.66 in chips) 
Seat 4: foggz ($11.14 in chips) 
Seat 5: Mahu2021 ($9.42 in chips) 
Seat 6: dali0511 ($22.22 in chips) 
fasora: posts small blind $0.05
osfp7john: posts big blind $0.10
*** HOLE CARDS ***
Dealt to Mahu2021 [Jd 7h]
foggz: folds 
Mahu2021: folds 
dali0511: raises $0.15 to $0.25
tov.Suhov1: folds 
fasora: folds 
osfp7john: folds 
Uncalled bet ($0.15) returned to dali0511
dali0511 collected $0.25 from pot
dali0511: doesn't show hand 
*** SUMMARY ***
Total pot $0.25 | Rake $0 
Seat 1: tov.Suhov1 (button) folded before Flop (didn't bet)
Seat 2: fasora (small blind) folded before Flop
Seat 3: osfp7john (big blind) folded before Flop
Seat 4: foggz folded before Flop (didn't bet)
Seat 5: Mahu2021 folded before Flop (didn't bet)
Seat 6: dali0511 collected ($0.25)



PokerStars Zoom Hand #254542675187:  Hold'em No Limit ($0.05/$0.10) - 2025/01/25 9:46:51 CET [2025/01/25 3:46:51 ET]
Table 'Aludra' 6-max Seat #1 is the button
Seat 1: snake oil 12 ($14.37 in chips) 
Seat 2: Mahu2021 ($9.42 in chips) 
Seat 3: Smallpotate ($10.31 in chips) 
Seat 4: TomasHn ($10.10 in chips) 
Seat 5: hiding.by ($10 in chips) 
Seat 6: crazy miki ($10.68 in chips) 
Mahu2021: posts small blind $0.05
Smallpotate: posts big blind $0.10
*** HOLE CARDS ***
Dealt to Mahu2021 [2s 8d]
TomasHn: folds 
hiding.by: folds 
crazy miki: folds 
snake oil 12: folds 
Mahu2021: folds 
Uncalled bet ($0.05) returned to Smallpotate
Smallpotate collected $0.10 from pot
Smallpotate: doesn't show hand 
*** SUMMARY ***
Total pot $0.10 | Rake $0 
Seat 1: snake oil 12 (button) folded before Flop (didn't bet)
Seat 2: Mahu2021 (small blind) folded before Flop
Seat 3: Smallpotate (big blind) collected ($0.10)
Seat 4: TomasHn folded before Flop (didn't bet)
Seat 5: hiding.by folded before Flop (didn't bet)
Seat 6: crazy miki folded before Flop (didn't bet)



PokerStars Zoom Hand #254542674834:  Hold'em No Limit ($0.05/$0.10) - 2025/01/25 9:46:47 CET [2025/01/25 3:46:47 ET]
Table 'Aludra' 6-max Seat #1 is the button
Seat 1: A-materasu7777 ($11.55 in chips) 
Seat 2: t1a2n330 ($10.76 in chips) 
Seat 3: Bur1k ($6.35 in chips) 
Seat 4: Mahu2021 ($9.42 in chips) 
Seat 5: fasora ($11.44 in chips) 
Seat 6: Calvis_lol ($11.57 in chips) 
t1a2n330: posts small blind $0.05
Bur1k: posts big blind $0.10
*** HOLE CARDS ***
Dealt to Mahu2021 [Ts 4s]
Mahu2021: folds 
fasora: raises $0.10 to $0.20
Calvis_lol: folds 
A-materasu7777: raises $0.55 to $0.75
t1a2n330: folds 
Bur1k: folds 
fasora: calls $0.55
*** FLOP *** [9d 7d Qc]
fasora: checks 
A-materasu7777: bets $0.40
fasora: folds 
Uncalled bet ($0.40) returned to A-materasu7777
A-materasu7777 collected $1.58 from pot
A-materasu7777: doesn't show hand 
*** SUMMARY ***
Total pot $1.65 | Rake $0.07 
Board [9d 7d Qc]
Seat 1: A-materasu7777 (button) collected ($1.58)
Seat 2: t1a2n330 (small blind) folded before Flop
Seat 3: Bur1k (big blind) folded before Flop
Seat 4: Mahu2021 folded before Flop (didn't bet)
Seat 5: fasora folded on the Flop
Seat 6: Calvis_lol folded before Flop (didn't bet)



PokerStars Zoom Hand #254542676754:  Hold'em No Limit ($0.05/$0.10) - 2025/01/25 9:47:08 CET [2025/01/25 3:47:08 ET]
Table 'Aludra' 6-max Seat #1 is the button
Seat 1: crazy miki ($10.63 in chips) 
Seat 2: steveno1983 ($27.79 in chips) 
Seat 3: Mahu2021 ($9.37 in chips) 
Seat 4: t1a2n330 ($10.71 in chips) 
Seat 5: Spew82 ($6.24 in chips) 
Seat 6: kyus83 ($10.72 in chips) 
steveno1983: posts small blind $0.05
Mahu2021: posts big blind $0.10
*** HOLE CARDS ***
Dealt to Mahu2021 [Qc Kc]
t1a2n330: raises $0.20 to $0.30
Spew82: folds 
kyus83: folds 
crazy miki: folds 
steveno1983: folds 
Mahu2021: calls $0.20
*** FLOP *** [Qd 3d 2h]
Mahu2021: checks 
t1a2n330: checks 
*** TURN *** [Qd 3d 2h] [Ts]
Mahu2021: bets $0.30
t1a2n330: calls $0.30
*** RIVER *** [Qd 3d 2h Ts] [9c]
Mahu2021: bets $0.30
t1a2n330: calls $0.30
*** SHOW DOWN ***
Mahu2021: shows [Qc Kc] (a pair of Queens)
t1a2n330: mucks hand 
Mahu2021 collected $1.77 from pot
*** SUMMARY ***
Total pot $1.85 | Rake $0.08 
Board [Qd 3d 2h Ts 9c]
Seat 1: crazy miki (button) folded before Flop (didn't bet)
Seat 2: steveno1983 (small blind) folded before Flop
Seat 3: Mahu2021 (big blind) showed [Qc Kc] and won ($1.77) with a pair of Queens
Seat 4: t1a2n330 mucked [Js Jc]
Seat 5: Spew82 folded before Flop (didn't bet)
Seat 6: kyus83 folded before Flop (didn't bet)



PokerStars Zoom Hand #254542679227:  Hold'em No Limit ($0.05/$0.10) - 2025/01/25 9:47:35 CET [2025/01/25 3:47:35 ET]
Table 'Aludra' 6-max Seat #1 is the button
Seat 1: osfp7john ($40.25 in chips) 
Seat 2: steveno1983 ($27.79 in chips) 
Seat 3: lolb0t ($10 in chips) 
Seat 4: t1a2n330 ($9.81 in chips) 
Seat 5: 00O-2Z ($10 in chips) 
Seat 6: Mahu2021 ($10.24 in chips) 
steveno1983: posts small blind $0.05
lolb0t: posts big blind $0.10
*** HOLE CARDS ***
Dealt to Mahu2021 [Kh 8c]
t1a2n330: raises $0.20 to $0.30
00O-2Z: folds 
Mahu2021: folds 
osfp7john: folds 
steveno1983: folds 
lolb0t: folds 
Uncalled bet ($0.20) returned to t1a2n330
t1a2n330 collected $0.25 from pot
t1a2n330: doesn't show hand 
*** SUMMARY ***
Total pot $0.25 | Rake $0 
Seat 1: osfp7john (button) folded before Flop (didn't bet)
Seat 2: steveno1983 (small blind) folded before Flop
Seat 3: lolb0t (big blind) folded before Flop
Seat 4: t1a2n330 collected ($0.25)
Seat 5: 00O-2Z folded before Flop (didn't bet)
Seat 6: Mahu2021 folded before Flop (didn't bet)



PokerStars Zoom Hand #254542675527:  Hold'em No Limit ($0.05/$0.10) - 2025/01/25 9:46:55 CET [2025/01/25 3:46:55 ET]
Table 'Aludra' 6-max Seat #1 is the button
Seat 1: Mahu2021 ($9.37 in chips) 
Seat 2: lolb0t ($10.94 in chips) 
Seat 3: KaizenTummo ($13.03 in chips) 
Seat 4: crazy miki ($10.68 in chips) 
Seat 5: TJI6687 ($15.62 in chips) 
Seat 6: SkunkBoy77 ($10 in chips) 
lolb0t: posts small blind $0.05
KaizenTummo: posts big blind $0.10
*** HOLE CARDS ***
Dealt to Mahu2021 [Jd 5d]
crazy miki: folds 
TJI6687: raises $0.10 to $0.20
SkunkBoy77: raises $0.30 to $0.50
Mahu2021: folds 
lolb0t: folds 
KaizenTummo: folds 
TJI6687: calls $0.30
*** FLOP *** [8c 2s Kd]
TJI6687: checks 
SkunkBoy77: bets $0.45
TJI6687: calls $0.45
*** TURN *** [8c 2s Kd] [Ah]
TJI6687: checks 
SkunkBoy77: bets $1.30
TJI6687: calls $1.30
*** RIVER *** [8c 2s Kd Ah] [5c]
TJI6687: checks 
SkunkBoy77: bets $7.75 and is all-in
TJI6687: calls $7.75
*** SHOW DOWN ***
SkunkBoy77: shows [Ac 2c] (two pair, Aces and Deuces)
TJI6687: shows [As 8d] (two pair, Aces and Eights)
TJI6687 collected $19.24 from pot
*** SUMMARY ***
Total pot $20.15 | Rake $0.91 
Board [8c 2s Kd Ah 5c]
Seat 1: Mahu2021 (button) folded before Flop (didn't bet)
Seat 2: lolb0t (small blind) folded before Flop
Seat 3: KaizenTummo (big blind) folded before Flop
Seat 4: crazy miki folded before Flop (didn't bet)
Seat 5: TJI6687 showed [As 8d] and won ($19.24) with two pair, Aces and Eights
Seat 6: SkunkBoy77 showed [Ac 2c] and lost with two pair, Aces and Deuces



PokerStars Zoom Hand #254542680154:  Hold'em No Limit ($0.05/$0.10) - 2025/01/25 9:47:45 CET [2025/01/25 3:47:45 ET]
Table 'Aludra' 6-max Seat #1 is the button
Seat 1: mOberdan ($10.62 in chips) 
Seat 2: stedy_eddie ($12.75 in chips) 
Seat 3: t1a2n330 ($9.96 in chips) 
Seat 4: osfp7john ($40.25 in chips) 
Seat 5: Mahu2021 ($10.24 in chips) 
Seat 6: Bur1k ($5.12 in chips) 
stedy_eddie: posts small blind $0.05
t1a2n330: posts big blind $0.10
*** HOLE CARDS ***
Dealt to Mahu2021 [7h Ts]
osfp7john: folds 
Mahu2021: folds 
Bur1k: folds 
mOberdan: folds 
stedy_eddie: folds 
Uncalled bet ($0.05) returned to t1a2n330
t1a2n330 collected $0.10 from pot
t1a2n330: doesn't show hand 
*** SUMMARY ***
Total pot $0.10 | Rake $0 
Seat 1: mOberdan (button) folded before Flop (didn't bet)
Seat 2: stedy_eddie (small blind) folded before Flop
Seat 3: t1a2n330 (big blind) collected ($0.10)
Seat 4: osfp7john folded before Flop (didn't bet)
Seat 5: Mahu2021 folded before Flop (didn't bet)
Seat 6: Bur1k folded before Flop (didn't bet)



PokerStars Zoom Hand #254542680706:  Hold'em No Limit ($0.05/$0.10) - 2025/01/25 9:47:51 CET [2025/01/25 3:47:51 ET]
Table 'Aludra' 6-max Seat #1 is the button
Seat 1: Smallpotate ($10.46 in chips) 
Seat 2: dali0511 ($22.12 in chips) 
Seat 3: TomasHn ($10.05 in chips) 
Seat 4: Mahu2021 ($10.24 in chips) 
Seat 5: TarasViktorovic ($21.08 in chips) 
Seat 6: stedy_eddie ($12.70 in chips) 
dali0511: posts small blind $0.05
TomasHn: posts big blind $0.10
*** HOLE CARDS ***
Dealt to Mahu2021 [7d 7h]
Mahu2021: raises $0.14 to $0.24
TarasViktorovic: folds 
stedy_eddie: folds 
Smallpotate: calls $0.24
dali0511: folds 
TomasHn: folds 
*** FLOP *** [Tc 4d 3c]
Mahu2021: checks 
Smallpotate: checks 
*** TURN *** [Tc 4d 3c] [Ah]
Mahu2021: checks 
Smallpotate: bets $0.60
Mahu2021: folds 
Uncalled bet ($0.60) returned to Smallpotate
Smallpotate collected $0.60 from pot
Smallpotate: doesn't show hand 
*** SUMMARY ***
Total pot $0.63 | Rake $0.03 
Board [Tc 4d 3c Ah]
Seat 1: Smallpotate (button) collected ($0.60)
Seat 2: dali0511 (small blind) folded before Flop
Seat 3: TomasHn (big blind) folded before Flop
Seat 4: Mahu2021 folded on the Turn
Seat 5: TarasViktorovic folded before Flop (didn't bet)
Seat 6: stedy_eddie folded before Flop (didn't bet)



PokerStars Zoom Hand #254542682884:  Hold'em No Limit ($0.05/$0.10) - 2025/01/25 9:48:15 CET [2025/01/25 3:48:15 ET]
Table 'Aludra' 6-max Seat #1 is the button
Seat 1: Baratrum777 ($10.14 in chips) 
Seat 2: camilo13186 ($3.84 in chips) 
Seat 3: Mahu2021 ($10 in chips) 
Seat 4: TomasHn ($14.31 in chips) 
Seat 5: kloniss ($9.80 in chips) 
Seat 6: lolb0t ($10.64 in chips) 
camilo13186: posts small blind $0.05
Mahu2021: posts big blind $0.10
*** HOLE CARDS ***
Dealt to Mahu2021 [8h Ad]
TomasHn: folds 
kloniss: folds 
lolb0t: folds 
Baratrum777: raises $0.14 to $0.24
camilo13186: folds 
Mahu2021: calls $0.14
*** FLOP *** [Td 7d 5c]
Mahu2021: checks 
Baratrum777: checks 
*** TURN *** [Td 7d 5c] [8s]
Mahu2021: bets $0.30
Baratrum777: calls $0.30
*** RIVER *** [Td 7d 5c 8s] [2c]
Mahu2021: bets $0.30
Baratrum777: folds 
Uncalled bet ($0.30) returned to Mahu2021
Mahu2021 collected $1.08 from pot
Mahu2021: doesn't show hand 
*** SUMMARY ***
Total pot $1.13 | Rake $0.05 
Board [Td 7d 5c 8s 2c]
Seat 1: Baratrum777 (button) folded on the River
Seat 2: camilo13186 (small blind) folded before Flop
Seat 3: Mahu2021 (big blind) collected ($1.08)
Seat 4: TomasHn folded before Flop (didn't bet)
Seat 5: kloniss folded before Flop (didn't bet)
Seat 6: lolb0t folded before Flop (didn't bet)



PokerStars Zoom Hand #254542687664:  Hold'em No Limit ($0.05/$0.10) - 2025/01/25 9:49:07 CET [2025/01/25 3:49:07 ET]
Table 'Aludra' 6-max Seat #1 is the button
Seat 1: TarasViktorovic ($21.08 in chips) 
Seat 2: seatrout37 ($9.14 in chips) 
Seat 3: mOberdan ($15.75 in chips) 
Seat 4: johnwall100 ($11.20 in chips) 
Seat 5: Mahu2021 ($10.49 in chips) 
Seat 6: TomasHn ($13.04 in chips) 
seatrout37: posts small blind $0.05
mOberdan: posts big blind $0.10
*** HOLE CARDS ***
Dealt to Mahu2021 [3h Ac]
johnwall100: folds 
Mahu2021: folds 
TomasHn: raises $0.15 to $0.25
TarasViktorovic: folds 
seatrout37: folds 
mOberdan: folds 
Uncalled bet ($0.15) returned to TomasHn
TomasHn collected $0.25 from pot
TomasHn: doesn't show hand 
*** SUMMARY ***
Total pot $0.25 | Rake $0 
Seat 1: TarasViktorovic (button) folded before Flop (didn't bet)
Seat 2: seatrout37 (small blind) folded before Flop
Seat 3: mOberdan (big blind) folded before Flop
Seat 4: johnwall100 folded before Flop (didn't bet)
Seat 5: Mahu2021 folded before Flop (didn't bet)
Seat 6: TomasHn collected ($0.25)



PokerStars Zoom Hand #254542686467:  Hold'em No Limit ($0.05/$0.10) - 2025/01/25 9:48:54 CET [2025/01/25 3:48:54 ET]
Table 'Aludra' 6-max Seat #1 is the button
Seat 1: Mahu2021 ($10.54 in chips) 
Seat 2: t1a2n330 ($9.59 in chips) 
Seat 3: tov.Suhov1 ($10.52 in chips) 
Seat 4: Tedorini ($8.19 in chips) 
Seat 5: TomasHn ($16.44 in chips) 
Seat 6: Baratrum777 ($10 in chips) 
t1a2n330: posts small blind $0.05
tov.Suhov1: posts big blind $0.10
*** HOLE CARDS ***
Dealt to Mahu2021 [7c 2c]
Tedorini: folds 
TomasHn: folds 
Baratrum777: folds 
Mahu2021: folds 
t1a2n330: raises $0.10 to $0.20
tov.Suhov1: calls $0.10
*** FLOP *** [Td Qd Ah]
t1a2n330: bets $0.19
tov.Suhov1: folds 
Uncalled bet ($0.19) returned to t1a2n330
t1a2n330 collected $0.38 from pot
t1a2n330: doesn't show hand 
*** SUMMARY ***
Total pot $0.40 | Rake $0.02 
Board [Td Qd Ah]
Seat 1: Mahu2021 (button) folded before Flop (didn't bet)
Seat 2: t1a2n330 (small blind) collected ($0.38)
Seat 3: tov.Suhov1 (big blind) folded on the Flop
Seat 4: Tedorini folded before Flop (didn't bet)
Seat 5: TomasHn folded before Flop (didn't bet)
Seat 6: Baratrum777 folded before Flop (didn't bet)



PokerStars Zoom Hand #254542686854:  Hold'em No Limit ($0.05/$0.10) - 2025/01/25 9:48:58 CET [2025/01/25 3:48:58 ET]
Table 'Aludra' 6-max Seat #1 is the button
Seat 1: steveno1983 ($9.90 in chips) 
Seat 2: Mahu2021 ($10.54 in chips) 
Seat 3: dali0511 ($11.64 in chips) 
Seat 4: crazy miki ($9.88 in chips) 
Seat 5: fasora ($10.97 in chips) 
Seat 6: TJI6687 ($24.16 in chips) 
Mahu2021: posts small blind $0.05
dali0511: posts big blind $0.10
*** HOLE CARDS ***
Dealt to Mahu2021 [Ad 2s]
crazy miki: folds 
fasora: folds 
TJI6687: raises $0.20 to $0.30
steveno1983: folds 
Mahu2021: folds 
dali0511: calls $0.20
*** FLOP *** [Qc 9d Th]
dali0511: checks 
TJI6687: bets $0.31
dali0511: raises $0.74 to $1.05
TJI6687: raises $22.81 to $23.86 and is all-in
dali0511: calls $10.29 and is all-in
Uncalled bet ($12.52) returned to TJI6687
*** TURN *** [Qc 9d Th] [2d]
*** RIVER *** [Qc 9d Th 2d] [3h]
*** SHOW DOWN ***
dali0511: shows [Ts Tc] (three of a kind, Tens)
TJI6687: shows [Ac As] (a pair of Aces)
dali0511 collected $22.28 from pot
*** SUMMARY ***
Total pot $23.33 | Rake $1.05 
Board [Qc 9d Th 2d 3h]
Seat 1: steveno1983 (button) folded before Flop (didn't bet)
Seat 2: Mahu2021 (small blind) folded before Flop
Seat 3: dali0511 (big blind) showed [Ts Tc] and won ($22.28) with three of a kind, Tens
Seat 4: crazy miki folded before Flop (didn't bet)
Seat 5: fasora folded before Flop (didn't bet)
Seat 6: TJI6687 showed [Ac As] and lost with a pair of Aces



PokerStars Zoom Hand #254542688104:  Hold'em No Limit ($0.05/$0.10) - 2025/01/25 9:49:12 CET [2025/01/25 3:49:12 ET]
Table 'Aludra' 6-max Seat #1 is the button
Seat 1: dali0511 ($14.32 in chips) 
Seat 2: lolb0t ($10.80 in chips) 
Seat 3: mOberdan ($10 in chips) 
Seat 4: Mahu2021 ($10.49 in chips) 
Seat 5: Smallpotate ($11.73 in chips) 
Seat 6: tov.Suhov1 ($11.78 in chips) 
lolb0t: posts small blind $0.05
mOberdan: posts big blind $0.10
*** HOLE CARDS ***
Dealt to Mahu2021 [Td 2d]
Mahu2021: folds 
Smallpotate: folds 
tov.Suhov1: raises $0.15 to $0.25
dali0511: raises $0.55 to $0.80
lolb0t: folds 
mOberdan: folds 
tov.Suhov1: folds 
Uncalled bet ($0.55) returned to dali0511
dali0511 collected $0.65 from pot
dali0511: doesn't show hand 
*** SUMMARY ***
Total pot $0.65 | Rake $0 
Seat 1: dali0511 (button) collected ($0.65)
Seat 2: lolb0t (small blind) folded before Flop
Seat 3: mOberdan (big blind) folded before Flop
Seat 4: Mahu2021 folded before Flop (didn't bet)
Seat 5: Smallpotate folded before Flop (didn't bet)
Seat 6: tov.Suhov1 folded before Flop



PokerStars Zoom Hand #254542688458:  Hold'em No Limit ($0.05/$0.10) - 2025/01/25 9:49:16 CET [2025/01/25 3:49:16 ET]
Table 'Aludra' 6-max Seat #1 is the button
Seat 1: Calvis_lol ($11.62 in chips) 
Seat 2: Wii G Bored ($22.83 in chips) 
Seat 3: Mahu2021 ($10.49 in chips) 
Seat 4: crazy miki ($9.88 in chips) 
Seat 5: Sluggie14 ($11.88 in chips) 
Seat 6: TomasHn ($14.55 in chips) 
Wii G Bored: posts small blind $0.05
Mahu2021: posts big blind $0.10
*** HOLE CARDS ***
Dealt to Mahu2021 [Jd Jh]
crazy miki: folds 
Sluggie14: folds 
TomasHn: raises $0.15 to $0.25
Calvis_lol: folds 
Wii G Bored: folds 
Mahu2021: raises $0.65 to $0.90
TomasHn: raises $1.60 to $2.50
Mahu2021: folds 
Uncalled bet ($1.60) returned to TomasHn
TomasHn collected $1.85 from pot
TomasHn: doesn't show hand 
*** SUMMARY ***
Total pot $1.85 | Rake $0 
Seat 1: Calvis_lol (button) folded before Flop (didn't bet)
Seat 2: Wii G Bored (small blind) folded before Flop
Seat 3: Mahu2021 (big blind) folded before Flop
Seat 4: crazy miki folded before Flop (didn't bet)
Seat 5: Sluggie14 folded before Flop (didn't bet)
Seat 6: TomasHn collected ($1.85)



PokerStars Zoom Hand #254542687280:  Hold'em No Limit ($0.05/$0.10) - 2025/01/25 9:49:03 CET [2025/01/25 3:49:03 ET]
Table 'Aludra' 6-max Seat #1 is the button
Seat 1: tov.Suhov1 ($10 in chips) 
Seat 2: steveno1983 ($9.90 in chips) 
Seat 3: Wii G Bored ($22.93 in chips) 
Seat 4: lolb0t ($10.92 in chips) 
Seat 5: Baratrum777 ($10 in chips) 
Seat 6: Mahu2021 ($10.49 in chips) 
steveno1983: posts small blind $0.05
Wii G Bored: posts big blind $0.10
*** HOLE CARDS ***
Dealt to Mahu2021 [9d 4c]
lolb0t: folds 
Baratrum777: raises $0.14 to $0.24
Mahu2021: folds 
tov.Suhov1: folds 
steveno1983: calls $0.19
Wii G Bored: folds 
*** FLOP *** [5h 8d As]
steveno1983: checks 
Baratrum777: bets $0.30
steveno1983: calls $0.30
*** TURN *** [5h 8d As] [Qh]
steveno1983: checks 
Baratrum777: bets $0.70
steveno1983: calls $0.70
*** RIVER *** [5h 8d As Qh] [Tc]
steveno1983: checks 
Baratrum777: bets $1.50
steveno1983: folds 
Uncalled bet ($1.50) returned to Baratrum777
Baratrum777 collected $2.46 from pot
Baratrum777: doesn't show hand 
*** SUMMARY ***
Total pot $2.58 | Rake $0.12 
Board [5h 8d As Qh Tc]
Seat 1: tov.Suhov1 (button) folded before Flop (didn't bet)
Seat 2: steveno1983 (small blind) folded on the River
Seat 3: Wii G Bored (big blind) folded before Flop
Seat 4: lolb0t folded before Flop (didn't bet)
Seat 5: Baratrum777 collected ($2.46)
Seat 6: Mahu2021 folded before Flop (didn't bet)



PokerStars Zoom Hand #254542690449:  Hold'em No Limit ($0.05/$0.10) - 2025/01/25 9:49:39 CET [2025/01/25 3:49:39 ET]
Table 'Aludra' 6-max Seat #1 is the button
Seat 1: Mahu2021 ($9.59 in chips) 
Seat 2: foggz ($13.63 in chips) 
Seat 3: dali0511 ($14.72 in chips) 
Seat 4: mOberdan ($10 in chips) 
Seat 5: TomasHn ($15.50 in chips) 
Seat 6: Baratrum777 ($10 in chips) 
foggz: posts small blind $0.05
dali0511: posts big blind $0.10
*** HOLE CARDS ***
Dealt to Mahu2021 [As Kh]
mOberdan: folds 
TomasHn: folds 
Baratrum777: folds 
Mahu2021: raises $0.20 to $0.30
foggz: folds 
dali0511: folds 
Uncalled bet ($0.20) returned to Mahu2021
Mahu2021 collected $0.25 from pot
Mahu2021: doesn't show hand 
*** SUMMARY ***
Total pot $0.25 | Rake $0 
Seat 1: Mahu2021 (button) collected ($0.25)
Seat 2: foggz (small blind) folded before Flop
Seat 3: dali0511 (big blind) folded before Flop
Seat 4: mOberdan folded before Flop (didn't bet)
Seat 5: TomasHn folded before Flop (didn't bet)
Seat 6: Baratrum777 folded before Flop (didn't bet)



PokerStars Zoom Hand #254542692346:  Hold'em No Limit ($0.05/$0.10) - 2025/01/25 9:50:00 CET [2025/01/25 3:50:00 ET]
Table 'Aludra' 6-max Seat #1 is the button
Seat 1: hiding.by ($10.10 in chips) 
Seat 2: allpropunter ($9.80 in chips) 
Seat 3: Baratrum777 ($10 in chips) 
Seat 4: A-materasu7777 ($12.45 in chips) 
Seat 5: Mahu2021 ($9.74 in chips) 
Seat 6: crazy miki ($10.03 in chips) 
allpropunter: posts small blind $0.05
Baratrum777: posts big blind $0.10
*** HOLE CARDS ***
Dealt to Mahu2021 [4d 3s]
A-materasu7777: folds 
Mahu2021: folds 
crazy miki: folds 
hiding.by: folds 
allpropunter: folds 
Uncalled bet ($0.05) returned to Baratrum777
Baratrum777 collected $0.10 from pot
Baratrum777: doesn't show hand 
*** SUMMARY ***
Total pot $0.10 | Rake $0 
Seat 1: hiding.by (button) folded before Flop (didn't bet)
Seat 2: allpropunter (small blind) folded before Flop
Seat 3: Baratrum777 (big blind) collected ($0.10)
Seat 4: A-materasu7777 folded before Flop (didn't bet)
Seat 5: Mahu2021 folded before Flop (didn't bet)
Seat 6: crazy miki folded before Flop (didn't bet)



PokerStars Zoom Hand #254542692712:  Hold'em No Limit ($0.05/$0.10) - 2025/01/25 9:50:04 CET [2025/01/25 3:50:04 ET]
Table 'Aludra' 6-max Seat #1 is the button
Seat 1: allpropunter ($9.75 in chips) 
Seat 2: Mahu2021 ($9.74 in chips) 
Seat 3: tov.Suhov1 ($10 in chips) 
Seat 4: lolb0t ($10.82 in chips) 
Seat 5: crazy miki ($10.03 in chips) 
Seat 6: dali0511 ($14.62 in chips) 
Mahu2021: posts small blind $0.05
tov.Suhov1: posts big blind $0.10
*** HOLE CARDS ***
Dealt to Mahu2021 [9c Qc]
lolb0t: folds 
crazy miki: raises $0.25 to $0.35
dali0511: folds 
allpropunter: raises $0.65 to $1
Mahu2021: folds 
tov.Suhov1: folds 
crazy miki: calls $0.65
*** FLOP *** [9s 8d 7s]
crazy miki: bets $2.05
allpropunter: folds 
Uncalled bet ($2.05) returned to crazy miki
crazy miki collected $2.03 from pot
crazy miki: doesn't show hand 
*** SUMMARY ***
Total pot $2.15 | Rake $0.12 
Board [9s 8d 7s]
Seat 1: allpropunter (button) folded on the Flop
Seat 2: Mahu2021 (small blind) folded before Flop
Seat 3: tov.Suhov1 (big blind) folded before Flop
Seat 4: lolb0t folded before Flop (didn't bet)
Seat 5: crazy miki collected ($2.03)
Seat 6: dali0511 folded before Flop (didn't bet)



PokerStars Zoom Hand #254542694605:  Hold'em No Limit ($0.05/$0.10) - 2025/01/25 9:50:24 CET [2025/01/25 3:50:24 ET]
Table 'Aludra' 6-max Seat #1 is the button
Seat 1: tov.Suhov1 ($10.12 in chips) 
Seat 2: kyus83 ($10.27 in chips) 
Seat 3: lolb0t ($10.28 in chips) 
Seat 4: KaizenTummo ($12.53 in chips) 
Seat 5: steveno1983 ($8.98 in chips) 
Seat 6: Mahu2021 ($9.69 in chips) 
kyus83: posts small blind $0.05
lolb0t: posts big blind $0.10
*** HOLE CARDS ***
Dealt to Mahu2021 [9c 6h]
KaizenTummo: folds 
steveno1983: folds 
Mahu2021: folds 
tov.Suhov1: raises $0.15 to $0.25
kyus83: folds 
lolb0t: folds 
Uncalled bet ($0.15) returned to tov.Suhov1
tov.Suhov1 collected $0.25 from pot
tov.Suhov1: doesn't show hand 
*** SUMMARY ***
Total pot $0.25 | Rake $0 
Seat 1: tov.Suhov1 (button) collected ($0.25)
Seat 2: kyus83 (small blind) folded before Flop
Seat 3: lolb0t (big blind) folded before Flop
Seat 4: KaizenTummo folded before Flop (didn't bet)
Seat 5: steveno1983 folded before Flop (didn't bet)
Seat 6: Mahu2021 folded before Flop (didn't bet)



PokerStars Zoom Hand #254542694224:  Hold'em No Limit ($0.05/$0.10) - 2025/01/25 9:50:20 CET [2025/01/25 3:50:20 ET]
Table 'Aludra' 6-max Seat #1 is the button
Seat 1: supermoriji ($12.65 in chips) 
Seat 2: tov.Suhov1 ($10 in chips) 
Seat 3: stedy_eddie ($14.81 in chips) 
Seat 4: counsellor13 ($10.31 in chips) 
Seat 5: Tomalak2Pi ($10 in chips) 
Seat 6: Mahu2021 ($9.69 in chips) 
tov.Suhov1: posts small blind $0.05
stedy_eddie: posts big blind $0.10
*** HOLE CARDS ***
Dealt to Mahu2021 [9c Td]
counsellor13: raises $0.20 to $0.30
Tomalak2Pi: folds 
Mahu2021: folds 
supermoriji: folds 
tov.Suhov1: folds 
stedy_eddie: folds 
Uncalled bet ($0.20) returned to counsellor13
counsellor13 collected $0.25 from pot
counsellor13: doesn't show hand 
*** SUMMARY ***
Total pot $0.25 | Rake $0 
Seat 1: supermoriji (button) folded before Flop (didn't bet)
Seat 2: tov.Suhov1 (small blind) folded before Flop
Seat 3: stedy_eddie (big blind) folded before Flop
Seat 4: counsellor13 collected ($0.25)
Seat 5: Tomalak2Pi folded before Flop (didn't bet)
Seat 6: Mahu2021 folded before Flop (didn't bet)



PokerStars Zoom Hand #254542695125:  Hold'em No Limit ($0.05/$0.10) - 2025/01/25 9:50:30 CET [2025/01/25 3:50:30 ET]
Table 'Aludra' 6-max Seat #1 is the button
Seat 1: camilo13186 ($4.88 in chips) 
Seat 2: Smallpotate ($10.15 in chips) 
Seat 3: Mahu2021 ($9.69 in chips) 
Seat 4: kyus83 ($10.22 in chips) 
Seat 5: KaizenTummo ($12.53 in chips) 
Seat 6: supermoriji ($12.65 in chips) 
Smallpotate: posts small blind $0.05
Mahu2021: posts big blind $0.10
*** HOLE CARDS ***
Dealt to Mahu2021 [Qd Qc]
kyus83: folds 
KaizenTummo: folds 
supermoriji: folds 
camilo13186: folds 
Smallpotate: folds 
Uncalled bet ($0.05) returned to Mahu2021
Mahu2021 collected $0.10 from pot
Mahu2021: doesn't show hand 
*** SUMMARY ***
Total pot $0.10 | Rake $0 
Seat 1: camilo13186 (button) folded before Flop (didn't bet)
Seat 2: Smallpotate (small blind) folded before Flop
Seat 3: Mahu2021 (big blind) collected ($0.10)
Seat 4: kyus83 folded before Flop (didn't bet)
Seat 5: KaizenTummo folded before Flop (didn't bet)
Seat 6: supermoriji folded before Flop (didn't bet)



PokerStars Zoom Hand #254542695990:  Hold'em No Limit ($0.05/$0.10) - 2025/01/25 9:50:40 CET [2025/01/25 3:50:40 ET]
Table 'Aludra' 6-max Seat #1 is the button
Seat 1: Mahu2021 ($9.74 in chips) 
Seat 2: seatrout37 ($8.38 in chips) 
Seat 3: yellda ($10 in chips) 
Seat 4: mOberdan ($15.65 in chips) 
Seat 5: TarasViktorovic ($19.32 in chips) 
Seat 6: tov.Suhov1 ($10 in chips) 
seatrout37: posts small blind $0.05
yellda: posts big blind $0.10
*** HOLE CARDS ***
Dealt to Mahu2021 [6s 8d]
mOberdan: folds 
TarasViktorovic: folds 
tov.Suhov1: folds 
Mahu2021: folds 
seatrout37: folds 
Uncalled bet ($0.05) returned to yellda
yellda collected $0.10 from pot
yellda: doesn't show hand 
*** SUMMARY ***
Total pot $0.10 | Rake $0 
Seat 1: Mahu2021 (button) folded before Flop (didn't bet)
Seat 2: seatrout37 (small blind) folded before Flop
Seat 3: yellda (big blind) collected ($0.10)
Seat 4: mOberdan folded before Flop (didn't bet)
Seat 5: TarasViktorovic folded before Flop (didn't bet)
Seat 6: tov.Suhov1 folded before Flop (didn't bet)



PokerStars Zoom Hand #254542696828:  Hold'em No Limit ($0.05/$0.10) - 2025/01/25 9:50:49 CET [2025/01/25 3:50:49 ET]
Table 'Aludra' 6-max Seat #1 is the button
Seat 1: kloniss ($10.91 in chips) 
Seat 2: Mahu2021 ($9.74 in chips) 
Seat 3: kyus83 ($10.22 in chips) 
Seat 4: allpropunter ($8.65 in chips) 
Seat 5: lolb0t ($10.18 in chips) 
Seat 6: dali0511 ($22.34 in chips) 
Mahu2021: posts small blind $0.05
kyus83: posts big blind $0.10
*** HOLE CARDS ***
Dealt to Mahu2021 [As Js]
allpropunter has timed out while disconnected
allpropunter: folds 
lolb0t: folds 
dali0511: folds 
kloniss: folds 
Mahu2021: raises $0.20 to $0.30
kyus83: folds 
Uncalled bet ($0.20) returned to Mahu2021
Mahu2021 collected $0.20 from pot
Mahu2021: doesn't show hand 
*** SUMMARY ***
Total pot $0.20 | Rake $0 
Seat 1: kloniss (button) folded before Flop (didn't bet)
Seat 2: Mahu2021 (small blind) collected ($0.20)
Seat 3: kyus83 (big blind) folded before Flop
Seat 4: allpropunter folded before Flop (didn't bet)
Seat 5: lolb0t folded before Flop (didn't bet)
Seat 6: dali0511 folded before Flop (didn't bet)



PokerStars Zoom Hand #254542699882:  Hold'em No Limit ($0.05/$0.10) - 2025/01/25 9:51:22 CET [2025/01/25 3:51:22 ET]
Table 'Aludra' 6-max Seat #1 is the button
Seat 1: Mahu2021 ($9.79 in chips) 
Seat 2: smoky fish 90 ($24.20 in chips) 
Seat 3: Smallpotate ($11.94 in chips) 
Seat 4: Heurisch1905 ($25.41 in chips) 
Seat 5: mittl11 ($11.71 in chips) 
Seat 6: lolb0t ($10.08 in chips) 
smoky fish 90: posts small blind $0.05
Smallpotate: posts big blind $0.10
*** HOLE CARDS ***
Dealt to Mahu2021 [Js 9h]
Heurisch1905: folds 
mittl11: folds 
lolb0t: folds 
Mahu2021: folds 
smoky fish 90: raises $0.15 to $0.25
Smallpotate: folds 
Uncalled bet ($0.15) returned to smoky fish 90
smoky fish 90 collected $0.20 from pot
smoky fish 90: doesn't show hand 
*** SUMMARY ***
Total pot $0.20 | Rake $0 
Seat 1: Mahu2021 (button) folded before Flop (didn't bet)
Seat 2: smoky fish 90 (small blind) collected ($0.20)
Seat 3: Smallpotate (big blind) folded before Flop
Seat 4: Heurisch1905 folded before Flop (didn't bet)
Seat 5: mittl11 folded before Flop (didn't bet)
Seat 6: lolb0t folded before Flop (didn't bet)



PokerStars Zoom Hand #254542696464:  Hold'em No Limit ($0.05/$0.10) - 2025/01/25 9:50:45 CET [2025/01/25 3:50:45 ET]
Table 'Aludra' 6-max Seat #1 is the button
Seat 1: Spew82 ($3.64 in chips) 
Seat 2: Bur1k ($5.20 in chips) 
Seat 3: Wii G Bored ($24.37 in chips) 
Seat 4: Mahu2021 ($9.74 in chips) 
Seat 5: lolb0t ($11.22 in chips) 
Seat 6: mOberdan ($15.65 in chips) 
Bur1k: posts small blind $0.05
Wii G Bored: posts big blind $0.10
*** HOLE CARDS ***
Dealt to Mahu2021 [7d Qd]
Mahu2021: folds 
lolb0t: folds 
mOberdan: folds 
Spew82: raises $0.20 to $0.30
Bur1k: folds 
Wii G Bored: calls $0.20
*** FLOP *** [Js 4c 2c]
Wii G Bored: checks 
Spew82: bets $0.40
Wii G Bored: calls $0.40
*** TURN *** [Js 4c 2c] [8h]
Wii G Bored: checks 
Spew82: checks 
*** RIVER *** [Js 4c 2c 8h] [Th]
Wii G Bored: checks 
Spew82: checks 
*** SHOW DOWN ***
Wii G Bored: shows [6s As] (high card Ace)
Spew82: shows [Td 3d] (a pair of Tens)
Spew82 collected $1.38 from pot
*** SUMMARY ***
Total pot $1.45 | Rake $0.07 
Board [Js 4c 2c 8h Th]
Seat 1: Spew82 (button) showed [Td 3d] and won ($1.38) with a pair of Tens
Seat 2: Bur1k (small blind) folded before Flop
Seat 3: Wii G Bored (big blind) showed [6s As] and lost with high card Ace
Seat 4: Mahu2021 folded before Flop (didn't bet)
Seat 5: lolb0t folded before Flop (didn't bet)
Seat 6: mOberdan folded before Flop (didn't bet)



PokerStars Zoom Hand #254542700570:  Hold'em No Limit ($0.05/$0.10) - 2025/01/25 9:51:30 CET [2025/01/25 3:51:30 ET]
Table 'Aludra' 6-max Seat #1 is the button
Seat 1: t1a2n330 ($9.19 in chips) 
Seat 2: mittl11 ($11.71 in chips) 
Seat 3: Mahu2021 ($9.79 in chips) 
Seat 4: foggz ($11.77 in chips) 
Seat 5: johnwall100 ($10.72 in chips) 
Seat 6: tov.Suhov1 ($10.12 in chips) 
mittl11: posts small blind $0.05
Mahu2021: posts big blind $0.10
*** HOLE CARDS ***
Dealt to Mahu2021 [Js 7h]
foggz: folds 
johnwall100: folds 
tov.Suhov1: folds 
t1a2n330: folds 
mittl11: folds 
Uncalled bet ($0.05) returned to Mahu2021
Mahu2021 collected $0.10 from pot
Mahu2021: doesn't show hand 
*** SUMMARY ***
Total pot $0.10 | Rake $0 
Seat 1: t1a2n330 (button) folded before Flop (didn't bet)
Seat 2: mittl11 (small blind) folded before Flop
Seat 3: Mahu2021 (big blind) collected ($0.10)
Seat 4: foggz folded before Flop (didn't bet)
Seat 5: johnwall100 folded before Flop (didn't bet)
Seat 6: tov.Suhov1 folded before Flop (didn't bet)



PokerStars Zoom Hand #254542699445:  Hold'em No Limit ($0.05/$0.10) - 2025/01/25 9:51:17 CET [2025/01/25 3:51:17 ET]
Table 'Aludra' 6-max Seat #1 is the button
Seat 1: seatrout37 ($8.13 in chips) 
Seat 2: Mahu2021 ($9.84 in chips) 
Seat 3: mOberdan ($13.17 in chips) 
Seat 4: Smallpotate ($11.94 in chips) 
Seat 5: fasora ($10.10 in chips) 
Seat 6: kloniss ($8.94 in chips) 
Mahu2021: posts small blind $0.05
mOberdan: posts big blind $0.10
*** HOLE CARDS ***
Dealt to Mahu2021 [5h 7d]
Smallpotate: folds 
fasora: folds 
kloniss: folds 
seatrout37: folds 
Mahu2021: folds 
Uncalled bet ($0.05) returned to mOberdan
mOberdan collected $0.10 from pot
mOberdan: doesn't show hand 
*** SUMMARY ***
Total pot $0.10 | Rake $0 
Seat 1: seatrout37 (button) folded before Flop (didn't bet)
Seat 2: Mahu2021 (small blind) folded before Flop
Seat 3: mOberdan (big blind) collected ($0.10)
Seat 4: Smallpotate folded before Flop (didn't bet)
Seat 5: fasora folded before Flop (didn't bet)
Seat 6: kloniss folded before Flop (didn't bet)



PokerStars Zoom Hand #254542701809:  Hold'em No Limit ($0.05/$0.10) - 2025/01/25 9:51:43 CET [2025/01/25 3:51:43 ET]
Table 'Aludra' 6-max Seat #1 is the button
Seat 1: Wii G Bored ($23.62 in chips) 
Seat 2: Spew82 ($4.22 in chips) 
Seat 3: counsellor13 ($11.79 in chips) 
Seat 4: mOberdan ($10 in chips) 
Seat 5: Mahu2021 ($9.84 in chips) 
Seat 6: osfp7john ($40.62 in chips) 
Spew82: posts small blind $0.05
counsellor13: posts big blind $0.10
*** HOLE CARDS ***
Dealt to Mahu2021 [9h Qc]
mOberdan: folds 
Mahu2021: folds 
osfp7john: folds 
Wii G Bored: folds 
Spew82: folds 
Uncalled bet ($0.05) returned to counsellor13
counsellor13 collected $0.10 from pot
counsellor13: doesn't show hand 
*** SUMMARY ***
Total pot $0.10 | Rake $0 
Seat 1: Wii G Bored (button) folded before Flop (didn't bet)
Seat 2: Spew82 (small blind) folded before Flop
Seat 3: counsellor13 (big blind) collected ($0.10)
Seat 4: mOberdan folded before Flop (didn't bet)
Seat 5: Mahu2021 folded before Flop (didn't bet)
Seat 6: osfp7john folded before Flop (didn't bet)



PokerStars Zoom Hand #254542699074:  Hold'em No Limit ($0.05/$0.10) - 2025/01/25 9:51:13 CET [2025/01/25 3:51:13 ET]
Table 'Aludra' 6-max Seat #1 is the button
Seat 1: Tomalak2Pi ($10.26 in chips) 
Seat 2: Smallpotate ($10 in chips) 
Seat 3: mOberdan ($15.75 in chips) 
Seat 4: seatrout37 ($8.13 in chips) 
Seat 5: fasora ($17.68 in chips) 
Seat 6: Mahu2021 ($9.84 in chips) 
Smallpotate: posts small blind $0.05
mOberdan: posts big blind $0.10
*** HOLE CARDS ***
Dealt to Mahu2021 [6h 7s]
seatrout37: folds 
fasora: folds 
Mahu2021: folds 
Tomalak2Pi: raises $0.15 to $0.25
Smallpotate: raises $0.75 to $1
mOberdan: folds 
Tomalak2Pi: calls $0.75
*** FLOP *** [8c 4s 9s]
Smallpotate: bets $1.01
Tomalak2Pi: raises $2.82 to $3.83
Smallpotate: calls $2.82
*** TURN *** [8c 4s 9s] [Kc]
Smallpotate: checks 
Tomalak2Pi: bets $5.43 and is all-in
Smallpotate: calls $5.17 and is all-in
Uncalled bet ($0.26) returned to Tomalak2Pi
*** RIVER *** [8c 4s 9s Kc] [Qc]
*** SHOW DOWN ***
Smallpotate: shows [Kd 9d] (two pair, Kings and Nines)
Tomalak2Pi: shows [Qs Jc] (a pair of Queens)
Smallpotate cashed out the hand for $17.11 | Cash Out Fee $0.35
*** SUMMARY ***
Total pot $20.10 | Rake $0.90 
Board [8c 4s 9s Kc Qc]
Seat 1: Tomalak2Pi (button) showed [Qs Jc] and lost with a pair of Queens
Seat 2: Smallpotate (small blind) showed [Kd 9d] and won ($19.20) with two pair, Kings and Nines (pot not awarded as player cashed out)
Seat 3: mOberdan (big blind) folded before Flop
Seat 4: seatrout37 folded before Flop (didn't bet)
Seat 5: fasora folded before Flop (didn't bet)
Seat 6: Mahu2021 folded before Flop (didn't bet)



PokerStars Zoom Hand #254542702295:  Hold'em No Limit ($0.05/$0.10) - 2025/01/25 9:51:48 CET [2025/01/25 3:51:48 ET]
Table 'Aludra' 6-max Seat #1 is the button
Seat 1: mOberdan ($10 in chips) 
Seat 2: lolb0t ($10.50 in chips) 
Seat 3: fasora ($10.36 in chips) 
Seat 4: Mahu2021 ($9.84 in chips) 
Seat 5: Wii G Bored ($23.62 in chips) 
Seat 6: Smallpotate ($11.84 in chips) 
lolb0t: posts small blind $0.05
fasora: posts big blind $0.10
*** HOLE CARDS ***
Dealt to Mahu2021 [5s 9s]
Mahu2021: folds 
Wii G Bored: folds 
Smallpotate: folds 
mOberdan: raises $0.15 to $0.25
lolb0t: raises $0.65 to $0.90
fasora: folds 
mOberdan: folds 
Uncalled bet ($0.65) returned to lolb0t
lolb0t collected $0.60 from pot
lolb0t: doesn't show hand 
*** SUMMARY ***
Total pot $0.60 | Rake $0 
Seat 1: mOberdan (button) folded before Flop
Seat 2: lolb0t (small blind) collected ($0.60)
Seat 3: fasora (big blind) folded before Flop
Seat 4: Mahu2021 folded before Flop (didn't bet)
Seat 5: Wii G Bored folded before Flop (didn't bet)
Seat 6: Smallpotate folded before Flop (didn't bet)



PokerStars Zoom Hand #254542703025:  Hold'em No Limit ($0.05/$0.10) - 2025/01/25 9:51:56 CET [2025/01/25 3:51:56 ET]
Table 'Aludra' 6-max Seat #1 is the button
Seat 1: Baratrum777 ($10 in chips) 
Seat 2: 00O-2Z ($11.82 in chips) 
Seat 3: tov.Suhov1 ($10.28 in chips) 
Seat 4: dali0511 ($14.77 in chips) 
Seat 5: Mahu2021 ($9.84 in chips) 
Seat 6: kyus83 ($10 in chips) 
00O-2Z: posts small blind $0.05
tov.Suhov1: posts big blind $0.10
*** HOLE CARDS ***
Dealt to Mahu2021 [As 6c]
dali0511: folds 
Mahu2021: folds 
kyus83: folds 
Baratrum777: raises $0.14 to $0.24
00O-2Z: folds 
tov.Suhov1: folds 
Uncalled bet ($0.14) returned to Baratrum777
Baratrum777 collected $0.25 from pot
Baratrum777: doesn't show hand 
*** SUMMARY ***
Total pot $0.25 | Rake $0 
Seat 1: Baratrum777 (button) collected ($0.25)
Seat 2: 00O-2Z (small blind) folded before Flop
Seat 3: tov.Suhov1 (big blind) folded before Flop
Seat 4: dali0511 folded before Flop (didn't bet)
Seat 5: Mahu2021 folded before Flop (didn't bet)
Seat 6: kyus83 folded before Flop (didn't bet)



PokerStars Zoom Hand #254542703474:  Hold'em No Limit ($0.05/$0.10) - 2025/01/25 9:52:01 CET [2025/01/25 3:52:01 ET]
Table 'Aludra' 6-max Seat #1 is the button
Seat 1: dali0511 ($20.03 in chips) 
Seat 2: Bur1k ($5.43 in chips) 
Seat 3: lolb0t ($13.17 in chips) 
Seat 4: Mahu2021 ($9.84 in chips) 
Seat 5: foggz ($12.74 in chips) 
Seat 6: Baratrum777 ($12.15 in chips) 
Bur1k: posts small blind $0.05
lolb0t: posts big blind $0.10
*** HOLE CARDS ***
Dealt to Mahu2021 [4d 9c]
Mahu2021: folds 
foggz: folds 
Baratrum777: folds 
dali0511: raises $0.15 to $0.25
Bur1k: folds 
lolb0t: folds 
Uncalled bet ($0.15) returned to dali0511
dali0511 collected $0.25 from pot
dali0511: doesn't show hand 
*** SUMMARY ***
Total pot $0.25 | Rake $0 
Seat 1: dali0511 (button) collected ($0.25)
Seat 2: Bur1k (small blind) folded before Flop
Seat 3: lolb0t (big blind) folded before Flop
Seat 4: Mahu2021 folded before Flop (didn't bet)
Seat 5: foggz folded before Flop (didn't bet)
Seat 6: Baratrum777 folded before Flop (didn't bet)



PokerStars Zoom Hand #254542704331:  Hold'em No Limit ($0.05/$0.10) - 2025/01/25 9:52:10 CET [2025/01/25 3:52:10 ET]
Table 'Aludra' 6-max Seat #1 is the button
Seat 1: Augis29 ($10 in chips) 
Seat 2: Smallpotate ($11.84 in chips) 
Seat 3: Mahu2021 ($9.79 in chips) 
Seat 4: johnwall100 ($10.82 in chips) 
Seat 5: mOberdan ($10 in chips) 
Seat 6: lolb0t ($10.85 in chips) 
Smallpotate: posts small blind $0.05
Mahu2021: posts big blind $0.10
*** HOLE CARDS ***
Dealt to Mahu2021 [3h Qh]
johnwall100: folds 
mOberdan: raises $0.10 to $0.20
lolb0t: folds 
Augis29: raises $0.55 to $0.75
Smallpotate: folds 
Mahu2021: folds 
mOberdan: folds 
Uncalled bet ($0.55) returned to Augis29
Augis29 collected $0.55 from pot
Augis29: doesn't show hand 
*** SUMMARY ***
Total pot $0.55 | Rake $0 
Seat 1: Augis29 (button) collected ($0.55)
Seat 2: Smallpotate (small blind) folded before Flop
Seat 3: Mahu2021 (big blind) folded before Flop
Seat 4: johnwall100 folded before Flop (didn't bet)
Seat 5: mOberdan folded before Flop
Seat 6: lolb0t folded before Flop (didn't bet)



PokerStars Zoom Hand #254542706766:  Hold'em No Limit ($0.05/$0.10) - 2025/01/25 9:52:36 CET [2025/01/25 3:52:36 ET]
Table 'Aludra' 6-max Seat #1 is the button
Seat 1: dali0511 ($23.10 in chips) 
Seat 2: lolb0t ($10 in chips) 
Seat 3: Wii G Bored ($22.95 in chips) 
Seat 4: osfp7john ($40.57 in chips) 
Seat 5: mOberdan ($17.38 in chips) 
Seat 6: Mahu2021 ($9.69 in chips) 
lolb0t: posts small blind $0.05
Wii G Bored: posts big blind $0.10
*** HOLE CARDS ***
Dealt to Mahu2021 [8s Ac]
osfp7john: folds 
mOberdan: folds 
Mahu2021: folds 
dali0511 has timed out
dali0511: folds 
lolb0t: folds 
Uncalled bet ($0.05) returned to Wii G Bored
Wii G Bored collected $0.10 from pot
Wii G Bored: doesn't show hand 
*** SUMMARY ***
Total pot $0.10 | Rake $0 
Seat 1: dali0511 (button) folded before Flop (didn't bet)
Seat 2: lolb0t (small blind) folded before Flop
Seat 3: Wii G Bored (big blind) collected ($0.10)
Seat 4: osfp7john folded before Flop (didn't bet)
Seat 5: mOberdan folded before Flop (didn't bet)
Seat 6: Mahu2021 folded before Flop (didn't bet)



PokerStars Zoom Hand #254542708195:  Hold'em No Limit ($0.05/$0.10) - 2025/01/25 9:52:51 CET [2025/01/25 3:52:51 ET]
Table 'Aludra' 6-max Seat #1 is the button
Seat 1: FN BRICK ($19.45 in chips) 
Seat 2: tov.Suhov1 ($10 in chips) 
Seat 3: Mahu2021 ($9.69 in chips) 
Seat 4: mOberdan ($13.07 in chips) 
Seat 5: osfp7john ($30.39 in chips) 
Seat 6: Bur1k ($5.28 in chips) 
tov.Suhov1: posts small blind $0.05
Mahu2021: posts big blind $0.10
*** HOLE CARDS ***
Dealt to Mahu2021 [7s Kc]
mOberdan: folds 
osfp7john: folds 
Bur1k: folds 
FN BRICK: folds 
tov.Suhov1: raises $0.20 to $0.30
Mahu2021: folds 
Uncalled bet ($0.20) returned to tov.Suhov1
tov.Suhov1 collected $0.20 from pot
tov.Suhov1: doesn't show hand 
*** SUMMARY ***
Total pot $0.20 | Rake $0 
Seat 1: FN BRICK (button) folded before Flop (didn't bet)
Seat 2: tov.Suhov1 (small blind) collected ($0.20)
Seat 3: Mahu2021 (big blind) folded before Flop
Seat 4: mOberdan folded before Flop (didn't bet)
Seat 5: osfp7john folded before Flop (didn't bet)
Seat 6: Bur1k folded before Flop (didn't bet)



PokerStars Zoom Hand #254542705369:  Hold'em No Limit ($0.05/$0.10) - 2025/01/25 9:52:21 CET [2025/01/25 3:52:21 ET]
Table 'Aludra' 6-max Seat #1 is the button
Seat 1: Mahu2021 ($9.69 in chips) 
Seat 2: smoky fish 90 ($24.20 in chips) 
Seat 3: Smallpotate ($11.79 in chips) 
Seat 4: lolb0t ($13.02 in chips) 
Seat 5: luckyal00 ($16.04 in chips) 
Seat 6: counsellor13 ($11.54 in chips) 
smoky fish 90: posts small blind $0.05
Smallpotate: posts big blind $0.10
*** HOLE CARDS ***
Dealt to Mahu2021 [8d 6h]
lolb0t: folds 
luckyal00: folds 
counsellor13: folds 
Mahu2021: folds 
smoky fish 90: raises $0.20 to $0.30
Smallpotate: raises $0.60 to $0.90
smoky fish 90: calls $0.60
*** FLOP *** [Ah Jh 3s]
smoky fish 90: checks 
Smallpotate: bets $0.52
smoky fish 90: calls $0.52
*** TURN *** [Ah Jh 3s] [Ts]
smoky fish 90: checks 
Smallpotate: bets $1.36
smoky fish 90: folds 
Uncalled bet ($1.36) returned to Smallpotate
Smallpotate collected $2.71 from pot
Smallpotate: doesn't show hand 
*** SUMMARY ***
Total pot $2.84 | Rake $0.13 
Board [Ah Jh 3s Ts]
Seat 1: Mahu2021 (button) folded before Flop (didn't bet)
Seat 2: smoky fish 90 (small blind) folded on the Turn
Seat 3: Smallpotate (big blind) collected ($2.71)
Seat 4: lolb0t folded before Flop (didn't bet)
Seat 5: luckyal00 folded before Flop (didn't bet)
Seat 6: counsellor13 folded before Flop (didn't bet)



PokerStars Zoom Hand #254542709462:  Hold'em No Limit ($0.05/$0.10) - 2025/01/25 9:53:05 CET [2025/01/25 3:53:05 ET]
Table 'Aludra' 6-max Seat #1 is the button
Seat 1: Mahu2021 ($9.59 in chips) 
Seat 2: crazy miki ($12.55 in chips) 
Seat 3: Bur1k ($5 in chips) 
Seat 4: osfp7john ($40.47 in chips) 
Seat 5: camilo13186 ($4.87 in chips) 
Seat 6: lolb0t ($10.55 in chips) 
crazy miki: posts small blind $0.05
Bur1k: posts big blind $0.10
*** HOLE CARDS ***
Dealt to Mahu2021 [9c 8s]
osfp7john: folds 
camilo13186: folds 
lolb0t: folds 
Mahu2021: folds 
crazy miki: folds 
Uncalled bet ($0.05) returned to Bur1k
Bur1k collected $0.10 from pot
Bur1k: doesn't show hand 
*** SUMMARY ***
Total pot $0.10 | Rake $0 
Seat 1: Mahu2021 (button) folded before Flop (didn't bet)
Seat 2: crazy miki (small blind) folded before Flop
Seat 3: Bur1k (big blind) collected ($0.10)
Seat 4: osfp7john folded before Flop (didn't bet)
Seat 5: camilo13186 folded before Flop (didn't bet)
Seat 6: lolb0t folded before Flop (didn't bet)



PokerStars Zoom Hand #254542703908:  Hold'em No Limit ($0.05/$0.10) - 2025/01/25 9:52:06 CET [2025/01/25 3:52:06 ET]
Table 'Aludra' 6-max Seat #1 is the button
Seat 1: KaizenTummo ($12.38 in chips) 
Seat 2: Mahu2021 ($9.84 in chips) 
Seat 3: TarasViktorovic ($23.33 in chips) 
Seat 4: luckyal00 ($16.04 in chips) 
Seat 5: seatrout37 ($7.98 in chips) 
Seat 6: Tomalak2Pi ($10 in chips) 
Mahu2021: posts small blind $0.05
TarasViktorovic: posts big blind $0.10
*** HOLE CARDS ***
Dealt to Mahu2021 [3s 5d]
luckyal00: folds 
seatrout37: folds 
Tomalak2Pi: raises $0.15 to $0.25
KaizenTummo: folds 
Mahu2021: folds 
TarasViktorovic: calls $0.15
*** FLOP *** [6h Kc 4h]
TarasViktorovic: checks 
Tomalak2Pi: checks 
*** TURN *** [6h Kc 4h] [7s]
TarasViktorovic: bets $0.41
Tomalak2Pi: calls $0.41
*** RIVER *** [6h Kc 4h 7s] [Ac]
TarasViktorovic: checks 
Tomalak2Pi: bets $1.02
TarasViktorovic: calls $1.02
*** SHOW DOWN ***
Tomalak2Pi: shows [Qc 8c] (high card Ace)
TarasViktorovic: shows [8s 7h] (a pair of Sevens)
TarasViktorovic collected $3.26 from pot
*** SUMMARY ***
Total pot $3.41 | Rake $0.15 
Board [6h Kc 4h 7s Ac]
Seat 1: KaizenTummo (button) folded before Flop (didn't bet)
Seat 2: Mahu2021 (small blind) folded before Flop
Seat 3: TarasViktorovic (big blind) showed [8s 7h] and won ($3.26) with a pair of Sevens
Seat 4: luckyal00 folded before Flop (didn't bet)
Seat 5: seatrout37 folded before Flop (didn't bet)
Seat 6: Tomalak2Pi showed [Qc 8c] and lost with high card Ace



PokerStars Zoom Hand #254542707892:  Hold'em No Limit ($0.05/$0.10) - 2025/01/25 9:52:48 CET [2025/01/25 3:52:48 ET]
Table 'Aludra' 6-max Seat #1 is the button
Seat 1: mOberdan ($17.38 in chips) 
Seat 2: tov.Suhov1 ($10.05 in chips) 
Seat 3: andrei0431 ($8.03 in chips) 
Seat 4: Mahu2021 ($9.69 in chips) 
Seat 5: fasora ($18.25 in chips) 
Seat 6: lolb0t ($10 in chips) 
tov.Suhov1: posts small blind $0.05
andrei0431: posts big blind $0.10
*** HOLE CARDS ***
Dealt to Mahu2021 [6s 3h]
Mahu2021: folds 
fasora: folds 
lolb0t: folds 
mOberdan: raises $0.15 to $0.25
tov.Suhov1: folds 
andrei0431: calls $0.15
*** FLOP *** [8h As 6d]
andrei0431: checks 
mOberdan: bets $0.16
andrei0431: calls $0.16
*** TURN *** [8h As 6d] [9h]
andrei0431: bets $0.42
mOberdan: raises $1.08 to $1.50
andrei0431: folds 
Uncalled bet ($1.08) returned to mOberdan
mOberdan collected $1.63 from pot
mOberdan: doesn't show hand 
*** SUMMARY ***
Total pot $1.71 | Rake $0.08 
Board [8h As 6d 9h]
Seat 1: mOberdan (button) collected ($1.63)
Seat 2: tov.Suhov1 (small blind) folded before Flop
Seat 3: andrei0431 (big blind) folded on the Turn
Seat 4: Mahu2021 folded before Flop (didn't bet)
Seat 5: fasora folded before Flop (didn't bet)
Seat 6: lolb0t folded before Flop (didn't bet)



PokerStars Zoom Hand #254542709832:  Hold'em No Limit ($0.05/$0.10) - 2025/01/25 9:53:10 CET [2025/01/25 3:53:10 ET]
Table 'Aludra' 6-max Seat #1 is the button
Seat 1: crazy miki ($12.50 in chips) 
Seat 2: Mahu2021 ($9.59 in chips) 
Seat 3: lolb0t ($12.07 in chips) 
Seat 4: counsellor13 ($11.84 in chips) 
Seat 5: osfp7john ($40.47 in chips) 
Seat 6: tov.Suhov1 ($10.10 in chips) 
Mahu2021: posts small blind $0.05
lolb0t: posts big blind $0.10
*** HOLE CARDS ***
Dealt to Mahu2021 [Js Ks]
counsellor13: folds 
osfp7john: folds 
tov.Suhov1: folds 
crazy miki: folds 
Mahu2021: raises $0.20 to $0.30
lolb0t: folds 
Uncalled bet ($0.20) returned to Mahu2021
Mahu2021 collected $0.20 from pot
Mahu2021: doesn't show hand 
*** SUMMARY ***
Total pot $0.20 | Rake $0 
Seat 1: crazy miki (button) folded before Flop (didn't bet)
Seat 2: Mahu2021 (small blind) collected ($0.20)
Seat 3: lolb0t (big blind) folded before Flop
Seat 4: counsellor13 folded before Flop (didn't bet)
Seat 5: osfp7john folded before Flop (didn't bet)
Seat 6: tov.Suhov1 folded before Flop (didn't bet)



PokerStars Zoom Hand #254542710816:  Hold'em No Limit ($0.05/$0.10) - 2025/01/25 9:53:21 CET [2025/01/25 3:53:21 ET]
Table 'Aludra' 6-max Seat #1 is the button
Seat 1: Bur1k ($5.43 in chips) 
Seat 2: Spew82 ($3.67 in chips) 
Seat 3: lolb0t ($10 in chips) 
Seat 4: FN BRICK ($19.35 in chips) 
Seat 5: foggz ($12.14 in chips) 
Seat 6: Mahu2021 ($9.69 in chips) 
Spew82: posts small blind $0.05
lolb0t: posts big blind $0.10
*** HOLE CARDS ***
Dealt to Mahu2021 [Ah 6s]
FN BRICK: folds 
foggz: folds 
Mahu2021: folds 
Bur1k: folds 
Spew82: folds 
Uncalled bet ($0.05) returned to lolb0t
lolb0t collected $0.10 from pot
lolb0t: doesn't show hand 
*** SUMMARY ***
Total pot $0.10 | Rake $0 
Seat 1: Bur1k (button) folded before Flop (didn't bet)
Seat 2: Spew82 (small blind) folded before Flop
Seat 3: lolb0t (big blind) collected ($0.10)
Seat 4: FN BRICK folded before Flop (didn't bet)
Seat 5: foggz folded before Flop (didn't bet)
Seat 6: Mahu2021 folded before Flop (didn't bet)



PokerStars Zoom Hand #254542705913:  Hold'em No Limit ($0.05/$0.10) - 2025/01/25 9:52:27 CET [2025/01/25 3:52:27 ET]
Table 'Aludra' 6-max Seat #1 is the button
Seat 1: dali0511 ($22.01 in chips) 
Seat 2: fasora ($18.30 in chips) 
Seat 3: Bur1k ($5.38 in chips) 
Seat 4: KaizenTummo ($12.38 in chips) 
Seat 5: Mahu2021 ($9.69 in chips) 
Seat 6: Augis29 ($10.35 in chips) 
fasora: posts small blind $0.05
Bur1k: posts big blind $0.10
*** HOLE CARDS ***
Dealt to Mahu2021 [Ac 7h]
KaizenTummo: raises $0.10 to $0.20
Mahu2021: folds 
Augis29: calls $0.20
dali0511: raises $0.80 to $1
fasora: folds 
Bur1k: folds 
KaizenTummo: calls $0.80
Augis29: calls $0.80
*** FLOP *** [4h Qc 7c]
KaizenTummo: checks 
Augis29: checks 
dali0511: bets $1.81
KaizenTummo: calls $1.81
Augis29: calls $1.81
*** TURN *** [4h Qc 7c] [Qh]
KaizenTummo: bets $4
Augis29: folds 
dali0511: folds 
Uncalled bet ($4) returned to KaizenTummo
KaizenTummo collected $8.19 from pot
KaizenTummo: doesn't show hand 
*** SUMMARY ***
Total pot $8.58 | Rake $0.39 
Board [4h Qc 7c Qh]
Seat 1: dali0511 (button) folded on the Turn
Seat 2: fasora (small blind) folded before Flop
Seat 3: Bur1k (big blind) folded before Flop
Seat 4: KaizenTummo collected ($8.19)
Seat 5: Mahu2021 folded before Flop (didn't bet)
Seat 6: Augis29 folded on the Turn



PokerStars Zoom Hand #254542711306:  Hold'em No Limit ($0.05/$0.10) - 2025/01/25 9:53:25 CET [2025/01/25 3:53:25 ET]
Table 'Aludra' 6-max Seat #1 is the button
Seat 1: dali0511 ($12.52 in chips) 
Seat 2: FN BRICK ($19.35 in chips) 
Seat 3: mittl11 ($10.69 in chips) 
Seat 4: Mahu2021 ($9.69 in chips) 
Seat 5: lolb0t ($13.02 in chips) 
Seat 6: andrei0431 ($7.15 in chips) 
FN BRICK: posts small blind $0.05
mittl11: posts big blind $0.10
*** HOLE CARDS ***
Dealt to Mahu2021 [Ts Kc]
Mahu2021: raises $0.14 to $0.24
lolb0t: folds 
andrei0431: folds 
dali0511: folds 
FN BRICK: folds 
mittl11: calls $0.14
*** FLOP *** [8d 9c 7s]
mittl11: checks 
Mahu2021: bets $0.51
mittl11: calls $0.51
*** TURN *** [8d 9c 7s] [8h]
mittl11: checks 
Mahu2021: checks 
*** RIVER *** [8d 9c 7s 8h] [Ac]
mittl11: bets $0.74
Mahu2021: folds 
Uncalled bet ($0.74) returned to mittl11
mittl11 collected $1.48 from pot
mittl11: doesn't show hand 
*** SUMMARY ***
Total pot $1.55 | Rake $0.07 
Board [8d 9c 7s 8h Ac]
Seat 1: dali0511 (button) folded before Flop (didn't bet)
Seat 2: FN BRICK (small blind) folded before Flop
Seat 3: mittl11 (big blind) collected ($1.48)
Seat 4: Mahu2021 folded on the River
Seat 5: lolb0t folded before Flop (didn't bet)
Seat 6: andrei0431 folded before Flop (didn't bet)



PokerStars Zoom Hand #254542713763:  Hold'em No Limit ($0.05/$0.10) - 2025/01/25 9:53:53 CET [2025/01/25 3:53:53 ET]
Table 'Aludra' 6-max Seat #1 is the button
Seat 1: hiding.by ($10.36 in chips) 
Seat 2: johnwall100 ($10.42 in chips) 
Seat 3: counsellor13 ($11.69 in chips) 
Seat 4: lolb0t ($11.82 in chips) 
Seat 5: Mahu2021 ($8.94 in chips) 
Seat 6: Smallpotate ($12.93 in chips) 
johnwall100: posts small blind $0.05
counsellor13: posts big blind $0.10
*** HOLE CARDS ***
Dealt to Mahu2021 [Jd 2c]
lolb0t: folds 
Mahu2021: folds 
Smallpotate: folds 
hiding.by: raises $0.20 to $0.30
johnwall100: folds 
counsellor13: folds 
Uncalled bet ($0.20) returned to hiding.by
hiding.by collected $0.25 from pot
hiding.by: doesn't show hand 
*** SUMMARY ***
Total pot $0.25 | Rake $0 
Seat 1: hiding.by (button) collected ($0.25)
Seat 2: johnwall100 (small blind) folded before Flop
Seat 3: counsellor13 (big blind) folded before Flop
Seat 4: lolb0t folded before Flop (didn't bet)
Seat 5: Mahu2021 folded before Flop (didn't bet)
Seat 6: Smallpotate folded before Flop (didn't bet)



PokerStars Zoom Hand #254542714235:  Hold'em No Limit ($0.05/$0.10) - 2025/01/25 9:53:57 CET [2025/01/25 3:53:57 ET]
Table 'Aludra' 6-max Seat #1 is the button
Seat 1: t1a2n330 ($10.09 in chips) 
Seat 2: Sluggie14 ($10.07 in chips) 
Seat 3: Mahu2021 ($8.94 in chips) 
Seat 4: dali0511 ($12.47 in chips) 
Seat 5: fasora ($10.65 in chips) 
Seat 6: johnwall100 ($10.37 in chips) 
Sluggie14: posts small blind $0.05
Mahu2021: posts big blind $0.10
*** HOLE CARDS ***
Dealt to Mahu2021 [6c 6h]
dali0511: folds 
fasora: raises $0.10 to $0.20
johnwall100: folds 
t1a2n330: calls $0.20
Sluggie14: folds 
Mahu2021: calls $0.10
*** FLOP *** [Ts Ks 5s]
Mahu2021: checks 
fasora: checks 
t1a2n330: bets $0.31
Mahu2021: folds 
fasora: calls $0.31
*** TURN *** [Ts Ks 5s] [9s]
fasora: checks 
t1a2n330: checks 
*** RIVER *** [Ts Ks 5s 9s] [Kh]
fasora: bets $0.97
t1a2n330: folds 
Uncalled bet ($0.97) returned to fasora
fasora collected $1.21 from pot
fasora: doesn't show hand 
*** SUMMARY ***
Total pot $1.27 | Rake $0.06 
Board [Ts Ks 5s 9s Kh]
Seat 1: t1a2n330 (button) folded on the River
Seat 2: Sluggie14 (small blind) folded before Flop
Seat 3: Mahu2021 (big blind) folded on the Flop
Seat 4: dali0511 folded before Flop (didn't bet)
Seat 5: fasora collected ($1.21)
Seat 6: johnwall100 folded before Flop (didn't bet)



PokerStars Zoom Hand #254542715800:  Hold'em No Limit ($0.05/$0.10) - 2025/01/25 9:54:14 CET [2025/01/25 3:54:14 ET]
Table 'Aludra' 6-max Seat #1 is the button
Seat 1: counsellor13 ($11.54 in chips) 
Seat 2: Bur1k ($5.20 in chips) 
Seat 3: Heurisch1905 ($26.35 in chips) 
Seat 4: kloniss ($10.06 in chips) 
Seat 5: mittl11 ($11.42 in chips) 
Seat 6: Mahu2021 ($8.74 in chips) 
Bur1k: posts small blind $0.05
Heurisch1905: posts big blind $0.10
*** HOLE CARDS ***
Dealt to Mahu2021 [2h 3c]
kloniss is disconnected 
kloniss has timed out while disconnected
kloniss: folds 
mittl11: folds 
Mahu2021: folds 
counsellor13: folds 
Bur1k: folds 
Uncalled bet ($0.05) returned to Heurisch1905
Heurisch1905 collected $0.10 from pot
Heurisch1905: doesn't show hand 
*** SUMMARY ***
Total pot $0.10 | Rake $0 
Seat 1: counsellor13 (button) folded before Flop (didn't bet)
Seat 2: Bur1k (small blind) folded before Flop
Seat 3: Heurisch1905 (big blind) collected ($0.10)
Seat 4: kloniss folded before Flop (didn't bet)
Seat 5: mittl11 folded before Flop (didn't bet)
Seat 6: Mahu2021 folded before Flop (didn't bet)



PokerStars Zoom Hand #254542716239:  Hold'em No Limit ($0.05/$0.10) - 2025/01/25 9:54:19 CET [2025/01/25 3:54:19 ET]
Table 'Aludra' 6-max Seat #1 is the button
Seat 1: dali0511 ($19.98 in chips) 
Seat 2: Mahu2021 ($8.74 in chips) 
Seat 3: Wii G Bored ($23.53 in chips) 
Seat 4: yellda ($10.24 in chips) 
Seat 5: luckyal00 ($15.39 in chips) 
Seat 6: Dutta666 ($10.18 in chips) 
Mahu2021: posts small blind $0.05
Wii G Bored: posts big blind $0.10
*** HOLE CARDS ***
Dealt to Mahu2021 [Jh 6d]
yellda: folds 
luckyal00: folds 
Dutta666: calls $0.10
dali0511: folds 
Mahu2021: folds 
Wii G Bored: checks 
*** FLOP *** [3s 5s Ks]
Wii G Bored: checks 
Dutta666: bets $0.10
Wii G Bored: calls $0.10
*** TURN *** [3s 5s Ks] [3h]
Wii G Bored: checks 
Dutta666: bets $0.10
Wii G Bored: calls $0.10
*** RIVER *** [3s 5s Ks 3h] [8d]
Wii G Bored: bets $0.31
Dutta666: calls $0.31
*** SHOW DOWN ***
Wii G Bored: shows [6s 9d] (a pair of Threes)
Dutta666: shows [Jc Kd] (two pair, Kings and Threes)
Dutta666 collected $1.21 from pot
*** SUMMARY ***
Total pot $1.27 | Rake $0.06 
Board [3s 5s Ks 3h 8d]
Seat 1: dali0511 (button) folded before Flop (didn't bet)
Seat 2: Mahu2021 (small blind) folded before Flop
Seat 3: Wii G Bored (big blind) showed [6s 9d] and lost with a pair of Threes
Seat 4: yellda folded before Flop (didn't bet)
Seat 5: luckyal00 folded before Flop (didn't bet)
Seat 6: Dutta666 showed [Jc Kd] and won ($1.21) with two pair, Kings and Threes



PokerStars Zoom Hand #254542717654:  Hold'em No Limit ($0.05/$0.10) - 2025/01/25 9:54:34 CET [2025/01/25 3:54:34 ET]
Table 'Aludra' 6-max Seat #1 is the button
Seat 1: kloniss ($8.87 in chips) 
Seat 2: fasora ($11.35 in chips) 
Seat 3: lolb0t ($13.17 in chips) 
Seat 4: Mahu2021 ($8.69 in chips) 
Seat 5: camilo13186 ($4.94 in chips) 
Seat 6: Bur1k ($5.15 in chips) 
fasora: posts small blind $0.05
lolb0t: posts big blind $0.10
*** HOLE CARDS ***
Dealt to Mahu2021 [9c 4s]
Mahu2021: folds 
camilo13186: calls $0.10
Bur1k: folds 
kloniss: folds 
fasora: folds 
lolb0t: checks 
*** FLOP *** [Qh Jd 9d]
lolb0t: checks 
camilo13186: checks 
*** TURN *** [Qh Jd 9d] [9s]
lolb0t: bets $0.12
camilo13186: folds 
Uncalled bet ($0.12) returned to lolb0t
lolb0t collected $0.24 from pot
lolb0t: doesn't show hand 
*** SUMMARY ***
Total pot $0.25 | Rake $0.01 
Board [Qh Jd 9d 9s]
Seat 1: kloniss (button) folded before Flop (didn't bet)
Seat 2: fasora (small blind) folded before Flop
Seat 3: lolb0t (big blind) collected ($0.24)
Seat 4: Mahu2021 folded before Flop (didn't bet)
Seat 5: camilo13186 folded on the Turn
Seat 6: Bur1k folded before Flop (didn't bet)



PokerStars Zoom Hand #254542717901:  Hold'em No Limit ($0.05/$0.10) - 2025/01/25 9:54:37 CET [2025/01/25 3:54:37 ET]
Table 'Aludra' 6-max Seat #1 is the button
Seat 1: Mahu2021 ($8.69 in chips) 
Seat 2: FN BRICK ($18.80 in chips) 
Seat 3: dali0511 ($19.05 in chips) 
Seat 4: lolb0t ($10.15 in chips) 
Seat 5: KaizenTummo ($17.41 in chips) 
Seat 6: mOberdan ($10.15 in chips) 
FN BRICK: posts small blind $0.05
dali0511: posts big blind $0.10
*** HOLE CARDS ***
Dealt to Mahu2021 [Ah 5d]
lolb0t: folds 
KaizenTummo: folds 
mOberdan: folds 
Mahu2021: raises $0.20 to $0.30
FN BRICK: folds 
dali0511: calls $0.20
*** FLOP *** [Kd 7c 7d]
dali0511: checks 
Mahu2021: bets $0.62
dali0511: folds 
Uncalled bet ($0.62) returned to Mahu2021
Mahu2021 collected $0.62 from pot
Mahu2021: doesn't show hand 
*** SUMMARY ***
Total pot $0.65 | Rake $0.03 
Board [Kd 7c 7d]
Seat 1: Mahu2021 (button) collected ($0.62)
Seat 2: FN BRICK (small blind) folded before Flop
Seat 3: dali0511 (big blind) folded on the Flop
Seat 4: lolb0t folded before Flop (didn't bet)
Seat 5: KaizenTummo folded before Flop (didn't bet)
Seat 6: mOberdan folded before Flop (didn't bet)



PokerStars Zoom Hand #254542716624:  Hold'em No Limit ($0.05/$0.10) - 2025/01/25 9:54:23 CET [2025/01/25 3:54:23 ET]
Table 'Aludra' 6-max Seat #1 is the button
Seat 1: Mahu2021 ($8.69 in chips) 
Seat 2: tov.Suhov1 ($10.73 in chips) 
Seat 3: mOberdan ($12.92 in chips) 
Seat 4: lolb0t ($13.17 in chips) 
Seat 5: Spew82 ($3.02 in chips) 
Seat 6: dali0511 ($12.52 in chips) 
tov.Suhov1: posts small blind $0.05
mOberdan: posts big blind $0.10
*** HOLE CARDS ***
Dealt to Mahu2021 [2s Ac]
lolb0t: folds 
Spew82: folds 
dali0511: raises $0.15 to $0.25
Mahu2021: folds 
tov.Suhov1: raises $0.60 to $0.85
mOberdan: folds 
dali0511: raises $1.15 to $2
tov.Suhov1: calls $1.15
*** FLOP *** [7d 5c 3c]
tov.Suhov1: checks 
dali0511: bets $1
tov.Suhov1: folds 
Uncalled bet ($1) returned to dali0511
dali0511 collected $3.92 from pot
dali0511: doesn't show hand 
*** SUMMARY ***
Total pot $4.10 | Rake $0.18 
Board [7d 5c 3c]
Seat 1: Mahu2021 (button) folded before Flop (didn't bet)
Seat 2: tov.Suhov1 (small blind) folded on the Flop
Seat 3: mOberdan (big blind) folded before Flop
Seat 4: lolb0t folded before Flop (didn't bet)
Seat 5: Spew82 folded before Flop (didn't bet)
Seat 6: dali0511 collected ($3.92)



PokerStars Zoom Hand #254542721596:  Hold'em No Limit ($0.05/$0.10) - 2025/01/25 9:55:17 CET [2025/01/25 3:55:17 ET]
Table 'Aludra' 6-max Seat #1 is the button
Seat 1: tov.Suhov1 ($13.32 in chips) 
Seat 2: kyus83 ($10.05 in chips) 
Seat 3: Mahu2021 ($9.01 in chips) 
Seat 4: camilo13186 ($4.84 in chips) 
Seat 5: counsellor13 ($11.39 in chips) 
Seat 6: mOberdan ($12.77 in chips) 
kyus83: posts small blind $0.05
Mahu2021: posts big blind $0.10
*** HOLE CARDS ***
Dealt to Mahu2021 [8d 2d]
camilo13186: folds 
counsellor13: folds 
mOberdan: folds 
tov.Suhov1: raises $0.15 to $0.25
kyus83: folds 
Mahu2021: folds 
Uncalled bet ($0.15) returned to tov.Suhov1
tov.Suhov1 collected $0.25 from pot
tov.Suhov1: doesn't show hand 
*** SUMMARY ***
Total pot $0.25 | Rake $0 
Seat 1: tov.Suhov1 (button) collected ($0.25)
Seat 2: kyus83 (small blind) folded before Flop
Seat 3: Mahu2021 (big blind) folded before Flop
Seat 4: camilo13186 folded before Flop (didn't bet)
Seat 5: counsellor13 folded before Flop (didn't bet)
Seat 6: mOberdan folded before Flop (didn't bet)



PokerStars Zoom Hand #254542717384:  Hold'em No Limit ($0.05/$0.10) - 2025/01/25 9:54:31 CET [2025/01/25 3:54:31 ET]
Table 'Aludra' 6-max Seat #1 is the button
Seat 1: fasora ($18.24 in chips) 
Seat 2: t1a2n330 ($9.58 in chips) 
Seat 3: luckyal00 ($15.34 in chips) 
Seat 4: Mahu2021 ($8.69 in chips) 
Seat 5: steveno1983 ($10.31 in chips) 
Seat 6: FN BRICK ($18.80 in chips) 
t1a2n330: posts small blind $0.05
luckyal00: posts big blind $0.10
*** HOLE CARDS ***
Dealt to Mahu2021 [7h 2c]
Mahu2021: folds 
steveno1983: folds 
FN BRICK: folds 
fasora: raises $0.15 to $0.25
t1a2n330: calls $0.20
luckyal00: calls $0.15
*** FLOP *** [6d 6c 7d]
t1a2n330: checks 
luckyal00: checks 
fasora: bets $0.14
t1a2n330: calls $0.14
luckyal00: folds 
*** TURN *** [6d 6c 7d] [Ad]
t1a2n330: checks 
fasora: bets $0.78
t1a2n330: calls $0.78
*** RIVER *** [6d 6c 7d Ad] [Ts]
t1a2n330: checks 
fasora: bets $4.80
t1a2n330: folds 
Uncalled bet ($4.80) returned to fasora
fasora collected $2.47 from pot
fasora: doesn't show hand 
*** SUMMARY ***
Total pot $2.59 | Rake $0.12 
Board [6d 6c 7d Ad Ts]
Seat 1: fasora (button) collected ($2.47)
Seat 2: t1a2n330 (small blind) folded on the River
Seat 3: luckyal00 (big blind) folded on the Flop
Seat 4: Mahu2021 folded before Flop (didn't bet)
Seat 5: steveno1983 folded before Flop (didn't bet)
Seat 6: FN BRICK folded before Flop (didn't bet)



PokerStars Zoom Hand #254542722535:  Hold'em No Limit ($0.05/$0.10) - 2025/01/25 9:55:29 CET [2025/01/25 3:55:29 ET]
Table 'Aludra' 6-max Seat #1 is the button
Seat 1: Heurisch1905 ($27.18 in chips) 
Seat 2: mOberdan ($10.05 in chips) 
Seat 3: Spew82 ($3.91 in chips) 
Seat 4: tov.Suhov1 ($10 in chips) 
Seat 5: Mahu2021 ($8.91 in chips) 
Seat 6: FN BRICK ($18.60 in chips) 
mOberdan: posts small blind $0.05
Spew82: posts big blind $0.10
*** HOLE CARDS ***
Dealt to Mahu2021 [5c 3d]
tov.Suhov1: folds 
Mahu2021: folds 
FN BRICK: raises $0.10 to $0.20
Heurisch1905: folds 
mOberdan: folds 
Spew82: folds 
Uncalled bet ($0.10) returned to FN BRICK
FN BRICK collected $0.25 from pot
FN BRICK: doesn't show hand 
*** SUMMARY ***
Total pot $0.25 | Rake $0 
Seat 1: Heurisch1905 (button) folded before Flop (didn't bet)
Seat 2: mOberdan (small blind) folded before Flop
Seat 3: Spew82 (big blind) folded before Flop
Seat 4: tov.Suhov1 folded before Flop (didn't bet)
Seat 5: Mahu2021 folded before Flop (didn't bet)
Seat 6: FN BRICK collected ($0.25)



PokerStars Zoom Hand #254542724503:  Hold'em No Limit ($0.05/$0.10) - 2025/01/25 9:55:53 CET [2025/01/25 3:55:53 ET]
Table 'Aludra' 6-max Seat #1 is the button
Seat 1: kyus83 ($10.05 in chips) 
Seat 2: mOberdan ($17.88 in chips) 
Seat 3: Sluggie14 ($18.05 in chips) 
Seat 4: Smallpotate ($17.69 in chips) 
Seat 5: t1a2n330 ($7.21 in chips) 
Seat 6: Mahu2021 ($8.76 in chips) 
mOberdan: posts small blind $0.05
Sluggie14: posts big blind $0.10
*** HOLE CARDS ***
Dealt to Mahu2021 [8c 6s]
Smallpotate: raises $0.20 to $0.30
t1a2n330: folds 
Mahu2021: folds 
kyus83: folds 
mOberdan: folds 
Sluggie14: folds 
Uncalled bet ($0.20) returned to Smallpotate
Smallpotate collected $0.25 from pot
Smallpotate: doesn't show hand 
*** SUMMARY ***
Total pot $0.25 | Rake $0 
Seat 1: kyus83 (button) folded before Flop (didn't bet)
Seat 2: mOberdan (small blind) folded before Flop
Seat 3: Sluggie14 (big blind) folded before Flop
Seat 4: Smallpotate collected ($0.25)
Seat 5: t1a2n330 folded before Flop (didn't bet)
Seat 6: Mahu2021 folded before Flop (didn't bet)



PokerStars Zoom Hand #254542724998:  Hold'em No Limit ($0.05/$0.10) - 2025/01/25 9:55:59 CET [2025/01/25 3:55:59 ET]
Table 'Aludra' 6-max Seat #1 is the button
Seat 1: kar4tune ($9.85 in chips) 
Seat 2: fasora ($11.20 in chips) 
Seat 3: osfp7john ($30.14 in chips) 
Seat 4: dali0511 ($14.54 in chips) 
Seat 5: Augis29 ($5.37 in chips) 
Seat 6: Mahu2021 ($8.76 in chips) 
fasora: posts small blind $0.05
osfp7john: posts big blind $0.10
*** HOLE CARDS ***
Dealt to Mahu2021 [Jc Qs]
dali0511: folds 
Augis29: folds 
Mahu2021: raises $0.14 to $0.24
kar4tune: folds 
fasora: raises $0.84 to $1.08
osfp7john: folds 
Mahu2021: folds 
Uncalled bet ($0.84) returned to fasora
fasora collected $0.58 from pot
fasora: doesn't show hand 
*** SUMMARY ***
Total pot $0.58 | Rake $0 
Seat 1: kar4tune (button) folded before Flop (didn't bet)
Seat 2: fasora (small blind) collected ($0.58)
Seat 3: osfp7john (big blind) folded before Flop
Seat 4: dali0511 folded before Flop (didn't bet)
Seat 5: Augis29 folded before Flop (didn't bet)
Seat 6: Mahu2021 folded before Flop



PokerStars Zoom Hand #254542723151:  Hold'em No Limit ($0.05/$0.10) - 2025/01/25 9:55:37 CET [2025/01/25 3:55:37 ET]
Table 'Aludra' 6-max Seat #1 is the button
Seat 1: camilo13186 ($4.74 in chips) 
Seat 2: kar4tune ($10.05 in chips) 
Seat 3: Mahu2021 ($8.86 in chips) 
Seat 4: Heurisch1905 ($27.18 in chips) 
Seat 5: crazy miki ($9.38 in chips) 
Seat 6: andrei0431 ($5.91 in chips) 
kar4tune: posts small blind $0.05
Mahu2021: posts big blind $0.10
*** HOLE CARDS ***
Dealt to Mahu2021 [6d Ts]
Heurisch1905: calls $0.10
crazy miki: folds 
andrei0431: raises $0.20 to $0.30
camilo13186: calls $0.30
kar4tune: folds 
Mahu2021: folds 
Heurisch1905: calls $0.20
*** FLOP *** [Kh 5c 2d]
Heurisch1905: checks 
andrei0431: bets $0.60
camilo13186: folds 
Heurisch1905: raises $0.60 to $1.20
andrei0431: calls $0.60
*** TURN *** [Kh 5c 2d] [4c]
Heurisch1905: checks 
andrei0431: bets $1.75
Heurisch1905: raises $1.75 to $3.50
andrei0431: folds 
Uncalled bet ($1.75) returned to Heurisch1905
Heurisch1905 collected $6.56 from pot
Heurisch1905: doesn't show hand 
*** SUMMARY ***
Total pot $6.95 | Rake $0.39 
Board [Kh 5c 2d 4c]
Seat 1: camilo13186 (button) folded on the Flop
Seat 2: kar4tune (small blind) folded before Flop
Seat 3: Mahu2021 (big blind) folded before Flop
Seat 4: Heurisch1905 collected ($6.56)
Seat 5: crazy miki folded before Flop (didn't bet)
Seat 6: andrei0431 folded on the Turn



PokerStars Zoom Hand #254542722855:  Hold'em No Limit ($0.05/$0.10) - 2025/01/25 9:55:33 CET [2025/01/25 3:55:33 ET]
Table 'Aludra' 6-max Seat #1 is the button
Seat 1: Dutta666 ($10.48 in chips) 
Seat 2: Mahu2021 ($8.91 in chips) 
Seat 3: mOberdan ($12.72 in chips) 
Seat 4: yellda ($10 in chips) 
Seat 5: tov.Suhov1 ($10.75 in chips) 
Seat 6: Bur1k ($5 in chips) 
Mahu2021: posts small blind $0.05
mOberdan: posts big blind $0.10
*** HOLE CARDS ***
Dealt to Mahu2021 [3s 7s]
yellda: folds 
tov.Suhov1: folds 
Bur1k: raises $0.15 to $0.25
Dutta666: calls $0.25
Mahu2021: folds 
mOberdan: calls $0.15
*** FLOP *** [6s 2h Jh]
mOberdan: checks 
Bur1k: checks 
Dutta666: checks 
*** TURN *** [6s 2h Jh] [Js]
mOberdan: checks 
Bur1k: bets $1.31
Dutta666: folds 
mOberdan: folds 
Uncalled bet ($1.31) returned to Bur1k
Bur1k collected $0.76 from pot
Bur1k: doesn't show hand 
*** SUMMARY ***
Total pot $0.80 | Rake $0.04 
Board [6s 2h Jh Js]
Seat 1: Dutta666 (button) folded on the Turn
Seat 2: Mahu2021 (small blind) folded before Flop
Seat 3: mOberdan (big blind) folded on the Turn
Seat 4: yellda folded before Flop (didn't bet)
Seat 5: tov.Suhov1 folded before Flop (didn't bet)
Seat 6: Bur1k collected ($0.76)



PokerStars Zoom Hand #254542726489:  Hold'em No Limit ($0.05/$0.10) - 2025/01/25 9:56:18 CET [2025/01/25 3:56:18 ET]
Table 'Aludra' 6-max Seat #1 is the button
Seat 1: Mahu2021 ($8.52 in chips) 
Seat 2: Smallpotate ($11.93 in chips) 
Seat 3: kar4tune ($9.85 in chips) 
Seat 4: dali0511 ($21.43 in chips) 
Seat 5: t1a2n330 ($7.11 in chips) 
Seat 6: camilo13186 ($4.39 in chips) 
Smallpotate: posts small blind $0.05
kar4tune: posts big blind $0.10
*** HOLE CARDS ***
Dealt to Mahu2021 [Js Ad]
dali0511: folds 
t1a2n330: folds 
camilo13186: calls $0.10
Mahu2021: calls $0.10
Smallpotate: folds 
kar4tune has timed out
kar4tune: checks 
*** FLOP *** [Qh 9d 3c]
kar4tune: checks 
camilo13186: checks 
Mahu2021: checks 
*** TURN *** [Qh 9d 3c] [2c]
kar4tune: bets $0.33
camilo13186: folds 
Mahu2021: folds 
Uncalled bet ($0.33) returned to kar4tune
kar4tune collected $0.33 from pot
kar4tune: doesn't show hand 
*** SUMMARY ***
Total pot $0.35 | Rake $0.02 
Board [Qh 9d 3c 2c]
Seat 1: Mahu2021 (button) folded on the Turn
Seat 2: Smallpotate (small blind) folded before Flop
Seat 3: kar4tune (big blind) collected ($0.33)
Seat 4: dali0511 folded before Flop (didn't bet)
Seat 5: t1a2n330 folded before Flop (didn't bet)
Seat 6: camilo13186 folded on the Turn



PokerStars Zoom Hand #254542729479:  Hold'em No Limit ($0.05/$0.10) - 2025/01/25 9:56:54 CET [2025/01/25 3:56:54 ET]
Table 'Aludra' 6-max Seat #1 is the button
Seat 1: Dutta666 ($10.28 in chips) 
Seat 2: Mahu2021 ($8.42 in chips) 
Seat 3: Smallpotate ($17.54 in chips) 
Seat 4: osfp7john ($41.66 in chips) 
Seat 5: camilo13186 ($4.29 in chips) 
Seat 6: Bur1k ($5.15 in chips) 
Mahu2021: posts small blind $0.05
Smallpotate: posts big blind $0.10
*** HOLE CARDS ***
Dealt to Mahu2021 [Tc 8d]
osfp7john: folds 
camilo13186: folds 
Bur1k: folds 
Dutta666: folds 
Mahu2021: folds 
Uncalled bet ($0.05) returned to Smallpotate
Smallpotate collected $0.10 from pot
Smallpotate: doesn't show hand 
*** SUMMARY ***
Total pot $0.10 | Rake $0 
Seat 1: Dutta666 (button) folded before Flop (didn't bet)
Seat 2: Mahu2021 (small blind) folded before Flop
Seat 3: Smallpotate (big blind) collected ($0.10)
Seat 4: osfp7john folded before Flop (didn't bet)
Seat 5: camilo13186 folded before Flop (didn't bet)
Seat 6: Bur1k folded before Flop (didn't bet)



PokerStars Zoom Hand #254542729804:  Hold'em No Limit ($0.05/$0.10) - 2025/01/25 9:56:58 CET [2025/01/25 3:56:58 ET]
Table 'Aludra' 6-max Seat #1 is the button
Seat 1: fasora ($19.12 in chips) 
Seat 2: dali0511 ($21.33 in chips) 
Seat 3: ashleygordine90 ($10 in chips) 
Seat 4: Dutta666 ($10.28 in chips) 
Seat 5: Mahu2021 ($8.37 in chips) 
Seat 6: osfp7john ($41.66 in chips) 
dali0511: posts small blind $0.05
ashleygordine90: posts big blind $0.10
*** HOLE CARDS ***
Dealt to Mahu2021 [Tc Ac]
Dutta666: folds 
Mahu2021: raises $0.14 to $0.24
osfp7john: folds 
fasora: folds 
dali0511: folds 
ashleygordine90: calls $0.14
*** FLOP *** [4s 8d 3d]
ashleygordine90: checks 
Mahu2021: checks 
*** TURN *** [4s 8d 3d] [Qc]
ashleygordine90: checks 
Mahu2021: checks 
*** RIVER *** [4s 8d 3d Qc] [4d]
ashleygordine90: bets $0.26
Mahu2021: calls $0.26
*** SHOW DOWN ***
ashleygordine90: shows [Qd 6s] (two pair, Queens and Fours)
Mahu2021: mucks hand 
ashleygordine90 collected $1 from pot
*** SUMMARY ***
Total pot $1.05 | Rake $0.05 
Board [4s 8d 3d Qc 4d]
Seat 1: fasora (button) folded before Flop (didn't bet)
Seat 2: dali0511 (small blind) folded before Flop
Seat 3: ashleygordine90 (big blind) showed [Qd 6s] and won ($1) with two pair, Queens and Fours
Seat 4: Dutta666 folded before Flop (didn't bet)
Seat 5: Mahu2021 mucked [Tc Ac]
Seat 6: osfp7john folded before Flop (didn't bet)



PokerStars Zoom Hand #254542732362:  Hold'em No Limit ($0.05/$0.10) - 2025/01/25 9:57:30 CET [2025/01/25 3:57:30 ET]
Table 'Aludra' 6-max Seat #1 is the button
Seat 1: steveno1983 ($9.16 in chips) 
Seat 2: Funmoonstar ($6.36 in chips) 
Seat 3: dali0511 ($21.28 in chips) 
Seat 4: mittl11 ($12.16 in chips) 
Seat 5: Mahu2021 ($7.77 in chips) 
Seat 6: SavageHanry ($5.49 in chips) 
Funmoonstar: posts small blind $0.05
dali0511: posts big blind $0.10
*** HOLE CARDS ***
Dealt to Mahu2021 [8c 7s]
mittl11: folds 
Mahu2021: folds 
SavageHanry: folds 
steveno1983: folds 
Funmoonstar: folds 
Uncalled bet ($0.05) returned to dali0511
dali0511 collected $0.10 from pot
dali0511: doesn't show hand 
*** SUMMARY ***
Total pot $0.10 | Rake $0 
Seat 1: steveno1983 (button) folded before Flop (didn't bet)
Seat 2: Funmoonstar (small blind) folded before Flop
Seat 3: dali0511 (big blind) collected ($0.10)
Seat 4: mittl11 folded before Flop (didn't bet)
Seat 5: Mahu2021 folded before Flop (didn't bet)
Seat 6: SavageHanry folded before Flop (didn't bet)



PokerStars Zoom Hand #254542731515:  Hold'em No Limit ($0.05/$0.10) - 2025/01/25 9:57:19 CET [2025/01/25 3:57:19 ET]
Table 'Aludra' 6-max Seat #1 is the button
Seat 1: Smallpotate ($17.54 in chips) 
Seat 2: FN BRICK ($18.50 in chips) 
Seat 3: Mahu2021 ($7.87 in chips) 
Seat 4: fasora ($18.97 in chips) 
Seat 5: dali0511 ($21.28 in chips) 
Seat 6: kar4tune ($10.03 in chips) 
FN BRICK: posts small blind $0.05
Mahu2021: posts big blind $0.10
*** HOLE CARDS ***
Dealt to Mahu2021 [5s 4h]
fasora: folds 
dali0511: folds 
kar4tune: folds 
Smallpotate: raises $0.20 to $0.30
FN BRICK: folds 
Mahu2021: folds 
Uncalled bet ($0.20) returned to Smallpotate
Smallpotate collected $0.25 from pot
Smallpotate: doesn't show hand 
*** SUMMARY ***
Total pot $0.25 | Rake $0 
Seat 1: Smallpotate (button) collected ($0.25)
Seat 2: FN BRICK (small blind) folded before Flop
Seat 3: Mahu2021 (big blind) folded before Flop
Seat 4: fasora folded before Flop (didn't bet)
Seat 5: dali0511 folded before Flop (didn't bet)
Seat 6: kar4tune folded before Flop (didn't bet)



PokerStars Zoom Hand #254542732716:  Hold'em No Limit ($0.05/$0.10) - 2025/01/25 9:57:34 CET [2025/01/25 3:57:34 ET]
Table 'Aludra' 6-max Seat #1 is the button
Seat 1: dali0511 ($20.16 in chips) 
Seat 2: Mahu2021 ($7.77 in chips) 
Seat 3: SavageHanry ($5.49 in chips) 
Seat 4: steveno1983 ($9.16 in chips) 
Seat 5: Dutta666 ($10.23 in chips) 
Seat 6: Augis29 ($7.41 in chips) 
Mahu2021: posts small blind $0.05
SavageHanry: posts big blind $0.10
*** HOLE CARDS ***
Dealt to Mahu2021 [4c Jc]
steveno1983: raises $0.20 to $0.30
Dutta666: folds 
Augis29: folds 
dali0511: calls $0.30
Mahu2021: folds 
SavageHanry: folds 
*** FLOP *** [7h 2d Ad]
steveno1983: bets $0.36
dali0511: folds 
Uncalled bet ($0.36) returned to steveno1983
steveno1983 collected $0.72 from pot
steveno1983: doesn't show hand 
*** SUMMARY ***
Total pot $0.75 | Rake $0.03 
Board [7h 2d Ad]
Seat 1: dali0511 (button) folded on the Flop
Seat 2: Mahu2021 (small blind) folded before Flop
Seat 3: SavageHanry (big blind) folded before Flop
Seat 4: steveno1983 collected ($0.72)
Seat 5: Dutta666 folded before Flop (didn't bet)
Seat 6: Augis29 folded before Flop (didn't bet)



PokerStars Zoom Hand #254542733423:  Hold'em No Limit ($0.05/$0.10) - 2025/01/25 9:57:43 CET [2025/01/25 3:57:43 ET]
Table 'Aludra' 6-max Seat #1 is the button
Seat 1: Bur1k ($6.10 in chips) 
Seat 2: SavageHanry ($5.39 in chips) 
Seat 3: Dutta666 ($10.23 in chips) 
Seat 4: dali0511 ($10 in chips) 
Seat 5: Mahu2021 ($7.72 in chips) 
Seat 6: FN BRICK ($18.45 in chips) 
SavageHanry: posts small blind $0.05
Dutta666: posts big blind $0.10
*** HOLE CARDS ***
Dealt to Mahu2021 [3d Qc]
dali0511: folds 
Mahu2021: folds 
FN BRICK: folds 
Bur1k: folds 
SavageHanry: folds 
Uncalled bet ($0.05) returned to Dutta666
Dutta666 collected $0.10 from pot
Dutta666: doesn't show hand 
*** SUMMARY ***
Total pot $0.10 | Rake $0 
Seat 1: Bur1k (button) folded before Flop (didn't bet)
Seat 2: SavageHanry (small blind) folded before Flop
Seat 3: Dutta666 (big blind) collected ($0.10)
Seat 4: dali0511 folded before Flop (didn't bet)
Seat 5: Mahu2021 folded before Flop (didn't bet)
Seat 6: FN BRICK folded before Flop (didn't bet)



PokerStars Zoom Hand #254542734124:  Hold'em No Limit ($0.05/$0.10) - 2025/01/25 9:57:52 CET [2025/01/25 3:57:52 ET]
Table 'Aludra' 6-max Seat #1 is the button
Seat 1: kyus83 ($10.05 in chips) 
Seat 2: Dutta666 ($10.28 in chips) 
Seat 3: TomasHn ($10 in chips) 
Seat 4: Mahu2021 ($7.72 in chips) 
Seat 5: steveno1983 ($9.58 in chips) 
Seat 6: joorup ($10 in chips) 
Dutta666: posts small blind $0.05
TomasHn: posts big blind $0.10
*** HOLE CARDS ***
Dealt to Mahu2021 [3h Jc]
Mahu2021: folds 
steveno1983: folds 
joorup: folds 
kyus83: folds 
Dutta666: folds 
Uncalled bet ($0.05) returned to TomasHn
TomasHn collected $0.10 from pot
TomasHn: doesn't show hand 
*** SUMMARY ***
Total pot $0.10 | Rake $0 
Seat 1: kyus83 (button) folded before Flop (didn't bet)
Seat 2: Dutta666 (small blind) folded before Flop
Seat 3: TomasHn (big blind) collected ($0.10)
Seat 4: Mahu2021 folded before Flop (didn't bet)
Seat 5: steveno1983 folded before Flop (didn't bet)
Seat 6: joorup folded before Flop (didn't bet)



PokerStars Zoom Hand #254542734442:  Hold'em No Limit ($0.05/$0.10) - 2025/01/25 9:57:56 CET [2025/01/25 3:57:56 ET]
Table 'Aludra' 6-max Seat #1 is the button
Seat 1: camilo13186 ($3.45 in chips) 
Seat 2: fasora ($18.97 in chips) 
Seat 3: yellda ($10.30 in chips) 
Seat 4: Mahu2021 ($7.72 in chips) 
Seat 5: kyus83 ($10.05 in chips) 
Seat 6: Dutta666 ($10.23 in chips) 
fasora: posts small blind $0.05
yellda: posts big blind $0.10
*** HOLE CARDS ***
Dealt to Mahu2021 [Jh 6s]
Mahu2021: folds 
kyus83: folds 
Dutta666: folds 
camilo13186: folds 
fasora: folds 
Uncalled bet ($0.05) returned to yellda
yellda collected $0.10 from pot
yellda: doesn't show hand 
*** SUMMARY ***
Total pot $0.10 | Rake $0 
Seat 1: camilo13186 (button) folded before Flop (didn't bet)
Seat 2: fasora (small blind) folded before Flop
Seat 3: yellda (big blind) collected ($0.10)
Seat 4: Mahu2021 folded before Flop (didn't bet)
Seat 5: kyus83 folded before Flop (didn't bet)
Seat 6: Dutta666 folded before Flop (didn't bet)



PokerStars Zoom Hand #254542734750:  Hold'em No Limit ($0.05/$0.10) - 2025/01/25 9:58:00 CET [2025/01/25 3:58:00 ET]
Table 'Aludra' 6-max Seat #1 is the button
Seat 1: Dutta666 ($10.23 in chips) 
Seat 2: Smallpotate ($17.69 in chips) 
Seat 3: fasora ($12.57 in chips) 
Seat 4: Bur1k ($6.10 in chips) 
Seat 5: dali0511 ($19.86 in chips) 
Seat 6: Mahu2021 ($7.72 in chips) 
Smallpotate: posts small blind $0.05
fasora: posts big blind $0.10
*** HOLE CARDS ***
Dealt to Mahu2021 [7h 6d]
Bur1k: folds 
dali0511: folds 
Mahu2021: folds 
Dutta666: folds 
Smallpotate: raises $0.30 to $0.40
fasora: folds 
Uncalled bet ($0.30) returned to Smallpotate
Smallpotate collected $0.20 from pot
Smallpotate: doesn't show hand 
*** SUMMARY ***
Total pot $0.20 | Rake $0 
Seat 1: Dutta666 (button) folded before Flop (didn't bet)
Seat 2: Smallpotate (small blind) collected ($0.20)
Seat 3: fasora (big blind) folded before Flop
Seat 4: Bur1k folded before Flop (didn't bet)
Seat 5: dali0511 folded before Flop (didn't bet)
Seat 6: Mahu2021 folded before Flop (didn't bet)



PokerStars Zoom Hand #254542735132:  Hold'em No Limit ($0.05/$0.10) - 2025/01/25 9:58:06 CET [2025/01/25 3:58:06 ET]
Table 'Aludra' 6-max Seat #1 is the button
Seat 1: TomasHn ($10 in chips) 
Seat 2: kyus83 ($10.05 in chips) 
Seat 3: Mahu2021 ($7.72 in chips) 
Seat 4: ashleygordine90 ($10.75 in chips) 
Seat 5: yellda ($10.35 in chips) 
Seat 6: Dutta666 ($10.23 in chips) 
kyus83: posts small blind $0.05
Mahu2021: posts big blind $0.10
*** HOLE CARDS ***
Dealt to Mahu2021 [8d Ks]
ashleygordine90: folds 
yellda: folds 
Dutta666: folds 
TomasHn: folds 
kyus83: folds 
Uncalled bet ($0.05) returned to Mahu2021
Mahu2021 collected $0.10 from pot
Mahu2021: doesn't show hand 
*** SUMMARY ***
Total pot $0.10 | Rake $0 
Seat 1: TomasHn (button) folded before Flop (didn't bet)
Seat 2: kyus83 (small blind) folded before Flop
Seat 3: Mahu2021 (big blind) collected ($0.10)
Seat 4: ashleygordine90 folded before Flop (didn't bet)
Seat 5: yellda folded before Flop (didn't bet)
Seat 6: Dutta666 folded before Flop (didn't bet)



PokerStars Zoom Hand #254542733722:  Hold'em No Limit ($0.05/$0.10) - 2025/01/25 9:57:47 CET [2025/01/25 3:57:47 ET]
Table 'Aludra' 6-max Seat #1 is the button
Seat 1: Mahu2021 ($7.72 in chips) 
Seat 2: Smallpotate ($11.58 in chips) 
Seat 3: A-materasu7777 ($13.13 in chips) 
Seat 4: SavageHanry ($5.34 in chips) 
Seat 5: FN BRICK ($18.45 in chips) 
Seat 6: yellda ($10.30 in chips) 
Smallpotate: posts small blind $0.05
A-materasu7777: posts big blind $0.10
*** HOLE CARDS ***
Dealt to Mahu2021 [3d Js]
SavageHanry: raises $0.10 to $0.20
FN BRICK: folds 
yellda: folds 
Mahu2021: folds 
Smallpotate: folds 
A-materasu7777: raises $0.65 to $0.85
SavageHanry: calls $0.65
*** FLOP *** [7s 2c Ad]
A-materasu7777: bets $0.84
SavageHanry: calls $0.84
*** TURN *** [7s 2c Ad] [Td]
A-materasu7777: bets $2.46
SavageHanry: raises $1.19 to $3.65 and is all-in
A-materasu7777: calls $1.19
*** RIVER *** [7s 2c Ad Td] [Jd]
*** SHOW DOWN ***
A-materasu7777: shows [Qs Ah] (a pair of Aces)
SavageHanry: shows [As Kc] (a pair of Aces - King kicker)
SavageHanry collected $10.25 from pot
*** SUMMARY ***
Total pot $10.73 | Rake $0.48 
Board [7s 2c Ad Td Jd]
Seat 1: Mahu2021 (button) folded before Flop (didn't bet)
Seat 2: Smallpotate (small blind) folded before Flop
Seat 3: A-materasu7777 (big blind) showed [Qs Ah] and lost with a pair of Aces
Seat 4: SavageHanry showed [As Kc] and won ($10.25) with a pair of Aces
Seat 5: FN BRICK folded before Flop (didn't bet)
Seat 6: yellda folded before Flop (didn't bet)



PokerStars Zoom Hand #254542736216:  Hold'em No Limit ($0.05/$0.10) - 2025/01/25 9:58:19 CET [2025/01/25 3:58:19 ET]
Table 'Aludra' 6-max Seat #1 is the button
Seat 1: Smallpotate ($11.58 in chips) 
Seat 2: fasora ($12.47 in chips) 
Seat 3: osfp7john ($41.81 in chips) 
Seat 4: Mahu2021 ($7.77 in chips) 
Seat 5: lolb0t ($13.31 in chips) 
Seat 6: Bur1k ($6.10 in chips) 
fasora: posts small blind $0.05
osfp7john: posts big blind $0.10
*** HOLE CARDS ***
Dealt to Mahu2021 [3h Js]
Mahu2021: folds 
lolb0t: folds 
Bur1k: folds 
Smallpotate: folds 
fasora: folds 
Uncalled bet ($0.05) returned to osfp7john
osfp7john collected $0.10 from pot
osfp7john: doesn't show hand 
*** SUMMARY ***
Total pot $0.10 | Rake $0 
Seat 1: Smallpotate (button) folded before Flop (didn't bet)
Seat 2: fasora (small blind) folded before Flop
Seat 3: osfp7john (big blind) collected ($0.10)
Seat 4: Mahu2021 folded before Flop (didn't bet)
Seat 5: lolb0t folded before Flop (didn't bet)
Seat 6: Bur1k folded before Flop (didn't bet)



PokerStars Zoom Hand #254542736624:  Hold'em No Limit ($0.05/$0.10) - 2025/01/25 9:58:24 CET [2025/01/25 3:58:24 ET]
Table 'Aludra' 6-max Seat #1 is the button
Seat 1: Mahu2021 ($7.77 in chips) 
Seat 2: seatrout37 ($6.93 in chips) 
Seat 3: t1a2n330 ($7.83 in chips) 
Seat 4: KaizenTummo ($16.56 in chips) 
Seat 5: yellda ($10.50 in chips) 
Seat 6: lolb0t ($11.77 in chips) 
seatrout37: posts small blind $0.05
t1a2n330: posts big blind $0.10
*** HOLE CARDS ***
Dealt to Mahu2021 [Ad Qd]
KaizenTummo: folds 
yellda: folds 
lolb0t: raises $0.20 to $0.30
Mahu2021: calls $0.30
seatrout37: folds 
t1a2n330: calls $0.20
*** FLOP *** [Ac 8c 5h]
t1a2n330: checks 
lolb0t: bets $0.46
Mahu2021: calls $0.46
t1a2n330: folds 
*** TURN *** [Ac 8c 5h] [Qc]
lolb0t: checks 
Mahu2021: bets $1.79
lolb0t: folds 
Uncalled bet ($1.79) returned to Mahu2021
Mahu2021 collected $1.79 from pot
Mahu2021: doesn't show hand 
*** SUMMARY ***
Total pot $1.87 | Rake $0.08 
Board [Ac 8c 5h Qc]
Seat 1: Mahu2021 (button) collected ($1.79)
Seat 2: seatrout37 (small blind) folded before Flop
Seat 3: t1a2n330 (big blind) folded on the Flop
Seat 4: KaizenTummo folded before Flop (didn't bet)
Seat 5: yellda folded before Flop (didn't bet)
Seat 6: lolb0t folded on the Turn



PokerStars Zoom Hand #254542738583:  Hold'em No Limit ($0.05/$0.10) - 2025/01/25 9:58:49 CET [2025/01/25 3:58:49 ET]
Table 'Aludra' 6-max Seat #1 is the button
Seat 1: fasora ($18.87 in chips) 
Seat 2: Mahu2021 ($8.80 in chips) 
Seat 3: Augis29 ($10 in chips) 
Seat 4: joorup ($10.05 in chips) 
Seat 5: osfp7john ($41.81 in chips) 
Seat 6: Sluggie14 ($19.47 in chips) 
Mahu2021: posts small blind $0.05
Augis29: posts big blind $0.10
*** HOLE CARDS ***
Dealt to Mahu2021 [4h 2s]
joorup: folds 
osfp7john: folds 
Sluggie14: folds 
fasora: folds 
Mahu2021: folds 
Uncalled bet ($0.05) returned to Augis29
Augis29 collected $0.10 from pot
Augis29: doesn't show hand 
*** SUMMARY ***
Total pot $0.10 | Rake $0 
Seat 1: fasora (button) folded before Flop (didn't bet)
Seat 2: Mahu2021 (small blind) folded before Flop
Seat 3: Augis29 (big blind) collected ($0.10)
Seat 4: joorup folded before Flop (didn't bet)
Seat 5: osfp7john folded before Flop (didn't bet)
Seat 6: Sluggie14 folded before Flop (didn't bet)



PokerStars Zoom Hand #254542738903:  Hold'em No Limit ($0.05/$0.10) - 2025/01/25 9:58:52 CET [2025/01/25 3:58:52 ET]
Table 'Aludra' 6-max Seat #1 is the button
Seat 1: joorup ($10.05 in chips) 
Seat 2: fasora ($18.87 in chips) 
Seat 3: Lampard10228 ($10 in chips) 
Seat 4: lolb0t ($13.26 in chips) 
Seat 5: Sluggie14 ($19.47 in chips) 
Seat 6: Mahu2021 ($8.75 in chips) 
fasora: posts small blind $0.05
Lampard10228: posts big blind $0.10
*** HOLE CARDS ***
Dealt to Mahu2021 [8c 4c]
lolb0t: folds 
Sluggie14: folds 
Mahu2021: folds 
joorup: folds 
fasora: folds 
Uncalled bet ($0.05) returned to Lampard10228
Lampard10228 collected $0.10 from pot
Lampard10228: doesn't show hand 
*** SUMMARY ***
Total pot $0.10 | Rake $0 
Seat 1: joorup (button) folded before Flop (didn't bet)
Seat 2: fasora (small blind) folded before Flop
Seat 3: Lampard10228 (big blind) collected ($0.10)
Seat 4: lolb0t folded before Flop (didn't bet)
Seat 5: Sluggie14 folded before Flop (didn't bet)
Seat 6: Mahu2021 folded before Flop (didn't bet)



PokerStars Zoom Hand #254542739334:  Hold'em No Limit ($0.05/$0.10) - 2025/01/25 9:58:58 CET [2025/01/25 3:58:58 ET]
Table 'Aludra' 6-max Seat #1 is the button
Seat 1: t1a2n330 ($7.48 in chips) 
Seat 2: ashleygordine90 ($11.35 in chips) 
Seat 3: Mahu2021 ($8.75 in chips) 
Seat 4: stedy_eddie ($12.73 in chips) 
Seat 5: Spew82 ($2.95 in chips) 
Seat 6: joorup ($10.05 in chips) 
ashleygordine90: posts small blind $0.05
Mahu2021: posts big blind $0.10
*** HOLE CARDS ***
Dealt to Mahu2021 [6c 2s]
stedy_eddie: folds 
Spew82: folds 
joorup: folds 
t1a2n330: raises $0.20 to $0.30
ashleygordine90: calls $0.25
Mahu2021: folds 
*** FLOP *** [5c 9c 6h]
ashleygordine90: checks 
t1a2n330: checks 
*** TURN *** [5c 9c 6h] [5s]
ashleygordine90: checks 
t1a2n330: bets $0.34
ashleygordine90: raises $0.68 to $1.02
t1a2n330: folds 
Uncalled bet ($0.68) returned to ashleygordine90
ashleygordine90 collected $1.32 from pot
ashleygordine90: doesn't show hand 
*** SUMMARY ***
Total pot $1.38 | Rake $0.06 
Board [5c 9c 6h 5s]
Seat 1: t1a2n330 (button) folded on the Turn
Seat 2: ashleygordine90 (small blind) collected ($1.32)
Seat 3: Mahu2021 (big blind) folded before Flop
Seat 4: stedy_eddie folded before Flop (didn't bet)
Seat 5: Spew82 folded before Flop (didn't bet)
Seat 6: joorup folded before Flop (didn't bet)



PokerStars Zoom Hand #254542741293:  Hold'em No Limit ($0.05/$0.10) - 2025/01/25 9:59:22 CET [2025/01/25 3:59:22 ET]
Table 'Aludra' 6-max Seat #1 is the button
Seat 1: counsellor13 ($11.07 in chips) 
Seat 2: osfp7john ($31.11 in chips) 
Seat 3: Bur1k ($5.10 in chips) 
Seat 4: seatrout37 ($6.63 in chips) 
Seat 5: Mahu2021 ($8.60 in chips) 
Seat 6: FN BRICK ($18.63 in chips) 
osfp7john: posts small blind $0.05
Bur1k: posts big blind $0.10
*** HOLE CARDS ***
Dealt to Mahu2021 [6c 6s]
seatrout37: folds 
Mahu2021: folds 
FN BRICK: folds 
counsellor13: folds 
osfp7john: raises $0.20 to $0.30
Bur1k: folds 
Uncalled bet ($0.20) returned to osfp7john
osfp7john collected $0.20 from pot
osfp7john: doesn't show hand 
*** SUMMARY ***
Total pot $0.20 | Rake $0 
Seat 1: counsellor13 (button) folded before Flop (didn't bet)
Seat 2: osfp7john (small blind) collected ($0.20)
Seat 3: Bur1k (big blind) folded before Flop
Seat 4: seatrout37 folded before Flop (didn't bet)
Seat 5: Mahu2021 folded before Flop (didn't bet)
Seat 6: FN BRICK folded before Flop (didn't bet)



PokerStars Zoom Hand #254542741646:  Hold'em No Limit ($0.05/$0.10) - 2025/01/25 9:59:27 CET [2025/01/25 3:59:27 ET]
Table 'Aludra' 6-max Seat #1 is the button
Seat 1: Mahu2021 ($8.60 in chips) 
Seat 2: seatrout37 ($6.63 in chips) 
Seat 3: t1a2n330 ($6.84 in chips) 
Seat 4: Bur1k ($5.25 in chips) 
Seat 5: FN BRICK ($18.63 in chips) 
Seat 6: dali0511 ($19.66 in chips) 
seatrout37: posts small blind $0.05
t1a2n330: posts big blind $0.10
*** HOLE CARDS ***
Dealt to Mahu2021 [3h 5s]
Bur1k: raises $0.20 to $0.30
FN BRICK: folds 
dali0511: folds 
Mahu2021: folds 
seatrout37: folds 
t1a2n330: raises $0.65 to $0.95
Bur1k: folds 
Uncalled bet ($0.65) returned to t1a2n330
t1a2n330 collected $0.65 from pot
t1a2n330: doesn't show hand 
*** SUMMARY ***
Total pot $0.65 | Rake $0 
Seat 1: Mahu2021 (button) folded before Flop (didn't bet)
Seat 2: seatrout37 (small blind) folded before Flop
Seat 3: t1a2n330 (big blind) collected ($0.65)
Seat 4: Bur1k folded before Flop
Seat 5: FN BRICK folded before Flop (didn't bet)
Seat 6: dali0511 folded before Flop (didn't bet)



PokerStars Zoom Hand #254542740669:  Hold'em No Limit ($0.05/$0.10) - 2025/01/25 9:59:15 CET [2025/01/25 3:59:15 ET]
Table 'Aludra' 6-max Seat #1 is the button
Seat 1: seatrout37 ($6.63 in chips) 
Seat 2: Mahu2021 ($8.65 in chips) 
Seat 3: osfp7john ($31.21 in chips) 
Seat 4: fasora ($18.82 in chips) 
Seat 5: dali0511 ($19.66 in chips) 
Seat 6: camilo13186 ($3.81 in chips) 
Mahu2021: posts small blind $0.05
osfp7john: posts big blind $0.10
*** HOLE CARDS ***
Dealt to Mahu2021 [Th 5d]
fasora: raises $0.10 to $0.20
dali0511: folds 
camilo13186: calls $0.20
seatrout37: folds 
Mahu2021: folds 
osfp7john: folds 
*** FLOP *** [9s Tc 2h]
fasora: checks 
camilo13186: checks 
*** TURN *** [9s Tc 2h] [5s]
fasora: checks 
camilo13186: checks 
*** RIVER *** [9s Tc 2h 5s] [5c]
fasora: bets $0.17
camilo13186: calls $0.17
*** SHOW DOWN ***
fasora: shows [As Qd] (a pair of Fives)
camilo13186: shows [Ad Kh] (a pair of Fives - Ace+King kicker)
camilo13186 collected $0.85 from pot
*** SUMMARY ***
Total pot $0.89 | Rake $0.04 
Board [9s Tc 2h 5s 5c]
Seat 1: seatrout37 (button) folded before Flop (didn't bet)
Seat 2: Mahu2021 (small blind) folded before Flop
Seat 3: osfp7john (big blind) folded before Flop
Seat 4: fasora showed [As Qd] and lost with a pair of Fives
Seat 5: dali0511 folded before Flop (didn't bet)
Seat 6: camilo13186 showed [Ad Kh] and won ($0.85) with a pair of Fives



PokerStars Zoom Hand #254542741896:  Hold'em No Limit ($0.05/$0.10) - 2025/01/25 9:59:30 CET [2025/01/25 3:59:30 ET]
Table 'Aludra' 6-max Seat #1 is the button
Seat 1: ashleygordine90 ($12.03 in chips) 
Seat 2: kyus83 ($10.05 in chips) 
Seat 3: yellda ($10.03 in chips) 
Seat 4: Mahu2021 ($8.60 in chips) 
Seat 5: counsellor13 ($11.07 in chips) 
Seat 6: TomasHn ($16.78 in chips) 
kyus83: posts small blind $0.05
yellda: posts big blind $0.10
*** HOLE CARDS ***
Dealt to Mahu2021 [Qc Ah]
Mahu2021: raises $0.14 to $0.24
counsellor13: folds 
TomasHn: folds 
ashleygordine90: raises $0.41 to $0.65
kyus83: folds 
yellda: folds 
Mahu2021: calls $0.41
*** FLOP *** [8h 3h Qs]
Mahu2021: checks 
ashleygordine90: bets $0.69
Mahu2021: calls $0.69
*** TURN *** [8h 3h Qs] [4d]
Mahu2021: checks 
ashleygordine90: checks 
*** RIVER *** [8h 3h Qs 4d] [6c]
Mahu2021: bets $2.70
ashleygordine90: folds 
Uncalled bet ($2.70) returned to Mahu2021
Mahu2021 collected $2.70 from pot
Mahu2021: doesn't show hand 
*** SUMMARY ***
Total pot $2.83 | Rake $0.13 
Board [8h 3h Qs 4d 6c]
Seat 1: ashleygordine90 (button) folded on the River
Seat 2: kyus83 (small blind) folded before Flop
Seat 3: yellda (big blind) folded before Flop
Seat 4: Mahu2021 collected ($2.70)
Seat 5: counsellor13 folded before Flop (didn't bet)
Seat 6: TomasHn folded before Flop (didn't bet)



PokerStars Zoom Hand #254542744218:  Hold'em No Limit ($0.05/$0.10) - 2025/01/25 9:59:59 CET [2025/01/25 3:59:59 ET]
Table 'Aludra' 6-max Seat #1 is the button
Seat 1: TomasHn ($10.42 in chips) 
Seat 2: dali0511 ($12.79 in chips) 
Seat 3: FN BRICK ($18.43 in chips) 
Seat 4: kar4tune ($10.03 in chips) 
Seat 5: Mahu2021 ($9.96 in chips) 
Seat 6: seatrout37 ($6.38 in chips) 
dali0511: posts small blind $0.05
FN BRICK: posts big blind $0.10
*** HOLE CARDS ***
Dealt to Mahu2021 [Ad As]
kar4tune: folds 
Mahu2021: raises $0.20 to $0.30
seatrout37: folds 
TomasHn: folds 
dali0511: folds 
FN BRICK: folds 
Uncalled bet ($0.20) returned to Mahu2021
Mahu2021 collected $0.25 from pot
Mahu2021: doesn't show hand 
*** SUMMARY ***
Total pot $0.25 | Rake $0 
Seat 1: TomasHn (button) folded before Flop (didn't bet)
Seat 2: dali0511 (small blind) folded before Flop
Seat 3: FN BRICK (big blind) folded before Flop
Seat 4: kar4tune folded before Flop (didn't bet)
Seat 5: Mahu2021 collected ($0.25)
Seat 6: seatrout37 folded before Flop (didn't bet)



