PokerStars Hand #248784680188: Tournament #3713521822, $1.84+$0.16 USD Hold'em No Limit - Level I (10/20) - 2024/02/09 21:42:00 CET [2024/02/09 15:42:00 ET]
Table '3713521822 1' 3-max Seat #1 is the button
Seat 1: Mahu2021 (500 in chips) 
Seat 2: Csengepapa (500 in chips) 
Seat 3: bcslayer99 (500 in chips) 
Csengepapa: posts small blind 10
bcslayer99: posts big blind 20
*** HOLE CARDS ***
Dealt to Mahu2021 [4s 4c]
Mahu2021: calls 20
Csengepapa: calls 10
bcslayer99: checks 
*** FLOP *** [As Kd 9h]
Csengepapa: checks 
bcslayer99: checks 
Mahu2021: bets 20
Csengepapa: folds 
bcslayer99: folds 
Uncalled bet (20) returned to Mahu2021
Mahu2021 collected 60 from pot
Mahu2021: doesn't show hand 
*** SUMMARY ***
Total pot 60 | Rake 0 
Board [As Kd 9h]
Seat 1: Mahu2021 (button) collected (60)
Seat 2: Csengepapa (small blind) folded on the Flop
Seat 3: bcslayer99 (big blind) folded on the Flop



PokerStars Hand #248784686441: Tournament #3713521822, $1.84+$0.16 USD Hold'em No Limit - Level I (10/20) - 2024/02/09 21:42:17 CET [2024/02/09 15:42:17 ET]
Table '3713521822 1' 3-max Seat #2 is the button
Seat 1: Mahu2021 (540 in chips) 
Seat 2: Csengepapa (480 in chips) 
Seat 3: bcslayer99 (480 in chips) 
bcslayer99: posts small blind 10
Mahu2021: posts big blind 20
*** HOLE CARDS ***
Dealt to Mahu2021 [2s Qh]
Csengepapa: folds 
bcslayer99: raises 20 to 40
Mahu2021: folds 
Uncalled bet (20) returned to bcslayer99
bcslayer99 collected 40 from pot
*** SUMMARY ***
Total pot 40 | Rake 0 
Seat 1: Mahu2021 (big blind) folded before Flop
Seat 2: Csengepapa (button) folded before Flop (didn't bet)
Seat 3: bcslayer99 (small blind) collected (40)



PokerStars Hand #248784689775: Tournament #3713521822, $1.84+$0.16 USD Hold'em No Limit - Level I (10/20) - 2024/02/09 21:42:26 CET [2024/02/09 15:42:26 ET]
Table '3713521822 1' 3-max Seat #3 is the button
Seat 1: Mahu2021 (520 in chips) 
Seat 2: Csengepapa (480 in chips) 
Seat 3: bcslayer99 (500 in chips) 
Mahu2021: posts small blind 10
Csengepapa: posts big blind 20
*** HOLE CARDS ***
Dealt to Mahu2021 [4d Ah]
bcslayer99: calls 20
Mahu2021: calls 10
Csengepapa: raises 60 to 80
bcslayer99: calls 60
Mahu2021: folds 
*** FLOP *** [8d 5c 8h]
Csengepapa: bets 180
bcslayer99: calls 180
*** TURN *** [8d 5c 8h] [6c]
Csengepapa: checks 
bcslayer99: bets 240 and is all-in
Csengepapa: calls 220 and is all-in
Uncalled bet (20) returned to bcslayer99
*** RIVER *** [8d 5c 8h 6c] [9s]
*** SHOW DOWN ***
Csengepapa: shows [9d 9h] (a full house, Nines full of Eights)
bcslayer99: shows [As Ad] (two pair, Aces and Eights)
Csengepapa collected 980 from pot
*** SUMMARY ***
Total pot 980 | Rake 0 
Board [8d 5c 8h 6c 9s]
Seat 1: Mahu2021 (small blind) folded before Flop
Seat 2: Csengepapa (big blind) showed [9d 9h] and won (980) with a full house, Nines full of Eights
Seat 3: bcslayer99 (button) showed [As Ad] and lost with two pair, Aces and Eights



PokerStars Hand #248784702901: Tournament #3713521822, $1.84+$0.16 USD Hold'em No Limit - Level I (10/20) - 2024/02/09 21:43:02 CET [2024/02/09 15:43:02 ET]
Table '3713521822 1' 3-max Seat #1 is the button
Seat 1: Mahu2021 (500 in chips) 
Seat 2: Csengepapa (980 in chips) 
Seat 3: bcslayer99 (20 in chips) 
Csengepapa: posts small blind 10
bcslayer99: posts big blind 20 and is all-in
*** HOLE CARDS ***
Dealt to Mahu2021 [8c As]
Mahu2021: calls 20
Csengepapa: calls 10
*** FLOP *** [3h 2c 6d]
Csengepapa: checks 
Mahu2021: checks 
*** TURN *** [3h 2c 6d] [Qd]
Csengepapa: checks 
Mahu2021: checks 
*** RIVER *** [3h 2c 6d Qd] [7s]
Csengepapa: checks 
Mahu2021: checks 
*** SHOW DOWN ***
Csengepapa: shows [7c 8s] (a pair of Sevens)
bcslayer99: mucks hand 
Mahu2021: mucks hand 
Csengepapa collected 60 from pot
bcslayer99 finished the tournament in 3rd place
*** SUMMARY ***
Total pot 60 | Rake 0 
Board [3h 2c 6d Qd 7s]
Seat 1: Mahu2021 (button) mucked [8c As]
Seat 2: Csengepapa (small blind) showed [7c 8s] and won (60) with a pair of Sevens
Seat 3: bcslayer99 (big blind) mucked [Ks 9d]



PokerStars Hand #248784710540: Tournament #3713521822, $1.84+$0.16 USD Hold'em No Limit - Level I (10/20) - 2024/02/09 21:43:23 CET [2024/02/09 15:43:23 ET]
Table '3713521822 1' 3-max Seat #2 is the button
Seat 1: Mahu2021 (480 in chips) 
Seat 2: Csengepapa (1020 in chips) 
Csengepapa: posts small blind 10
Mahu2021: posts big blind 20
*** HOLE CARDS ***
Dealt to Mahu2021 [Jc 7c]
Csengepapa: calls 10
Mahu2021: checks 
*** FLOP *** [8h Kd 4h]
Mahu2021: checks 
Csengepapa: bets 40
Mahu2021: folds 
Uncalled bet (40) returned to Csengepapa
Csengepapa collected 40 from pot
*** SUMMARY ***
Total pot 40 | Rake 0 
Board [8h Kd 4h]
Seat 1: Mahu2021 (big blind) folded on the Flop
Seat 2: Csengepapa (button) (small blind) collected (40)



PokerStars Hand #248784714773: Tournament #3713521822, $1.84+$0.16 USD Hold'em No Limit - Level I (10/20) - 2024/02/09 21:43:34 CET [2024/02/09 15:43:34 ET]
Table '3713521822 1' 3-max Seat #1 is the button
Seat 1: Mahu2021 (460 in chips) 
Seat 2: Csengepapa (1040 in chips) 
Mahu2021: posts small blind 10
Csengepapa: posts big blind 20
*** HOLE CARDS ***
Dealt to Mahu2021 [Js Jd]
Mahu2021: raises 440 to 460 and is all-in
Csengepapa: folds 
Uncalled bet (440) returned to Mahu2021
Mahu2021 collected 40 from pot
Mahu2021: doesn't show hand 
*** SUMMARY ***
Total pot 40 | Rake 0 
Seat 1: Mahu2021 (button) (small blind) collected (40)
Seat 2: Csengepapa (big blind) folded before Flop



PokerStars Hand #248784717415: Tournament #3713521822, $1.84+$0.16 USD Hold'em No Limit - Level I (10/20) - 2024/02/09 21:43:41 CET [2024/02/09 15:43:41 ET]
Table '3713521822 1' 3-max Seat #2 is the button
Seat 1: Mahu2021 (480 in chips) 
Seat 2: Csengepapa (1020 in chips) 
Csengepapa: posts small blind 10
Mahu2021: posts big blind 20
*** HOLE CARDS ***
Dealt to Mahu2021 [5d 3d]
Csengepapa: raises 40 to 60
Mahu2021: calls 40
*** FLOP *** [6d 6h Qd]
Mahu2021: checks 
Csengepapa: checks 
*** TURN *** [6d 6h Qd] [5s]
Mahu2021: bets 40
Csengepapa: raises 200 to 240
Mahu2021: raises 180 to 420 and is all-in
Csengepapa: calls 180
*** RIVER *** [6d 6h Qd 5s] [2h]
*** SHOW DOWN ***
Mahu2021: shows [5d 3d] (two pair, Sixes and Fives)
Csengepapa: shows [Kh 6c] (three of a kind, Sixes)
Csengepapa collected 960 from pot
Mahu2021 finished the tournament in 2nd place
Csengepapa wins the tournament and receives $6.00 - congratulations!
*** SUMMARY ***
Total pot 960 | Rake 0 
Board [6d 6h Qd 5s 2h]
Seat 1: Mahu2021 (big blind) showed [5d 3d] and lost with two pair, Sixes and Fives
Seat 2: Csengepapa (button) (small blind) showed [Kh 6c] and won (960) with three of a kind, Sixes



