PokerStars Hand #248412408330: Tournament #3704359820, $1.84+$0.16 USD Hold'em No Limit - Level I (10/20) - 2024/01/21 17:45:16 CET [2024/01/21 11:45:16 ET]
Table '3704359820 1' 3-max Seat #1 is the button
Seat 1: violetamartas (500 in chips) 
Seat 2: Andy5200 (500 in chips) 
Seat 3: Mahu2021 (500 in chips) 
Andy5200: posts small blind 10
Mahu2021: posts big blind 20
*** HOLE CARDS ***
Dealt to Mahu2021 [3s 3d]
violetamartas: folds 
Andy5200: calls 10
Mahu2021: checks 
*** FLOP *** [Kh Tc 6h]
Andy5200: checks 
Mahu2021: checks 
*** TURN *** [Kh Tc 6h] [Kd]
Andy5200: checks 
Mahu2021: bets 40
Andy5200: folds 
Uncalled bet (40) returned to Mahu2021
Mahu2021 collected 40 from pot
Mahu2021: doesn't show hand 
*** SUMMARY ***
Total pot 40 | Rake 0 
Board [Kh Tc 6h Kd]
Seat 1: violetamartas (button) folded before Flop (didn't bet)
Seat 2: Andy5200 (small blind) folded on the Turn
Seat 3: Mahu2021 (big blind) collected (40)



PokerStars Hand #248412413920: Tournament #3704359820, $1.84+$0.16 USD Hold'em No Limit - Level I (10/20) - 2024/01/21 17:45:32 CET [2024/01/21 11:45:32 ET]
Table '3704359820 1' 3-max Seat #2 is the button
Seat 1: violetamartas (500 in chips) 
Seat 2: Andy5200 (480 in chips) 
Seat 3: Mahu2021 (520 in chips) 
Mahu2021: posts small blind 10
violetamartas: posts big blind 20
*** HOLE CARDS ***
Dealt to Mahu2021 [Kd Ts]
Andy5200: folds 
Mahu2021: raises 20 to 40
violetamartas: raises 460 to 500 and is all-in
Mahu2021: folds 
Uncalled bet (460) returned to violetamartas
violetamartas collected 80 from pot
violetamartas: doesn't show hand 
*** SUMMARY ***
Total pot 80 | Rake 0 
Seat 1: violetamartas (big blind) collected (80)
Seat 2: Andy5200 (button) folded before Flop (didn't bet)
Seat 3: Mahu2021 (small blind) folded before Flop



PokerStars Hand #248412418066: Tournament #3704359820, $1.84+$0.16 USD Hold'em No Limit - Level I (10/20) - 2024/01/21 17:45:44 CET [2024/01/21 11:45:44 ET]
Table '3704359820 1' 3-max Seat #3 is the button
Seat 1: violetamartas (540 in chips) 
Seat 2: Andy5200 (480 in chips) 
Seat 3: Mahu2021 (480 in chips) 
violetamartas: posts small blind 10
Andy5200: posts big blind 20
*** HOLE CARDS ***
Dealt to Mahu2021 [7s 9d]
Mahu2021: folds 
violetamartas: folds 
Uncalled bet (10) returned to Andy5200
Andy5200 collected 20 from pot
Andy5200: doesn't show hand 
*** SUMMARY ***
Total pot 20 | Rake 0 
Seat 1: violetamartas (small blind) folded before Flop
Seat 2: Andy5200 (big blind) collected (20)
Seat 3: Mahu2021 (button) folded before Flop (didn't bet)



PokerStars Hand #248412419843: Tournament #3704359820, $1.84+$0.16 USD Hold'em No Limit - Level I (10/20) - 2024/01/21 17:45:49 CET [2024/01/21 11:45:49 ET]
Table '3704359820 1' 3-max Seat #1 is the button
Seat 1: violetamartas (530 in chips) 
Seat 2: Andy5200 (490 in chips) 
Seat 3: Mahu2021 (480 in chips) 
Andy5200: posts small blind 10
Mahu2021: posts big blind 20
*** HOLE CARDS ***
Dealt to Mahu2021 [Ac 3s]
violetamartas: calls 20
Andy5200: folds 
Mahu2021: checks 
*** FLOP *** [Qd Jc 4d]
Mahu2021: checks 
violetamartas: checks 
*** TURN *** [Qd Jc 4d] [2c]
Mahu2021: checks 
violetamartas: checks 
*** RIVER *** [Qd Jc 4d 2c] [5d]
Mahu2021: bets 460 and is all-in
violetamartas: folds 
Uncalled bet (460) returned to Mahu2021
Mahu2021 collected 50 from pot
Mahu2021: doesn't show hand 
*** SUMMARY ***
Total pot 50 | Rake 0 
Board [Qd Jc 4d 2c 5d]
Seat 1: violetamartas (button) folded on the River
Seat 2: Andy5200 (small blind) folded before Flop
Seat 3: Mahu2021 (big blind) collected (50)



PokerStars Hand #248412426790: Tournament #3704359820, $1.84+$0.16 USD Hold'em No Limit - Level I (10/20) - 2024/01/21 17:46:08 CET [2024/01/21 11:46:08 ET]
Table '3704359820 1' 3-max Seat #2 is the button
Seat 1: violetamartas (510 in chips) 
Seat 2: Andy5200 (480 in chips) 
Seat 3: Mahu2021 (510 in chips) 
Mahu2021: posts small blind 10
violetamartas: posts big blind 20
*** HOLE CARDS ***
Dealt to Mahu2021 [9d 3d]
Andy5200: folds 
Mahu2021: calls 10
violetamartas: checks 
*** FLOP *** [Td 3h 6h]
Mahu2021: checks 
violetamartas: checks 
*** TURN *** [Td 3h 6h] [As]
Mahu2021: bets 20
violetamartas: calls 20
*** RIVER *** [Td 3h 6h As] [Jc]
Mahu2021: checks 
violetamartas: checks 
*** SHOW DOWN ***
Mahu2021: shows [9d 3d] (a pair of Threes)
violetamartas: shows [7s 7h] (a pair of Sevens)
violetamartas collected 80 from pot
*** SUMMARY ***
Total pot 80 | Rake 0 
Board [Td 3h 6h As Jc]
Seat 1: violetamartas (big blind) showed [7s 7h] and won (80) with a pair of Sevens
Seat 2: Andy5200 (button) folded before Flop (didn't bet)
Seat 3: Mahu2021 (small blind) showed [9d 3d] and lost with a pair of Threes



PokerStars Hand #248412431684: Tournament #3704359820, $1.84+$0.16 USD Hold'em No Limit - Level I (10/20) - 2024/01/21 17:46:23 CET [2024/01/21 11:46:23 ET]
Table '3704359820 1' 3-max Seat #3 is the button
Seat 1: violetamartas (550 in chips) 
Seat 2: Andy5200 (480 in chips) 
Seat 3: Mahu2021 (470 in chips) 
violetamartas: posts small blind 10
Andy5200: posts big blind 20
*** HOLE CARDS ***
Dealt to Mahu2021 [3d 2d]
Mahu2021: calls 20
violetamartas: folds 
Andy5200: raises 20 to 40
Mahu2021: calls 20
*** FLOP *** [Qc Tc 7h]
Andy5200: checks 
Mahu2021: checks 
*** TURN *** [Qc Tc 7h] [Qs]
Andy5200: checks 
Mahu2021: bets 40
Andy5200: folds 
Uncalled bet (40) returned to Mahu2021
Mahu2021 collected 90 from pot
Mahu2021: doesn't show hand 
*** SUMMARY ***
Total pot 90 | Rake 0 
Board [Qc Tc 7h Qs]
Seat 1: violetamartas (small blind) folded before Flop
Seat 2: Andy5200 (big blind) folded on the Turn
Seat 3: Mahu2021 (button) collected (90)



PokerStars Hand #248412437984: Tournament #3704359820, $1.84+$0.16 USD Hold'em No Limit - Level I (10/20) - 2024/01/21 17:46:40 CET [2024/01/21 11:46:40 ET]
Table '3704359820 1' 3-max Seat #1 is the button
Seat 1: violetamartas (540 in chips) 
Seat 2: Andy5200 (440 in chips) 
Seat 3: Mahu2021 (520 in chips) 
Andy5200: posts small blind 10
Mahu2021: posts big blind 20
*** HOLE CARDS ***
Dealt to Mahu2021 [As 3d]
violetamartas: calls 20
Andy5200: folds 
Mahu2021: checks 
*** FLOP *** [7c Ts Kh]
Mahu2021: checks 
violetamartas: checks 
*** TURN *** [7c Ts Kh] [5h]
Mahu2021: checks 
violetamartas: checks 
*** RIVER *** [7c Ts Kh 5h] [3c]
Mahu2021: checks 
violetamartas: checks 
*** SHOW DOWN ***
Mahu2021: shows [As 3d] (a pair of Threes)
violetamartas: mucks hand 
Mahu2021 collected 50 from pot
*** SUMMARY ***
Total pot 50 | Rake 0 
Board [7c Ts Kh 5h 3c]
Seat 1: violetamartas (button) mucked [4s Ah]
Seat 2: Andy5200 (small blind) folded before Flop
Seat 3: Mahu2021 (big blind) showed [As 3d] and won (50) with a pair of Threes



PokerStars Hand #248412442643: Tournament #3704359820, $1.84+$0.16 USD Hold'em No Limit - Level I (10/20) - 2024/01/21 17:46:53 CET [2024/01/21 11:46:53 ET]
Table '3704359820 1' 3-max Seat #2 is the button
Seat 1: violetamartas (520 in chips) 
Seat 2: Andy5200 (430 in chips) 
Seat 3: Mahu2021 (550 in chips) 
Mahu2021: posts small blind 10
violetamartas: posts big blind 20
*** HOLE CARDS ***
Dealt to Mahu2021 [7h Kh]
Andy5200: folds 
Mahu2021: calls 10
violetamartas: checks 
*** FLOP *** [5s 4s Ac]
Mahu2021: checks 
violetamartas: checks 
*** TURN *** [5s 4s Ac] [As]
Mahu2021: checks 
violetamartas: checks 
*** RIVER *** [5s 4s Ac As] [3h]
Mahu2021: checks 
violetamartas: checks 
*** SHOW DOWN ***
Mahu2021: shows [7h Kh] (a pair of Aces)
violetamartas: mucks hand 
Mahu2021 collected 40 from pot
*** SUMMARY ***
Total pot 40 | Rake 0 
Board [5s 4s Ac As 3h]
Seat 1: violetamartas (big blind) mucked [Tc Jc]
Seat 2: Andy5200 (button) folded before Flop (didn't bet)
Seat 3: Mahu2021 (small blind) showed [7h Kh] and won (40) with a pair of Aces



PokerStars Hand #248412447463: Tournament #3704359820, $1.84+$0.16 USD Hold'em No Limit - Level I (10/20) - 2024/01/21 17:47:07 CET [2024/01/21 11:47:07 ET]
Table '3704359820 1' 3-max Seat #3 is the button
Seat 1: violetamartas (500 in chips) 
Seat 2: Andy5200 (430 in chips) 
Seat 3: Mahu2021 (570 in chips) 
violetamartas: posts small blind 10
Andy5200: posts big blind 20
*** HOLE CARDS ***
Dealt to Mahu2021 [Kh Jh]
Mahu2021: raises 40 to 60
violetamartas: calls 50
Andy5200: calls 40
*** FLOP *** [3s 5d 6h]
violetamartas: checks 
Andy5200: checks 
Mahu2021: checks 
*** TURN *** [3s 5d 6h] [8h]
violetamartas: checks 
Andy5200: bets 60
Mahu2021: calls 60
violetamartas: raises 60 to 120
Andy5200: calls 60
Mahu2021: calls 60
*** RIVER *** [3s 5d 6h 8h] [5s]
violetamartas: bets 120
Andy5200: calls 120
Mahu2021: folds 
*** SHOW DOWN ***
violetamartas: shows [9c 7c] (a straight, Five to Nine)
Andy5200: mucks hand 
violetamartas collected 780 from pot
*** SUMMARY ***
Total pot 780 | Rake 0 
Board [3s 5d 6h 8h 5s]
Seat 1: violetamartas (small blind) showed [9c 7c] and won (780) with a straight, Five to Nine
Seat 2: Andy5200 (big blind) mucked [8c Td]
Seat 3: Mahu2021 (button) folded on the River



PokerStars Hand #248412460483: Tournament #3704359820, $1.84+$0.16 USD Hold'em No Limit - Level I (10/20) - 2024/01/21 17:47:44 CET [2024/01/21 11:47:44 ET]
Table '3704359820 1' 3-max Seat #1 is the button
Seat 1: violetamartas (980 in chips) 
Seat 2: Andy5200 (130 in chips) 
Seat 3: Mahu2021 (390 in chips) 
Andy5200: posts small blind 10
Mahu2021: posts big blind 20
*** HOLE CARDS ***
Dealt to Mahu2021 [Kd 9h]
violetamartas: raises 20 to 40
Andy5200: folds 
Mahu2021: calls 20
*** FLOP *** [4h 2h 3h]
Mahu2021: checks 
violetamartas: checks 
*** TURN *** [4h 2h 3h] [6c]
Mahu2021: checks 
violetamartas: checks 
*** RIVER *** [4h 2h 3h 6c] [Jd]
Mahu2021: bets 40
violetamartas: calls 40
*** SHOW DOWN ***
Mahu2021: shows [Kd 9h] (high card King)
violetamartas: shows [As Qh] (high card Ace)
violetamartas collected 170 from pot
*** SUMMARY ***
Total pot 170 | Rake 0 
Board [4h 2h 3h 6c Jd]
Seat 1: violetamartas (button) showed [As Qh] and won (170) with high card Ace
Seat 2: Andy5200 (small blind) folded before Flop
Seat 3: Mahu2021 (big blind) showed [Kd 9h] and lost with high card King



PokerStars Hand #248412466654: Tournament #3704359820, $1.84+$0.16 USD Hold'em No Limit - Level I (10/20) - 2024/01/21 17:48:01 CET [2024/01/21 11:48:01 ET]
Table '3704359820 1' 3-max Seat #2 is the button
Seat 1: violetamartas (1070 in chips) 
Seat 2: Andy5200 (120 in chips) 
Seat 3: Mahu2021 (310 in chips) 
Mahu2021: posts small blind 10
violetamartas: posts big blind 20
*** HOLE CARDS ***
Dealt to Mahu2021 [2h Qc]
Andy5200: raises 100 to 120 and is all-in
Mahu2021: folds 
violetamartas: folds 
Uncalled bet (100) returned to Andy5200
Andy5200 collected 50 from pot
Andy5200: doesn't show hand 
*** SUMMARY ***
Total pot 50 | Rake 0 
Seat 1: violetamartas (big blind) folded before Flop
Seat 2: Andy5200 (button) collected (50)
Seat 3: Mahu2021 (small blind) folded before Flop



PokerStars Hand #248412468868: Tournament #3704359820, $1.84+$0.16 USD Hold'em No Limit - Level I (10/20) - 2024/01/21 17:48:08 CET [2024/01/21 11:48:08 ET]
Table '3704359820 1' 3-max Seat #3 is the button
Seat 1: violetamartas (1050 in chips) 
Seat 2: Andy5200 (150 in chips) 
Seat 3: Mahu2021 (300 in chips) 
violetamartas: posts small blind 10
Andy5200: posts big blind 20
*** HOLE CARDS ***
Dealt to Mahu2021 [Qc As]
Mahu2021: raises 40 to 60
violetamartas: folds 
Andy5200: folds 
Uncalled bet (40) returned to Mahu2021
Mahu2021 collected 50 from pot
Mahu2021: doesn't show hand 
*** SUMMARY ***
Total pot 50 | Rake 0 
Seat 1: violetamartas (small blind) folded before Flop
Seat 2: Andy5200 (big blind) folded before Flop
Seat 3: Mahu2021 (button) collected (50)



PokerStars Hand #248412471401: Tournament #3704359820, $1.84+$0.16 USD Hold'em No Limit - Level I (10/20) - 2024/01/21 17:48:15 CET [2024/01/21 11:48:15 ET]
Table '3704359820 1' 3-max Seat #1 is the button
Seat 1: violetamartas (1040 in chips) 
Seat 2: Andy5200 (130 in chips) 
Seat 3: Mahu2021 (330 in chips) 
Andy5200: posts small blind 10
Mahu2021: posts big blind 20
*** HOLE CARDS ***
Dealt to Mahu2021 [Qh Qc]
violetamartas: folds 
Andy5200: raises 110 to 130 and is all-in
Mahu2021: calls 110
*** FLOP *** [9s 7d 4c]
*** TURN *** [9s 7d 4c] [9d]
*** RIVER *** [9s 7d 4c 9d] [3s]
*** SHOW DOWN ***
Andy5200: shows [5c Kh] (a pair of Nines)
Mahu2021: shows [Qh Qc] (two pair, Queens and Nines)
Mahu2021 collected 260 from pot
Andy5200 finished the tournament in 3rd place
*** SUMMARY ***
Total pot 260 | Rake 0 
Board [9s 7d 4c 9d 3s]
Seat 1: violetamartas (button) folded before Flop (didn't bet)
Seat 2: Andy5200 (small blind) showed [5c Kh] and lost with a pair of Nines
Seat 3: Mahu2021 (big blind) showed [Qh Qc] and won (260) with two pair, Queens and Nines



PokerStars Hand #248412477897: Tournament #3704359820, $1.84+$0.16 USD Hold'em No Limit - Level II (15/30) - 2024/01/21 17:48:33 CET [2024/01/21 11:48:33 ET]
Table '3704359820 1' 3-max Seat #3 is the button
Seat 1: violetamartas (1040 in chips) 
Seat 3: Mahu2021 (460 in chips) 
Mahu2021: posts small blind 15
violetamartas: posts big blind 30
*** HOLE CARDS ***
Dealt to Mahu2021 [Jc 9h]
Mahu2021: calls 15
violetamartas: raises 1010 to 1040 and is all-in
Mahu2021: folds 
Uncalled bet (1010) returned to violetamartas
violetamartas collected 60 from pot
violetamartas: doesn't show hand 
*** SUMMARY ***
Total pot 60 | Rake 0 
Seat 1: violetamartas (big blind) collected (60)
Seat 3: Mahu2021 (button) (small blind) folded before Flop



PokerStars Hand #248412481331: Tournament #3704359820, $1.84+$0.16 USD Hold'em No Limit - Level II (15/30) - 2024/01/21 17:48:43 CET [2024/01/21 11:48:43 ET]
Table '3704359820 1' 3-max Seat #1 is the button
Seat 1: violetamartas (1070 in chips) 
Seat 3: Mahu2021 (430 in chips) 
violetamartas: posts small blind 15
Mahu2021: posts big blind 30
*** HOLE CARDS ***
Dealt to Mahu2021 [8c Kd]
violetamartas: folds 
Uncalled bet (15) returned to Mahu2021
Mahu2021 collected 30 from pot
Mahu2021: doesn't show hand 
*** SUMMARY ***
Total pot 30 | Rake 0 
Seat 1: violetamartas (button) (small blind) folded before Flop
Seat 3: Mahu2021 (big blind) collected (30)



PokerStars Hand #248412482942: Tournament #3704359820, $1.84+$0.16 USD Hold'em No Limit - Level II (15/30) - 2024/01/21 17:48:47 CET [2024/01/21 11:48:47 ET]
Table '3704359820 1' 3-max Seat #3 is the button
Seat 1: violetamartas (1055 in chips) 
Seat 3: Mahu2021 (445 in chips) 
Mahu2021: posts small blind 15
violetamartas: posts big blind 30
*** HOLE CARDS ***
Dealt to Mahu2021 [Jh 4h]
Mahu2021: raises 30 to 60
violetamartas: calls 30
*** FLOP *** [3c 7h 6c]
violetamartas: checks 
Mahu2021: checks 
*** TURN *** [3c 7h 6c] [3d]
violetamartas: checks 
Mahu2021: checks 
*** RIVER *** [3c 7h 6c 3d] [5d]
violetamartas: checks 
Mahu2021: bets 120
violetamartas: folds 
Uncalled bet (120) returned to Mahu2021
Mahu2021 collected 120 from pot
Mahu2021: doesn't show hand 
*** SUMMARY ***
Total pot 120 | Rake 0 
Board [3c 7h 6c 3d 5d]
Seat 1: violetamartas (big blind) folded on the River
Seat 3: Mahu2021 (button) (small blind) collected (120)



PokerStars Hand #248412489055: Tournament #3704359820, $1.84+$0.16 USD Hold'em No Limit - Level II (15/30) - 2024/01/21 17:49:04 CET [2024/01/21 11:49:04 ET]
Table '3704359820 1' 3-max Seat #1 is the button
Seat 1: violetamartas (995 in chips) 
Seat 3: Mahu2021 (505 in chips) 
violetamartas: posts small blind 15
Mahu2021: posts big blind 30
*** HOLE CARDS ***
Dealt to Mahu2021 [Qs Kc]
violetamartas: calls 15
Mahu2021: raises 90 to 120
violetamartas: calls 90
*** FLOP *** [7d 3d Ks]
Mahu2021: bets 240
violetamartas: folds 
Uncalled bet (240) returned to Mahu2021
Mahu2021 collected 240 from pot
Mahu2021: doesn't show hand 
*** SUMMARY ***
Total pot 240 | Rake 0 
Board [7d 3d Ks]
Seat 1: violetamartas (button) (small blind) folded on the Flop
Seat 3: Mahu2021 (big blind) collected (240)



PokerStars Hand #248412493742: Tournament #3704359820, $1.84+$0.16 USD Hold'em No Limit - Level II (15/30) - 2024/01/21 17:49:17 CET [2024/01/21 11:49:17 ET]
Table '3704359820 1' 3-max Seat #3 is the button
Seat 1: violetamartas (875 in chips) 
Seat 3: Mahu2021 (625 in chips) 
Mahu2021: posts small blind 15
violetamartas: posts big blind 30
*** HOLE CARDS ***
Dealt to Mahu2021 [8h 3c]
Mahu2021: folds 
Uncalled bet (15) returned to violetamartas
violetamartas collected 30 from pot
violetamartas: doesn't show hand 
*** SUMMARY ***
Total pot 30 | Rake 0 
Seat 1: violetamartas (big blind) collected (30)
Seat 3: Mahu2021 (button) (small blind) folded before Flop



PokerStars Hand #248412495412: Tournament #3704359820, $1.84+$0.16 USD Hold'em No Limit - Level II (15/30) - 2024/01/21 17:49:22 CET [2024/01/21 11:49:22 ET]
Table '3704359820 1' 3-max Seat #1 is the button
Seat 1: violetamartas (890 in chips) 
Seat 3: Mahu2021 (610 in chips) 
violetamartas: posts small blind 15
Mahu2021: posts big blind 30
*** HOLE CARDS ***
Dealt to Mahu2021 [3h 9d]
violetamartas: calls 15
Mahu2021: checks 
*** FLOP *** [4d Qh Qd]
Mahu2021: checks 
violetamartas: checks 
*** TURN *** [4d Qh Qd] [Th]
Mahu2021: checks 
violetamartas: checks 
*** RIVER *** [4d Qh Qd Th] [4c]
Mahu2021: checks 
violetamartas: bets 30
Mahu2021: folds 
Uncalled bet (30) returned to violetamartas
violetamartas collected 60 from pot
violetamartas: doesn't show hand 
*** SUMMARY ***
Total pot 60 | Rake 0 
Board [4d Qh Qd Th 4c]
Seat 1: violetamartas (button) (small blind) collected (60)
Seat 3: Mahu2021 (big blind) folded on the River



PokerStars Hand #248412501860: Tournament #3704359820, $1.84+$0.16 USD Hold'em No Limit - Level II (15/30) - 2024/01/21 17:49:40 CET [2024/01/21 11:49:40 ET]
Table '3704359820 1' 3-max Seat #3 is the button
Seat 1: violetamartas (920 in chips) 
Seat 3: Mahu2021 (580 in chips) 
Mahu2021: posts small blind 15
violetamartas: posts big blind 30
*** HOLE CARDS ***
Dealt to Mahu2021 [3h 4h]
Mahu2021: calls 15
violetamartas: checks 
*** FLOP *** [7s 9c Kh]
violetamartas: checks 
Mahu2021: checks 
*** TURN *** [7s 9c Kh] [As]
violetamartas: checks 
Mahu2021: bets 30
violetamartas: folds 
Uncalled bet (30) returned to Mahu2021
Mahu2021 collected 60 from pot
Mahu2021: doesn't show hand 
*** SUMMARY ***
Total pot 60 | Rake 0 
Board [7s 9c Kh As]
Seat 1: violetamartas (big blind) folded on the Turn
Seat 3: Mahu2021 (button) (small blind) collected (60)



PokerStars Hand #248412506517: Tournament #3704359820, $1.84+$0.16 USD Hold'em No Limit - Level II (15/30) - 2024/01/21 17:49:53 CET [2024/01/21 11:49:53 ET]
Table '3704359820 1' 3-max Seat #1 is the button
Seat 1: violetamartas (890 in chips) 
Seat 3: Mahu2021 (610 in chips) 
violetamartas: posts small blind 15
Mahu2021: posts big blind 30
*** HOLE CARDS ***
Dealt to Mahu2021 [Jc 7c]
violetamartas: raises 860 to 890 and is all-in
Mahu2021: folds 
Uncalled bet (860) returned to violetamartas
violetamartas collected 60 from pot
violetamartas: doesn't show hand 
*** SUMMARY ***
Total pot 60 | Rake 0 
Seat 1: violetamartas (button) (small blind) collected (60)
Seat 3: Mahu2021 (big blind) folded before Flop



PokerStars Hand #248412509923: Tournament #3704359820, $1.84+$0.16 USD Hold'em No Limit - Level II (15/30) - 2024/01/21 17:50:03 CET [2024/01/21 11:50:03 ET]
Table '3704359820 1' 3-max Seat #3 is the button
Seat 1: violetamartas (920 in chips) 
Seat 3: Mahu2021 (580 in chips) 
Mahu2021: posts small blind 15
violetamartas: posts big blind 30
*** HOLE CARDS ***
Dealt to Mahu2021 [Ts 5c]
Mahu2021: folds 
Uncalled bet (15) returned to violetamartas
violetamartas collected 30 from pot
violetamartas: doesn't show hand 
*** SUMMARY ***
Total pot 30 | Rake 0 
Seat 1: violetamartas (big blind) collected (30)
Seat 3: Mahu2021 (button) (small blind) folded before Flop



PokerStars Hand #248412511429: Tournament #3704359820, $1.84+$0.16 USD Hold'em No Limit - Level II (15/30) - 2024/01/21 17:50:07 CET [2024/01/21 11:50:07 ET]
Table '3704359820 1' 3-max Seat #1 is the button
Seat 1: violetamartas (935 in chips) 
Seat 3: Mahu2021 (565 in chips) 
violetamartas: posts small blind 15
Mahu2021: posts big blind 30
*** HOLE CARDS ***
Dealt to Mahu2021 [6h Ac]
violetamartas: raises 30 to 60
Mahu2021: calls 30
*** FLOP *** [7c Jc Kd]
Mahu2021: checks 
violetamartas: checks 
*** TURN *** [7c Jc Kd] [5s]
Mahu2021: checks 
violetamartas: checks 
*** RIVER *** [7c Jc Kd 5s] [Th]
Mahu2021: checks 
violetamartas: bets 90
Mahu2021: folds 
Uncalled bet (90) returned to violetamartas
violetamartas collected 120 from pot
violetamartas: doesn't show hand 
*** SUMMARY ***
Total pot 120 | Rake 0 
Board [7c Jc Kd 5s Th]
Seat 1: violetamartas (button) (small blind) collected (120)
Seat 3: Mahu2021 (big blind) folded on the River



PokerStars Hand #248412517503: Tournament #3704359820, $1.84+$0.16 USD Hold'em No Limit - Level II (15/30) - 2024/01/21 17:50:24 CET [2024/01/21 11:50:24 ET]
Table '3704359820 1' 3-max Seat #3 is the button
Seat 1: violetamartas (995 in chips) 
Seat 3: Mahu2021 (505 in chips) 
Mahu2021: posts small blind 15
violetamartas: posts big blind 30
*** HOLE CARDS ***
Dealt to Mahu2021 [9d 5h]
Mahu2021: folds 
Uncalled bet (15) returned to violetamartas
violetamartas collected 30 from pot
violetamartas: doesn't show hand 
*** SUMMARY ***
Total pot 30 | Rake 0 
Seat 1: violetamartas (big blind) collected (30)
Seat 3: Mahu2021 (button) (small blind) folded before Flop



PokerStars Hand #248412519001: Tournament #3704359820, $1.84+$0.16 USD Hold'em No Limit - Level II (15/30) - 2024/01/21 17:50:28 CET [2024/01/21 11:50:28 ET]
Table '3704359820 1' 3-max Seat #1 is the button
Seat 1: violetamartas (1010 in chips) 
Seat 3: Mahu2021 (490 in chips) 
violetamartas: posts small blind 15
Mahu2021: posts big blind 30
*** HOLE CARDS ***
Dealt to Mahu2021 [3h 5d]
violetamartas: folds 
Uncalled bet (15) returned to Mahu2021
Mahu2021 collected 30 from pot
Mahu2021: doesn't show hand 
*** SUMMARY ***
Total pot 30 | Rake 0 
Seat 1: violetamartas (button) (small blind) folded before Flop
Seat 3: Mahu2021 (big blind) collected (30)



PokerStars Hand #248412520747: Tournament #3704359820, $1.84+$0.16 USD Hold'em No Limit - Level II (15/30) - 2024/01/21 17:50:33 CET [2024/01/21 11:50:33 ET]
Table '3704359820 1' 3-max Seat #3 is the button
Seat 1: violetamartas (995 in chips) 
Seat 3: Mahu2021 (505 in chips) 
Mahu2021: posts small blind 15
violetamartas: posts big blind 30
*** HOLE CARDS ***
Dealt to Mahu2021 [Js 3d]
Mahu2021: calls 15
violetamartas: checks 
*** FLOP *** [Jd 6c Qd]
violetamartas: checks 
Mahu2021: bets 30
violetamartas: folds 
Uncalled bet (30) returned to Mahu2021
Mahu2021 collected 60 from pot
Mahu2021: doesn't show hand 
*** SUMMARY ***
Total pot 60 | Rake 0 
Board [Jd 6c Qd]
Seat 1: violetamartas (big blind) folded on the Flop
Seat 3: Mahu2021 (button) (small blind) collected (60)



PokerStars Hand #248412524437: Tournament #3704359820, $1.84+$0.16 USD Hold'em No Limit - Level II (15/30) - 2024/01/21 17:50:44 CET [2024/01/21 11:50:44 ET]
Table '3704359820 1' 3-max Seat #1 is the button
Seat 1: violetamartas (965 in chips) 
Seat 3: Mahu2021 (535 in chips) 
violetamartas: posts small blind 15
Mahu2021: posts big blind 30
*** HOLE CARDS ***
Dealt to Mahu2021 [Jh 4s]
violetamartas: calls 15
Mahu2021: checks 
*** FLOP *** [8s 4c 3h]
Mahu2021: checks 
violetamartas: checks 
*** TURN *** [8s 4c 3h] [7d]
Mahu2021: checks 
violetamartas: checks 
*** RIVER *** [8s 4c 3h 7d] [Jc]
Mahu2021: checks 
violetamartas: checks 
*** SHOW DOWN ***
Mahu2021: shows [Jh 4s] (two pair, Jacks and Fours)
violetamartas: mucks hand 
Mahu2021 collected 60 from pot
*** SUMMARY ***
Total pot 60 | Rake 0 
Board [8s 4c 3h 7d Jc]
Seat 1: violetamartas (button) (small blind) mucked [Kh Th]
Seat 3: Mahu2021 (big blind) showed [Jh 4s] and won (60) with two pair, Jacks and Fours



PokerStars Hand #248412529108: Tournament #3704359820, $1.84+$0.16 USD Hold'em No Limit - Level II (15/30) - 2024/01/21 17:50:57 CET [2024/01/21 11:50:57 ET]
Table '3704359820 1' 3-max Seat #3 is the button
Seat 1: violetamartas (935 in chips) 
Seat 3: Mahu2021 (565 in chips) 
Mahu2021: posts small blind 15
violetamartas: posts big blind 30
*** HOLE CARDS ***
Dealt to Mahu2021 [9h 8d]
Mahu2021: raises 30 to 60
violetamartas: folds 
Uncalled bet (30) returned to Mahu2021
Mahu2021 collected 60 from pot
Mahu2021: doesn't show hand 
*** SUMMARY ***
Total pot 60 | Rake 0 
Seat 1: violetamartas (big blind) folded before Flop
Seat 3: Mahu2021 (button) (small blind) collected (60)



PokerStars Hand #248412531149: Tournament #3704359820, $1.84+$0.16 USD Hold'em No Limit - Level II (15/30) - 2024/01/21 17:51:03 CET [2024/01/21 11:51:03 ET]
Table '3704359820 1' 3-max Seat #1 is the button
Seat 1: violetamartas (905 in chips) 
Seat 3: Mahu2021 (595 in chips) 
violetamartas: posts small blind 15
Mahu2021: posts big blind 30
*** HOLE CARDS ***
Dealt to Mahu2021 [7h Ah]
violetamartas: folds 
Uncalled bet (15) returned to Mahu2021
Mahu2021 collected 30 from pot
Mahu2021: doesn't show hand 
*** SUMMARY ***
Total pot 30 | Rake 0 
Seat 1: violetamartas (button) (small blind) folded before Flop
Seat 3: Mahu2021 (big blind) collected (30)



PokerStars Hand #248412532845: Tournament #3704359820, $1.84+$0.16 USD Hold'em No Limit - Level II (15/30) - 2024/01/21 17:51:07 CET [2024/01/21 11:51:07 ET]
Table '3704359820 1' 3-max Seat #3 is the button
Seat 1: violetamartas (890 in chips) 
Seat 3: Mahu2021 (610 in chips) 
Mahu2021: posts small blind 15
violetamartas: posts big blind 30
*** HOLE CARDS ***
Dealt to Mahu2021 [6s 5h]
Mahu2021: calls 15
violetamartas: raises 30 to 60
Mahu2021: calls 30
*** FLOP *** [5s 4c 2c]
violetamartas: bets 60
Mahu2021: raises 490 to 550 and is all-in
violetamartas: folds 
Uncalled bet (490) returned to Mahu2021
Mahu2021 collected 240 from pot
Mahu2021: doesn't show hand 
*** SUMMARY ***
Total pot 240 | Rake 0 
Board [5s 4c 2c]
Seat 1: violetamartas (big blind) folded on the Flop
Seat 3: Mahu2021 (button) (small blind) collected (240)



PokerStars Hand #248412539608: Tournament #3704359820, $1.84+$0.16 USD Hold'em No Limit - Level III (20/40) - 2024/01/21 17:51:26 CET [2024/01/21 11:51:26 ET]
Table '3704359820 1' 3-max Seat #1 is the button
Seat 1: violetamartas (770 in chips) 
Seat 3: Mahu2021 (730 in chips) 
violetamartas: posts small blind 20
Mahu2021: posts big blind 40
*** HOLE CARDS ***
Dealt to Mahu2021 [Jh 9h]
violetamartas: folds 
Uncalled bet (20) returned to Mahu2021
Mahu2021 collected 40 from pot
Mahu2021: doesn't show hand 
*** SUMMARY ***
Total pot 40 | Rake 0 
Seat 1: violetamartas (button) (small blind) folded before Flop
Seat 3: Mahu2021 (big blind) collected (40)



PokerStars Hand #248412541363: Tournament #3704359820, $1.84+$0.16 USD Hold'em No Limit - Level III (20/40) - 2024/01/21 17:51:31 CET [2024/01/21 11:51:31 ET]
Table '3704359820 1' 3-max Seat #3 is the button
Seat 1: violetamartas (750 in chips) 
Seat 3: Mahu2021 (750 in chips) 
Mahu2021: posts small blind 20
violetamartas: posts big blind 40
*** HOLE CARDS ***
Dealt to Mahu2021 [Ks 8c]
Mahu2021: calls 20
violetamartas: checks 
*** FLOP *** [2d Td 4s]
violetamartas: checks 
Mahu2021: checks 
*** TURN *** [2d Td 4s] [Th]
violetamartas: checks 
Mahu2021: checks 
*** RIVER *** [2d Td 4s Th] [7c]
violetamartas: checks 
Mahu2021: checks 
*** SHOW DOWN ***
violetamartas: shows [3d Qd] (a pair of Tens)
Mahu2021: shows [Ks 8c] (a pair of Tens - King kicker)
Mahu2021 collected 80 from pot
*** SUMMARY ***
Total pot 80 | Rake 0 
Board [2d Td 4s Th 7c]
Seat 1: violetamartas (big blind) showed [3d Qd] and lost with a pair of Tens
Seat 3: Mahu2021 (button) (small blind) showed [Ks 8c] and won (80) with a pair of Tens



PokerStars Hand #248412545562: Tournament #3704359820, $1.84+$0.16 USD Hold'em No Limit - Level III (20/40) - 2024/01/21 17:51:43 CET [2024/01/21 11:51:43 ET]
Table '3704359820 1' 3-max Seat #1 is the button
Seat 1: violetamartas (710 in chips) 
Seat 3: Mahu2021 (790 in chips) 
violetamartas: posts small blind 20
Mahu2021: posts big blind 40
*** HOLE CARDS ***
Dealt to Mahu2021 [As 6s]
violetamartas: raises 40 to 80
Mahu2021: calls 40
*** FLOP *** [4h 8c 9s]
Mahu2021: checks 
violetamartas: checks 
*** TURN *** [4h 8c 9s] [Kd]
Mahu2021: checks 
violetamartas: checks 
*** RIVER *** [4h 8c 9s Kd] [3d]
Mahu2021: checks 
violetamartas: checks 
*** SHOW DOWN ***
Mahu2021: shows [As 6s] (high card Ace)
violetamartas: mucks hand 
Mahu2021 collected 160 from pot
*** SUMMARY ***
Total pot 160 | Rake 0 
Board [4h 8c 9s Kd 3d]
Seat 1: violetamartas (button) (small blind) mucked [Qc 6c]
Seat 3: Mahu2021 (big blind) showed [As 6s] and won (160) with high card Ace



PokerStars Hand #248412550880: Tournament #3704359820, $1.84+$0.16 USD Hold'em No Limit - Level III (20/40) - 2024/01/21 17:51:57 CET [2024/01/21 11:51:57 ET]
Table '3704359820 1' 3-max Seat #3 is the button
Seat 1: violetamartas (630 in chips) 
Seat 3: Mahu2021 (870 in chips) 
Mahu2021: posts small blind 20
violetamartas: posts big blind 40
*** HOLE CARDS ***
Dealt to Mahu2021 [9s 2s]
Mahu2021: calls 20
violetamartas: checks 
*** FLOP *** [8s Jh 3h]
violetamartas: checks 
Mahu2021: checks 
*** TURN *** [8s Jh 3h] [6s]
violetamartas: checks 
Mahu2021: bets 40
violetamartas: calls 40
*** RIVER *** [8s Jh 3h 6s] [5d]
violetamartas: checks 
Mahu2021: checks 
*** SHOW DOWN ***
violetamartas: shows [3s Qd] (a pair of Threes)
Mahu2021: mucks hand 
violetamartas collected 160 from pot
*** SUMMARY ***
Total pot 160 | Rake 0 
Board [8s Jh 3h 6s 5d]
Seat 1: violetamartas (big blind) showed [3s Qd] and won (160) with a pair of Threes
Seat 3: Mahu2021 (button) (small blind) mucked [9s 2s]



PokerStars Hand #248412555840: Tournament #3704359820, $1.84+$0.16 USD Hold'em No Limit - Level III (20/40) - 2024/01/21 17:52:12 CET [2024/01/21 11:52:12 ET]
Table '3704359820 1' 3-max Seat #1 is the button
Seat 1: violetamartas (710 in chips) 
Seat 3: Mahu2021 (790 in chips) 
violetamartas: posts small blind 20
Mahu2021: posts big blind 40
*** HOLE CARDS ***
Dealt to Mahu2021 [4c Td]
violetamartas: folds 
Uncalled bet (20) returned to Mahu2021
Mahu2021 collected 40 from pot
Mahu2021: doesn't show hand 
*** SUMMARY ***
Total pot 40 | Rake 0 
Seat 1: violetamartas (button) (small blind) folded before Flop
Seat 3: Mahu2021 (big blind) collected (40)



PokerStars Hand #248412557836: Tournament #3704359820, $1.84+$0.16 USD Hold'em No Limit - Level III (20/40) - 2024/01/21 17:52:17 CET [2024/01/21 11:52:17 ET]
Table '3704359820 1' 3-max Seat #3 is the button
Seat 1: violetamartas (690 in chips) 
Seat 3: Mahu2021 (810 in chips) 
Mahu2021: posts small blind 20
violetamartas: posts big blind 40
*** HOLE CARDS ***
Dealt to Mahu2021 [2s 3s]
Mahu2021: calls 20
violetamartas: raises 650 to 690 and is all-in
Mahu2021: folds 
Uncalled bet (650) returned to violetamartas
violetamartas collected 80 from pot
violetamartas: doesn't show hand 
*** SUMMARY ***
Total pot 80 | Rake 0 
Seat 1: violetamartas (big blind) collected (80)
Seat 3: Mahu2021 (button) (small blind) folded before Flop



PokerStars Hand #248412561062: Tournament #3704359820, $1.84+$0.16 USD Hold'em No Limit - Level III (20/40) - 2024/01/21 17:52:26 CET [2024/01/21 11:52:26 ET]
Table '3704359820 1' 3-max Seat #1 is the button
Seat 1: violetamartas (730 in chips) 
Seat 3: Mahu2021 (770 in chips) 
violetamartas: posts small blind 20
Mahu2021: posts big blind 40
*** HOLE CARDS ***
Dealt to Mahu2021 [6s Jh]
violetamartas: raises 690 to 730 and is all-in
Mahu2021: folds 
Uncalled bet (690) returned to violetamartas
violetamartas collected 80 from pot
violetamartas: doesn't show hand 
*** SUMMARY ***
Total pot 80 | Rake 0 
Seat 1: violetamartas (button) (small blind) collected (80)
Seat 3: Mahu2021 (big blind) folded before Flop



PokerStars Hand #248412563636: Tournament #3704359820, $1.84+$0.16 USD Hold'em No Limit - Level III (20/40) - 2024/01/21 17:52:33 CET [2024/01/21 11:52:33 ET]
Table '3704359820 1' 3-max Seat #3 is the button
Seat 1: violetamartas (770 in chips) 
Seat 3: Mahu2021 (730 in chips) 
Mahu2021: posts small blind 20
violetamartas: posts big blind 40
*** HOLE CARDS ***
Dealt to Mahu2021 [7d As]
Mahu2021: calls 20
violetamartas: checks 
*** FLOP *** [Kc 4s Ks]
violetamartas: checks 
Mahu2021: bets 40
violetamartas: calls 40
*** TURN *** [Kc 4s Ks] [5c]
violetamartas: checks 
Mahu2021: checks 
*** RIVER *** [Kc 4s Ks 5c] [Tc]
violetamartas: checks 
Mahu2021: checks 
*** SHOW DOWN ***
violetamartas: shows [Qh 4c] (two pair, Kings and Fours)
Mahu2021: mucks hand 
violetamartas collected 160 from pot
*** SUMMARY ***
Total pot 160 | Rake 0 
Board [Kc 4s Ks 5c Tc]
Seat 1: violetamartas (big blind) showed [Qh 4c] and won (160) with two pair, Kings and Fours
Seat 3: Mahu2021 (button) (small blind) mucked [7d As]



PokerStars Hand #248412568570: Tournament #3704359820, $1.84+$0.16 USD Hold'em No Limit - Level III (20/40) - 2024/01/21 17:52:47 CET [2024/01/21 11:52:47 ET]
Table '3704359820 1' 3-max Seat #1 is the button
Seat 1: violetamartas (850 in chips) 
Seat 3: Mahu2021 (650 in chips) 
violetamartas: posts small blind 20
Mahu2021: posts big blind 40
*** HOLE CARDS ***
Dealt to Mahu2021 [Js 5s]
violetamartas: calls 20
Mahu2021: checks 
*** FLOP *** [4d 7s Jd]
Mahu2021: bets 40
violetamartas: folds 
Uncalled bet (40) returned to Mahu2021
Mahu2021 collected 80 from pot
Mahu2021: doesn't show hand 
*** SUMMARY ***
Total pot 80 | Rake 0 
Board [4d 7s Jd]
Seat 1: violetamartas (button) (small blind) folded on the Flop
Seat 3: Mahu2021 (big blind) collected (80)



PokerStars Hand #248412572775: Tournament #3704359820, $1.84+$0.16 USD Hold'em No Limit - Level III (20/40) - 2024/01/21 17:52:59 CET [2024/01/21 11:52:59 ET]
Table '3704359820 1' 3-max Seat #3 is the button
Seat 1: violetamartas (810 in chips) 
Seat 3: Mahu2021 (690 in chips) 
Mahu2021: posts small blind 20
violetamartas: posts big blind 40
*** HOLE CARDS ***
Dealt to Mahu2021 [7c Qh]
Mahu2021: calls 20
violetamartas: raises 770 to 810 and is all-in
Mahu2021: folds 
Uncalled bet (770) returned to violetamartas
violetamartas collected 80 from pot
violetamartas: doesn't show hand 
*** SUMMARY ***
Total pot 80 | Rake 0 
Seat 1: violetamartas (big blind) collected (80)
Seat 3: Mahu2021 (button) (small blind) folded before Flop



PokerStars Hand #248412575627: Tournament #3704359820, $1.84+$0.16 USD Hold'em No Limit - Level III (20/40) - 2024/01/21 17:53:07 CET [2024/01/21 11:53:07 ET]
Table '3704359820 1' 3-max Seat #1 is the button
Seat 1: violetamartas (850 in chips) 
Seat 3: Mahu2021 (650 in chips) 
violetamartas: posts small blind 20
Mahu2021: posts big blind 40
*** HOLE CARDS ***
Dealt to Mahu2021 [9c 7h]
violetamartas: folds 
Uncalled bet (20) returned to Mahu2021
Mahu2021 collected 40 from pot
Mahu2021: doesn't show hand 
*** SUMMARY ***
Total pot 40 | Rake 0 
Seat 1: violetamartas (button) (small blind) folded before Flop
Seat 3: Mahu2021 (big blind) collected (40)



PokerStars Hand #248412577372: Tournament #3704359820, $1.84+$0.16 USD Hold'em No Limit - Level III (20/40) - 2024/01/21 17:53:12 CET [2024/01/21 11:53:12 ET]
Table '3704359820 1' 3-max Seat #3 is the button
Seat 1: violetamartas (830 in chips) 
Seat 3: Mahu2021 (670 in chips) 
Mahu2021: posts small blind 20
violetamartas: posts big blind 40
*** HOLE CARDS ***
Dealt to Mahu2021 [Ad Ac]
Mahu2021: raises 630 to 670 and is all-in
violetamartas: folds 
Uncalled bet (630) returned to Mahu2021
Mahu2021 collected 80 from pot
Mahu2021: doesn't show hand 
*** SUMMARY ***
Total pot 80 | Rake 0 
Seat 1: violetamartas (big blind) folded before Flop
Seat 3: Mahu2021 (button) (small blind) collected (80)



PokerStars Hand #248412579716: Tournament #3704359820, $1.84+$0.16 USD Hold'em No Limit - Level III (20/40) - 2024/01/21 17:53:19 CET [2024/01/21 11:53:19 ET]
Table '3704359820 1' 3-max Seat #1 is the button
Seat 1: violetamartas (790 in chips) 
Seat 3: Mahu2021 (710 in chips) 
violetamartas: posts small blind 20
Mahu2021: posts big blind 40
*** HOLE CARDS ***
Dealt to Mahu2021 [Kc 5s]
violetamartas: raises 40 to 80
Mahu2021: calls 40
*** FLOP *** [3c Kh 9s]
Mahu2021: checks 
violetamartas: checks 
*** TURN *** [3c Kh 9s] [2s]
Mahu2021: checks 
violetamartas: checks 
*** RIVER *** [3c Kh 9s 2s] [Th]
Mahu2021: bets 80
violetamartas: folds 
Uncalled bet (80) returned to Mahu2021
Mahu2021 collected 160 from pot
Mahu2021: doesn't show hand 
*** SUMMARY ***
Total pot 160 | Rake 0 
Board [3c Kh 9s 2s Th]
Seat 1: violetamartas (button) (small blind) folded on the River
Seat 3: Mahu2021 (big blind) collected (160)



PokerStars Hand #248412584776: Tournament #3704359820, $1.84+$0.16 USD Hold'em No Limit - Level III (20/40) - 2024/01/21 17:53:33 CET [2024/01/21 11:53:33 ET]
Table '3704359820 1' 3-max Seat #3 is the button
Seat 1: violetamartas (710 in chips) 
Seat 3: Mahu2021 (790 in chips) 
Mahu2021: posts small blind 20
violetamartas: posts big blind 40
*** HOLE CARDS ***
Dealt to Mahu2021 [Kd 5s]
Mahu2021: calls 20
violetamartas: checks 
*** FLOP *** [As Tc 8c]
violetamartas: checks 
Mahu2021: bets 40
violetamartas: calls 40
*** TURN *** [As Tc 8c] [5h]
violetamartas: checks 
Mahu2021: checks 
*** RIVER *** [As Tc 8c 5h] [3c]
violetamartas: checks 
Mahu2021: checks 
*** SHOW DOWN ***
violetamartas: shows [8h 9s] (a pair of Eights)
Mahu2021: mucks hand 
violetamartas collected 160 from pot
*** SUMMARY ***
Total pot 160 | Rake 0 
Board [As Tc 8c 5h 3c]
Seat 1: violetamartas (big blind) showed [8h 9s] and won (160) with a pair of Eights
Seat 3: Mahu2021 (button) (small blind) mucked [Kd 5s]



PokerStars Hand #248412589881: Tournament #3704359820, $1.84+$0.16 USD Hold'em No Limit - Level III (20/40) - 2024/01/21 17:53:48 CET [2024/01/21 11:53:48 ET]
Table '3704359820 1' 3-max Seat #1 is the button
Seat 1: violetamartas (790 in chips) 
Seat 3: Mahu2021 (710 in chips) 
violetamartas: posts small blind 20
Mahu2021: posts big blind 40
*** HOLE CARDS ***
Dealt to Mahu2021 [6c 5d]
violetamartas: folds 
Uncalled bet (20) returned to Mahu2021
Mahu2021 collected 40 from pot
Mahu2021: doesn't show hand 
*** SUMMARY ***
Total pot 40 | Rake 0 
Seat 1: violetamartas (button) (small blind) folded before Flop
Seat 3: Mahu2021 (big blind) collected (40)



PokerStars Hand #248412592062: Tournament #3704359820, $1.84+$0.16 USD Hold'em No Limit - Level III (20/40) - 2024/01/21 17:53:54 CET [2024/01/21 11:53:54 ET]
Table '3704359820 1' 3-max Seat #3 is the button
Seat 1: violetamartas (770 in chips) 
Seat 3: Mahu2021 (730 in chips) 
Mahu2021: posts small blind 20
violetamartas: posts big blind 40
*** HOLE CARDS ***
Dealt to Mahu2021 [8d 7h]
Mahu2021: calls 20
violetamartas: raises 120 to 160
Mahu2021: folds 
Uncalled bet (120) returned to violetamartas
violetamartas collected 80 from pot
violetamartas: doesn't show hand 
*** SUMMARY ***
Total pot 80 | Rake 0 
Seat 1: violetamartas (big blind) collected (80)
Seat 3: Mahu2021 (button) (small blind) folded before Flop



PokerStars Hand #248412595637: Tournament #3704359820, $1.84+$0.16 USD Hold'em No Limit - Level III (20/40) - 2024/01/21 17:54:04 CET [2024/01/21 11:54:04 ET]
Table '3704359820 1' 3-max Seat #1 is the button
Seat 1: violetamartas (810 in chips) 
Seat 3: Mahu2021 (690 in chips) 
violetamartas: posts small blind 20
Mahu2021: posts big blind 40
*** HOLE CARDS ***
Dealt to Mahu2021 [Ac Ts]
violetamartas: raises 40 to 80
Mahu2021: raises 610 to 690 and is all-in
violetamartas: calls 610
*** FLOP *** [3s 5s 4c]
*** TURN *** [3s 5s 4c] [Th]
*** RIVER *** [3s 5s 4c Th] [2d]
*** SHOW DOWN ***
Mahu2021: shows [Ac Ts] (a straight, Ace to Five)
violetamartas: shows [As Ah] (a straight, Ace to Five)
Mahu2021 collected 690 from pot
violetamartas collected 690 from pot
*** SUMMARY ***
Total pot 1380 | Rake 0 
Board [3s 5s 4c Th 2d]
Seat 1: violetamartas (button) (small blind) showed [As Ah] and won (690) with a straight, Ace to Five
Seat 3: Mahu2021 (big blind) showed [Ac Ts] and won (690) with a straight, Ace to Five



PokerStars Hand #248412601806: Tournament #3704359820, $1.84+$0.16 USD Hold'em No Limit - Level IV (30/60) - 2024/01/21 17:54:22 CET [2024/01/21 11:54:22 ET]
Table '3704359820 1' 3-max Seat #3 is the button
Seat 1: violetamartas (810 in chips) 
Seat 3: Mahu2021 (690 in chips) 
Mahu2021: posts small blind 30
violetamartas: posts big blind 60
*** HOLE CARDS ***
Dealt to Mahu2021 [As 4h]
Mahu2021: calls 30
violetamartas: checks 
*** FLOP *** [9c Th 5s]
violetamartas: checks 
Mahu2021: checks 
*** TURN *** [9c Th 5s] [5c]
violetamartas: checks 
Mahu2021: checks 
*** RIVER *** [9c Th 5s 5c] [Qd]
violetamartas: checks 
Mahu2021: checks 
*** SHOW DOWN ***
violetamartas: shows [8c 9h] (two pair, Nines and Fives)
Mahu2021: mucks hand 
violetamartas collected 120 from pot
*** SUMMARY ***
Total pot 120 | Rake 0 
Board [9c Th 5s 5c Qd]
Seat 1: violetamartas (big blind) showed [8c 9h] and won (120) with two pair, Nines and Fives
Seat 3: Mahu2021 (button) (small blind) mucked [As 4h]



PokerStars Hand #248412606467: Tournament #3704359820, $1.84+$0.16 USD Hold'em No Limit - Level IV (30/60) - 2024/01/21 17:54:35 CET [2024/01/21 11:54:35 ET]
Table '3704359820 1' 3-max Seat #1 is the button
Seat 1: violetamartas (870 in chips) 
Seat 3: Mahu2021 (630 in chips) 
violetamartas: posts small blind 30
Mahu2021: posts big blind 60
*** HOLE CARDS ***
Dealt to Mahu2021 [8s Td]
violetamartas: calls 30
Mahu2021: checks 
*** FLOP *** [9d Ts Ad]
Mahu2021: bets 60
violetamartas: calls 60
*** TURN *** [9d Ts Ad] [Tc]
Mahu2021: bets 60
violetamartas: calls 60
*** RIVER *** [9d Ts Ad Tc] [7d]
Mahu2021: bets 60
violetamartas: raises 60 to 120
Mahu2021: calls 60
*** SHOW DOWN ***
violetamartas: shows [Jd 4d] (a flush, Ace high)
Mahu2021: mucks hand 
violetamartas collected 600 from pot
*** SUMMARY ***
Total pot 600 | Rake 0 
Board [9d Ts Ad Tc 7d]
Seat 1: violetamartas (button) (small blind) showed [Jd 4d] and won (600) with a flush, Ace high
Seat 3: Mahu2021 (big blind) mucked [8s Td]



PokerStars Hand #248412612743: Tournament #3704359820, $1.84+$0.16 USD Hold'em No Limit - Level IV (30/60) - 2024/01/21 17:54:52 CET [2024/01/21 11:54:52 ET]
Table '3704359820 1' 3-max Seat #3 is the button
Seat 1: violetamartas (1170 in chips) 
Seat 3: Mahu2021 (330 in chips) 
Mahu2021: posts small blind 30
violetamartas: posts big blind 60
*** HOLE CARDS ***
Dealt to Mahu2021 [Qd Th]
Mahu2021: raises 270 to 330 and is all-in
violetamartas: folds 
Uncalled bet (270) returned to Mahu2021
Mahu2021 collected 120 from pot
Mahu2021: doesn't show hand 
*** SUMMARY ***
Total pot 120 | Rake 0 
Seat 1: violetamartas (big blind) folded before Flop
Seat 3: Mahu2021 (button) (small blind) collected (120)



PokerStars Hand #248412614822: Tournament #3704359820, $1.84+$0.16 USD Hold'em No Limit - Level IV (30/60) - 2024/01/21 17:54:58 CET [2024/01/21 11:54:58 ET]
Table '3704359820 1' 3-max Seat #1 is the button
Seat 1: violetamartas (1110 in chips) 
Seat 3: Mahu2021 (390 in chips) 
violetamartas: posts small blind 30
Mahu2021: posts big blind 60
*** HOLE CARDS ***
Dealt to Mahu2021 [Jd Qs]
violetamartas: raises 60 to 120
Mahu2021: raises 270 to 390 and is all-in
violetamartas: calls 270
*** FLOP *** [Jh 9c 7d]
*** TURN *** [Jh 9c 7d] [6h]
*** RIVER *** [Jh 9c 7d 6h] [5s]
*** SHOW DOWN ***
Mahu2021: shows [Jd Qs] (a pair of Jacks)
violetamartas: shows [Jc 9h] (two pair, Jacks and Nines)
violetamartas collected 780 from pot
Mahu2021 finished the tournament in 2nd place
violetamartas wins the tournament and receives $6.00 - congratulations!
*** SUMMARY ***
Total pot 780 | Rake 0 
Board [Jh 9c 7d 6h 5s]
Seat 1: violetamartas (button) (small blind) showed [Jc 9h] and won (780) with two pair, Jacks and Nines
Seat 3: Mahu2021 (big blind) showed [Jd Qs] and lost with a pair of Jacks



