PokerStars Hand #245697272760: Tournament #3638664656, $0.92+$0.08 USD Hold'em No Limit - Level I (10/20) - 2023/08/31 20:52:26 CET [2023/08/31 14:52:26 ET]
Table '3638664656 1' 3-max Seat #1 is the button
Seat 1: Mahu2021 (500 in chips) 
Seat 2: agentul75 (500 in chips) 
Seat 3: hardy0099 (500 in chips) 
agentul75: posts small blind 10
hardy0099: posts big blind 20
*** HOLE CARDS ***
Dealt to Mahu2021 [9d 9h]
Mahu2021: raises 20 to 40
agentul75: folds 
hardy0099: calls 20
*** FLOP *** [2d 8h 9c]
hardy0099: checks 
Mahu2021: checks 
*** TURN *** [2d 8h 9c] [3c]
hardy0099: bets 80
Mahu2021: raises 380 to 460 and is all-in
hardy0099: calls 380 and is all-in
*** RIVER *** [2d 8h 9c 3c] [6s]
*** SHOW DOWN ***
hardy0099: shows [8d Ks] (a pair of Eights)
Mahu2021: shows [9d 9h] (three of a kind, Nines)
Mahu2021 collected 1010 from pot
hardy0099 finished the tournament in 3rd place
*** SUMMARY ***
Total pot 1010 | Rake 0 
Board [2d 8h 9c 3c 6s]
Seat 1: Mahu2021 (button) showed [9d 9h] and won (1010) with three of a kind, Nines
Seat 2: agentul75 (small blind) folded before Flop
Seat 3: hardy0099 (big blind) showed [8d Ks] and lost with a pair of Eights



PokerStars Hand #245697282372: Tournament #3638664656, $0.92+$0.08 USD Hold'em No Limit - Level I (10/20) - 2023/08/31 20:52:57 CET [2023/08/31 14:52:57 ET]
Table '3638664656 1' 3-max Seat #2 is the button
Seat 1: Mahu2021 (1010 in chips) 
Seat 2: agentul75 (490 in chips) 
agentul75: posts small blind 10
Mahu2021: posts big blind 20
*** HOLE CARDS ***
Dealt to Mahu2021 [Qd Jd]
agentul75: calls 10
Mahu2021: checks 
*** FLOP *** [3h 6d Kc]
Mahu2021: checks 
agentul75: checks 
*** TURN *** [3h 6d Kc] [4d]
Mahu2021: bets 20
agentul75: calls 20
*** RIVER *** [3h 6d Kc 4d] [4c]
Mahu2021: checks 
agentul75: checks 
*** SHOW DOWN ***
Mahu2021: shows [Qd Jd] (a pair of Fours)
agentul75: mucks hand 
Mahu2021 collected 80 from pot
*** SUMMARY ***
Total pot 80 | Rake 0 
Board [3h 6d Kc 4d 4c]
Seat 1: Mahu2021 (big blind) showed [Qd Jd] and won (80) with a pair of Fours
Seat 2: agentul75 (button) (small blind) mucked [5s 8h]



PokerStars Hand #245697288984: Tournament #3638664656, $0.92+$0.08 USD Hold'em No Limit - Level I (10/20) - 2023/08/31 20:53:18 CET [2023/08/31 14:53:18 ET]
Table '3638664656 1' 3-max Seat #1 is the button
Seat 1: Mahu2021 (1050 in chips) 
Seat 2: agentul75 (450 in chips) 
Mahu2021: posts small blind 10
agentul75: posts big blind 20
*** HOLE CARDS ***
Dealt to Mahu2021 [Js 3d]
Mahu2021: folds 
Uncalled bet (10) returned to agentul75
agentul75 collected 20 from pot
agentul75: doesn't show hand 
*** SUMMARY ***
Total pot 20 | Rake 0 
Seat 1: Mahu2021 (button) (small blind) folded before Flop
Seat 2: agentul75 (big blind) collected (20)



PokerStars Hand #245697290442: Tournament #3638664656, $0.92+$0.08 USD Hold'em No Limit - Level I (10/20) - 2023/08/31 20:53:22 CET [2023/08/31 14:53:22 ET]
Table '3638664656 1' 3-max Seat #2 is the button
Seat 1: Mahu2021 (1040 in chips) 
Seat 2: agentul75 (460 in chips) 
agentul75: posts small blind 10
Mahu2021: posts big blind 20
*** HOLE CARDS ***
Dealt to Mahu2021 [8c Jd]
agentul75: calls 10
Mahu2021: checks 
*** FLOP *** [6c Td Qc]
Mahu2021: checks 
agentul75: checks 
*** TURN *** [6c Td Qc] [Jh]
Mahu2021: bets 20
agentul75: folds 
Uncalled bet (20) returned to Mahu2021
Mahu2021 collected 40 from pot
Mahu2021: doesn't show hand 
*** SUMMARY ***
Total pot 40 | Rake 0 
Board [6c Td Qc Jh]
Seat 1: Mahu2021 (big blind) collected (40)
Seat 2: agentul75 (button) (small blind) folded on the Turn



PokerStars Hand #245697295835: Tournament #3638664656, $0.92+$0.08 USD Hold'em No Limit - Level I (10/20) - 2023/08/31 20:53:40 CET [2023/08/31 14:53:40 ET]
Table '3638664656 1' 3-max Seat #1 is the button
Seat 1: Mahu2021 (1060 in chips) 
Seat 2: agentul75 (440 in chips) 
Mahu2021: posts small blind 10
agentul75: posts big blind 20
*** HOLE CARDS ***
Dealt to Mahu2021 [Th Jd]
Mahu2021: raises 20 to 40
agentul75: folds 
Uncalled bet (20) returned to Mahu2021
Mahu2021 collected 40 from pot
Mahu2021: doesn't show hand 
*** SUMMARY ***
Total pot 40 | Rake 0 
Seat 1: Mahu2021 (button) (small blind) collected (40)
Seat 2: agentul75 (big blind) folded before Flop



PokerStars Hand #245697298669: Tournament #3638664656, $0.92+$0.08 USD Hold'em No Limit - Level I (10/20) - 2023/08/31 20:53:48 CET [2023/08/31 14:53:48 ET]
Table '3638664656 1' 3-max Seat #2 is the button
Seat 1: Mahu2021 (1080 in chips) 
Seat 2: agentul75 (420 in chips) 
agentul75: posts small blind 10
Mahu2021: posts big blind 20
*** HOLE CARDS ***
Dealt to Mahu2021 [Ah Ks]
agentul75: raises 40 to 60
Mahu2021: raises 1020 to 1080 and is all-in
agentul75: calls 360 and is all-in
Uncalled bet (660) returned to Mahu2021
*** FLOP *** [As 7s 4h]
*** TURN *** [As 7s 4h] [6d]
*** RIVER *** [As 7s 4h 6d] [3s]
*** SHOW DOWN ***
Mahu2021: shows [Ah Ks] (a pair of Aces)
agentul75: shows [Js Qs] (a flush, Ace high)
agentul75 collected 840 from pot
*** SUMMARY ***
Total pot 840 | Rake 0 
Board [As 7s 4h 6d 3s]
Seat 1: Mahu2021 (big blind) showed [Ah Ks] and lost with a pair of Aces
Seat 2: agentul75 (button) (small blind) showed [Js Qs] and won (840) with a flush, Ace high



PokerStars Hand #245697303548: Tournament #3638664656, $0.92+$0.08 USD Hold'em No Limit - Level I (10/20) - 2023/08/31 20:54:04 CET [2023/08/31 14:54:04 ET]
Table '3638664656 1' 3-max Seat #1 is the button
Seat 1: Mahu2021 (660 in chips) 
Seat 2: agentul75 (840 in chips) 
Mahu2021: posts small blind 10
agentul75: posts big blind 20
*** HOLE CARDS ***
Dealt to Mahu2021 [Th Kh]
Mahu2021: raises 20 to 40
agentul75: folds 
Uncalled bet (20) returned to Mahu2021
Mahu2021 collected 40 from pot
Mahu2021: doesn't show hand 
*** SUMMARY ***
Total pot 40 | Rake 0 
Seat 1: Mahu2021 (button) (small blind) collected (40)
Seat 2: agentul75 (big blind) folded before Flop



PokerStars Hand #245697305944: Tournament #3638664656, $0.92+$0.08 USD Hold'em No Limit - Level I (10/20) - 2023/08/31 20:54:12 CET [2023/08/31 14:54:12 ET]
Table '3638664656 1' 3-max Seat #2 is the button
Seat 1: Mahu2021 (680 in chips) 
Seat 2: agentul75 (820 in chips) 
agentul75: posts small blind 10
Mahu2021: posts big blind 20
*** HOLE CARDS ***
Dealt to Mahu2021 [Ac 3c]
agentul75: raises 40 to 60
Mahu2021: calls 40
*** FLOP *** [4h 5h 2c]
Mahu2021: checks 
agentul75: bets 80
Mahu2021: raises 80 to 160
agentul75: calls 80
*** TURN *** [4h 5h 2c] [Jh]
Mahu2021: checks 
agentul75: bets 600 and is all-in
Mahu2021: calls 460 and is all-in
Uncalled bet (140) returned to agentul75
*** RIVER *** [4h 5h 2c Jh] [Ah]
*** SHOW DOWN ***
Mahu2021: shows [Ac 3c] (a straight, Ace to Five)
agentul75: shows [Ts Td] (a pair of Tens)
Mahu2021 collected 1360 from pot
*** SUMMARY ***
Total pot 1360 | Rake 0 
Board [4h 5h 2c Jh Ah]
Seat 1: Mahu2021 (big blind) showed [Ac 3c] and won (1360) with a straight, Ace to Five
Seat 2: agentul75 (button) (small blind) showed [Ts Td] and lost with a pair of Tens



PokerStars Hand #245697314573: Tournament #3638664656, $0.92+$0.08 USD Hold'em No Limit - Level I (10/20) - 2023/08/31 20:54:39 CET [2023/08/31 14:54:39 ET]
Table '3638664656 1' 3-max Seat #1 is the button
Seat 1: Mahu2021 (1360 in chips) 
Seat 2: agentul75 (140 in chips) 
Mahu2021: posts small blind 10
agentul75: posts big blind 20
*** HOLE CARDS ***
Dealt to Mahu2021 [2h Ts]
Mahu2021: folds 
Uncalled bet (10) returned to agentul75
agentul75 collected 20 from pot
agentul75: doesn't show hand 
*** SUMMARY ***
Total pot 20 | Rake 0 
Seat 1: Mahu2021 (button) (small blind) folded before Flop
Seat 2: agentul75 (big blind) collected (20)



PokerStars Hand #245697316154: Tournament #3638664656, $0.92+$0.08 USD Hold'em No Limit - Level I (10/20) - 2023/08/31 20:54:44 CET [2023/08/31 14:54:44 ET]
Table '3638664656 1' 3-max Seat #2 is the button
Seat 1: Mahu2021 (1350 in chips) 
Seat 2: agentul75 (150 in chips) 
agentul75: posts small blind 10
Mahu2021: posts big blind 20
*** HOLE CARDS ***
Dealt to Mahu2021 [4d 7d]
agentul75: raises 130 to 150 and is all-in
Mahu2021: folds 
Uncalled bet (130) returned to agentul75
agentul75 collected 40 from pot
agentul75: doesn't show hand 
*** SUMMARY ***
Total pot 40 | Rake 0 
Seat 1: Mahu2021 (big blind) folded before Flop
Seat 2: agentul75 (button) (small blind) collected (40)



PokerStars Hand #245697318286: Tournament #3638664656, $0.92+$0.08 USD Hold'em No Limit - Level I (10/20) - 2023/08/31 20:54:51 CET [2023/08/31 14:54:51 ET]
Table '3638664656 1' 3-max Seat #1 is the button
Seat 1: Mahu2021 (1330 in chips) 
Seat 2: agentul75 (170 in chips) 
Mahu2021: posts small blind 10
agentul75: posts big blind 20
*** HOLE CARDS ***
Dealt to Mahu2021 [Kh 8d]
Mahu2021: calls 10
agentul75: checks 
*** FLOP *** [5c 4d 4s]
agentul75: checks 
Mahu2021: bets 20
agentul75: folds 
Uncalled bet (20) returned to Mahu2021
Mahu2021 collected 40 from pot
Mahu2021: doesn't show hand 
*** SUMMARY ***
Total pot 40 | Rake 0 
Board [5c 4d 4s]
Seat 1: Mahu2021 (button) (small blind) collected (40)
Seat 2: agentul75 (big blind) folded on the Flop



PokerStars Hand #245697324169: Tournament #3638664656, $0.92+$0.08 USD Hold'em No Limit - Level I (10/20) - 2023/08/31 20:55:10 CET [2023/08/31 14:55:10 ET]
Table '3638664656 1' 3-max Seat #2 is the button
Seat 1: Mahu2021 (1350 in chips) 
Seat 2: agentul75 (150 in chips) 
agentul75: posts small blind 10
Mahu2021: posts big blind 20
*** HOLE CARDS ***
Dealt to Mahu2021 [2c 4d]
agentul75: raises 130 to 150 and is all-in
Mahu2021: folds 
Uncalled bet (130) returned to agentul75
agentul75 collected 40 from pot
agentul75: doesn't show hand 
*** SUMMARY ***
Total pot 40 | Rake 0 
Seat 1: Mahu2021 (big blind) folded before Flop
Seat 2: agentul75 (button) (small blind) collected (40)



PokerStars Hand #245697326511: Tournament #3638664656, $0.92+$0.08 USD Hold'em No Limit - Level I (10/20) - 2023/08/31 20:55:20 CET [2023/08/31 14:55:20 ET]
Table '3638664656 1' 3-max Seat #1 is the button
Seat 1: Mahu2021 (1330 in chips) 
Seat 2: agentul75 (170 in chips) 
Mahu2021: posts small blind 10
agentul75: posts big blind 20
*** HOLE CARDS ***
Dealt to Mahu2021 [Jd 3c]
Mahu2021: folds 
Uncalled bet (10) returned to agentul75
agentul75 collected 20 from pot
agentul75: doesn't show hand 
*** SUMMARY ***
Total pot 20 | Rake 0 
Seat 1: Mahu2021 (button) (small blind) folded before Flop
Seat 2: agentul75 (big blind) collected (20)



PokerStars Hand #245697329592: Tournament #3638664656, $0.92+$0.08 USD Hold'em No Limit - Level II (15/30) - 2023/08/31 20:55:33 CET [2023/08/31 14:55:33 ET]
Table '3638664656 1' 3-max Seat #2 is the button
Seat 1: Mahu2021 (1320 in chips) 
Seat 2: agentul75 (180 in chips) 
agentul75: posts small blind 15
Mahu2021: posts big blind 30
*** HOLE CARDS ***
Dealt to Mahu2021 [5c 4d]
agentul75: folds 
Uncalled bet (15) returned to Mahu2021
Mahu2021 collected 30 from pot
Mahu2021: doesn't show hand 
*** SUMMARY ***
Total pot 30 | Rake 0 
Seat 1: Mahu2021 (big blind) collected (30)
Seat 2: agentul75 (button) (small blind) folded before Flop



PokerStars Hand #245697330949: Tournament #3638664656, $0.92+$0.08 USD Hold'em No Limit - Level II (15/30) - 2023/08/31 20:55:39 CET [2023/08/31 14:55:39 ET]
Table '3638664656 1' 3-max Seat #1 is the button
Seat 1: Mahu2021 (1335 in chips) 
Seat 2: agentul75 (165 in chips) 
Mahu2021: posts small blind 15
agentul75: posts big blind 30
*** HOLE CARDS ***
Dealt to Mahu2021 [4c 9h]
Mahu2021: folds 
Uncalled bet (15) returned to agentul75
agentul75 collected 30 from pot
agentul75: doesn't show hand 
*** SUMMARY ***
Total pot 30 | Rake 0 
Seat 1: Mahu2021 (button) (small blind) folded before Flop
Seat 2: agentul75 (big blind) collected (30)



PokerStars Hand #245697332057: Tournament #3638664656, $0.92+$0.08 USD Hold'em No Limit - Level II (15/30) - 2023/08/31 20:55:43 CET [2023/08/31 14:55:43 ET]
Table '3638664656 1' 3-max Seat #2 is the button
Seat 1: Mahu2021 (1320 in chips) 
Seat 2: agentul75 (180 in chips) 
agentul75: posts small blind 15
Mahu2021: posts big blind 30
*** HOLE CARDS ***
Dealt to Mahu2021 [8d Js]
agentul75: calls 15
Mahu2021: checks 
*** FLOP *** [2d Ac 4c]
Mahu2021: checks 
agentul75: checks 
*** TURN *** [2d Ac 4c] [Qh]
Mahu2021: checks 
agentul75: checks 
*** RIVER *** [2d Ac 4c Qh] [Tc]
Mahu2021: bets 30
agentul75: calls 30
*** SHOW DOWN ***
Mahu2021: shows [8d Js] (high card Ace)
agentul75: shows [8h Td] (a pair of Tens)
agentul75 collected 120 from pot
*** SUMMARY ***
Total pot 120 | Rake 0 
Board [2d Ac 4c Qh Tc]
Seat 1: Mahu2021 (big blind) showed [8d Js] and lost with high card Ace
Seat 2: agentul75 (button) (small blind) showed [8h Td] and won (120) with a pair of Tens



PokerStars Hand #245697336000: Tournament #3638664656, $0.92+$0.08 USD Hold'em No Limit - Level II (15/30) - 2023/08/31 20:56:00 CET [2023/08/31 14:56:00 ET]
Table '3638664656 1' 3-max Seat #1 is the button
Seat 1: Mahu2021 (1260 in chips) 
Seat 2: agentul75 (240 in chips) 
Mahu2021: posts small blind 15
agentul75: posts big blind 30
*** HOLE CARDS ***
Dealt to Mahu2021 [3c 7c]
Mahu2021: calls 15
agentul75: checks 
*** FLOP *** [Ad Ts 8d]
agentul75: checks 
Mahu2021: bets 30
agentul75: folds 
Uncalled bet (30) returned to Mahu2021
Mahu2021 collected 60 from pot
Mahu2021: doesn't show hand 
*** SUMMARY ***
Total pot 60 | Rake 0 
Board [Ad Ts 8d]
Seat 1: Mahu2021 (button) (small blind) collected (60)
Seat 2: agentul75 (big blind) folded on the Flop



PokerStars Hand #245697338783: Tournament #3638664656, $0.92+$0.08 USD Hold'em No Limit - Level II (15/30) - 2023/08/31 20:56:12 CET [2023/08/31 14:56:12 ET]
Table '3638664656 1' 3-max Seat #2 is the button
Seat 1: Mahu2021 (1290 in chips) 
Seat 2: agentul75 (210 in chips) 
agentul75: posts small blind 15
Mahu2021: posts big blind 30
*** HOLE CARDS ***
Dealt to Mahu2021 [Jh 4d]
agentul75: calls 15
Mahu2021: checks 
*** FLOP *** [As Qc 7s]
Mahu2021: checks 
agentul75: checks 
*** TURN *** [As Qc 7s] [5h]
Mahu2021: checks 
agentul75: checks 
*** RIVER *** [As Qc 7s 5h] [Tc]
Mahu2021: checks 
agentul75: checks 
*** SHOW DOWN ***
Mahu2021: shows [Jh 4d] (high card Ace)
agentul75: shows [Ks 7h] (a pair of Sevens)
agentul75 collected 60 from pot
*** SUMMARY ***
Total pot 60 | Rake 0 
Board [As Qc 7s 5h Tc]
Seat 1: Mahu2021 (big blind) showed [Jh 4d] and lost with high card Ace
Seat 2: agentul75 (button) (small blind) showed [Ks 7h] and won (60) with a pair of Sevens



PokerStars Hand #245697342180: Tournament #3638664656, $0.92+$0.08 USD Hold'em No Limit - Level II (15/30) - 2023/08/31 20:56:27 CET [2023/08/31 14:56:27 ET]
Table '3638664656 1' 3-max Seat #1 is the button
Seat 1: Mahu2021 (1260 in chips) 
Seat 2: agentul75 (240 in chips) 
Mahu2021: posts small blind 15
agentul75: posts big blind 30
*** HOLE CARDS ***
Dealt to Mahu2021 [5c As]
Mahu2021: raises 30 to 60
agentul75: folds 
Uncalled bet (30) returned to Mahu2021
Mahu2021 collected 60 from pot
Mahu2021: doesn't show hand 
*** SUMMARY ***
Total pot 60 | Rake 0 
Seat 1: Mahu2021 (button) (small blind) collected (60)
Seat 2: agentul75 (big blind) folded before Flop



PokerStars Hand #245697343653: Tournament #3638664656, $0.92+$0.08 USD Hold'em No Limit - Level II (15/30) - 2023/08/31 20:56:33 CET [2023/08/31 14:56:33 ET]
Table '3638664656 1' 3-max Seat #2 is the button
Seat 1: Mahu2021 (1290 in chips) 
Seat 2: agentul75 (210 in chips) 
agentul75: posts small blind 15
Mahu2021: posts big blind 30
*** HOLE CARDS ***
Dealt to Mahu2021 [Ac Tc]
agentul75: folds 
Uncalled bet (15) returned to Mahu2021
Mahu2021 collected 30 from pot
Mahu2021: doesn't show hand 
*** SUMMARY ***
Total pot 30 | Rake 0 
Seat 1: Mahu2021 (big blind) collected (30)
Seat 2: agentul75 (button) (small blind) folded before Flop



PokerStars Hand #245697344831: Tournament #3638664656, $0.92+$0.08 USD Hold'em No Limit - Level II (15/30) - 2023/08/31 20:56:39 CET [2023/08/31 14:56:39 ET]
Table '3638664656 1' 3-max Seat #1 is the button
Seat 1: Mahu2021 (1305 in chips) 
Seat 2: agentul75 (195 in chips) 
Mahu2021: posts small blind 15
agentul75: posts big blind 30
*** HOLE CARDS ***
Dealt to Mahu2021 [2c As]
Mahu2021: raises 30 to 60
agentul75: raises 135 to 195 and is all-in
Mahu2021: calls 135
*** FLOP *** [5s Ac Ts]
*** TURN *** [5s Ac Ts] [9h]
*** RIVER *** [5s Ac Ts 9h] [6c]
*** SHOW DOWN ***
agentul75: shows [Jh Ks] (high card Ace)
Mahu2021: shows [2c As] (a pair of Aces)
Mahu2021 collected 390 from pot
agentul75 finished the tournament in 2nd place
Mahu2021 wins the tournament and receives $5.00 - congratulations!
*** SUMMARY ***
Total pot 390 | Rake 0 
Board [5s Ac Ts 9h 6c]
Seat 1: Mahu2021 (button) (small blind) showed [2c As] and won (390) with a pair of Aces
Seat 2: agentul75 (big blind) showed [Jh Ks] and lost with high card Ace



