PokerStars Hand #247877195108: Tournament #3691710363, $1.84+$0.16 USD Hold'em No Limit - Level I (10/20) - 2023/12/26 16:00:58 CET [2023/12/26 10:00:58 ET]
Table '3691710363 1' 3-max Seat #1 is the button
Seat 1: alvesrenato7 (500 in chips) 
Seat 2: mihaiBV70 (500 in chips) 
Seat 3: Mahu2021 (500 in chips) 
mihaiBV70: posts small blind 10
Mahu2021: posts big blind 20
*** HOLE CARDS ***
Dealt to Mahu2021 [4c Ks]
alvesrenato7: calls 20
mihaiBV70: folds 
Mahu2021: checks 
*** FLOP *** [4h 7h Js]
Mahu2021: checks 
alvesrenato7: checks 
*** TURN *** [4h 7h Js] [Qd]
Mahu2021: checks 
alvesrenato7: bets 20
Mahu2021: calls 20
*** RIVER *** [4h 7h Js Qd] [6h]
Mahu2021: checks 
alvesrenato7: checks 
*** SHOW DOWN ***
Mahu2021: shows [4c Ks] (a pair of Fours)
alvesrenato7: shows [6c 8c] (a pair of Sixes)
alvesrenato7 collected 90 from pot
*** SUMMARY ***
Total pot 90 | Rake 0 
Board [4h 7h Js Qd 6h]
Seat 1: alvesrenato7 (button) showed [6c 8c] and won (90) with a pair of Sixes
Seat 2: mihaiBV70 (small blind) folded before Flop
Seat 3: Mahu2021 (big blind) showed [4c Ks] and lost with a pair of Fours



PokerStars Hand #247877200618: Tournament #3691710363, $1.84+$0.16 USD Hold'em No Limit - Level I (10/20) - 2023/12/26 16:01:22 CET [2023/12/26 10:01:22 ET]
Table '3691710363 1' 3-max Seat #2 is the button
Seat 1: alvesrenato7 (550 in chips) 
Seat 2: mihaiBV70 (490 in chips) 
Seat 3: Mahu2021 (460 in chips) 
Mahu2021: posts small blind 10
alvesrenato7: posts big blind 20
*** HOLE CARDS ***
Dealt to Mahu2021 [Qd 2s]
mihaiBV70: folds 
Mahu2021: folds 
Uncalled bet (10) returned to alvesrenato7
alvesrenato7 collected 20 from pot
alvesrenato7: doesn't show hand 
*** SUMMARY ***
Total pot 20 | Rake 0 
Seat 1: alvesrenato7 (big blind) collected (20)
Seat 2: mihaiBV70 (button) folded before Flop (didn't bet)
Seat 3: Mahu2021 (small blind) folded before Flop



PokerStars Hand #247877202356: Tournament #3691710363, $1.84+$0.16 USD Hold'em No Limit - Level I (10/20) - 2023/12/26 16:01:28 CET [2023/12/26 10:01:28 ET]
Table '3691710363 1' 3-max Seat #3 is the button
Seat 1: alvesrenato7 (560 in chips) 
Seat 2: mihaiBV70 (490 in chips) 
Seat 3: Mahu2021 (450 in chips) 
alvesrenato7: posts small blind 10
mihaiBV70: posts big blind 20
*** HOLE CARDS ***
Dealt to Mahu2021 [2d Ah]
Mahu2021: calls 20
alvesrenato7: calls 10
mihaiBV70: checks 
*** FLOP *** [Qh Jc As]
alvesrenato7: checks 
mihaiBV70: checks 
Mahu2021: bets 20
alvesrenato7: calls 20
mihaiBV70: folds 
*** TURN *** [Qh Jc As] [4d]
alvesrenato7: bets 40
Mahu2021: calls 40
*** RIVER *** [Qh Jc As 4d] [Jh]
alvesrenato7: checks 
Mahu2021: bets 180
alvesrenato7: folds 
Uncalled bet (180) returned to Mahu2021
Mahu2021 collected 180 from pot
Mahu2021: doesn't show hand 
*** SUMMARY ***
Total pot 180 | Rake 0 
Board [Qh Jc As 4d Jh]
Seat 1: alvesrenato7 (small blind) folded on the River
Seat 2: mihaiBV70 (big blind) folded on the Flop
Seat 3: Mahu2021 (button) collected (180)



PokerStars Hand #247877210945: Tournament #3691710363, $1.84+$0.16 USD Hold'em No Limit - Level I (10/20) - 2023/12/26 16:02:05 CET [2023/12/26 10:02:05 ET]
Table '3691710363 1' 3-max Seat #1 is the button
Seat 1: alvesrenato7 (480 in chips) 
Seat 2: mihaiBV70 (470 in chips) 
Seat 3: Mahu2021 (550 in chips) 
mihaiBV70: posts small blind 10
Mahu2021: posts big blind 20
*** HOLE CARDS ***
Dealt to Mahu2021 [7h Td]
alvesrenato7: calls 20
mihaiBV70: calls 10
Mahu2021: checks 
*** FLOP *** [7s Ac 4h]
mihaiBV70: checks 
Mahu2021: checks 
alvesrenato7: checks 
*** TURN *** [7s Ac 4h] [4s]
mihaiBV70: checks 
Mahu2021: checks 
alvesrenato7: bets 60
mihaiBV70: calls 60
Mahu2021: folds 
*** RIVER *** [7s Ac 4h 4s] [8c]
mihaiBV70: checks 
alvesrenato7: checks 
*** SHOW DOWN ***
mihaiBV70: shows [3d 6h] (a pair of Fours)
alvesrenato7: shows [Qh 8s] (two pair, Eights and Fours)
alvesrenato7 collected 180 from pot
*** SUMMARY ***
Total pot 180 | Rake 0 
Board [7s Ac 4h 4s 8c]
Seat 1: alvesrenato7 (button) showed [Qh 8s] and won (180) with two pair, Eights and Fours
Seat 2: mihaiBV70 (small blind) showed [3d 6h] and lost with a pair of Fours
Seat 3: Mahu2021 (big blind) folded on the Turn



PokerStars Hand #247877218549: Tournament #3691710363, $1.84+$0.16 USD Hold'em No Limit - Level I (10/20) - 2023/12/26 16:02:36 CET [2023/12/26 10:02:36 ET]
Table '3691710363 1' 3-max Seat #2 is the button
Seat 1: alvesrenato7 (580 in chips) 
Seat 2: mihaiBV70 (390 in chips) 
Seat 3: Mahu2021 (530 in chips) 
Mahu2021: posts small blind 10
alvesrenato7: posts big blind 20
*** HOLE CARDS ***
Dealt to Mahu2021 [Jh 7d]
mihaiBV70: raises 40 to 60
Mahu2021: folds 
alvesrenato7: folds 
Uncalled bet (40) returned to mihaiBV70
mihaiBV70 collected 50 from pot
*** SUMMARY ***
Total pot 50 | Rake 0 
Seat 1: alvesrenato7 (big blind) folded before Flop
Seat 2: mihaiBV70 (button) collected (50)
Seat 3: Mahu2021 (small blind) folded before Flop



PokerStars Hand #247877220568: Tournament #3691710363, $1.84+$0.16 USD Hold'em No Limit - Level I (10/20) - 2023/12/26 16:02:45 CET [2023/12/26 10:02:45 ET]
Table '3691710363 1' 3-max Seat #3 is the button
Seat 1: alvesrenato7 (560 in chips) 
Seat 2: mihaiBV70 (420 in chips) 
Seat 3: Mahu2021 (520 in chips) 
alvesrenato7: posts small blind 10
mihaiBV70: posts big blind 20
*** HOLE CARDS ***
Dealt to Mahu2021 [Tc 2h]
Mahu2021: folds 
alvesrenato7: folds 
Uncalled bet (10) returned to mihaiBV70
mihaiBV70 collected 20 from pot
*** SUMMARY ***
Total pot 20 | Rake 0 
Seat 1: alvesrenato7 (small blind) folded before Flop
Seat 2: mihaiBV70 (big blind) collected (20)
Seat 3: Mahu2021 (button) folded before Flop (didn't bet)



PokerStars Hand #247877222200: Tournament #3691710363, $1.84+$0.16 USD Hold'em No Limit - Level I (10/20) - 2023/12/26 16:02:52 CET [2023/12/26 10:02:52 ET]
Table '3691710363 1' 3-max Seat #1 is the button
Seat 1: alvesrenato7 (550 in chips) 
Seat 2: mihaiBV70 (430 in chips) 
Seat 3: Mahu2021 (520 in chips) 
mihaiBV70: posts small blind 10
Mahu2021: posts big blind 20
*** HOLE CARDS ***
Dealt to Mahu2021 [8c Jh]
alvesrenato7: calls 20
mihaiBV70: folds 
Mahu2021: checks 
*** FLOP *** [5c Td 4h]
Mahu2021: checks 
alvesrenato7: bets 40
Mahu2021: folds 
Uncalled bet (40) returned to alvesrenato7
alvesrenato7 collected 50 from pot
alvesrenato7: doesn't show hand 
*** SUMMARY ***
Total pot 50 | Rake 0 
Board [5c Td 4h]
Seat 1: alvesrenato7 (button) collected (50)
Seat 2: mihaiBV70 (small blind) folded before Flop
Seat 3: Mahu2021 (big blind) folded on the Flop



PokerStars Hand #247877226058: Tournament #3691710363, $1.84+$0.16 USD Hold'em No Limit - Level I (10/20) - 2023/12/26 16:03:07 CET [2023/12/26 10:03:07 ET]
Table '3691710363 1' 3-max Seat #2 is the button
Seat 1: alvesrenato7 (580 in chips) 
Seat 2: mihaiBV70 (420 in chips) 
Seat 3: Mahu2021 (500 in chips) 
Mahu2021: posts small blind 10
alvesrenato7: posts big blind 20
*** HOLE CARDS ***
Dealt to Mahu2021 [3d 4d]
mihaiBV70: folds 
Mahu2021: calls 10
alvesrenato7: checks 
*** FLOP *** [7d 3h Ks]
Mahu2021: checks 
alvesrenato7: bets 40
Mahu2021: folds 
Uncalled bet (40) returned to alvesrenato7
alvesrenato7 collected 40 from pot
alvesrenato7: doesn't show hand 
*** SUMMARY ***
Total pot 40 | Rake 0 
Board [7d 3h Ks]
Seat 1: alvesrenato7 (big blind) collected (40)
Seat 2: mihaiBV70 (button) folded before Flop (didn't bet)
Seat 3: Mahu2021 (small blind) folded on the Flop



PokerStars Hand #247877230166: Tournament #3691710363, $1.84+$0.16 USD Hold'em No Limit - Level I (10/20) - 2023/12/26 16:03:24 CET [2023/12/26 10:03:24 ET]
Table '3691710363 1' 3-max Seat #3 is the button
Seat 1: alvesrenato7 (600 in chips) 
Seat 2: mihaiBV70 (420 in chips) 
Seat 3: Mahu2021 (480 in chips) 
alvesrenato7: posts small blind 10
mihaiBV70: posts big blind 20
*** HOLE CARDS ***
Dealt to Mahu2021 [8d Qd]
Mahu2021: raises 20 to 40
alvesrenato7: calls 30
mihaiBV70: raises 120 to 160
Mahu2021: folds 
alvesrenato7: folds 
Uncalled bet (120) returned to mihaiBV70
mihaiBV70 collected 120 from pot
*** SUMMARY ***
Total pot 120 | Rake 0 
Seat 1: alvesrenato7 (small blind) folded before Flop
Seat 2: mihaiBV70 (big blind) collected (120)
Seat 3: Mahu2021 (button) folded before Flop



PokerStars Hand #247877233831: Tournament #3691710363, $1.84+$0.16 USD Hold'em No Limit - Level I (10/20) - 2023/12/26 16:03:39 CET [2023/12/26 10:03:39 ET]
Table '3691710363 1' 3-max Seat #1 is the button
Seat 1: alvesrenato7 (560 in chips) 
Seat 2: mihaiBV70 (500 in chips) 
Seat 3: Mahu2021 (440 in chips) 
mihaiBV70: posts small blind 10
Mahu2021: posts big blind 20
*** HOLE CARDS ***
Dealt to Mahu2021 [Th 2c]
alvesrenato7: folds 
mihaiBV70: folds 
Uncalled bet (10) returned to Mahu2021
Mahu2021 collected 20 from pot
Mahu2021: doesn't show hand 
*** SUMMARY ***
Total pot 20 | Rake 0 
Seat 1: alvesrenato7 (button) folded before Flop (didn't bet)
Seat 2: mihaiBV70 (small blind) folded before Flop
Seat 3: Mahu2021 (big blind) collected (20)



PokerStars Hand #247877235268: Tournament #3691710363, $1.84+$0.16 USD Hold'em No Limit - Level I (10/20) - 2023/12/26 16:03:45 CET [2023/12/26 10:03:45 ET]
Table '3691710363 1' 3-max Seat #2 is the button
Seat 1: alvesrenato7 (560 in chips) 
Seat 2: mihaiBV70 (490 in chips) 
Seat 3: Mahu2021 (450 in chips) 
Mahu2021: posts small blind 10
alvesrenato7: posts big blind 20
*** HOLE CARDS ***
Dealt to Mahu2021 [2c 4c]
mihaiBV70: raises 20 to 40
Mahu2021: calls 30
alvesrenato7: calls 20
*** FLOP *** [Ah Qs 4d]
Mahu2021: checks 
alvesrenato7: checks 
mihaiBV70: checks 
*** TURN *** [Ah Qs 4d] [9c]
Mahu2021: checks 
alvesrenato7: bets 20
mihaiBV70: calls 20
Mahu2021: calls 20
*** RIVER *** [Ah Qs 4d 9c] [2s]
Mahu2021: checks 
alvesrenato7: checks 
mihaiBV70: bets 90
Mahu2021: calls 90
alvesrenato7: calls 90
*** SHOW DOWN ***
mihaiBV70: shows [As Ad] (three of a kind, Aces)
Mahu2021: mucks hand 
alvesrenato7: mucks hand 
mihaiBV70 collected 450 from pot
*** SUMMARY ***
Total pot 450 | Rake 0 
Board [Ah Qs 4d 9c 2s]
Seat 1: alvesrenato7 (big blind) mucked [9s 3s]
Seat 2: mihaiBV70 (button) showed [As Ad] and won (450) with three of a kind, Aces
Seat 3: Mahu2021 (small blind) mucked [2c 4c]



PokerStars Hand #247877243767: Tournament #3691710363, $1.84+$0.16 USD Hold'em No Limit - Level II (15/30) - 2023/12/26 16:04:19 CET [2023/12/26 10:04:19 ET]
Table '3691710363 1' 3-max Seat #3 is the button
Seat 1: alvesrenato7 (410 in chips) 
Seat 2: mihaiBV70 (790 in chips) 
Seat 3: Mahu2021 (300 in chips) 
alvesrenato7: posts small blind 15
mihaiBV70: posts big blind 30
*** HOLE CARDS ***
Dealt to Mahu2021 [5s 8h]
Mahu2021: folds 
alvesrenato7: folds 
Uncalled bet (15) returned to mihaiBV70
mihaiBV70 collected 30 from pot
*** SUMMARY ***
Total pot 30 | Rake 0 
Seat 1: alvesrenato7 (small blind) folded before Flop
Seat 2: mihaiBV70 (big blind) collected (30)
Seat 3: Mahu2021 (button) folded before Flop (didn't bet)



PokerStars Hand #247877245150: Tournament #3691710363, $1.84+$0.16 USD Hold'em No Limit - Level II (15/30) - 2023/12/26 16:04:25 CET [2023/12/26 10:04:25 ET]
Table '3691710363 1' 3-max Seat #1 is the button
Seat 1: alvesrenato7 (395 in chips) 
Seat 2: mihaiBV70 (805 in chips) 
Seat 3: Mahu2021 (300 in chips) 
mihaiBV70: posts small blind 15
Mahu2021: posts big blind 30
*** HOLE CARDS ***
Dealt to Mahu2021 [Ad 7h]
alvesrenato7: folds 
mihaiBV70: raises 30 to 60
Mahu2021: calls 30
*** FLOP *** [Ac As 4d]
mihaiBV70: checks 
Mahu2021: bets 30
mihaiBV70: calls 30
*** TURN *** [Ac As 4d] [6h]
mihaiBV70: checks 
Mahu2021: bets 30
mihaiBV70: calls 30
*** RIVER *** [Ac As 4d 6h] [9h]
mihaiBV70: checks 
Mahu2021: bets 30
mihaiBV70: folds 
Uncalled bet (30) returned to Mahu2021
Mahu2021 collected 240 from pot
Mahu2021: doesn't show hand 
*** SUMMARY ***
Total pot 240 | Rake 0 
Board [Ac As 4d 6h 9h]
Seat 1: alvesrenato7 (button) folded before Flop (didn't bet)
Seat 2: mihaiBV70 (small blind) folded on the River
Seat 3: Mahu2021 (big blind) collected (240)



PokerStars Hand #247877250821: Tournament #3691710363, $1.84+$0.16 USD Hold'em No Limit - Level II (15/30) - 2023/12/26 16:04:48 CET [2023/12/26 10:04:48 ET]
Table '3691710363 1' 3-max Seat #2 is the button
Seat 1: alvesrenato7 (395 in chips) 
Seat 2: mihaiBV70 (685 in chips) 
Seat 3: Mahu2021 (420 in chips) 
Mahu2021: posts small blind 15
alvesrenato7: posts big blind 30
*** HOLE CARDS ***
Dealt to Mahu2021 [Tc 9s]
mihaiBV70: raises 30 to 60
Mahu2021: folds 
alvesrenato7: folds 
Uncalled bet (30) returned to mihaiBV70
mihaiBV70 collected 75 from pot
*** SUMMARY ***
Total pot 75 | Rake 0 
Seat 1: alvesrenato7 (big blind) folded before Flop
Seat 2: mihaiBV70 (button) collected (75)
Seat 3: Mahu2021 (small blind) folded before Flop



PokerStars Hand #247877253400: Tournament #3691710363, $1.84+$0.16 USD Hold'em No Limit - Level II (15/30) - 2023/12/26 16:04:59 CET [2023/12/26 10:04:59 ET]
Table '3691710363 1' 3-max Seat #3 is the button
Seat 1: alvesrenato7 (365 in chips) 
Seat 2: mihaiBV70 (730 in chips) 
Seat 3: Mahu2021 (405 in chips) 
alvesrenato7: posts small blind 15
mihaiBV70: posts big blind 30
*** HOLE CARDS ***
Dealt to Mahu2021 [9d 6d]
Mahu2021: calls 30
alvesrenato7: calls 15
mihaiBV70: raises 60 to 90
Mahu2021: folds 
alvesrenato7: raises 275 to 365 and is all-in
mihaiBV70: calls 275
*** FLOP *** [2c 5h Js]
*** TURN *** [2c 5h Js] [Qs]
*** RIVER *** [2c 5h Js Qs] [Kd]
*** SHOW DOWN ***
alvesrenato7: shows [Qh Qc] (three of a kind, Queens)
mihaiBV70: shows [Ac 4h] (high card Ace)
alvesrenato7 collected 760 from pot
*** SUMMARY ***
Total pot 760 | Rake 0 
Board [2c 5h Js Qs Kd]
Seat 1: alvesrenato7 (small blind) showed [Qh Qc] and won (760) with three of a kind, Queens
Seat 2: mihaiBV70 (big blind) showed [Ac 4h] and lost with high card Ace
Seat 3: Mahu2021 (button) folded before Flop



PokerStars Hand #247877260038: Tournament #3691710363, $1.84+$0.16 USD Hold'em No Limit - Level II (15/30) - 2023/12/26 16:05:25 CET [2023/12/26 10:05:25 ET]
Table '3691710363 1' 3-max Seat #1 is the button
Seat 1: alvesrenato7 (760 in chips) 
Seat 2: mihaiBV70 (365 in chips) 
Seat 3: Mahu2021 (375 in chips) 
mihaiBV70: posts small blind 15
Mahu2021: posts big blind 30
*** HOLE CARDS ***
Dealt to Mahu2021 [6d 2d]
alvesrenato7: folds 
mihaiBV70: raises 30 to 60
Mahu2021: calls 30
*** FLOP *** [Ts Js 4h]
mihaiBV70: checks 
Mahu2021: checks 
*** TURN *** [Ts Js 4h] [7s]
mihaiBV70: checks 
Mahu2021: checks 
*** RIVER *** [Ts Js 4h 7s] [4c]
mihaiBV70: bets 60
Mahu2021: folds 
Uncalled bet (60) returned to mihaiBV70
mihaiBV70 collected 120 from pot
*** SUMMARY ***
Total pot 120 | Rake 0 
Board [Ts Js 4h 7s 4c]
Seat 1: alvesrenato7 (button) folded before Flop (didn't bet)
Seat 2: mihaiBV70 (small blind) collected (120)
Seat 3: Mahu2021 (big blind) folded on the River



PokerStars Hand #247877265315: Tournament #3691710363, $1.84+$0.16 USD Hold'em No Limit - Level II (15/30) - 2023/12/26 16:05:47 CET [2023/12/26 10:05:47 ET]
Table '3691710363 1' 3-max Seat #2 is the button
Seat 1: alvesrenato7 (760 in chips) 
Seat 2: mihaiBV70 (425 in chips) 
Seat 3: Mahu2021 (315 in chips) 
Mahu2021: posts small blind 15
alvesrenato7: posts big blind 30
*** HOLE CARDS ***
Dealt to Mahu2021 [Tc Ac]
mihaiBV70: raises 30 to 60
Mahu2021: raises 255 to 315 and is all-in
alvesrenato7: folds 
mihaiBV70: calls 255
*** FLOP *** [Ts 2s 6d]
*** TURN *** [Ts 2s 6d] [9d]
*** RIVER *** [Ts 2s 6d 9d] [Jh]
*** SHOW DOWN ***
Mahu2021: shows [Tc Ac] (a pair of Tens)
mihaiBV70: shows [Ad 9c] (a pair of Nines)
Mahu2021 collected 660 from pot
mihaiBV70 is sitting out
*** SUMMARY ***
Total pot 660 | Rake 0 
Board [Ts 2s 6d 9d Jh]
Seat 1: alvesrenato7 (big blind) folded before Flop
Seat 2: mihaiBV70 (button) showed [Ad 9c] and lost with a pair of Nines
Seat 3: Mahu2021 (small blind) showed [Tc Ac] and won (660) with a pair of Tens



PokerStars Hand #247877269647: Tournament #3691710363, $1.84+$0.16 USD Hold'em No Limit - Level II (15/30) - 2023/12/26 16:06:04 CET [2023/12/26 10:06:04 ET]
Table '3691710363 1' 3-max Seat #3 is the button
Seat 1: alvesrenato7 (730 in chips) 
Seat 2: mihaiBV70 (110 in chips) is sitting out
Seat 3: Mahu2021 (660 in chips) 
alvesrenato7: posts small blind 15
mihaiBV70: posts big blind 30
*** HOLE CARDS ***
Dealt to Mahu2021 [6d Qd]
Mahu2021: calls 30
alvesrenato7: folds 
mihaiBV70: folds 
Mahu2021 collected 75 from pot
Mahu2021: doesn't show hand 
*** SUMMARY ***
Total pot 75 | Rake 0 
Seat 1: alvesrenato7 (small blind) folded before Flop
Seat 2: mihaiBV70 (big blind) folded before Flop
Seat 3: Mahu2021 (button) collected (75)



PokerStars Hand #247877272070: Tournament #3691710363, $1.84+$0.16 USD Hold'em No Limit - Level II (15/30) - 2023/12/26 16:06:14 CET [2023/12/26 10:06:14 ET]
Table '3691710363 1' 3-max Seat #1 is the button
Seat 1: alvesrenato7 (715 in chips) 
Seat 2: mihaiBV70 (80 in chips) is sitting out
Seat 3: Mahu2021 (705 in chips) 
mihaiBV70: posts small blind 15
Mahu2021: posts big blind 30
*** HOLE CARDS ***
Dealt to Mahu2021 [Jd 6d]
alvesrenato7: folds 
mihaiBV70: folds 
Uncalled bet (15) returned to Mahu2021
Mahu2021 collected 30 from pot
Mahu2021: doesn't show hand 
*** SUMMARY ***
Total pot 30 | Rake 0 
Seat 1: alvesrenato7 (button) folded before Flop (didn't bet)
Seat 2: mihaiBV70 (small blind) folded before Flop
Seat 3: Mahu2021 (big blind) collected (30)



PokerStars Hand #247877273652: Tournament #3691710363, $1.84+$0.16 USD Hold'em No Limit - Level II (15/30) - 2023/12/26 16:06:20 CET [2023/12/26 10:06:20 ET]
Table '3691710363 1' 3-max Seat #2 is the button
Seat 1: alvesrenato7 (715 in chips) 
Seat 2: mihaiBV70 (65 in chips) is sitting out
Seat 3: Mahu2021 (720 in chips) 
Mahu2021: posts small blind 15
alvesrenato7: posts big blind 30
*** HOLE CARDS ***
Dealt to Mahu2021 [Qc 7d]
mihaiBV70: folds 
Mahu2021: calls 15
alvesrenato7: checks 
*** FLOP *** [6h 8d 3s]
Mahu2021: checks 
alvesrenato7: checks 
*** TURN *** [6h 8d 3s] [Kc]
Mahu2021: checks 
alvesrenato7: bets 30
Mahu2021: folds 
Uncalled bet (30) returned to alvesrenato7
alvesrenato7 collected 60 from pot
alvesrenato7: doesn't show hand 
*** SUMMARY ***
Total pot 60 | Rake 0 
Board [6h 8d 3s Kc]
Seat 1: alvesrenato7 (big blind) collected (60)
Seat 2: mihaiBV70 (button) folded before Flop (didn't bet)
Seat 3: Mahu2021 (small blind) folded on the Turn



PokerStars Hand #247877277552: Tournament #3691710363, $1.84+$0.16 USD Hold'em No Limit - Level II (15/30) - 2023/12/26 16:06:36 CET [2023/12/26 10:06:36 ET]
Table '3691710363 1' 3-max Seat #3 is the button
Seat 1: alvesrenato7 (745 in chips) 
Seat 2: mihaiBV70 (65 in chips) is sitting out
Seat 3: Mahu2021 (690 in chips) 
alvesrenato7: posts small blind 15
mihaiBV70: posts big blind 30
*** HOLE CARDS ***
Dealt to Mahu2021 [6s 5c]
Mahu2021: calls 30
alvesrenato7: calls 15
mihaiBV70: folds 
*** FLOP *** [9s Jc 3d]
alvesrenato7: checks 
Mahu2021: checks 
*** TURN *** [9s Jc 3d] [4s]
alvesrenato7: bets 30
Mahu2021: calls 30
*** RIVER *** [9s Jc 3d 4s] [Jd]
alvesrenato7: bets 120
Mahu2021: folds 
Uncalled bet (120) returned to alvesrenato7
alvesrenato7 collected 150 from pot
alvesrenato7: doesn't show hand 
*** SUMMARY ***
Total pot 150 | Rake 0 
Board [9s Jc 3d 4s Jd]
Seat 1: alvesrenato7 (small blind) collected (150)
Seat 2: mihaiBV70 (big blind) folded before Flop
Seat 3: Mahu2021 (button) folded on the River



PokerStars Hand #247877282513: Tournament #3691710363, $1.84+$0.16 USD Hold'em No Limit - Level II (15/30) - 2023/12/26 16:06:56 CET [2023/12/26 10:06:56 ET]
Table '3691710363 1' 3-max Seat #1 is the button
Seat 1: alvesrenato7 (835 in chips) 
Seat 2: mihaiBV70 (35 in chips) is sitting out
Seat 3: Mahu2021 (630 in chips) 
mihaiBV70: posts small blind 15
Mahu2021: posts big blind 30
*** HOLE CARDS ***
Dealt to Mahu2021 [5h 2s]
alvesrenato7: calls 30
mihaiBV70: folds 
Mahu2021: checks 
*** FLOP *** [Th Qd Kh]
Mahu2021: checks 
alvesrenato7: checks 
*** TURN *** [Th Qd Kh] [7s]
Mahu2021: checks 
alvesrenato7: checks 
*** RIVER *** [Th Qd Kh 7s] [8s]
Mahu2021: checks 
alvesrenato7: checks 
*** SHOW DOWN ***
Mahu2021: shows [5h 2s] (high card King)
alvesrenato7: shows [4s 5d] (high card King)
Mahu2021 collected 38 from pot
alvesrenato7 collected 37 from pot
*** SUMMARY ***
Total pot 75 | Rake 0 
Board [Th Qd Kh 7s 8s]
Seat 1: alvesrenato7 (button) showed [4s 5d] and won (37) with high card King
Seat 2: mihaiBV70 (small blind) folded before Flop
Seat 3: Mahu2021 (big blind) showed [5h 2s] and won (38) with high card King



PokerStars Hand #247877286969: Tournament #3691710363, $1.84+$0.16 USD Hold'em No Limit - Level III (20/40) - 2023/12/26 16:07:14 CET [2023/12/26 10:07:14 ET]
Table '3691710363 1' 3-max Seat #2 is the button
Seat 1: alvesrenato7 (842 in chips) 
Seat 2: mihaiBV70 (20 in chips) is sitting out
Seat 3: Mahu2021 (638 in chips) 
Mahu2021: posts small blind 20
alvesrenato7: posts big blind 40
*** HOLE CARDS ***
Dealt to Mahu2021 [Qh Jd]
mihaiBV70: folds 
Mahu2021: calls 20
alvesrenato7: checks 
*** FLOP *** [5d Qc 4s]
Mahu2021: bets 40
alvesrenato7: folds 
Uncalled bet (40) returned to Mahu2021
Mahu2021 collected 80 from pot
Mahu2021: doesn't show hand 
*** SUMMARY ***
Total pot 80 | Rake 0 
Board [5d Qc 4s]
Seat 1: alvesrenato7 (big blind) folded on the Flop
Seat 2: mihaiBV70 (button) folded before Flop (didn't bet)
Seat 3: Mahu2021 (small blind) collected (80)



PokerStars Hand #247877289542: Tournament #3691710363, $1.84+$0.16 USD Hold'em No Limit - Level III (20/40) - 2023/12/26 16:07:25 CET [2023/12/26 10:07:25 ET]
Table '3691710363 1' 3-max Seat #3 is the button
Seat 1: alvesrenato7 (802 in chips) 
Seat 2: mihaiBV70 (20 in chips) is sitting out
Seat 3: Mahu2021 (678 in chips) 
alvesrenato7: posts small blind 20
mihaiBV70: posts big blind 20 and is all-in
*** HOLE CARDS ***
Dealt to Mahu2021 [8d As]
Mahu2021: calls 40
alvesrenato7: folds 
mihaiBV70: folds 
Uncalled bet (20) returned to Mahu2021
Mahu2021 collected 60 from pot
mihaiBV70 finished the tournament in 3rd place
Mahu2021: doesn't show hand 
*** SUMMARY ***
Total pot 60 | Rake 0 
Seat 1: alvesrenato7 (small blind) folded before Flop
Seat 2: mihaiBV70 (big blind) folded before Flop
Seat 3: Mahu2021 (button) collected (60)



PokerStars Hand #247877292580: Tournament #3691710363, $1.84+$0.16 USD Hold'em No Limit - Level III (20/40) - 2023/12/26 16:07:37 CET [2023/12/26 10:07:37 ET]
Table '3691710363 1' 3-max Seat #1 is the button
Seat 1: alvesrenato7 (782 in chips) 
Seat 3: Mahu2021 (718 in chips) 
alvesrenato7: posts small blind 20
Mahu2021: posts big blind 40
*** HOLE CARDS ***
Dealt to Mahu2021 [As 8h]
alvesrenato7: calls 20
Mahu2021: checks 
*** FLOP *** [9s 6c 2d]
Mahu2021: checks 
alvesrenato7: checks 
*** TURN *** [9s 6c 2d] [Jd]
Mahu2021: checks 
alvesrenato7: checks 
*** RIVER *** [9s 6c 2d Jd] [Ts]
Mahu2021: checks 
alvesrenato7: checks 
*** SHOW DOWN ***
Mahu2021: shows [As 8h] (high card Ace)
alvesrenato7: mucks hand 
Mahu2021 collected 80 from pot
*** SUMMARY ***
Total pot 80 | Rake 0 
Board [9s 6c 2d Jd Ts]
Seat 1: alvesrenato7 (button) (small blind) mucked [5c 3d]
Seat 3: Mahu2021 (big blind) showed [As 8h] and won (80) with high card Ace



PokerStars Hand #247877298183: Tournament #3691710363, $1.84+$0.16 USD Hold'em No Limit - Level III (20/40) - 2023/12/26 16:08:00 CET [2023/12/26 10:08:00 ET]
Table '3691710363 1' 3-max Seat #3 is the button
Seat 1: alvesrenato7 (742 in chips) 
Seat 3: Mahu2021 (758 in chips) 
Mahu2021: posts small blind 20
alvesrenato7: posts big blind 40
*** HOLE CARDS ***
Dealt to Mahu2021 [7d 2h]
Mahu2021: folds 
Uncalled bet (20) returned to alvesrenato7
alvesrenato7 collected 40 from pot
alvesrenato7: doesn't show hand 
*** SUMMARY ***
Total pot 40 | Rake 0 
Seat 1: alvesrenato7 (big blind) collected (40)
Seat 3: Mahu2021 (button) (small blind) folded before Flop



PokerStars Hand #247877299392: Tournament #3691710363, $1.84+$0.16 USD Hold'em No Limit - Level III (20/40) - 2023/12/26 16:08:04 CET [2023/12/26 10:08:04 ET]
Table '3691710363 1' 3-max Seat #1 is the button
Seat 1: alvesrenato7 (762 in chips) 
Seat 3: Mahu2021 (738 in chips) 
alvesrenato7: posts small blind 20
Mahu2021: posts big blind 40
*** HOLE CARDS ***
Dealt to Mahu2021 [6s Ts]
alvesrenato7: calls 20
Mahu2021: checks 
*** FLOP *** [Kc 6h 5d]
Mahu2021: checks 
alvesrenato7: checks 
*** TURN *** [Kc 6h 5d] [4d]
Mahu2021: bets 40
alvesrenato7: folds 
Uncalled bet (40) returned to Mahu2021
Mahu2021 collected 80 from pot
Mahu2021: doesn't show hand 
*** SUMMARY ***
Total pot 80 | Rake 0 
Board [Kc 6h 5d 4d]
Seat 1: alvesrenato7 (button) (small blind) folded on the Turn
Seat 3: Mahu2021 (big blind) collected (80)



PokerStars Hand #247877303129: Tournament #3691710363, $1.84+$0.16 USD Hold'em No Limit - Level III (20/40) - 2023/12/26 16:08:20 CET [2023/12/26 10:08:20 ET]
Table '3691710363 1' 3-max Seat #3 is the button
Seat 1: alvesrenato7 (722 in chips) 
Seat 3: Mahu2021 (778 in chips) 
Mahu2021: posts small blind 20
alvesrenato7: posts big blind 40
*** HOLE CARDS ***
Dealt to Mahu2021 [Ad 5h]
Mahu2021: raises 40 to 80
alvesrenato7: calls 40
*** FLOP *** [7d Kc Ks]
alvesrenato7: checks 
Mahu2021: bets 80
alvesrenato7: folds 
Uncalled bet (80) returned to Mahu2021
Mahu2021 collected 160 from pot
Mahu2021: doesn't show hand 
*** SUMMARY ***
Total pot 160 | Rake 0 
Board [7d Kc Ks]
Seat 1: alvesrenato7 (big blind) folded on the Flop
Seat 3: Mahu2021 (button) (small blind) collected (160)



PokerStars Hand #247877306409: Tournament #3691710363, $1.84+$0.16 USD Hold'em No Limit - Level III (20/40) - 2023/12/26 16:08:33 CET [2023/12/26 10:08:33 ET]
Table '3691710363 1' 3-max Seat #1 is the button
Seat 1: alvesrenato7 (642 in chips) 
Seat 3: Mahu2021 (858 in chips) 
alvesrenato7: posts small blind 20
Mahu2021: posts big blind 40
*** HOLE CARDS ***
Dealt to Mahu2021 [Kc 5h]
alvesrenato7: calls 20
Mahu2021: checks 
*** FLOP *** [Qc 6h 5s]
Mahu2021: checks 
alvesrenato7: checks 
*** TURN *** [Qc 6h 5s] [2d]
Mahu2021: checks 
alvesrenato7: checks 
*** RIVER *** [Qc 6h 5s 2d] [3s]
Mahu2021: checks 
alvesrenato7: checks 
*** SHOW DOWN ***
Mahu2021: shows [Kc 5h] (a pair of Fives)
alvesrenato7: mucks hand 
Mahu2021 collected 80 from pot
*** SUMMARY ***
Total pot 80 | Rake 0 
Board [Qc 6h 5s 2d 3s]
Seat 1: alvesrenato7 (button) (small blind) mucked [9h Ac]
Seat 3: Mahu2021 (big blind) showed [Kc 5h] and won (80) with a pair of Fives



PokerStars Hand #247877310669: Tournament #3691710363, $1.84+$0.16 USD Hold'em No Limit - Level III (20/40) - 2023/12/26 16:08:50 CET [2023/12/26 10:08:50 ET]
Table '3691710363 1' 3-max Seat #3 is the button
Seat 1: alvesrenato7 (602 in chips) 
Seat 3: Mahu2021 (898 in chips) 
Mahu2021: posts small blind 20
alvesrenato7: posts big blind 40
*** HOLE CARDS ***
Dealt to Mahu2021 [Js 9h]
Mahu2021: raises 40 to 80
alvesrenato7: folds 
Uncalled bet (40) returned to Mahu2021
Mahu2021 collected 80 from pot
Mahu2021: doesn't show hand 
*** SUMMARY ***
Total pot 80 | Rake 0 
Seat 1: alvesrenato7 (big blind) folded before Flop
Seat 3: Mahu2021 (button) (small blind) collected (80)



PokerStars Hand #247877312360: Tournament #3691710363, $1.84+$0.16 USD Hold'em No Limit - Level III (20/40) - 2023/12/26 16:08:57 CET [2023/12/26 10:08:57 ET]
Table '3691710363 1' 3-max Seat #1 is the button
Seat 1: alvesrenato7 (562 in chips) 
Seat 3: Mahu2021 (938 in chips) 
alvesrenato7: posts small blind 20
Mahu2021: posts big blind 40
*** HOLE CARDS ***
Dealt to Mahu2021 [7h 2h]
alvesrenato7: folds 
Uncalled bet (20) returned to Mahu2021
Mahu2021 collected 40 from pot
Mahu2021: doesn't show hand 
*** SUMMARY ***
Total pot 40 | Rake 0 
Seat 1: alvesrenato7 (button) (small blind) folded before Flop
Seat 3: Mahu2021 (big blind) collected (40)



PokerStars Hand #247877313603: Tournament #3691710363, $1.84+$0.16 USD Hold'em No Limit - Level III (20/40) - 2023/12/26 16:09:02 CET [2023/12/26 10:09:02 ET]
Table '3691710363 1' 3-max Seat #3 is the button
Seat 1: alvesrenato7 (542 in chips) 
Seat 3: Mahu2021 (958 in chips) 
Mahu2021: posts small blind 20
alvesrenato7: posts big blind 40
*** HOLE CARDS ***
Dealt to Mahu2021 [As 6c]
Mahu2021: raises 40 to 80
alvesrenato7: raises 462 to 542 and is all-in
Mahu2021: folds 
Uncalled bet (462) returned to alvesrenato7
alvesrenato7 collected 160 from pot
alvesrenato7: doesn't show hand 
*** SUMMARY ***
Total pot 160 | Rake 0 
Seat 1: alvesrenato7 (big blind) collected (160)
Seat 3: Mahu2021 (button) (small blind) folded before Flop



PokerStars Hand #247877316286: Tournament #3691710363, $1.84+$0.16 USD Hold'em No Limit - Level III (20/40) - 2023/12/26 16:09:13 CET [2023/12/26 10:09:13 ET]
Table '3691710363 1' 3-max Seat #1 is the button
Seat 1: alvesrenato7 (622 in chips) 
Seat 3: Mahu2021 (878 in chips) 
alvesrenato7: posts small blind 20
Mahu2021: posts big blind 40
*** HOLE CARDS ***
Dealt to Mahu2021 [5d Ad]
alvesrenato7: folds 
Uncalled bet (20) returned to Mahu2021
Mahu2021 collected 40 from pot
Mahu2021: doesn't show hand 
*** SUMMARY ***
Total pot 40 | Rake 0 
Seat 1: alvesrenato7 (button) (small blind) folded before Flop
Seat 3: Mahu2021 (big blind) collected (40)



PokerStars Hand #247877317723: Tournament #3691710363, $1.84+$0.16 USD Hold'em No Limit - Level III (20/40) - 2023/12/26 16:09:19 CET [2023/12/26 10:09:19 ET]
Table '3691710363 1' 3-max Seat #3 is the button
Seat 1: alvesrenato7 (602 in chips) 
Seat 3: Mahu2021 (898 in chips) 
Mahu2021: posts small blind 20
alvesrenato7: posts big blind 40
*** HOLE CARDS ***
Dealt to Mahu2021 [3h 5s]
Mahu2021: calls 20
alvesrenato7: checks 
*** FLOP *** [4h Ac 2c]
alvesrenato7: checks 
Mahu2021: checks 
*** TURN *** [4h Ac 2c] [4c]
alvesrenato7: bets 40
Mahu2021: calls 40
*** RIVER *** [4h Ac 2c 4c] [8c]
alvesrenato7: checks 
Mahu2021: checks 
*** SHOW DOWN ***
alvesrenato7: shows [Kd 6d] (a pair of Fours)
Mahu2021: shows [3h 5s] (a straight, Ace to Five)
Mahu2021 collected 160 from pot
*** SUMMARY ***
Total pot 160 | Rake 0 
Board [4h Ac 2c 4c 8c]
Seat 1: alvesrenato7 (big blind) showed [Kd 6d] and lost with a pair of Fours
Seat 3: Mahu2021 (button) (small blind) showed [3h 5s] and won (160) with a straight, Ace to Five



PokerStars Hand #247877322999: Tournament #3691710363, $1.84+$0.16 USD Hold'em No Limit - Level III (20/40) - 2023/12/26 16:09:40 CET [2023/12/26 10:09:40 ET]
Table '3691710363 1' 3-max Seat #1 is the button
Seat 1: alvesrenato7 (522 in chips) 
Seat 3: Mahu2021 (978 in chips) 
alvesrenato7: posts small blind 20
Mahu2021: posts big blind 40
*** HOLE CARDS ***
Dealt to Mahu2021 [7s 7h]
alvesrenato7: folds 
Uncalled bet (20) returned to Mahu2021
Mahu2021 collected 40 from pot
Mahu2021: doesn't show hand 
*** SUMMARY ***
Total pot 40 | Rake 0 
Seat 1: alvesrenato7 (button) (small blind) folded before Flop
Seat 3: Mahu2021 (big blind) collected (40)



PokerStars Hand #247877324498: Tournament #3691710363, $1.84+$0.16 USD Hold'em No Limit - Level III (20/40) - 2023/12/26 16:09:46 CET [2023/12/26 10:09:46 ET]
Table '3691710363 1' 3-max Seat #3 is the button
Seat 1: alvesrenato7 (502 in chips) 
Seat 3: Mahu2021 (998 in chips) 
Mahu2021: posts small blind 20
alvesrenato7: posts big blind 40
*** HOLE CARDS ***
Dealt to Mahu2021 [8h 3h]
Mahu2021: calls 20
alvesrenato7: checks 
*** FLOP *** [2d Ad 4d]
alvesrenato7: checks 
Mahu2021: bets 40
alvesrenato7: folds 
Uncalled bet (40) returned to Mahu2021
Mahu2021 collected 80 from pot
Mahu2021: doesn't show hand 
*** SUMMARY ***
Total pot 80 | Rake 0 
Board [2d Ad 4d]
Seat 1: alvesrenato7 (big blind) folded on the Flop
Seat 3: Mahu2021 (button) (small blind) collected (80)



PokerStars Hand #247877328665: Tournament #3691710363, $1.84+$0.16 USD Hold'em No Limit - Level IV (30/60) - 2023/12/26 16:10:03 CET [2023/12/26 10:10:03 ET]
Table '3691710363 1' 3-max Seat #1 is the button
Seat 1: alvesrenato7 (462 in chips) 
Seat 3: Mahu2021 (1038 in chips) 
alvesrenato7: posts small blind 30
Mahu2021: posts big blind 60
*** HOLE CARDS ***
Dealt to Mahu2021 [Ah 5h]
alvesrenato7: calls 30
Mahu2021: checks 
*** FLOP *** [9d 4s Qh]
Mahu2021: checks 
alvesrenato7: checks 
*** TURN *** [9d 4s Qh] [Jc]
Mahu2021: checks 
alvesrenato7: checks 
*** RIVER *** [9d 4s Qh Jc] [5c]
Mahu2021: checks 
alvesrenato7: checks 
*** SHOW DOWN ***
Mahu2021: shows [Ah 5h] (a pair of Fives)
alvesrenato7: mucks hand 
Mahu2021 collected 120 from pot
*** SUMMARY ***
Total pot 120 | Rake 0 
Board [9d 4s Qh Jc 5c]
Seat 1: alvesrenato7 (button) (small blind) mucked [6c Ts]
Seat 3: Mahu2021 (big blind) showed [Ah 5h] and won (120) with a pair of Fives



PokerStars Hand #247877332998: Tournament #3691710363, $1.84+$0.16 USD Hold'em No Limit - Level IV (30/60) - 2023/12/26 16:10:21 CET [2023/12/26 10:10:21 ET]
Table '3691710363 1' 3-max Seat #3 is the button
Seat 1: alvesrenato7 (402 in chips) 
Seat 3: Mahu2021 (1098 in chips) 
Mahu2021: posts small blind 30
alvesrenato7: posts big blind 60
*** HOLE CARDS ***
Dealt to Mahu2021 [5c Jd]
Mahu2021: calls 30
alvesrenato7: raises 342 to 402 and is all-in
Mahu2021: folds 
Uncalled bet (342) returned to alvesrenato7
alvesrenato7 collected 120 from pot
alvesrenato7: doesn't show hand 
*** SUMMARY ***
Total pot 120 | Rake 0 
Seat 1: alvesrenato7 (big blind) collected (120)
Seat 3: Mahu2021 (button) (small blind) folded before Flop



PokerStars Hand #247877335207: Tournament #3691710363, $1.84+$0.16 USD Hold'em No Limit - Level IV (30/60) - 2023/12/26 16:10:30 CET [2023/12/26 10:10:30 ET]
Table '3691710363 1' 3-max Seat #1 is the button
Seat 1: alvesrenato7 (462 in chips) 
Seat 3: Mahu2021 (1038 in chips) 
alvesrenato7: posts small blind 30
Mahu2021: posts big blind 60
*** HOLE CARDS ***
Dealt to Mahu2021 [Ac 3d]
alvesrenato7: folds 
Uncalled bet (30) returned to Mahu2021
Mahu2021 collected 60 from pot
Mahu2021: doesn't show hand 
*** SUMMARY ***
Total pot 60 | Rake 0 
Seat 1: alvesrenato7 (button) (small blind) folded before Flop
Seat 3: Mahu2021 (big blind) collected (60)



PokerStars Hand #247877336497: Tournament #3691710363, $1.84+$0.16 USD Hold'em No Limit - Level IV (30/60) - 2023/12/26 16:10:35 CET [2023/12/26 10:10:35 ET]
Table '3691710363 1' 3-max Seat #3 is the button
Seat 1: alvesrenato7 (432 in chips) 
Seat 3: Mahu2021 (1068 in chips) 
Mahu2021: posts small blind 30
alvesrenato7: posts big blind 60
*** HOLE CARDS ***
Dealt to Mahu2021 [7d Qd]
Mahu2021: calls 30
alvesrenato7: raises 372 to 432 and is all-in
Mahu2021: folds 
Uncalled bet (372) returned to alvesrenato7
alvesrenato7 collected 120 from pot
alvesrenato7: doesn't show hand 
*** SUMMARY ***
Total pot 120 | Rake 0 
Seat 1: alvesrenato7 (big blind) collected (120)
Seat 3: Mahu2021 (button) (small blind) folded before Flop



PokerStars Hand #247877338806: Tournament #3691710363, $1.84+$0.16 USD Hold'em No Limit - Level IV (30/60) - 2023/12/26 16:10:44 CET [2023/12/26 10:10:44 ET]
Table '3691710363 1' 3-max Seat #1 is the button
Seat 1: alvesrenato7 (492 in chips) 
Seat 3: Mahu2021 (1008 in chips) 
alvesrenato7: posts small blind 30
Mahu2021: posts big blind 60
*** HOLE CARDS ***
Dealt to Mahu2021 [7d 2s]
alvesrenato7: raises 432 to 492 and is all-in
Mahu2021: folds 
Uncalled bet (432) returned to alvesrenato7
alvesrenato7 collected 120 from pot
alvesrenato7: doesn't show hand 
*** SUMMARY ***
Total pot 120 | Rake 0 
Seat 1: alvesrenato7 (button) (small blind) collected (120)
Seat 3: Mahu2021 (big blind) folded before Flop



PokerStars Hand #247877340487: Tournament #3691710363, $1.84+$0.16 USD Hold'em No Limit - Level IV (30/60) - 2023/12/26 16:10:51 CET [2023/12/26 10:10:51 ET]
Table '3691710363 1' 3-max Seat #3 is the button
Seat 1: alvesrenato7 (552 in chips) 
Seat 3: Mahu2021 (948 in chips) 
Mahu2021: posts small blind 30
alvesrenato7: posts big blind 60
*** HOLE CARDS ***
Dealt to Mahu2021 [Qs As]
Mahu2021: calls 30
alvesrenato7: checks 
*** FLOP *** [5c 2h Ah]
alvesrenato7: checks 
Mahu2021: bets 60
alvesrenato7: folds 
Uncalled bet (60) returned to Mahu2021
Mahu2021 collected 120 from pot
Mahu2021: doesn't show hand 
*** SUMMARY ***
Total pot 120 | Rake 0 
Board [5c 2h Ah]
Seat 1: alvesrenato7 (big blind) folded on the Flop
Seat 3: Mahu2021 (button) (small blind) collected (120)



PokerStars Hand #247877343426: Tournament #3691710363, $1.84+$0.16 USD Hold'em No Limit - Level IV (30/60) - 2023/12/26 16:11:03 CET [2023/12/26 10:11:03 ET]
Table '3691710363 1' 3-max Seat #1 is the button
Seat 1: alvesrenato7 (492 in chips) 
Seat 3: Mahu2021 (1008 in chips) 
alvesrenato7: posts small blind 30
Mahu2021: posts big blind 60
*** HOLE CARDS ***
Dealt to Mahu2021 [7c 2c]
alvesrenato7: calls 30
Mahu2021: checks 
*** FLOP *** [Qs 2d Kc]
Mahu2021: checks 
alvesrenato7: bets 60
Mahu2021: calls 60
*** TURN *** [Qs 2d Kc] [8c]
Mahu2021: checks 
alvesrenato7: bets 180
Mahu2021: calls 180
*** RIVER *** [Qs 2d Kc 8c] [3c]
Mahu2021: bets 240
alvesrenato7: calls 192 and is all-in
Uncalled bet (48) returned to Mahu2021
*** SHOW DOWN ***
Mahu2021: shows [7c 2c] (a flush, King high)
alvesrenato7: shows [8d Kd] (two pair, Kings and Eights)
Mahu2021 collected 984 from pot
alvesrenato7 finished the tournament in 2nd place
Mahu2021 wins the tournament and receives $6.00 - congratulations!
*** SUMMARY ***
Total pot 984 | Rake 0 
Board [Qs 2d Kc 8c 3c]
Seat 1: alvesrenato7 (button) (small blind) showed [8d Kd] and lost with two pair, Kings and Eights
Seat 3: Mahu2021 (big blind) showed [7c 2c] and won (984) with a flush, King high



