PokerStars Zoom Hand #254369927083:  Hold'em No Limit ($0.05/$0.10) - 2025/01/14 19:43:01 CET [2025/01/14 13:43:01 ET]
Table 'Aludra' 6-max Seat #1 is the button
Seat 1: Poklrll02 ($10 in chips) 
Seat 2: Danger22bigs ($13.87 in chips) 
Seat 3: Mahu2021 ($10 in chips) 
Seat 4: blindprotector ($12.39 in chips) 
Seat 5: AsmAngAmAngo ($13.86 in chips) 
Seat 6: chevins ($10 in chips) 
Danger22bigs: posts small blind $0.05
Mahu2021: posts big blind $0.10
*** HOLE CARDS ***
Dealt to Mahu2021 [Ad Jh]
blindprotector: folds 
AsmAngAmAngo: folds 
chevins: folds 
Poklrll02: folds 
Danger22bigs: folds 
Uncalled bet ($0.05) returned to Mahu2021
Mahu2021 collected $0.10 from pot
Mahu2021: doesn't show hand 
*** SUMMARY ***
Total pot $0.10 | Rake $0 
Seat 1: Poklrll02 (button) folded before Flop (didn't bet)
Seat 2: Danger22bigs (small blind) folded before Flop
Seat 3: Mahu2021 (big blind) collected ($0.10)
Seat 4: blindprotector folded before Flop (didn't bet)
Seat 5: AsmAngAmAngo folded before Flop (didn't bet)
Seat 6: chevins folded before Flop (didn't bet)



PokerStars Zoom Hand #254369930833:  Hold'em No Limit ($0.05/$0.10) - 2025/01/14 19:43:13 CET [2025/01/14 13:43:13 ET]
Table 'Aludra' 6-max Seat #1 is the button
Seat 1: Axel Logan ($10.15 in chips) 
Seat 2: Mahu2021 ($10.05 in chips) 
Seat 3: qewwqew ($17.87 in chips) 
Seat 4: Navarokas ($10 in chips) 
Seat 5: baddyby ($10.62 in chips) 
Seat 6: gimmiurstack ($10.58 in chips) 
Mahu2021: posts small blind $0.05
qewwqew: posts big blind $0.10
*** HOLE CARDS ***
Dealt to Mahu2021 [Td Jd]
Navarokas: folds 
baddyby: folds 
gimmiurstack: folds 
Axel Logan: folds 
Mahu2021: raises $0.20 to $0.30
qewwqew: folds 
Uncalled bet ($0.20) returned to Mahu2021
Mahu2021 collected $0.20 from pot
Mahu2021: doesn't show hand 
*** SUMMARY ***
Total pot $0.20 | Rake $0 
Seat 1: Axel Logan (button) folded before Flop (didn't bet)
Seat 2: Mahu2021 (small blind) collected ($0.20)
Seat 3: qewwqew (big blind) folded before Flop
Seat 4: Navarokas folded before Flop (didn't bet)
Seat 5: baddyby folded before Flop (didn't bet)
Seat 6: gimmiurstack folded before Flop (didn't bet)



PokerStars Zoom Hand #254369935908:  Hold'em No Limit ($0.05/$0.10) - 2025/01/14 19:43:30 CET [2025/01/14 13:43:30 ET]
Table 'Aludra' 6-max Seat #1 is the button
Seat 1: Mahu2021 ($10.15 in chips) 
Seat 2: MarDa-1994 ($9.82 in chips) 
Seat 3: alan the boy ($10 in chips) 
Seat 4: Xenoon54 ($20.82 in chips) 
Seat 5: MateusZeuli ($15.77 in chips) 
Seat 6: hiding.by ($10.15 in chips) 
MarDa-1994: posts small blind $0.05
alan the boy: posts big blind $0.10
*** HOLE CARDS ***
Dealt to Mahu2021 [9c 4h]
Xenoon54: raises $0.12 to $0.22
MateusZeuli: folds 
hiding.by: folds 
Mahu2021: folds 
MarDa-1994: raises $9.60 to $9.82 and is all-in
alan the boy: folds 
Xenoon54: folds 
Uncalled bet ($9.60) returned to MarDa-1994
MarDa-1994 collected $0.54 from pot
MarDa-1994: doesn't show hand 
*** SUMMARY ***
Total pot $0.54 | Rake $0 
Seat 1: Mahu2021 (button) folded before Flop (didn't bet)
Seat 2: MarDa-1994 (small blind) collected ($0.54)
Seat 3: alan the boy (big blind) folded before Flop
Seat 4: Xenoon54 folded before Flop
Seat 5: MateusZeuli folded before Flop (didn't bet)
Seat 6: hiding.by folded before Flop (didn't bet)



PokerStars Zoom Hand #254369939777:  Hold'em No Limit ($0.05/$0.10) - 2025/01/14 19:43:43 CET [2025/01/14 13:43:43 ET]
Table 'Aludra' 6-max Seat #1 is the button
Seat 1: hazza257 ($11.12 in chips) 
Seat 2: adambuddy2 ($11.84 in chips) 
Seat 3: MarDa-1994 ($10.14 in chips) 
Seat 4: tofuvik ($2.19 in chips) 
Seat 5: nazdax504 ($6.14 in chips) 
Seat 6: Mahu2021 ($10.15 in chips) 
adambuddy2: posts small blind $0.05
MarDa-1994: posts big blind $0.10
*** HOLE CARDS ***
Dealt to Mahu2021 [6h 5h]
tofuvik: folds 
nazdax504: folds 
Mahu2021: folds 
hazza257: raises $0.10 to $0.20
adambuddy2: folds 
MarDa-1994: raises $9.94 to $10.14 and is all-in
hazza257: folds 
Uncalled bet ($9.94) returned to MarDa-1994
MarDa-1994 collected $0.45 from pot
MarDa-1994: doesn't show hand 
*** SUMMARY ***
Total pot $0.45 | Rake $0 
Seat 1: hazza257 (button) folded before Flop
Seat 2: adambuddy2 (small blind) folded before Flop
Seat 3: MarDa-1994 (big blind) collected ($0.45)
Seat 4: tofuvik folded before Flop (didn't bet)
Seat 5: nazdax504 folded before Flop (didn't bet)
Seat 6: Mahu2021 folded before Flop (didn't bet)



PokerStars Zoom Hand #254369938225:  Hold'em No Limit ($0.05/$0.10) - 2025/01/14 19:43:38 CET [2025/01/14 13:43:38 ET]
Table 'Aludra' 6-max Seat #1 is the button
Seat 1: zadros1984a ($11.21 in chips) 
Seat 2: vitalis2828 ($10 in chips) 
Seat 3: JB00888 ($5.15 in chips) 
Seat 4: GlendiBoy ($9.98 in chips) 
Seat 5: Mahu2021 ($10.15 in chips) 
Seat 6: elpapichicoo ($18.41 in chips) 
vitalis2828: posts small blind $0.05
JB00888: posts big blind $0.10
*** HOLE CARDS ***
Dealt to Mahu2021 [8d 2s]
GlendiBoy: folds 
Mahu2021: folds 
elpapichicoo: raises $0.15 to $0.25
zadros1984a: folds 
vitalis2828: folds 
JB00888: folds 
Uncalled bet ($0.15) returned to elpapichicoo
elpapichicoo collected $0.25 from pot
elpapichicoo: doesn't show hand 
*** SUMMARY ***
Total pot $0.25 | Rake $0 
Seat 1: zadros1984a (button) folded before Flop (didn't bet)
Seat 2: vitalis2828 (small blind) folded before Flop
Seat 3: JB00888 (big blind) folded before Flop
Seat 4: GlendiBoy folded before Flop (didn't bet)
Seat 5: Mahu2021 folded before Flop (didn't bet)
Seat 6: elpapichicoo collected ($0.25)



PokerStars Zoom Hand #254369941572:  Hold'em No Limit ($0.05/$0.10) - 2025/01/14 19:43:49 CET [2025/01/14 13:43:49 ET]
Table 'Aludra' 6-max Seat #1 is the button
Seat 1: redmonkey98 ($11.46 in chips) 
Seat 2: Gregory.M23 ($34.80 in chips) 
Seat 3: JacDs ($11.43 in chips) 
Seat 4: Mahu2021 ($10.15 in chips) 
Seat 5: GlendiBoy ($9.93 in chips) 
Seat 6: nazdax504 ($6.14 in chips) 
Gregory.M23: posts small blind $0.05
JacDs: posts big blind $0.10
*** HOLE CARDS ***
Dealt to Mahu2021 [Qh Qc]
Mahu2021: raises $0.20 to $0.30
GlendiBoy: folds 
nazdax504: folds 
redmonkey98: folds 
Gregory.M23: calls $0.25
JacDs: folds 
*** FLOP *** [9s Jc 2c]
Gregory.M23: checks 
Mahu2021: checks 
*** TURN *** [9s Jc 2c] [Ad]
Gregory.M23: checks 
Mahu2021: checks 
*** RIVER *** [9s Jc 2c Ad] [8s]
Gregory.M23: checks 
Mahu2021: checks 
*** SHOW DOWN ***
Gregory.M23: shows [7s 7d] (a pair of Sevens)
Mahu2021: shows [Qh Qc] (a pair of Queens)
Mahu2021 collected $0.67 from pot
*** SUMMARY ***
Total pot $0.70 | Rake $0.03 
Board [9s Jc 2c Ad 8s]
Seat 1: redmonkey98 (button) folded before Flop (didn't bet)
Seat 2: Gregory.M23 (small blind) showed [7s 7d] and lost with a pair of Sevens
Seat 3: JacDs (big blind) folded before Flop
Seat 4: Mahu2021 showed [Qh Qc] and won ($0.67) with a pair of Queens
Seat 5: GlendiBoy folded before Flop (didn't bet)
Seat 6: nazdax504 folded before Flop (didn't bet)



PokerStars Zoom Hand #254369948848:  Hold'em No Limit ($0.05/$0.10) - 2025/01/14 19:44:13 CET [2025/01/14 13:44:13 ET]
Table 'Aludra' 6-max Seat #1 is the button
Seat 1: Navarokas ($10 in chips) 
Seat 2: Don Patato's ($10 in chips) 
Seat 3: Mahu2021 ($10.52 in chips) 
Seat 4: Yuluha394 ($11.59 in chips) 
Seat 5: Love Beckham ($10.15 in chips) 
Seat 6: looser00091 ($21.62 in chips) 
Don Patato's: posts small blind $0.05
Mahu2021: posts big blind $0.10
*** HOLE CARDS ***
Dealt to Mahu2021 [Qd 3d]
Yuluha394: raises $0.20 to $0.30
Love Beckham: folds 
looser00091: folds 
Navarokas: folds 
Don Patato's: folds 
Mahu2021: folds 
Uncalled bet ($0.20) returned to Yuluha394
Yuluha394 collected $0.25 from pot
Yuluha394: doesn't show hand 
*** SUMMARY ***
Total pot $0.25 | Rake $0 
Seat 1: Navarokas (button) folded before Flop (didn't bet)
Seat 2: Don Patato's (small blind) folded before Flop
Seat 3: Mahu2021 (big blind) folded before Flop
Seat 4: Yuluha394 collected ($0.25)
Seat 5: Love Beckham folded before Flop (didn't bet)
Seat 6: looser00091 folded before Flop (didn't bet)



PokerStars Zoom Hand #254369953296:  Hold'em No Limit ($0.05/$0.10) - 2025/01/14 19:44:28 CET [2025/01/14 13:44:28 ET]
Table 'Aludra' 6-max Seat #1 is the button
Seat 1: assuncaogu ($13.54 in chips) 
Seat 2: Mahu2021 ($10.42 in chips) 
Seat 3: hazza257 ($10.52 in chips) 
Seat 4: gimmiurstack ($12.38 in chips) 
Seat 5: lukyanchuk83 ($9.08 in chips) 
Seat 6: Extecoetter25 ($25.65 in chips) 
Mahu2021: posts small blind $0.05
hazza257: posts big blind $0.10
*** HOLE CARDS ***
Dealt to Mahu2021 [8h 3d]
gimmiurstack: folds 
lukyanchuk83: raises $0.20 to $0.30
Extecoetter25: folds 
assuncaogu: folds 
Mahu2021: folds 
hazza257: folds 
Uncalled bet ($0.20) returned to lukyanchuk83
lukyanchuk83 collected $0.25 from pot
lukyanchuk83: doesn't show hand 
*** SUMMARY ***
Total pot $0.25 | Rake $0 
Seat 1: assuncaogu (button) folded before Flop (didn't bet)
Seat 2: Mahu2021 (small blind) folded before Flop
Seat 3: hazza257 (big blind) folded before Flop
Seat 4: gimmiurstack folded before Flop (didn't bet)
Seat 5: lukyanchuk83 collected ($0.25)
Seat 6: Extecoetter25 folded before Flop (didn't bet)



PokerStars Zoom Hand #254369954276:  Hold'em No Limit ($0.05/$0.10) - 2025/01/14 19:44:31 CET [2025/01/14 13:44:31 ET]
Table 'Aludra' 6-max Seat #1 is the button
Seat 1: J.A. Thelot ($13.77 in chips) 
Seat 2: GlendiBoy ($13.83 in chips) 
Seat 3: Navarokas ($10 in chips) 
Seat 4: foili ($10 in chips) 
Seat 5: totway ($17.65 in chips) 
Seat 6: Mahu2021 ($10.37 in chips) 
GlendiBoy: posts small blind $0.05
Navarokas: posts big blind $0.10
*** HOLE CARDS ***
Dealt to Mahu2021 [7c Ac]
foili: folds 
totway: folds 
Mahu2021: raises $0.20 to $0.30
J.A. Thelot: folds 
GlendiBoy: folds 
Navarokas: folds 
Uncalled bet ($0.20) returned to Mahu2021
Mahu2021 collected $0.25 from pot
Mahu2021: doesn't show hand 
*** SUMMARY ***
Total pot $0.25 | Rake $0 
Seat 1: J.A. Thelot (button) folded before Flop (didn't bet)
Seat 2: GlendiBoy (small blind) folded before Flop
Seat 3: Navarokas (big blind) folded before Flop
Seat 4: foili folded before Flop (didn't bet)
Seat 5: totway folded before Flop (didn't bet)
Seat 6: Mahu2021 collected ($0.25)



PokerStars Zoom Hand #254369959050:  Hold'em No Limit ($0.05/$0.10) - 2025/01/14 19:44:47 CET [2025/01/14 13:44:47 ET]
Table 'Aludra' 6-max Seat #1 is the button
Seat 1: Mahu2021 ($10.52 in chips) 
Seat 2: rako77 ($10.48 in chips) 
Seat 3: Extecoetter25 ($25.65 in chips) 
Seat 4: offodds ($11.03 in chips) 
Seat 5: pokking876 ($11.28 in chips) 
Seat 6: Love Beckham ($16.76 in chips) 
rako77: posts small blind $0.05
Extecoetter25: posts big blind $0.10
*** HOLE CARDS ***
Dealt to Mahu2021 [7s Ts]
offodds: folds 
pokking876: folds 
Love Beckham: folds 
Mahu2021: raises $0.20 to $0.30
rako77: folds 
Extecoetter25: raises $1.08 to $1.38
Mahu2021: folds 
Uncalled bet ($1.08) returned to Extecoetter25
Extecoetter25 collected $0.65 from pot
Extecoetter25: doesn't show hand 
*** SUMMARY ***
Total pot $0.65 | Rake $0 
Seat 1: Mahu2021 (button) folded before Flop
Seat 2: rako77 (small blind) folded before Flop
Seat 3: Extecoetter25 (big blind) collected ($0.65)
Seat 4: offodds folded before Flop (didn't bet)
Seat 5: pokking876 folded before Flop (didn't bet)
Seat 6: Love Beckham folded before Flop (didn't bet)



PokerStars Zoom Hand #254369965248:  Hold'em No Limit ($0.05/$0.10) - 2025/01/14 19:45:08 CET [2025/01/14 13:45:08 ET]
Table 'Aludra' 6-max Seat #1 is the button
Seat 1: Poklrll02 ($10 in chips) 
Seat 2: Extecoetter25 ($21.49 in chips) 
Seat 3: blessyou2837 ($10.65 in chips) 
Seat 4: Mahu2021 ($10.22 in chips) 
Seat 5: blindprotector ($12.54 in chips) 
Seat 6: ABYY2000 ($12.39 in chips) 
Extecoetter25: posts small blind $0.05
blessyou2837: posts big blind $0.10
*** HOLE CARDS ***
Dealt to Mahu2021 [3h Qs]
Mahu2021: folds 
blindprotector: folds 
ABYY2000: raises $0.12 to $0.22
Poklrll02: folds 
Extecoetter25: folds 
blessyou2837: folds 
Uncalled bet ($0.12) returned to ABYY2000
ABYY2000 collected $0.25 from pot
ABYY2000: doesn't show hand 
*** SUMMARY ***
Total pot $0.25 | Rake $0 
Seat 1: Poklrll02 (button) folded before Flop (didn't bet)
Seat 2: Extecoetter25 (small blind) folded before Flop
Seat 3: blessyou2837 (big blind) folded before Flop
Seat 4: Mahu2021 folded before Flop (didn't bet)
Seat 5: blindprotector folded before Flop (didn't bet)
Seat 6: ABYY2000 collected ($0.25)



PokerStars Zoom Hand #254369966842:  Hold'em No Limit ($0.05/$0.10) - 2025/01/14 19:45:13 CET [2025/01/14 13:45:13 ET]
Table 'Aludra' 6-max Seat #1 is the button
Seat 1: diego1991 ($10.34 in chips) 
Seat 2: Mahu2021 ($10.22 in chips) 
Seat 3: offodds ($11.03 in chips) 
Seat 4: looser00091 ($21.47 in chips) 
Seat 5: DonEff1 ($10.84 in chips) 
Seat 6: Tony the gas ($19.04 in chips) 
Mahu2021: posts small blind $0.05
offodds: posts big blind $0.10
*** HOLE CARDS ***
Dealt to Mahu2021 [8s 8c]
looser00091: folds 
DonEff1: folds 
Tony the gas: raises $0.10 to $0.20
diego1991: calls $0.20
Mahu2021: calls $0.15
offodds: calls $0.10
*** FLOP *** [7c Jc 3c]
Mahu2021: checks 
offodds: checks 
Tony the gas: bets $0.30
diego1991: folds 
Mahu2021: calls $0.30
offodds: folds 
*** TURN *** [7c Jc 3c] [2d]
Mahu2021: checks 
Tony the gas: bets $0.40
Mahu2021: calls $0.40
*** RIVER *** [7c Jc 3c 2d] [5c]
Mahu2021: checks 
Tony the gas: checks 
*** SHOW DOWN ***
Mahu2021: shows [8s 8c] (a flush, Jack high)
Tony the gas: mucks hand 
Mahu2021 collected $2.10 from pot
*** SUMMARY ***
Total pot $2.20 | Rake $0.10 
Board [7c Jc 3c 2d 5c]
Seat 1: diego1991 (button) folded on the Flop
Seat 2: Mahu2021 (small blind) showed [8s 8c] and won ($2.10) with a flush, Jack high
Seat 3: offodds (big blind) folded on the Flop
Seat 4: looser00091 folded before Flop (didn't bet)
Seat 5: DonEff1 folded before Flop (didn't bet)
Seat 6: Tony the gas mucked [Ah 4h]



PokerStars Zoom Hand #254369981517:  Hold'em No Limit ($0.05/$0.10) - 2025/01/14 19:46:02 CET [2025/01/14 13:46:02 ET]
Table 'Aludra' 6-max Seat #1 is the button
Seat 1: blessyou2837 ($10.96 in chips) 
Seat 2: blindprotector ($12.59 in chips) 
Seat 3: Extecoetter25 ($25.90 in chips) 
Seat 4: JB00888 ($0.81 in chips) 
Seat 5: Mahu2021 ($11.42 in chips) 
Seat 6: offodds ($10.08 in chips) 
blindprotector: posts small blind $0.05
Extecoetter25: posts big blind $0.10
*** HOLE CARDS ***
Dealt to Mahu2021 [2s 2h]
JB00888: folds 
Mahu2021: folds 
offodds: raises $0.15 to $0.25
blessyou2837: folds 
blindprotector: folds 
Extecoetter25: folds 
Uncalled bet ($0.15) returned to offodds
offodds collected $0.25 from pot
offodds: doesn't show hand 
*** SUMMARY ***
Total pot $0.25 | Rake $0 
Seat 1: blessyou2837 (button) folded before Flop (didn't bet)
Seat 2: blindprotector (small blind) folded before Flop
Seat 3: Extecoetter25 (big blind) folded before Flop
Seat 4: JB00888 folded before Flop (didn't bet)
Seat 5: Mahu2021 folded before Flop (didn't bet)
Seat 6: offodds collected ($0.25)



PokerStars Zoom Hand #254369983179:  Hold'em No Limit ($0.05/$0.10) - 2025/01/14 19:46:08 CET [2025/01/14 13:46:08 ET]
Table 'Aludra' 6-max Seat #1 is the button
Seat 1: gimmiurstack ($11.32 in chips) 
Seat 2: Navarokas ($26.80 in chips) 
Seat 3: Mahu2021 ($11.42 in chips) 
Seat 4: Jajje7 ($19 in chips) 
Seat 5: spacedust7 ($11.84 in chips) 
Seat 6: pougia777 ($10 in chips) 
Navarokas: posts small blind $0.05
Mahu2021: posts big blind $0.10
*** HOLE CARDS ***
Dealt to Mahu2021 [Kh Kd]
Jajje7: folds 
spacedust7: folds 
pougia777: folds 
gimmiurstack: raises $0.20 to $0.30
Navarokas: raises $0.60 to $0.90
Mahu2021: raises $10.52 to $11.42 and is all-in
gimmiurstack: folds 
Navarokas: folds 
Uncalled bet ($10.52) returned to Mahu2021
Mahu2021 collected $2.10 from pot
Mahu2021: doesn't show hand 
*** SUMMARY ***
Total pot $2.10 | Rake $0 
Seat 1: gimmiurstack (button) folded before Flop
Seat 2: Navarokas (small blind) folded before Flop
Seat 3: Mahu2021 (big blind) collected ($2.10)
Seat 4: Jajje7 folded before Flop (didn't bet)
Seat 5: spacedust7 folded before Flop (didn't bet)
Seat 6: pougia777 folded before Flop (didn't bet)



