PokerStars Hand #244627687987: Tournament #3612650303, $0.92+$0.08 USD Hold'em No Limit - Level I (10/20) - 2023/07/04 22:09:55 CET [2023/07/04 16:09:55 ET]
Table '3612650303 1' 3-max Seat #1 is the button
Seat 1: ManPower47 (500 in chips) 
Seat 2: IRINA70 (500 in chips) 
Seat 3: Mahu2021 (500 in chips) 
IRINA70: posts small blind 10
Mahu2021: posts big blind 20
*** HOLE CARDS ***
Dealt to Mahu2021 [3c Qc]
ManPower47: folds 
IRINA70: calls 10
Mahu2021: checks 
*** FLOP *** [Qs Kh 3h]
IRINA70: checks 
Mahu2021: bets 20
IRINA70: folds 
Uncalled bet (20) returned to Mahu2021
Mahu2021 collected 40 from pot
Mahu2021: doesn't show hand 
*** SUMMARY ***
Total pot 40 | Rake 0 
Board [Qs Kh 3h]
Seat 1: ManPower47 (button) folded before Flop (didn't bet)
Seat 2: IRINA70 (small blind) folded on the Flop
Seat 3: Mahu2021 (big blind) collected (40)



PokerStars Hand #244627695450: Tournament #3612650303, $0.92+$0.08 USD Hold'em No Limit - Level I (10/20) - 2023/07/04 22:10:14 CET [2023/07/04 16:10:14 ET]
Table '3612650303 1' 3-max Seat #2 is the button
Seat 1: ManPower47 (500 in chips) 
Seat 2: IRINA70 (480 in chips) 
Seat 3: Mahu2021 (520 in chips) 
Mahu2021: posts small blind 10
ManPower47: posts big blind 20
*** HOLE CARDS ***
Dealt to Mahu2021 [Ah 4d]
IRINA70: raises 20 to 40
Mahu2021: folds 
ManPower47 has timed out
ManPower47: folds 
ManPower47 is sitting out
Uncalled bet (20) returned to IRINA70
IRINA70 collected 50 from pot
ManPower47 has returned
*** SUMMARY ***
Total pot 50 | Rake 0 
Seat 1: ManPower47 (big blind) folded before Flop
Seat 2: IRINA70 (button) collected (50)
Seat 3: Mahu2021 (small blind) folded before Flop



PokerStars Hand #244627707526: Tournament #3612650303, $0.92+$0.08 USD Hold'em No Limit - Level I (10/20) - 2023/07/04 22:10:45 CET [2023/07/04 16:10:45 ET]
Table '3612650303 1' 3-max Seat #3 is the button
Seat 1: ManPower47 (480 in chips) 
Seat 2: IRINA70 (510 in chips) 
Seat 3: Mahu2021 (510 in chips) 
ManPower47: posts small blind 10
IRINA70: posts big blind 20
*** HOLE CARDS ***
Dealt to Mahu2021 [8c 7s]
Mahu2021: folds 
ManPower47: calls 10
IRINA70: checks 
*** FLOP *** [Kh 2h Ac]
ManPower47: checks 
IRINA70: checks 
*** TURN *** [Kh 2h Ac] [Th]
ManPower47: checks 
IRINA70: checks 
*** RIVER *** [Kh 2h Ac Th] [Tc]
ManPower47: bets 80
IRINA70: folds 
Uncalled bet (80) returned to ManPower47
ManPower47 collected 40 from pot
*** SUMMARY ***
Total pot 40 | Rake 0 
Board [Kh 2h Ac Th Tc]
Seat 1: ManPower47 (small blind) collected (40)
Seat 2: IRINA70 (big blind) folded on the River
Seat 3: Mahu2021 (button) folded before Flop (didn't bet)



PokerStars Hand #244627732782: Tournament #3612650303, $0.92+$0.08 USD Hold'em No Limit - Level I (10/20) - 2023/07/04 22:11:51 CET [2023/07/04 16:11:51 ET]
Table '3612650303 1' 3-max Seat #1 is the button
Seat 1: ManPower47 (500 in chips) 
Seat 2: IRINA70 (490 in chips) 
Seat 3: Mahu2021 (510 in chips) 
IRINA70: posts small blind 10
Mahu2021: posts big blind 20
*** HOLE CARDS ***
Dealt to Mahu2021 [Td Ts]
ManPower47: folds 
IRINA70: calls 10
Mahu2021: raises 490 to 510 and is all-in
IRINA70: folds 
Uncalled bet (490) returned to Mahu2021
Mahu2021 collected 40 from pot
Mahu2021: doesn't show hand 
*** SUMMARY ***
Total pot 40 | Rake 0 
Seat 1: ManPower47 (button) folded before Flop (didn't bet)
Seat 2: IRINA70 (small blind) folded before Flop
Seat 3: Mahu2021 (big blind) collected (40)



PokerStars Hand #244627738694: Tournament #3612650303, $0.92+$0.08 USD Hold'em No Limit - Level II (15/30) - 2023/07/04 22:12:07 CET [2023/07/04 16:12:07 ET]
Table '3612650303 1' 3-max Seat #2 is the button
Seat 1: ManPower47 (500 in chips) 
Seat 2: IRINA70 (470 in chips) 
Seat 3: Mahu2021 (530 in chips) 
Mahu2021: posts small blind 15
ManPower47: posts big blind 30
*** HOLE CARDS ***
Dealt to Mahu2021 [8h Kh]
IRINA70: folds 
Mahu2021: raises 30 to 60
ManPower47: calls 30
*** FLOP *** [2h Ac Tc]
Mahu2021: checks 
ManPower47: checks 
*** TURN *** [2h Ac Tc] [3d]
Mahu2021: checks 
ManPower47: bets 30
Mahu2021: calls 30
*** RIVER *** [2h Ac Tc 3d] [2s]
Mahu2021: checks 
ManPower47: checks 
*** SHOW DOWN ***
Mahu2021: shows [8h Kh] (a pair of Deuces)
ManPower47: shows [Th Js] (two pair, Tens and Deuces)
ManPower47 collected 180 from pot
*** SUMMARY ***
Total pot 180 | Rake 0 
Board [2h Ac Tc 3d 2s]
Seat 1: ManPower47 (big blind) showed [Th Js] and won (180) with two pair, Tens and Deuces
Seat 2: IRINA70 (button) folded before Flop (didn't bet)
Seat 3: Mahu2021 (small blind) showed [8h Kh] and lost with a pair of Deuces



PokerStars Hand #244627749896: Tournament #3612650303, $0.92+$0.08 USD Hold'em No Limit - Level II (15/30) - 2023/07/04 22:12:36 CET [2023/07/04 16:12:36 ET]
Table '3612650303 1' 3-max Seat #3 is the button
Seat 1: ManPower47 (590 in chips) 
Seat 2: IRINA70 (470 in chips) 
Seat 3: Mahu2021 (440 in chips) 
ManPower47: posts small blind 15
IRINA70: posts big blind 30
*** HOLE CARDS ***
Dealt to Mahu2021 [Ks Td]
Mahu2021: raises 30 to 60
ManPower47: folds 
IRINA70: calls 30
*** FLOP *** [5d 9h 6c]
IRINA70: checks 
Mahu2021: checks 
*** TURN *** [5d 9h 6c] [8c]
IRINA70: checks 
Mahu2021: checks 
*** RIVER *** [5d 9h 6c 8c] [3h]
IRINA70: checks 
Mahu2021: checks 
*** SHOW DOWN ***
IRINA70: shows [Th Jh] (high card Jack)
Mahu2021: shows [Ks Td] (high card King)
Mahu2021 collected 135 from pot
*** SUMMARY ***
Total pot 135 | Rake 0 
Board [5d 9h 6c 8c 3h]
Seat 1: ManPower47 (small blind) folded before Flop
Seat 2: IRINA70 (big blind) showed [Th Jh] and lost with high card Jack
Seat 3: Mahu2021 (button) showed [Ks Td] and won (135) with high card King



PokerStars Hand #244627758778: Tournament #3612650303, $0.92+$0.08 USD Hold'em No Limit - Level II (15/30) - 2023/07/04 22:12:58 CET [2023/07/04 16:12:58 ET]
Table '3612650303 1' 3-max Seat #1 is the button
Seat 1: ManPower47 (575 in chips) 
Seat 2: IRINA70 (410 in chips) 
Seat 3: Mahu2021 (515 in chips) 
IRINA70: posts small blind 15
Mahu2021: posts big blind 30
*** HOLE CARDS ***
Dealt to Mahu2021 [4d Kd]
ManPower47 has timed out
ManPower47: folds 
ManPower47 is sitting out
IRINA70: folds 
Uncalled bet (15) returned to Mahu2021
ManPower47 has returned
Mahu2021 collected 30 from pot
Mahu2021: doesn't show hand 
*** SUMMARY ***
Total pot 30 | Rake 0 
Seat 1: ManPower47 (button) folded before Flop (didn't bet)
Seat 2: IRINA70 (small blind) folded before Flop
Seat 3: Mahu2021 (big blind) collected (30)



PokerStars Hand #244627765444: Tournament #3612650303, $0.92+$0.08 USD Hold'em No Limit - Level II (15/30) - 2023/07/04 22:13:16 CET [2023/07/04 16:13:16 ET]
Table '3612650303 1' 3-max Seat #2 is the button
Seat 1: ManPower47 (575 in chips) 
Seat 2: IRINA70 (395 in chips) 
Seat 3: Mahu2021 (530 in chips) 
Mahu2021: posts small blind 15
ManPower47: posts big blind 30
*** HOLE CARDS ***
Dealt to Mahu2021 [4h 4s]
IRINA70: folds 
Mahu2021: raises 60 to 90
ManPower47: raises 485 to 575 and is all-in
Mahu2021: calls 440 and is all-in
Uncalled bet (45) returned to ManPower47
*** FLOP *** [6h 3h Js]
*** TURN *** [6h 3h Js] [Kd]
*** RIVER *** [6h 3h Js Kd] [9d]
*** SHOW DOWN ***
Mahu2021: shows [4h 4s] (a pair of Fours)
ManPower47: shows [3d 3c] (three of a kind, Threes)
ManPower47 collected 1060 from pot
Mahu2021 finished the tournament in 3rd place
*** SUMMARY ***
Total pot 1060 | Rake 0 
Board [6h 3h Js Kd 9d]
Seat 1: ManPower47 (big blind) showed [3d 3c] and won (1060) with three of a kind, Threes
Seat 2: IRINA70 (button) folded before Flop (didn't bet)
Seat 3: Mahu2021 (small blind) showed [4h 4s] and lost with a pair of Fours



