PokerStars Hand #253938443469: Tournament #3836096648, $1.84+$0.16 USD Hold'em No Limit - Level I (10/20) - 2024/12/20 14:48:16 CET [2024/12/20 8:48:16 ET]
Table '3836096648 1' 3-max Seat #1 is the button
Seat 1: Mahu2021 (500 in chips) 
Seat 2: buckstardust (500 in chips) 
Seat 3: IDACU (500 in chips) 
buckstardust: posts small blind 10
IDACU: posts big blind 20
*** HOLE CARDS ***
Dealt to Mahu2021 [8d 4c]
Mahu2021: folds 
buckstardust: folds 
Uncalled bet (10) returned to IDACU
IDACU collected 20 from pot
IDACU: doesn't show hand 
*** SUMMARY ***
Total pot 20 | Rake 0 
Seat 1: Mahu2021 (button) folded before Flop (didn't bet)
Seat 2: buckstardust (small blind) folded before Flop
Seat 3: IDACU (big blind) collected (20)



PokerStars Hand #253938444483: Tournament #3836096648, $1.84+$0.16 USD Hold'em No Limit - Level I (10/20) - 2024/12/20 14:48:22 CET [2024/12/20 8:48:22 ET]
Table '3836096648 1' 3-max Seat #2 is the button
Seat 1: Mahu2021 (500 in chips) 
Seat 2: buckstardust (490 in chips) 
Seat 3: IDACU (510 in chips) 
IDACU: posts small blind 10
Mahu2021: posts big blind 20
*** HOLE CARDS ***
Dealt to Mahu2021 [Kd Ad]
buckstardust: folds 
IDACU: raises 20 to 40
Mahu2021: raises 100 to 140
IDACU: folds 
Uncalled bet (100) returned to Mahu2021
Mahu2021 collected 80 from pot
Mahu2021: doesn't show hand 
*** SUMMARY ***
Total pot 80 | Rake 0 
Seat 1: Mahu2021 (big blind) collected (80)
Seat 2: buckstardust (button) folded before Flop (didn't bet)
Seat 3: IDACU (small blind) folded before Flop



PokerStars Hand #253938446236: Tournament #3836096648, $1.84+$0.16 USD Hold'em No Limit - Level I (10/20) - 2024/12/20 14:48:33 CET [2024/12/20 8:48:33 ET]
Table '3836096648 1' 3-max Seat #3 is the button
Seat 1: Mahu2021 (540 in chips) 
Seat 2: buckstardust (490 in chips) 
Seat 3: IDACU (470 in chips) 
Mahu2021: posts small blind 10
buckstardust: posts big blind 20
*** HOLE CARDS ***
Dealt to Mahu2021 [4h As]
IDACU: folds 
Mahu2021: raises 20 to 40
buckstardust: calls 20
*** FLOP *** [7d Td Ts]
Mahu2021: checks 
buckstardust: bets 60
Mahu2021: folds 
Uncalled bet (60) returned to buckstardust
buckstardust collected 80 from pot
buckstardust: doesn't show hand 
*** SUMMARY ***
Total pot 80 | Rake 0 
Board [7d Td Ts]
Seat 1: Mahu2021 (small blind) folded on the Flop
Seat 2: buckstardust (big blind) collected (80)
Seat 3: IDACU (button) folded before Flop (didn't bet)



PokerStars Hand #253938448489: Tournament #3836096648, $1.84+$0.16 USD Hold'em No Limit - Level I (10/20) - 2024/12/20 14:48:46 CET [2024/12/20 8:48:46 ET]
Table '3836096648 1' 3-max Seat #1 is the button
Seat 1: Mahu2021 (500 in chips) 
Seat 2: buckstardust (530 in chips) 
Seat 3: IDACU (470 in chips) 
buckstardust: posts small blind 10
IDACU: posts big blind 20
*** HOLE CARDS ***
Dealt to Mahu2021 [Kh 9d]
Mahu2021: raises 20 to 40
buckstardust: folds 
IDACU: raises 430 to 470 and is all-in
Mahu2021: folds 
Uncalled bet (430) returned to IDACU
IDACU collected 90 from pot
IDACU: doesn't show hand 
*** SUMMARY ***
Total pot 90 | Rake 0 
Seat 1: Mahu2021 (button) folded before Flop
Seat 2: buckstardust (small blind) folded before Flop
Seat 3: IDACU (big blind) collected (90)



PokerStars Hand #253938449851: Tournament #3836096648, $1.84+$0.16 USD Hold'em No Limit - Level I (10/20) - 2024/12/20 14:48:54 CET [2024/12/20 8:48:54 ET]
Table '3836096648 1' 3-max Seat #2 is the button
Seat 1: Mahu2021 (460 in chips) 
Seat 2: buckstardust (520 in chips) 
Seat 3: IDACU (520 in chips) 
IDACU: posts small blind 10
Mahu2021: posts big blind 20
*** HOLE CARDS ***
Dealt to Mahu2021 [5d 6c]
buckstardust: calls 20
IDACU: calls 10
Mahu2021: checks 
*** FLOP *** [8c 7h Qc]
IDACU: checks 
Mahu2021: checks 
buckstardust: bets 40
IDACU: folds 
Mahu2021: calls 40
*** TURN *** [8c 7h Qc] [Kd]
Mahu2021: checks 
buckstardust: checks 
*** RIVER *** [8c 7h Qc Kd] [8h]
Mahu2021: bets 60
buckstardust: folds 
Uncalled bet (60) returned to Mahu2021
Mahu2021 collected 140 from pot
Mahu2021: doesn't show hand 
*** SUMMARY ***
Total pot 140 | Rake 0 
Board [8c 7h Qc Kd 8h]
Seat 1: Mahu2021 (big blind) collected (140)
Seat 2: buckstardust (button) folded on the River
Seat 3: IDACU (small blind) folded on the Flop



PokerStars Hand #253938454491: Tournament #3836096648, $1.84+$0.16 USD Hold'em No Limit - Level I (10/20) - 2024/12/20 14:49:22 CET [2024/12/20 8:49:22 ET]
Table '3836096648 1' 3-max Seat #3 is the button
Seat 1: Mahu2021 (540 in chips) 
Seat 2: buckstardust (460 in chips) 
Seat 3: IDACU (500 in chips) 
Mahu2021: posts small blind 10
buckstardust: posts big blind 20
*** HOLE CARDS ***
Dealt to Mahu2021 [Ts 2c]
IDACU: folds 
Mahu2021: folds 
Uncalled bet (10) returned to buckstardust
buckstardust collected 20 from pot
buckstardust: doesn't show hand 
*** SUMMARY ***
Total pot 20 | Rake 0 
Seat 1: Mahu2021 (small blind) folded before Flop
Seat 2: buckstardust (big blind) collected (20)
Seat 3: IDACU (button) folded before Flop (didn't bet)



PokerStars Hand #253938455571: Tournament #3836096648, $1.84+$0.16 USD Hold'em No Limit - Level I (10/20) - 2024/12/20 14:49:28 CET [2024/12/20 8:49:28 ET]
Table '3836096648 1' 3-max Seat #1 is the button
Seat 1: Mahu2021 (530 in chips) 
Seat 2: buckstardust (470 in chips) 
Seat 3: IDACU (500 in chips) 
buckstardust: posts small blind 10
IDACU: posts big blind 20
*** HOLE CARDS ***
Dealt to Mahu2021 [8s 7d]
Mahu2021: folds 
buckstardust: raises 20 to 40
IDACU: calls 20
*** FLOP *** [Tc As Kd]
buckstardust: bets 40
IDACU: calls 40
*** TURN *** [Tc As Kd] [6h]
buckstardust: checks 
IDACU: checks 
*** RIVER *** [Tc As Kd 6h] [3d]
buckstardust: checks 
IDACU: bets 60
buckstardust: folds 
Uncalled bet (60) returned to IDACU
IDACU collected 160 from pot
IDACU: doesn't show hand 
*** SUMMARY ***
Total pot 160 | Rake 0 
Board [Tc As Kd 6h 3d]
Seat 1: Mahu2021 (button) folded before Flop (didn't bet)
Seat 2: buckstardust (small blind) folded on the River
Seat 3: IDACU (big blind) collected (160)



PokerStars Hand #253938459789: Tournament #3836096648, $1.84+$0.16 USD Hold'em No Limit - Level I (10/20) - 2024/12/20 14:49:53 CET [2024/12/20 8:49:53 ET]
Table '3836096648 1' 3-max Seat #2 is the button
Seat 1: Mahu2021 (530 in chips) 
Seat 2: buckstardust (390 in chips) 
Seat 3: IDACU (580 in chips) 
IDACU: posts small blind 10
Mahu2021: posts big blind 20
*** HOLE CARDS ***
Dealt to Mahu2021 [Ts Qc]
buckstardust: raises 20 to 40
IDACU: folds 
Mahu2021: calls 20
*** FLOP *** [7s 4h 3h]
Mahu2021: checks 
buckstardust: bets 40
Mahu2021: folds 
Uncalled bet (40) returned to buckstardust
buckstardust collected 90 from pot
buckstardust: doesn't show hand 
*** SUMMARY ***
Total pot 90 | Rake 0 
Board [7s 4h 3h]
Seat 1: Mahu2021 (big blind) folded on the Flop
Seat 2: buckstardust (button) collected (90)
Seat 3: IDACU (small blind) folded before Flop



PokerStars Hand #253938462718: Tournament #3836096648, $1.84+$0.16 USD Hold'em No Limit - Level I (10/20) - 2024/12/20 14:50:11 CET [2024/12/20 8:50:11 ET]
Table '3836096648 1' 3-max Seat #3 is the button
Seat 1: Mahu2021 (490 in chips) 
Seat 2: buckstardust (440 in chips) 
Seat 3: IDACU (570 in chips) 
Mahu2021: posts small blind 10
buckstardust: posts big blind 20
*** HOLE CARDS ***
Dealt to Mahu2021 [3h 7h]
IDACU: folds 
Mahu2021: raises 20 to 40
buckstardust: calls 20
*** FLOP *** [5h Tc Th]
Mahu2021: bets 40
buckstardust: calls 40
*** TURN *** [5h Tc Th] [4h]
Mahu2021: bets 40
buckstardust: raises 60 to 100
Mahu2021: raises 310 to 410 and is all-in
buckstardust: calls 260 and is all-in
Uncalled bet (50) returned to Mahu2021
*** RIVER *** [5h Tc Th 4h] [Ac]
*** SHOW DOWN ***
Mahu2021: shows [3h 7h] (a flush, Ten high)
buckstardust: shows [3d Ts] (three of a kind, Tens)
Mahu2021 collected 880 from pot
buckstardust finished the tournament in 3rd place
*** SUMMARY ***
Total pot 880 | Rake 0 
Board [5h Tc Th 4h Ac]
Seat 1: Mahu2021 (small blind) showed [3h 7h] and won (880) with a flush, Ten high
Seat 2: buckstardust (big blind) showed [3d Ts] and lost with three of a kind, Tens
Seat 3: IDACU (button) folded before Flop (didn't bet)



PokerStars Hand #253938466735: Tournament #3836096648, $1.84+$0.16 USD Hold'em No Limit - Level I (10/20) - 2024/12/20 14:50:34 CET [2024/12/20 8:50:34 ET]
Table '3836096648 1' 3-max Seat #1 is the button
Seat 1: Mahu2021 (930 in chips) 
Seat 3: IDACU (570 in chips) 
Mahu2021: posts small blind 10
IDACU: posts big blind 20
*** HOLE CARDS ***
Dealt to Mahu2021 [8c 2d]
Mahu2021: folds 
Uncalled bet (10) returned to IDACU
IDACU collected 20 from pot
IDACU: doesn't show hand 
*** SUMMARY ***
Total pot 20 | Rake 0 
Seat 1: Mahu2021 (button) (small blind) folded before Flop
Seat 3: IDACU (big blind) collected (20)



PokerStars Hand #253938467450: Tournament #3836096648, $1.84+$0.16 USD Hold'em No Limit - Level I (10/20) - 2024/12/20 14:50:38 CET [2024/12/20 8:50:38 ET]
Table '3836096648 1' 3-max Seat #3 is the button
Seat 1: Mahu2021 (920 in chips) 
Seat 3: IDACU (580 in chips) 
IDACU: posts small blind 10
Mahu2021: posts big blind 20
*** HOLE CARDS ***
Dealt to Mahu2021 [6d 7d]
IDACU: raises 20 to 40
Mahu2021: calls 20
*** FLOP *** [2s 5d 2c]
Mahu2021: checks 
IDACU: checks 
*** TURN *** [2s 5d 2c] [Kd]
Mahu2021: bets 40
IDACU: folds 
Uncalled bet (40) returned to Mahu2021
Mahu2021 collected 80 from pot
Mahu2021: doesn't show hand 
*** SUMMARY ***
Total pot 80 | Rake 0 
Board [2s 5d 2c Kd]
Seat 1: Mahu2021 (big blind) collected (80)
Seat 3: IDACU (button) (small blind) folded on the Turn



PokerStars Hand #253938471985: Tournament #3836096648, $1.84+$0.16 USD Hold'em No Limit - Level I (10/20) - 2024/12/20 14:51:05 CET [2024/12/20 8:51:05 ET]
Table '3836096648 1' 3-max Seat #1 is the button
Seat 1: Mahu2021 (960 in chips) 
Seat 3: IDACU (540 in chips) 
Mahu2021: posts small blind 10
IDACU: posts big blind 20
*** HOLE CARDS ***
Dealt to Mahu2021 [7s 7d]
Mahu2021: raises 940 to 960 and is all-in
IDACU: folds 
Uncalled bet (940) returned to Mahu2021
Mahu2021 collected 40 from pot
Mahu2021: doesn't show hand 
*** SUMMARY ***
Total pot 40 | Rake 0 
Seat 1: Mahu2021 (button) (small blind) collected (40)
Seat 3: IDACU (big blind) folded before Flop



PokerStars Hand #253938473955: Tournament #3836096648, $1.84+$0.16 USD Hold'em No Limit - Level I (10/20) - 2024/12/20 14:51:17 CET [2024/12/20 8:51:17 ET]
Table '3836096648 1' 3-max Seat #3 is the button
Seat 1: Mahu2021 (980 in chips) 
Seat 3: IDACU (520 in chips) 
IDACU: posts small blind 10
Mahu2021: posts big blind 20
*** HOLE CARDS ***
Dealt to Mahu2021 [Jc Js]
IDACU: raises 20 to 40
Mahu2021: raises 940 to 980 and is all-in
IDACU: calls 480 and is all-in
Uncalled bet (460) returned to Mahu2021
*** FLOP *** [5d 8c Tc]
*** TURN *** [5d 8c Tc] [7d]
*** RIVER *** [5d 8c Tc 7d] [7h]
*** SHOW DOWN ***
Mahu2021: shows [Jc Js] (two pair, Jacks and Sevens)
IDACU: shows [8d 8h] (a full house, Eights full of Sevens)
IDACU collected 1040 from pot
*** SUMMARY ***
Total pot 1040 | Rake 0 
Board [5d 8c Tc 7d 7h]
Seat 1: Mahu2021 (big blind) showed [Jc Js] and lost with two pair, Jacks and Sevens
Seat 3: IDACU (button) (small blind) showed [8d 8h] and won (1040) with a full house, Eights full of Sevens



PokerStars Hand #253938476891: Tournament #3836096648, $1.84+$0.16 USD Hold'em No Limit - Level II (15/30) - 2024/12/20 14:51:34 CET [2024/12/20 8:51:34 ET]
Table '3836096648 1' 3-max Seat #1 is the button
Seat 1: Mahu2021 (460 in chips) 
Seat 3: IDACU (1040 in chips) 
Mahu2021: posts small blind 15
IDACU: posts big blind 30
*** HOLE CARDS ***
Dealt to Mahu2021 [4s 8h]
Mahu2021: folds 
Uncalled bet (15) returned to IDACU
IDACU collected 30 from pot
IDACU: doesn't show hand 
*** SUMMARY ***
Total pot 30 | Rake 0 
Seat 1: Mahu2021 (button) (small blind) folded before Flop
Seat 3: IDACU (big blind) collected (30)



PokerStars Hand #253938477571: Tournament #3836096648, $1.84+$0.16 USD Hold'em No Limit - Level II (15/30) - 2024/12/20 14:51:38 CET [2024/12/20 8:51:38 ET]
Table '3836096648 1' 3-max Seat #3 is the button
Seat 1: Mahu2021 (445 in chips) 
Seat 3: IDACU (1055 in chips) 
IDACU: posts small blind 15
Mahu2021: posts big blind 30
*** HOLE CARDS ***
Dealt to Mahu2021 [2h 4h]
IDACU: calls 15
Mahu2021: checks 
*** FLOP *** [9s 8s Jd]
Mahu2021: checks 
IDACU: bets 30
Mahu2021: folds 
Uncalled bet (30) returned to IDACU
IDACU collected 60 from pot
IDACU: doesn't show hand 
*** SUMMARY ***
Total pot 60 | Rake 0 
Board [9s 8s Jd]
Seat 1: Mahu2021 (big blind) folded on the Flop
Seat 3: IDACU (button) (small blind) collected (60)



PokerStars Hand #253938479320: Tournament #3836096648, $1.84+$0.16 USD Hold'em No Limit - Level II (15/30) - 2024/12/20 14:51:48 CET [2024/12/20 8:51:48 ET]
Table '3836096648 1' 3-max Seat #1 is the button
Seat 1: Mahu2021 (415 in chips) 
Seat 3: IDACU (1085 in chips) 
Mahu2021: posts small blind 15
IDACU: posts big blind 30
*** HOLE CARDS ***
Dealt to Mahu2021 [9d Qh]
Mahu2021: raises 30 to 60
IDACU: raises 1025 to 1085 and is all-in
Mahu2021: folds 
Uncalled bet (1025) returned to IDACU
IDACU collected 120 from pot
IDACU: doesn't show hand 
*** SUMMARY ***
Total pot 120 | Rake 0 
Seat 1: Mahu2021 (button) (small blind) folded before Flop
Seat 3: IDACU (big blind) collected (120)



PokerStars Hand #253938480556: Tournament #3836096648, $1.84+$0.16 USD Hold'em No Limit - Level II (15/30) - 2024/12/20 14:51:56 CET [2024/12/20 8:51:56 ET]
Table '3836096648 1' 3-max Seat #3 is the button
Seat 1: Mahu2021 (355 in chips) 
Seat 3: IDACU (1145 in chips) 
IDACU: posts small blind 15
Mahu2021: posts big blind 30
*** HOLE CARDS ***
Dealt to Mahu2021 [3c 5s]
IDACU: raises 1115 to 1145 and is all-in
Mahu2021: folds 
Uncalled bet (1115) returned to IDACU
IDACU collected 60 from pot
IDACU: doesn't show hand 
*** SUMMARY ***
Total pot 60 | Rake 0 
Seat 1: Mahu2021 (big blind) folded before Flop
Seat 3: IDACU (button) (small blind) collected (60)



PokerStars Hand #253938481604: Tournament #3836096648, $1.84+$0.16 USD Hold'em No Limit - Level II (15/30) - 2024/12/20 14:52:02 CET [2024/12/20 8:52:02 ET]
Table '3836096648 1' 3-max Seat #1 is the button
Seat 1: Mahu2021 (325 in chips) 
Seat 3: IDACU (1175 in chips) 
Mahu2021: posts small blind 15
IDACU: posts big blind 30
*** HOLE CARDS ***
Dealt to Mahu2021 [Ad 2s]
Mahu2021: calls 15
IDACU: raises 1145 to 1175 and is all-in
Mahu2021: calls 295 and is all-in
Uncalled bet (850) returned to IDACU
*** FLOP *** [5d Ts 2c]
*** TURN *** [5d Ts 2c] [4s]
*** RIVER *** [5d Ts 2c 4s] [Td]
*** SHOW DOWN ***
IDACU: shows [9s Qs] (a pair of Tens)
Mahu2021: shows [Ad 2s] (two pair, Tens and Deuces)
Mahu2021 collected 650 from pot
*** SUMMARY ***
Total pot 650 | Rake 0 
Board [5d Ts 2c 4s Td]
Seat 1: Mahu2021 (button) (small blind) showed [Ad 2s] and won (650) with two pair, Tens and Deuces
Seat 3: IDACU (big blind) showed [9s Qs] and lost with a pair of Tens



PokerStars Hand #253938483912: Tournament #3836096648, $1.84+$0.16 USD Hold'em No Limit - Level II (15/30) - 2024/12/20 14:52:16 CET [2024/12/20 8:52:16 ET]
Table '3836096648 1' 3-max Seat #3 is the button
Seat 1: Mahu2021 (650 in chips) 
Seat 3: IDACU (850 in chips) 
IDACU: posts small blind 15
Mahu2021: posts big blind 30
*** HOLE CARDS ***
Dealt to Mahu2021 [Js Td]
IDACU: raises 30 to 60
Mahu2021: calls 30
*** FLOP *** [Ah Th Kh]
Mahu2021: checks 
IDACU: bets 30
Mahu2021: calls 30
*** TURN *** [Ah Th Kh] [8d]
Mahu2021: checks 
IDACU: checks 
*** RIVER *** [Ah Th Kh 8d] [9c]
Mahu2021: bets 180
IDACU: folds 
Uncalled bet (180) returned to Mahu2021
Mahu2021 collected 180 from pot
Mahu2021: doesn't show hand 
*** SUMMARY ***
Total pot 180 | Rake 0 
Board [Ah Th Kh 8d 9c]
Seat 1: Mahu2021 (big blind) collected (180)
Seat 3: IDACU (button) (small blind) folded on the River



PokerStars Hand #253938490054: Tournament #3836096648, $1.84+$0.16 USD Hold'em No Limit - Level II (15/30) - 2024/12/20 14:52:52 CET [2024/12/20 8:52:52 ET]
Table '3836096648 1' 3-max Seat #1 is the button
Seat 1: Mahu2021 (740 in chips) 
Seat 3: IDACU (760 in chips) 
Mahu2021: posts small blind 15
IDACU: posts big blind 30
*** HOLE CARDS ***
Dealt to Mahu2021 [Kh 4h]
Mahu2021: raises 30 to 60
IDACU: folds 
Uncalled bet (30) returned to Mahu2021
Mahu2021 collected 60 from pot
Mahu2021: doesn't show hand 
*** SUMMARY ***
Total pot 60 | Rake 0 
Seat 1: Mahu2021 (button) (small blind) collected (60)
Seat 3: IDACU (big blind) folded before Flop



PokerStars Hand #253938491030: Tournament #3836096648, $1.84+$0.16 USD Hold'em No Limit - Level II (15/30) - 2024/12/20 14:52:58 CET [2024/12/20 8:52:58 ET]
Table '3836096648 1' 3-max Seat #3 is the button
Seat 1: Mahu2021 (770 in chips) 
Seat 3: IDACU (730 in chips) 
IDACU: posts small blind 15
Mahu2021: posts big blind 30
*** HOLE CARDS ***
Dealt to Mahu2021 [Ah Jc]
IDACU: raises 30 to 60
Mahu2021: raises 710 to 770 and is all-in
IDACU: folds 
Uncalled bet (710) returned to Mahu2021
Mahu2021 collected 120 from pot
Mahu2021: doesn't show hand 
*** SUMMARY ***
Total pot 120 | Rake 0 
Seat 1: Mahu2021 (big blind) collected (120)
Seat 3: IDACU (button) (small blind) folded before Flop



PokerStars Hand #253938492248: Tournament #3836096648, $1.84+$0.16 USD Hold'em No Limit - Level II (15/30) - 2024/12/20 14:53:05 CET [2024/12/20 8:53:05 ET]
Table '3836096648 1' 3-max Seat #1 is the button
Seat 1: Mahu2021 (830 in chips) 
Seat 3: IDACU (670 in chips) 
Mahu2021: posts small blind 15
IDACU: posts big blind 30
*** HOLE CARDS ***
Dealt to Mahu2021 [9d 9s]
Mahu2021: raises 800 to 830 and is all-in
IDACU: folds 
Uncalled bet (800) returned to Mahu2021
Mahu2021 collected 60 from pot
Mahu2021: doesn't show hand 
*** SUMMARY ***
Total pot 60 | Rake 0 
Seat 1: Mahu2021 (button) (small blind) collected (60)
Seat 3: IDACU (big blind) folded before Flop



PokerStars Hand #253938493244: Tournament #3836096648, $1.84+$0.16 USD Hold'em No Limit - Level II (15/30) - 2024/12/20 14:53:11 CET [2024/12/20 8:53:11 ET]
Table '3836096648 1' 3-max Seat #3 is the button
Seat 1: Mahu2021 (860 in chips) 
Seat 3: IDACU (640 in chips) 
IDACU: posts small blind 15
Mahu2021: posts big blind 30
*** HOLE CARDS ***
Dealt to Mahu2021 [Jc Qh]
IDACU: raises 30 to 60
Mahu2021: calls 30
*** FLOP *** [2d 3s Ts]
Mahu2021: checks 
IDACU: bets 30
Mahu2021: calls 30
*** TURN *** [2d 3s Ts] [7c]
Mahu2021: checks 
IDACU: bets 135
Mahu2021: folds 
Uncalled bet (135) returned to IDACU
IDACU collected 180 from pot
IDACU: doesn't show hand 
*** SUMMARY ***
Total pot 180 | Rake 0 
Board [2d 3s Ts 7c]
Seat 1: Mahu2021 (big blind) folded on the Turn
Seat 3: IDACU (button) (small blind) collected (180)



PokerStars Hand #253938495311: Tournament #3836096648, $1.84+$0.16 USD Hold'em No Limit - Level II (15/30) - 2024/12/20 14:53:23 CET [2024/12/20 8:53:23 ET]
Table '3836096648 1' 3-max Seat #1 is the button
Seat 1: Mahu2021 (770 in chips) 
Seat 3: IDACU (730 in chips) 
Mahu2021: posts small blind 15
IDACU: posts big blind 30
*** HOLE CARDS ***
Dealt to Mahu2021 [Ac 5c]
Mahu2021: raises 30 to 60
IDACU: folds 
Uncalled bet (30) returned to Mahu2021
Mahu2021 collected 60 from pot
Mahu2021: doesn't show hand 
*** SUMMARY ***
Total pot 60 | Rake 0 
Seat 1: Mahu2021 (button) (small blind) collected (60)
Seat 3: IDACU (big blind) folded before Flop



PokerStars Hand #253938496755: Tournament #3836096648, $1.84+$0.16 USD Hold'em No Limit - Level II (15/30) - 2024/12/20 14:53:32 CET [2024/12/20 8:53:32 ET]
Table '3836096648 1' 3-max Seat #3 is the button
Seat 1: Mahu2021 (800 in chips) 
Seat 3: IDACU (700 in chips) 
IDACU: posts small blind 15
Mahu2021: posts big blind 30
*** HOLE CARDS ***
Dealt to Mahu2021 [9s 4h]
IDACU: calls 15
Mahu2021: checks 
*** FLOP *** [8s Kc 8c]
Mahu2021: checks 
IDACU: checks 
*** TURN *** [8s Kc 8c] [Ah]
Mahu2021: checks 
IDACU: checks 
*** RIVER *** [8s Kc 8c Ah] [8h]
Mahu2021: checks 
IDACU: bets 30
Mahu2021: folds 
Uncalled bet (30) returned to IDACU
IDACU collected 60 from pot
IDACU: doesn't show hand 
*** SUMMARY ***
Total pot 60 | Rake 0 
Board [8s Kc 8c Ah 8h]
Seat 1: Mahu2021 (big blind) folded on the River
Seat 3: IDACU (button) (small blind) collected (60)



PokerStars Hand #253938499055: Tournament #3836096648, $1.84+$0.16 USD Hold'em No Limit - Level II (15/30) - 2024/12/20 14:53:46 CET [2024/12/20 8:53:46 ET]
Table '3836096648 1' 3-max Seat #1 is the button
Seat 1: Mahu2021 (770 in chips) 
Seat 3: IDACU (730 in chips) 
Mahu2021: posts small blind 15
IDACU: posts big blind 30
*** HOLE CARDS ***
Dealt to Mahu2021 [7d 7s]
Mahu2021: raises 740 to 770 and is all-in
IDACU: folds 
Uncalled bet (740) returned to Mahu2021
Mahu2021 collected 60 from pot
Mahu2021: doesn't show hand 
*** SUMMARY ***
Total pot 60 | Rake 0 
Seat 1: Mahu2021 (button) (small blind) collected (60)
Seat 3: IDACU (big blind) folded before Flop



PokerStars Hand #253938500144: Tournament #3836096648, $1.84+$0.16 USD Hold'em No Limit - Level II (15/30) - 2024/12/20 14:53:52 CET [2024/12/20 8:53:52 ET]
Table '3836096648 1' 3-max Seat #3 is the button
Seat 1: Mahu2021 (800 in chips) 
Seat 3: IDACU (700 in chips) 
IDACU: posts small blind 15
Mahu2021: posts big blind 30
*** HOLE CARDS ***
Dealt to Mahu2021 [2s 5d]
IDACU: raises 30 to 60
Mahu2021: folds 
Uncalled bet (30) returned to IDACU
IDACU collected 60 from pot
IDACU: doesn't show hand 
*** SUMMARY ***
Total pot 60 | Rake 0 
Seat 1: Mahu2021 (big blind) folded before Flop
Seat 3: IDACU (button) (small blind) collected (60)



PokerStars Hand #253938501084: Tournament #3836096648, $1.84+$0.16 USD Hold'em No Limit - Level II (15/30) - 2024/12/20 14:53:58 CET [2024/12/20 8:53:58 ET]
Table '3836096648 1' 3-max Seat #1 is the button
Seat 1: Mahu2021 (770 in chips) 
Seat 3: IDACU (730 in chips) 
Mahu2021: posts small blind 15
IDACU: posts big blind 30
*** HOLE CARDS ***
Dealt to Mahu2021 [Qd 5c]
Mahu2021: raises 30 to 60
IDACU: raises 670 to 730 and is all-in
Mahu2021: folds 
Uncalled bet (670) returned to IDACU
IDACU collected 120 from pot
IDACU: doesn't show hand 
*** SUMMARY ***
Total pot 120 | Rake 0 
Seat 1: Mahu2021 (button) (small blind) folded before Flop
Seat 3: IDACU (big blind) collected (120)



PokerStars Hand #253938502189: Tournament #3836096648, $1.84+$0.16 USD Hold'em No Limit - Level II (15/30) - 2024/12/20 14:54:04 CET [2024/12/20 8:54:04 ET]
Table '3836096648 1' 3-max Seat #3 is the button
Seat 1: Mahu2021 (710 in chips) 
Seat 3: IDACU (790 in chips) 
IDACU: posts small blind 15
Mahu2021: posts big blind 30
*** HOLE CARDS ***
Dealt to Mahu2021 [3h 6c]
IDACU: raises 30 to 60
Mahu2021: folds 
Uncalled bet (30) returned to IDACU
IDACU collected 60 from pot
IDACU: doesn't show hand 
*** SUMMARY ***
Total pot 60 | Rake 0 
Seat 1: Mahu2021 (big blind) folded before Flop
Seat 3: IDACU (button) (small blind) collected (60)



PokerStars Hand #253938503036: Tournament #3836096648, $1.84+$0.16 USD Hold'em No Limit - Level II (15/30) - 2024/12/20 14:54:09 CET [2024/12/20 8:54:09 ET]
Table '3836096648 1' 3-max Seat #1 is the button
Seat 1: Mahu2021 (680 in chips) 
Seat 3: IDACU (820 in chips) 
Mahu2021: posts small blind 15
IDACU: posts big blind 30
*** HOLE CARDS ***
Dealt to Mahu2021 [Ac 9h]
Mahu2021: raises 30 to 60
IDACU: folds 
Uncalled bet (30) returned to Mahu2021
Mahu2021 collected 60 from pot
Mahu2021: doesn't show hand 
*** SUMMARY ***
Total pot 60 | Rake 0 
Seat 1: Mahu2021 (button) (small blind) collected (60)
Seat 3: IDACU (big blind) folded before Flop



PokerStars Hand #253938503957: Tournament #3836096648, $1.84+$0.16 USD Hold'em No Limit - Level II (15/30) - 2024/12/20 14:54:15 CET [2024/12/20 8:54:15 ET]
Table '3836096648 1' 3-max Seat #3 is the button
Seat 1: Mahu2021 (710 in chips) 
Seat 3: IDACU (790 in chips) 
IDACU: posts small blind 15
Mahu2021: posts big blind 30
*** HOLE CARDS ***
Dealt to Mahu2021 [As Kc]
IDACU: calls 15
Mahu2021: raises 90 to 120
IDACU: folds 
Uncalled bet (90) returned to Mahu2021
Mahu2021 collected 60 from pot
Mahu2021: doesn't show hand 
*** SUMMARY ***
Total pot 60 | Rake 0 
Seat 1: Mahu2021 (big blind) collected (60)
Seat 3: IDACU (button) (small blind) folded before Flop



PokerStars Hand #253938505711: Tournament #3836096648, $1.84+$0.16 USD Hold'em No Limit - Level III (20/40) - 2024/12/20 14:54:25 CET [2024/12/20 8:54:25 ET]
Table '3836096648 1' 3-max Seat #1 is the button
Seat 1: Mahu2021 (740 in chips) 
Seat 3: IDACU (760 in chips) 
Mahu2021: posts small blind 20
IDACU: posts big blind 40
*** HOLE CARDS ***
Dealt to Mahu2021 [9h 7s]
Mahu2021: calls 20
IDACU: checks 
*** FLOP *** [3s Jh Td]
IDACU: checks 
Mahu2021: bets 40
IDACU: folds 
Uncalled bet (40) returned to Mahu2021
Mahu2021 collected 80 from pot
Mahu2021: doesn't show hand 
*** SUMMARY ***
Total pot 80 | Rake 0 
Board [3s Jh Td]
Seat 1: Mahu2021 (button) (small blind) collected (80)
Seat 3: IDACU (big blind) folded on the Flop



PokerStars Hand #253938508604: Tournament #3836096648, $1.84+$0.16 USD Hold'em No Limit - Level III (20/40) - 2024/12/20 14:54:42 CET [2024/12/20 8:54:42 ET]
Table '3836096648 1' 3-max Seat #3 is the button
Seat 1: Mahu2021 (780 in chips) 
Seat 3: IDACU (720 in chips) 
IDACU: posts small blind 20
Mahu2021: posts big blind 40
*** HOLE CARDS ***
Dealt to Mahu2021 [Qd 4c]
IDACU: calls 20
Mahu2021: checks 
*** FLOP *** [7d Ac Kh]
Mahu2021: checks 
IDACU: bets 40
Mahu2021: folds 
Uncalled bet (40) returned to IDACU
IDACU collected 80 from pot
IDACU: doesn't show hand 
*** SUMMARY ***
Total pot 80 | Rake 0 
Board [7d Ac Kh]
Seat 1: Mahu2021 (big blind) folded on the Flop
Seat 3: IDACU (button) (small blind) collected (80)



PokerStars Hand #253938510188: Tournament #3836096648, $1.84+$0.16 USD Hold'em No Limit - Level III (20/40) - 2024/12/20 14:54:52 CET [2024/12/20 8:54:52 ET]
Table '3836096648 1' 3-max Seat #1 is the button
Seat 1: Mahu2021 (740 in chips) 
Seat 3: IDACU (760 in chips) 
Mahu2021: posts small blind 20
IDACU: posts big blind 40
*** HOLE CARDS ***
Dealt to Mahu2021 [4d Kh]
Mahu2021: raises 40 to 80
IDACU: raises 680 to 760 and is all-in
Mahu2021: folds 
Uncalled bet (680) returned to IDACU
IDACU collected 160 from pot
IDACU: doesn't show hand 
*** SUMMARY ***
Total pot 160 | Rake 0 
Seat 1: Mahu2021 (button) (small blind) folded before Flop
Seat 3: IDACU (big blind) collected (160)



PokerStars Hand #253938511537: Tournament #3836096648, $1.84+$0.16 USD Hold'em No Limit - Level III (20/40) - 2024/12/20 14:55:00 CET [2024/12/20 8:55:00 ET]
Table '3836096648 1' 3-max Seat #3 is the button
Seat 1: Mahu2021 (660 in chips) 
Seat 3: IDACU (840 in chips) 
IDACU: posts small blind 20
Mahu2021: posts big blind 40
*** HOLE CARDS ***
Dealt to Mahu2021 [Jd Qc]
IDACU: calls 20
Mahu2021: checks 
*** FLOP *** [3d Ks 8d]
Mahu2021: checks 
IDACU: bets 40
Mahu2021: calls 40
*** TURN *** [3d Ks 8d] [Jh]
Mahu2021: checks 
IDACU: checks 
*** RIVER *** [3d Ks 8d Jh] [9h]
Mahu2021: bets 40
IDACU: calls 40
*** SHOW DOWN ***
Mahu2021: shows [Jd Qc] (a pair of Jacks)
IDACU: mucks hand 
Mahu2021 collected 240 from pot
*** SUMMARY ***
Total pot 240 | Rake 0 
Board [3d Ks 8d Jh 9h]
Seat 1: Mahu2021 (big blind) showed [Jd Qc] and won (240) with a pair of Jacks
Seat 3: IDACU (button) (small blind) mucked [8s 7c]



PokerStars Hand #253938513709: Tournament #3836096648, $1.84+$0.16 USD Hold'em No Limit - Level III (20/40) - 2024/12/20 14:55:14 CET [2024/12/20 8:55:14 ET]
Table '3836096648 1' 3-max Seat #1 is the button
Seat 1: Mahu2021 (780 in chips) 
Seat 3: IDACU (720 in chips) 
Mahu2021: posts small blind 20
IDACU: posts big blind 40
*** HOLE CARDS ***
Dealt to Mahu2021 [3c 9s]
Mahu2021: folds 
Uncalled bet (20) returned to IDACU
IDACU collected 40 from pot
IDACU: doesn't show hand 
*** SUMMARY ***
Total pot 40 | Rake 0 
Seat 1: Mahu2021 (button) (small blind) folded before Flop
Seat 3: IDACU (big blind) collected (40)



PokerStars Hand #253938514517: Tournament #3836096648, $1.84+$0.16 USD Hold'em No Limit - Level III (20/40) - 2024/12/20 14:55:20 CET [2024/12/20 8:55:20 ET]
Table '3836096648 1' 3-max Seat #3 is the button
Seat 1: Mahu2021 (760 in chips) 
Seat 3: IDACU (740 in chips) 
IDACU: posts small blind 20
Mahu2021: posts big blind 40
*** HOLE CARDS ***
Dealt to Mahu2021 [9c 3h]
IDACU: calls 20
Mahu2021: checks 
*** FLOP *** [7h Jc Js]
Mahu2021: checks 
IDACU: bets 40
Mahu2021: folds 
Uncalled bet (40) returned to IDACU
IDACU collected 80 from pot
IDACU: doesn't show hand 
*** SUMMARY ***
Total pot 80 | Rake 0 
Board [7h Jc Js]
Seat 1: Mahu2021 (big blind) folded on the Flop
Seat 3: IDACU (button) (small blind) collected (80)



PokerStars Hand #253938516567: Tournament #3836096648, $1.84+$0.16 USD Hold'em No Limit - Level III (20/40) - 2024/12/20 14:55:35 CET [2024/12/20 8:55:35 ET]
Table '3836096648 1' 3-max Seat #1 is the button
Seat 1: Mahu2021 (720 in chips) 
Seat 3: IDACU (780 in chips) 
Mahu2021: posts small blind 20
IDACU: posts big blind 40
*** HOLE CARDS ***
Dealt to Mahu2021 [9h 5s]
Mahu2021: folds 
Uncalled bet (20) returned to IDACU
IDACU collected 40 from pot
IDACU: doesn't show hand 
*** SUMMARY ***
Total pot 40 | Rake 0 
Seat 1: Mahu2021 (button) (small blind) folded before Flop
Seat 3: IDACU (big blind) collected (40)



PokerStars Hand #253938517213: Tournament #3836096648, $1.84+$0.16 USD Hold'em No Limit - Level III (20/40) - 2024/12/20 14:55:40 CET [2024/12/20 8:55:40 ET]
Table '3836096648 1' 3-max Seat #3 is the button
Seat 1: Mahu2021 (700 in chips) 
Seat 3: IDACU (800 in chips) 
IDACU: posts small blind 20
Mahu2021: posts big blind 40
*** HOLE CARDS ***
Dealt to Mahu2021 [5h 3s]
IDACU: raises 760 to 800 and is all-in
Mahu2021: folds 
Uncalled bet (760) returned to IDACU
IDACU collected 80 from pot
IDACU: doesn't show hand 
*** SUMMARY ***
Total pot 80 | Rake 0 
Seat 1: Mahu2021 (big blind) folded before Flop
Seat 3: IDACU (button) (small blind) collected (80)



PokerStars Hand #253938517877: Tournament #3836096648, $1.84+$0.16 USD Hold'em No Limit - Level III (20/40) - 2024/12/20 14:55:45 CET [2024/12/20 8:55:45 ET]
Table '3836096648 1' 3-max Seat #1 is the button
Seat 1: Mahu2021 (660 in chips) 
Seat 3: IDACU (840 in chips) 
Mahu2021: posts small blind 20
IDACU: posts big blind 40
*** HOLE CARDS ***
Dealt to Mahu2021 [3s 5d]
Mahu2021: folds 
Uncalled bet (20) returned to IDACU
IDACU collected 40 from pot
IDACU: doesn't show hand 
*** SUMMARY ***
Total pot 40 | Rake 0 
Seat 1: Mahu2021 (button) (small blind) folded before Flop
Seat 3: IDACU (big blind) collected (40)



PokerStars Hand #253938518429: Tournament #3836096648, $1.84+$0.16 USD Hold'em No Limit - Level III (20/40) - 2024/12/20 14:55:49 CET [2024/12/20 8:55:49 ET]
Table '3836096648 1' 3-max Seat #3 is the button
Seat 1: Mahu2021 (640 in chips) 
Seat 3: IDACU (860 in chips) 
IDACU: posts small blind 20
Mahu2021: posts big blind 40
*** HOLE CARDS ***
Dealt to Mahu2021 [4d Jh]
IDACU: calls 20
Mahu2021: checks 
*** FLOP *** [9s Ks Kc]
Mahu2021: checks 
IDACU: bets 40
Mahu2021: folds 
Uncalled bet (40) returned to IDACU
IDACU collected 80 from pot
IDACU: doesn't show hand 
*** SUMMARY ***
Total pot 80 | Rake 0 
Board [9s Ks Kc]
Seat 1: Mahu2021 (big blind) folded on the Flop
Seat 3: IDACU (button) (small blind) collected (80)



PokerStars Hand #253938519657: Tournament #3836096648, $1.84+$0.16 USD Hold'em No Limit - Level III (20/40) - 2024/12/20 14:55:58 CET [2024/12/20 8:55:58 ET]
Table '3836096648 1' 3-max Seat #1 is the button
Seat 1: Mahu2021 (600 in chips) 
Seat 3: IDACU (900 in chips) 
Mahu2021: posts small blind 20
IDACU: posts big blind 40
*** HOLE CARDS ***
Dealt to Mahu2021 [7c 6s]
Mahu2021: calls 20
IDACU: checks 
*** FLOP *** [2d Ad 5h]
IDACU: checks 
Mahu2021: checks 
*** TURN *** [2d Ad 5h] [8h]
IDACU: bets 60
Mahu2021: calls 60
*** RIVER *** [2d Ad 5h 8h] [Qs]
IDACU: checks 
Mahu2021: bets 120
IDACU: folds 
Uncalled bet (120) returned to Mahu2021
Mahu2021 collected 200 from pot
Mahu2021: doesn't show hand 
*** SUMMARY ***
Total pot 200 | Rake 0 
Board [2d Ad 5h 8h Qs]
Seat 1: Mahu2021 (button) (small blind) collected (200)
Seat 3: IDACU (big blind) folded on the River



PokerStars Hand #253938522123: Tournament #3836096648, $1.84+$0.16 USD Hold'em No Limit - Level III (20/40) - 2024/12/20 14:56:17 CET [2024/12/20 8:56:17 ET]
Table '3836096648 1' 3-max Seat #3 is the button
Seat 1: Mahu2021 (700 in chips) 
Seat 3: IDACU (800 in chips) 
IDACU: posts small blind 20
Mahu2021: posts big blind 40
*** HOLE CARDS ***
Dealt to Mahu2021 [3s Qs]
IDACU: calls 20
Mahu2021: checks 
*** FLOP *** [Qc 3d Kh]
Mahu2021: checks 
IDACU: bets 40
Mahu2021: calls 40
*** TURN *** [Qc 3d Kh] [5c]
Mahu2021: checks 
IDACU: checks 
*** RIVER *** [Qc 3d Kh 5c] [Ks]
Mahu2021: bets 40
IDACU: folds 
Uncalled bet (40) returned to Mahu2021
Mahu2021 collected 160 from pot
Mahu2021: doesn't show hand 
*** SUMMARY ***
Total pot 160 | Rake 0 
Board [Qc 3d Kh 5c Ks]
Seat 1: Mahu2021 (big blind) collected (160)
Seat 3: IDACU (button) (small blind) folded on the River



PokerStars Hand #253938524329: Tournament #3836096648, $1.84+$0.16 USD Hold'em No Limit - Level III (20/40) - 2024/12/20 14:56:33 CET [2024/12/20 8:56:33 ET]
Table '3836096648 1' 3-max Seat #1 is the button
Seat 1: Mahu2021 (780 in chips) 
Seat 3: IDACU (720 in chips) 
Mahu2021: posts small blind 20
IDACU: posts big blind 40
*** HOLE CARDS ***
Dealt to Mahu2021 [8d 9s]
Mahu2021: calls 20
IDACU: raises 80 to 120
Mahu2021: folds 
Uncalled bet (80) returned to IDACU
IDACU collected 80 from pot
IDACU: doesn't show hand 
*** SUMMARY ***
Total pot 80 | Rake 0 
Seat 1: Mahu2021 (button) (small blind) folded before Flop
Seat 3: IDACU (big blind) collected (80)



PokerStars Hand #253938525691: Tournament #3836096648, $1.84+$0.16 USD Hold'em No Limit - Level III (20/40) - 2024/12/20 14:56:43 CET [2024/12/20 8:56:43 ET]
Table '3836096648 1' 3-max Seat #3 is the button
Seat 1: Mahu2021 (740 in chips) 
Seat 3: IDACU (760 in chips) 
IDACU: posts small blind 20
Mahu2021: posts big blind 40
*** HOLE CARDS ***
Dealt to Mahu2021 [2d 5h]
IDACU: calls 20
Mahu2021: checks 
*** FLOP *** [As 6c Ks]
Mahu2021: checks 
IDACU: bets 40
Mahu2021: folds 
Uncalled bet (40) returned to IDACU
IDACU collected 80 from pot
IDACU: doesn't show hand 
*** SUMMARY ***
Total pot 80 | Rake 0 
Board [As 6c Ks]
Seat 1: Mahu2021 (big blind) folded on the Flop
Seat 3: IDACU (button) (small blind) collected (80)



PokerStars Hand #253938527081: Tournament #3836096648, $1.84+$0.16 USD Hold'em No Limit - Level III (20/40) - 2024/12/20 14:56:54 CET [2024/12/20 8:56:54 ET]
Table '3836096648 1' 3-max Seat #1 is the button
Seat 1: Mahu2021 (700 in chips) 
Seat 3: IDACU (800 in chips) 
Mahu2021: posts small blind 20
IDACU: posts big blind 40
*** HOLE CARDS ***
Dealt to Mahu2021 [Tc 3h]
Mahu2021: folds 
Uncalled bet (20) returned to IDACU
IDACU collected 40 from pot
IDACU: doesn't show hand 
*** SUMMARY ***
Total pot 40 | Rake 0 
Seat 1: Mahu2021 (button) (small blind) folded before Flop
Seat 3: IDACU (big blind) collected (40)



PokerStars Hand #253938527619: Tournament #3836096648, $1.84+$0.16 USD Hold'em No Limit - Level III (20/40) - 2024/12/20 14:56:58 CET [2024/12/20 8:56:58 ET]
Table '3836096648 1' 3-max Seat #3 is the button
Seat 1: Mahu2021 (680 in chips) 
Seat 3: IDACU (820 in chips) 
IDACU: posts small blind 20
Mahu2021: posts big blind 40
*** HOLE CARDS ***
Dealt to Mahu2021 [Ts Tc]
IDACU: calls 20
Mahu2021: raises 640 to 680 and is all-in
IDACU: folds 
Uncalled bet (640) returned to Mahu2021
Mahu2021 collected 80 from pot
Mahu2021: doesn't show hand 
*** SUMMARY ***
Total pot 80 | Rake 0 
Seat 1: Mahu2021 (big blind) collected (80)
Seat 3: IDACU (button) (small blind) folded before Flop



PokerStars Hand #253938528838: Tournament #3836096648, $1.84+$0.16 USD Hold'em No Limit - Level III (20/40) - 2024/12/20 14:57:07 CET [2024/12/20 8:57:07 ET]
Table '3836096648 1' 3-max Seat #1 is the button
Seat 1: Mahu2021 (720 in chips) 
Seat 3: IDACU (780 in chips) 
Mahu2021: posts small blind 20
IDACU: posts big blind 40
*** HOLE CARDS ***
Dealt to Mahu2021 [5h Ad]
Mahu2021: raises 680 to 720 and is all-in
IDACU: folds 
Uncalled bet (680) returned to Mahu2021
Mahu2021 collected 80 from pot
Mahu2021: doesn't show hand 
*** SUMMARY ***
Total pot 80 | Rake 0 
Seat 1: Mahu2021 (button) (small blind) collected (80)
Seat 3: IDACU (big blind) folded before Flop



PokerStars Hand #253938529752: Tournament #3836096648, $1.84+$0.16 USD Hold'em No Limit - Level III (20/40) - 2024/12/20 14:57:14 CET [2024/12/20 8:57:14 ET]
Table '3836096648 1' 3-max Seat #3 is the button
Seat 1: Mahu2021 (760 in chips) 
Seat 3: IDACU (740 in chips) 
IDACU: posts small blind 20
Mahu2021: posts big blind 40
*** HOLE CARDS ***
Dealt to Mahu2021 [2c Ad]
IDACU: calls 20
Mahu2021: raises 720 to 760 and is all-in
IDACU: folds 
Uncalled bet (720) returned to Mahu2021
Mahu2021 collected 80 from pot
Mahu2021: doesn't show hand 
*** SUMMARY ***
Total pot 80 | Rake 0 
Seat 1: Mahu2021 (big blind) collected (80)
Seat 3: IDACU (button) (small blind) folded before Flop



PokerStars Hand #253938532279: Tournament #3836096648, $1.84+$0.16 USD Hold'em No Limit - Level IV (30/60) - 2024/12/20 14:57:32 CET [2024/12/20 8:57:32 ET]
Table '3836096648 1' 3-max Seat #1 is the button
Seat 1: Mahu2021 (800 in chips) 
Seat 3: IDACU (700 in chips) 
Mahu2021: posts small blind 30
IDACU: posts big blind 60
*** HOLE CARDS ***
Dealt to Mahu2021 [7h Qh]
Mahu2021: raises 740 to 800 and is all-in
IDACU: folds 
Uncalled bet (740) returned to Mahu2021
Mahu2021 collected 120 from pot
Mahu2021: doesn't show hand 
*** SUMMARY ***
Total pot 120 | Rake 0 
Seat 1: Mahu2021 (button) (small blind) collected (120)
Seat 3: IDACU (big blind) folded before Flop



PokerStars Hand #253938533245: Tournament #3836096648, $1.84+$0.16 USD Hold'em No Limit - Level IV (30/60) - 2024/12/20 14:57:39 CET [2024/12/20 8:57:39 ET]
Table '3836096648 1' 3-max Seat #3 is the button
Seat 1: Mahu2021 (860 in chips) 
Seat 3: IDACU (640 in chips) 
IDACU: posts small blind 30
Mahu2021: posts big blind 60
*** HOLE CARDS ***
Dealt to Mahu2021 [Ks 9d]
IDACU: calls 30
Mahu2021: raises 800 to 860 and is all-in
IDACU: folds 
Uncalled bet (800) returned to Mahu2021
Mahu2021 collected 120 from pot
Mahu2021: doesn't show hand 
*** SUMMARY ***
Total pot 120 | Rake 0 
Seat 1: Mahu2021 (big blind) collected (120)
Seat 3: IDACU (button) (small blind) folded before Flop



PokerStars Hand #253938534298: Tournament #3836096648, $1.84+$0.16 USD Hold'em No Limit - Level IV (30/60) - 2024/12/20 14:57:47 CET [2024/12/20 8:57:47 ET]
Table '3836096648 1' 3-max Seat #1 is the button
Seat 1: Mahu2021 (920 in chips) 
Seat 3: IDACU (580 in chips) 
Mahu2021: posts small blind 30
IDACU: posts big blind 60
*** HOLE CARDS ***
Dealt to Mahu2021 [8c 5c]
Mahu2021: raises 860 to 920 and is all-in
IDACU: calls 520 and is all-in
Uncalled bet (340) returned to Mahu2021
*** FLOP *** [7d 3s Js]
*** TURN *** [7d 3s Js] [2h]
*** RIVER *** [7d 3s Js 2h] [Kd]
*** SHOW DOWN ***
IDACU: shows [Qd Qh] (a pair of Queens)
Mahu2021: shows [8c 5c] (high card King)
IDACU collected 1160 from pot
*** SUMMARY ***
Total pot 1160 | Rake 0 
Board [7d 3s Js 2h Kd]
Seat 1: Mahu2021 (button) (small blind) showed [8c 5c] and lost with high card King
Seat 3: IDACU (big blind) showed [Qd Qh] and won (1160) with a pair of Queens



PokerStars Hand #253938536052: Tournament #3836096648, $1.84+$0.16 USD Hold'em No Limit - Level IV (30/60) - 2024/12/20 14:58:00 CET [2024/12/20 8:58:00 ET]
Table '3836096648 1' 3-max Seat #3 is the button
Seat 1: Mahu2021 (340 in chips) 
Seat 3: IDACU (1160 in chips) 
IDACU: posts small blind 30
Mahu2021: posts big blind 60
*** HOLE CARDS ***
Dealt to Mahu2021 [Ts 2h]
IDACU: raises 1100 to 1160 and is all-in
Mahu2021: calls 280 and is all-in
Uncalled bet (820) returned to IDACU
*** FLOP *** [Ac Kc 5s]
*** TURN *** [Ac Kc 5s] [5c]
*** RIVER *** [Ac Kc 5s 5c] [9d]
*** SHOW DOWN ***
Mahu2021: shows [Ts 2h] (a pair of Fives)
IDACU: shows [5d Jh] (three of a kind, Fives)
IDACU collected 680 from pot
Mahu2021 finished the tournament in 2nd place
IDACU wins the tournament and receives $8.00 - congratulations!
*** SUMMARY ***
Total pot 680 | Rake 0 
Board [Ac Kc 5s 5c 9d]
Seat 1: Mahu2021 (big blind) showed [Ts 2h] and lost with a pair of Fives
Seat 3: IDACU (button) (small blind) showed [5d Jh] and won (680) with three of a kind, Fives



