PokerStars Hand #253356114208: Tournament #3822419631, $1.84+$0.16 USD Hold'em No Limit - Level I (10/20) - 2024/11/11 12:54:05 CET [2024/11/11 6:54:05 ET]
Table '3822419631 1' 3-max Seat #1 is the button
Seat 1: semirami2 (500 in chips) 
Seat 2: Bogdan190606 (500 in chips) 
Seat 3: Mahu2021 (500 in chips) 
Bogdan190606: posts small blind 10
Mahu2021: posts big blind 20
*** HOLE CARDS ***
Dealt to Mahu2021 [8s 2s]
semirami2: raises 20 to 40
Bogdan190606: folds 
Mahu2021: calls 20
*** FLOP *** [Kc 7s 4d]
Mahu2021: checks 
semirami2: bets 59
Mahu2021: folds 
Uncalled bet (59) returned to semirami2
semirami2 collected 90 from pot
semirami2: doesn't show hand 
*** SUMMARY ***
Total pot 90 | Rake 0 
Board [Kc 7s 4d]
Seat 1: semirami2 (button) collected (90)
Seat 2: Bogdan190606 (small blind) folded before Flop
Seat 3: Mahu2021 (big blind) folded on the Flop



PokerStars Hand #253356115551: Tournament #3822419631, $1.84+$0.16 USD Hold'em No Limit - Level I (10/20) - 2024/11/11 12:54:15 CET [2024/11/11 6:54:15 ET]
Table '3822419631 1' 3-max Seat #2 is the button
Seat 1: semirami2 (550 in chips) 
Seat 2: Bogdan190606 (490 in chips) 
Seat 3: Mahu2021 (460 in chips) 
Mahu2021: posts small blind 10
semirami2: posts big blind 20
*** HOLE CARDS ***
Dealt to Mahu2021 [Kd 8c]
Bogdan190606: folds 
Mahu2021: calls 10
semirami2: checks 
*** FLOP *** [3s 9c 5c]
Mahu2021: checks 
semirami2: checks 
*** TURN *** [3s 9c 5c] [5s]
Mahu2021: checks 
semirami2: checks 
*** RIVER *** [3s 9c 5c 5s] [8h]
Mahu2021: bets 40
semirami2: calls 40
*** SHOW DOWN ***
Mahu2021: shows [Kd 8c] (two pair, Eights and Fives)
semirami2: mucks hand 
Mahu2021 collected 120 from pot
*** SUMMARY ***
Total pot 120 | Rake 0 
Board [3s 9c 5c 5s 8h]
Seat 1: semirami2 (big blind) mucked [8s 2d]
Seat 2: Bogdan190606 (button) folded before Flop (didn't bet)
Seat 3: Mahu2021 (small blind) showed [Kd 8c] and won (120) with two pair, Eights and Fives



PokerStars Hand #253356117754: Tournament #3822419631, $1.84+$0.16 USD Hold'em No Limit - Level I (10/20) - 2024/11/11 12:54:32 CET [2024/11/11 6:54:32 ET]
Table '3822419631 1' 3-max Seat #3 is the button
Seat 1: semirami2 (490 in chips) 
Seat 2: Bogdan190606 (490 in chips) 
Seat 3: Mahu2021 (520 in chips) 
semirami2: posts small blind 10
Bogdan190606: posts big blind 20
*** HOLE CARDS ***
Dealt to Mahu2021 [3c Qs]
Mahu2021: folds 
semirami2: folds 
Uncalled bet (10) returned to Bogdan190606
Bogdan190606 collected 20 from pot
*** SUMMARY ***
Total pot 20 | Rake 0 
Seat 1: semirami2 (small blind) folded before Flop
Seat 2: Bogdan190606 (big blind) collected (20)
Seat 3: Mahu2021 (button) folded before Flop (didn't bet)



PokerStars Hand #253356118330: Tournament #3822419631, $1.84+$0.16 USD Hold'em No Limit - Level I (10/20) - 2024/11/11 12:54:37 CET [2024/11/11 6:54:37 ET]
Table '3822419631 1' 3-max Seat #1 is the button
Seat 1: semirami2 (480 in chips) 
Seat 2: Bogdan190606 (500 in chips) 
Seat 3: Mahu2021 (520 in chips) 
Bogdan190606: posts small blind 10
Mahu2021: posts big blind 20
*** HOLE CARDS ***
Dealt to Mahu2021 [2d 8c]
semirami2: folds 
Bogdan190606: calls 10
Mahu2021: checks 
*** FLOP *** [Th 3c Kc]
Bogdan190606: checks 
Mahu2021: checks 
*** TURN *** [Th 3c Kc] [9c]
Bogdan190606: checks 
Mahu2021: bets 40
Bogdan190606: folds 
Uncalled bet (40) returned to Mahu2021
Mahu2021 collected 40 from pot
Mahu2021: doesn't show hand 
*** SUMMARY ***
Total pot 40 | Rake 0 
Board [Th 3c Kc 9c]
Seat 1: semirami2 (button) folded before Flop (didn't bet)
Seat 2: Bogdan190606 (small blind) folded on the Turn
Seat 3: Mahu2021 (big blind) collected (40)



PokerStars Hand #253356120150: Tournament #3822419631, $1.84+$0.16 USD Hold'em No Limit - Level I (10/20) - 2024/11/11 12:54:51 CET [2024/11/11 6:54:51 ET]
Table '3822419631 1' 3-max Seat #2 is the button
Seat 1: semirami2 (480 in chips) 
Seat 2: Bogdan190606 (480 in chips) 
Seat 3: Mahu2021 (540 in chips) 
Mahu2021: posts small blind 10
semirami2: posts big blind 20
*** HOLE CARDS ***
Dealt to Mahu2021 [Jh 3c]
Bogdan190606: raises 50 to 70
Mahu2021: folds 
semirami2: calls 50
*** FLOP *** [9s 8c 6d]
semirami2: checks 
Bogdan190606: bets 75
semirami2: raises 335 to 410 and is all-in
Bogdan190606: calls 335 and is all-in
*** TURN *** [9s 8c 6d] [Qh]
*** RIVER *** [9s 8c 6d Qh] [8s]
*** SHOW DOWN ***
semirami2: shows [9h Ac] (two pair, Nines and Eights)
Bogdan190606: shows [Qs Ah] (two pair, Queens and Eights)
Bogdan190606 collected 970 from pot
semirami2 finished the tournament in 3rd place
*** SUMMARY ***
Total pot 970 | Rake 0 
Board [9s 8c 6d Qh 8s]
Seat 1: semirami2 (big blind) showed [9h Ac] and lost with two pair, Nines and Eights
Seat 2: Bogdan190606 (button) showed [Qs Ah] and won (970) with two pair, Queens and Eights
Seat 3: Mahu2021 (small blind) folded before Flop



PokerStars Hand #253356122805: Tournament #3822419631, $1.84+$0.16 USD Hold'em No Limit - Level I (10/20) - 2024/11/11 12:55:12 CET [2024/11/11 6:55:12 ET]
Table '3822419631 1' 3-max Seat #3 is the button
Seat 2: Bogdan190606 (970 in chips) 
Seat 3: Mahu2021 (530 in chips) 
Mahu2021: posts small blind 10
Bogdan190606: posts big blind 20
*** HOLE CARDS ***
Dealt to Mahu2021 [2d Jh]
Mahu2021: raises 20 to 40
Bogdan190606: calls 20
*** FLOP *** [3s 4d Jd]
Bogdan190606: checks 
Mahu2021: bets 40
Bogdan190606: calls 40
*** TURN *** [3s 4d Jd] [4c]
Bogdan190606: checks 
Mahu2021: bets 40
Bogdan190606: calls 40
*** RIVER *** [3s 4d Jd 4c] [2c]
Bogdan190606: checks 
Mahu2021: checks 
*** SHOW DOWN ***
Bogdan190606: shows [3h 7h] (two pair, Fours and Threes)
Mahu2021: shows [2d Jh] (two pair, Jacks and Fours)
Mahu2021 collected 240 from pot
*** SUMMARY ***
Total pot 240 | Rake 0 
Board [3s 4d Jd 4c 2c]
Seat 2: Bogdan190606 (big blind) showed [3h 7h] and lost with two pair, Fours and Threes
Seat 3: Mahu2021 (button) (small blind) showed [2d Jh] and won (240) with two pair, Jacks and Fours



PokerStars Hand #253356124599: Tournament #3822419631, $1.84+$0.16 USD Hold'em No Limit - Level I (10/20) - 2024/11/11 12:55:29 CET [2024/11/11 6:55:29 ET]
Table '3822419631 1' 3-max Seat #2 is the button
Seat 2: Bogdan190606 (850 in chips) 
Seat 3: Mahu2021 (650 in chips) 
Bogdan190606: posts small blind 10
Mahu2021: posts big blind 20
*** HOLE CARDS ***
Dealt to Mahu2021 [Ac 3d]
Bogdan190606: raises 20 to 40
Mahu2021: calls 20
*** FLOP *** [9h Kh Ad]
Mahu2021: checks 
Bogdan190606: bets 40
Mahu2021: calls 40
*** TURN *** [9h Kh Ad] [8c]
Mahu2021: checks 
Bogdan190606: bets 60
Mahu2021: calls 60
*** RIVER *** [9h Kh Ad 8c] [4h]
Mahu2021: checks 
Bogdan190606: checks 
*** SHOW DOWN ***
Mahu2021: shows [Ac 3d] (a pair of Aces)
Bogdan190606: mucks hand 
Mahu2021 collected 280 from pot
*** SUMMARY ***
Total pot 280 | Rake 0 
Board [9h Kh Ad 8c 4h]
Seat 2: Bogdan190606 (button) (small blind) mucked [Kd 7d]
Seat 3: Mahu2021 (big blind) showed [Ac 3d] and won (280) with a pair of Aces



PokerStars Hand #253356126474: Tournament #3822419631, $1.84+$0.16 USD Hold'em No Limit - Level I (10/20) - 2024/11/11 12:55:46 CET [2024/11/11 6:55:46 ET]
Table '3822419631 1' 3-max Seat #3 is the button
Seat 2: Bogdan190606 (710 in chips) 
Seat 3: Mahu2021 (790 in chips) 
Mahu2021: posts small blind 10
Bogdan190606: posts big blind 20
*** HOLE CARDS ***
Dealt to Mahu2021 [Tc Qh]
Mahu2021: raises 20 to 40
Bogdan190606: calls 20
*** FLOP *** [2d 5h 9c]
Bogdan190606: bets 40
Mahu2021: folds 
Uncalled bet (40) returned to Bogdan190606
Bogdan190606 collected 80 from pot
*** SUMMARY ***
Total pot 80 | Rake 0 
Board [2d 5h 9c]
Seat 2: Bogdan190606 (big blind) collected (80)
Seat 3: Mahu2021 (button) (small blind) folded on the Flop



PokerStars Hand #253356127517: Tournament #3822419631, $1.84+$0.16 USD Hold'em No Limit - Level I (10/20) - 2024/11/11 12:55:56 CET [2024/11/11 6:55:56 ET]
Table '3822419631 1' 3-max Seat #2 is the button
Seat 2: Bogdan190606 (750 in chips) 
Seat 3: Mahu2021 (750 in chips) 
Bogdan190606: posts small blind 10
Mahu2021: posts big blind 20
*** HOLE CARDS ***
Dealt to Mahu2021 [3d 5d]
Bogdan190606: calls 10
Mahu2021: checks 
*** FLOP *** [7s 6h Ts]
Mahu2021: checks 
Bogdan190606: bets 20
Mahu2021: calls 20
*** TURN *** [7s 6h Ts] [7h]
Mahu2021: checks 
Bogdan190606: bets 60
Mahu2021: folds 
Uncalled bet (60) returned to Bogdan190606
Bogdan190606 collected 80 from pot
*** SUMMARY ***
Total pot 80 | Rake 0 
Board [7s 6h Ts 7h]
Seat 2: Bogdan190606 (button) (small blind) collected (80)
Seat 3: Mahu2021 (big blind) folded on the Turn



PokerStars Hand #253356129184: Tournament #3822419631, $1.84+$0.16 USD Hold'em No Limit - Level II (15/30) - 2024/11/11 12:56:12 CET [2024/11/11 6:56:12 ET]
Table '3822419631 1' 3-max Seat #3 is the button
Seat 2: Bogdan190606 (790 in chips) 
Seat 3: Mahu2021 (710 in chips) 
Mahu2021: posts small blind 15
Bogdan190606: posts big blind 30
*** HOLE CARDS ***
Dealt to Mahu2021 [5s 2h]
Mahu2021: folds 
Uncalled bet (15) returned to Bogdan190606
Bogdan190606 collected 30 from pot
*** SUMMARY ***
Total pot 30 | Rake 0 
Seat 2: Bogdan190606 (big blind) collected (30)
Seat 3: Mahu2021 (button) (small blind) folded before Flop



PokerStars Hand #253356129710: Tournament #3822419631, $1.84+$0.16 USD Hold'em No Limit - Level II (15/30) - 2024/11/11 12:56:16 CET [2024/11/11 6:56:16 ET]
Table '3822419631 1' 3-max Seat #2 is the button
Seat 2: Bogdan190606 (805 in chips) 
Seat 3: Mahu2021 (695 in chips) 
Bogdan190606: posts small blind 15
Mahu2021: posts big blind 30
*** HOLE CARDS ***
Dealt to Mahu2021 [7s 5c]
Bogdan190606: calls 15
Mahu2021: checks 
*** FLOP *** [Ac 2d 5d]
Mahu2021: checks 
Bogdan190606: checks 
*** TURN *** [Ac 2d 5d] [2c]
Mahu2021: checks 
Bogdan190606: bets 60
Mahu2021: calls 60
*** RIVER *** [Ac 2d 5d 2c] [2s]
Mahu2021: checks 
Bogdan190606: checks 
*** SHOW DOWN ***
Mahu2021: shows [7s 5c] (a full house, Deuces full of Fives)
Bogdan190606: mucks hand 
Mahu2021 collected 180 from pot
*** SUMMARY ***
Total pot 180 | Rake 0 
Board [Ac 2d 5d 2c 2s]
Seat 2: Bogdan190606 (button) (small blind) mucked [6d Qd]
Seat 3: Mahu2021 (big blind) showed [7s 5c] and won (180) with a full house, Deuces full of Fives



PokerStars Hand #253356131324: Tournament #3822419631, $1.84+$0.16 USD Hold'em No Limit - Level II (15/30) - 2024/11/11 12:56:31 CET [2024/11/11 6:56:31 ET]
Table '3822419631 1' 3-max Seat #3 is the button
Seat 2: Bogdan190606 (715 in chips) 
Seat 3: Mahu2021 (785 in chips) 
Mahu2021: posts small blind 15
Bogdan190606: posts big blind 30
*** HOLE CARDS ***
Dealt to Mahu2021 [9c Kd]
Mahu2021: raises 30 to 60
Bogdan190606: calls 30
*** FLOP *** [Th Js 6d]
Bogdan190606: checks 
Mahu2021: checks 
*** TURN *** [Th Js 6d] [8d]
Bogdan190606: bets 60
Mahu2021: calls 60
*** RIVER *** [Th Js 6d 8d] [Td]
Bogdan190606: bets 90
Mahu2021: folds 
Uncalled bet (90) returned to Bogdan190606
Bogdan190606 collected 240 from pot
*** SUMMARY ***
Total pot 240 | Rake 0 
Board [Th Js 6d 8d Td]
Seat 2: Bogdan190606 (big blind) collected (240)
Seat 3: Mahu2021 (button) (small blind) folded on the River



PokerStars Hand #253356132977: Tournament #3822419631, $1.84+$0.16 USD Hold'em No Limit - Level II (15/30) - 2024/11/11 12:56:46 CET [2024/11/11 6:56:46 ET]
Table '3822419631 1' 3-max Seat #2 is the button
Seat 2: Bogdan190606 (835 in chips) 
Seat 3: Mahu2021 (665 in chips) 
Bogdan190606: posts small blind 15
Mahu2021: posts big blind 30
*** HOLE CARDS ***
Dealt to Mahu2021 [8s 3d]
Bogdan190606: calls 15
Mahu2021: checks 
*** FLOP *** [Ac 8h Jc]
Mahu2021: checks 
Bogdan190606: checks 
*** TURN *** [Ac 8h Jc] [2s]
Mahu2021: checks 
Bogdan190606: bets 30
Mahu2021: calls 30
*** RIVER *** [Ac 8h Jc 2s] [9c]
Mahu2021: checks 
Bogdan190606: bets 90
Mahu2021: raises 120 to 210
Bogdan190606: raises 565 to 775 and is all-in
Mahu2021: folds 
Uncalled bet (565) returned to Bogdan190606
Bogdan190606 collected 540 from pot
*** SUMMARY ***
Total pot 540 | Rake 0 
Board [Ac 8h Jc 2s 9c]
Seat 2: Bogdan190606 (button) (small blind) collected (540)
Seat 3: Mahu2021 (big blind) folded on the River



PokerStars Hand #253356134946: Tournament #3822419631, $1.84+$0.16 USD Hold'em No Limit - Level II (15/30) - 2024/11/11 12:57:04 CET [2024/11/11 6:57:04 ET]
Table '3822419631 1' 3-max Seat #3 is the button
Seat 2: Bogdan190606 (1105 in chips) 
Seat 3: Mahu2021 (395 in chips) 
Mahu2021: posts small blind 15
Bogdan190606: posts big blind 30
*** HOLE CARDS ***
Dealt to Mahu2021 [Ac Td]
Mahu2021: raises 30 to 60
Bogdan190606: calls 30
*** FLOP *** [9s Kd 7d]
Bogdan190606: checks 
Mahu2021: bets 60
Bogdan190606: calls 60
*** TURN *** [9s Kd 7d] [As]
Bogdan190606: checks 
Mahu2021: bets 275 and is all-in
Bogdan190606: folds 
Uncalled bet (275) returned to Mahu2021
Mahu2021 collected 240 from pot
Mahu2021: doesn't show hand 
*** SUMMARY ***
Total pot 240 | Rake 0 
Board [9s Kd 7d As]
Seat 2: Bogdan190606 (big blind) folded on the Turn
Seat 3: Mahu2021 (button) (small blind) collected (240)



PokerStars Hand #253356136522: Tournament #3822419631, $1.84+$0.16 USD Hold'em No Limit - Level II (15/30) - 2024/11/11 12:57:18 CET [2024/11/11 6:57:18 ET]
Table '3822419631 1' 3-max Seat #2 is the button
Seat 2: Bogdan190606 (985 in chips) 
Seat 3: Mahu2021 (515 in chips) 
Bogdan190606: posts small blind 15
Mahu2021: posts big blind 30
*** HOLE CARDS ***
Dealt to Mahu2021 [2c Qc]
Bogdan190606: folds 
Uncalled bet (15) returned to Mahu2021
Mahu2021 collected 30 from pot
Mahu2021: doesn't show hand 
*** SUMMARY ***
Total pot 30 | Rake 0 
Seat 2: Bogdan190606 (button) (small blind) folded before Flop
Seat 3: Mahu2021 (big blind) collected (30)



PokerStars Hand #253356136993: Tournament #3822419631, $1.84+$0.16 USD Hold'em No Limit - Level II (15/30) - 2024/11/11 12:57:22 CET [2024/11/11 6:57:22 ET]
Table '3822419631 1' 3-max Seat #3 is the button
Seat 2: Bogdan190606 (970 in chips) 
Seat 3: Mahu2021 (530 in chips) 
Mahu2021: posts small blind 15
Bogdan190606: posts big blind 30
*** HOLE CARDS ***
Dealt to Mahu2021 [Jh 5c]
Mahu2021: raises 30 to 60
Bogdan190606: calls 30
*** FLOP *** [2c Tc 4s]
Bogdan190606: checks 
Mahu2021: checks 
*** TURN *** [2c Tc 4s] [Td]
Bogdan190606: checks 
Mahu2021: checks 
*** RIVER *** [2c Tc 4s Td] [9d]
Bogdan190606: checks 
Mahu2021: checks 
*** SHOW DOWN ***
Bogdan190606: shows [2h Kc] (two pair, Tens and Deuces)
Mahu2021: mucks hand 
Bogdan190606 collected 120 from pot
*** SUMMARY ***
Total pot 120 | Rake 0 
Board [2c Tc 4s Td 9d]
Seat 2: Bogdan190606 (big blind) showed [2h Kc] and won (120) with two pair, Tens and Deuces
Seat 3: Mahu2021 (button) (small blind) mucked [Jh 5c]



PokerStars Hand #253356138387: Tournament #3822419631, $1.84+$0.16 USD Hold'em No Limit - Level II (15/30) - 2024/11/11 12:57:35 CET [2024/11/11 6:57:35 ET]
Table '3822419631 1' 3-max Seat #2 is the button
Seat 2: Bogdan190606 (1030 in chips) 
Seat 3: Mahu2021 (470 in chips) 
Bogdan190606: posts small blind 15
Mahu2021: posts big blind 30
*** HOLE CARDS ***
Dealt to Mahu2021 [9d 8c]
Bogdan190606: calls 15
Mahu2021: checks 
*** FLOP *** [9s 6s 8d]
Mahu2021: checks 
Bogdan190606: checks 
*** TURN *** [9s 6s 8d] [Ac]
Mahu2021: checks 
Bogdan190606: checks 
*** RIVER *** [9s 6s 8d Ac] [Qs]
Mahu2021: bets 440 and is all-in
Bogdan190606: folds 
Uncalled bet (440) returned to Mahu2021
Mahu2021 collected 60 from pot
Mahu2021: doesn't show hand 
*** SUMMARY ***
Total pot 60 | Rake 0 
Board [9s 6s 8d Ac Qs]
Seat 2: Bogdan190606 (button) (small blind) folded on the River
Seat 3: Mahu2021 (big blind) collected (60)



PokerStars Hand #253356139860: Tournament #3822419631, $1.84+$0.16 USD Hold'em No Limit - Level II (15/30) - 2024/11/11 12:57:48 CET [2024/11/11 6:57:48 ET]
Table '3822419631 1' 3-max Seat #3 is the button
Seat 2: Bogdan190606 (1000 in chips) 
Seat 3: Mahu2021 (500 in chips) 
Mahu2021: posts small blind 15
Bogdan190606: posts big blind 30
*** HOLE CARDS ***
Dealt to Mahu2021 [Qh 3s]
Mahu2021: raises 30 to 60
Bogdan190606: calls 30
*** FLOP *** [7d 3d Th]
Bogdan190606: checks 
Mahu2021: bets 60
Bogdan190606: folds 
Uncalled bet (60) returned to Mahu2021
Mahu2021 collected 120 from pot
Mahu2021: doesn't show hand 
*** SUMMARY ***
Total pot 120 | Rake 0 
Board [7d 3d Th]
Seat 2: Bogdan190606 (big blind) folded on the Flop
Seat 3: Mahu2021 (button) (small blind) collected (120)



PokerStars Hand #253356140839: Tournament #3822419631, $1.84+$0.16 USD Hold'em No Limit - Level II (15/30) - 2024/11/11 12:57:57 CET [2024/11/11 6:57:57 ET]
Table '3822419631 1' 3-max Seat #2 is the button
Seat 2: Bogdan190606 (940 in chips) 
Seat 3: Mahu2021 (560 in chips) 
Bogdan190606: posts small blind 15
Mahu2021: posts big blind 30
*** HOLE CARDS ***
Dealt to Mahu2021 [Ah 3d]
Bogdan190606: folds 
Uncalled bet (15) returned to Mahu2021
Mahu2021 collected 30 from pot
Mahu2021: doesn't show hand 
*** SUMMARY ***
Total pot 30 | Rake 0 
Seat 2: Bogdan190606 (button) (small blind) folded before Flop
Seat 3: Mahu2021 (big blind) collected (30)



PokerStars Hand #253356141269: Tournament #3822419631, $1.84+$0.16 USD Hold'em No Limit - Level II (15/30) - 2024/11/11 12:58:01 CET [2024/11/11 6:58:01 ET]
Table '3822419631 1' 3-max Seat #3 is the button
Seat 2: Bogdan190606 (925 in chips) 
Seat 3: Mahu2021 (575 in chips) 
Mahu2021: posts small blind 15
Bogdan190606: posts big blind 30
*** HOLE CARDS ***
Dealt to Mahu2021 [Qc 9d]
Mahu2021: raises 30 to 60
Bogdan190606: calls 30
*** FLOP *** [3s Jd 2s]
Bogdan190606: checks 
Mahu2021: checks 
*** TURN *** [3s Jd 2s] [3d]
Bogdan190606: checks 
Mahu2021: checks 
*** RIVER *** [3s Jd 2s 3d] [6h]
Bogdan190606: checks 
Mahu2021: checks 
*** SHOW DOWN ***
Bogdan190606: shows [Kc 5c] (a pair of Threes)
Mahu2021: mucks hand 
Bogdan190606 collected 120 from pot
*** SUMMARY ***
Total pot 120 | Rake 0 
Board [3s Jd 2s 3d 6h]
Seat 2: Bogdan190606 (big blind) showed [Kc 5c] and won (120) with a pair of Threes
Seat 3: Mahu2021 (button) (small blind) mucked [Qc 9d]



PokerStars Hand #253356142932: Tournament #3822419631, $1.84+$0.16 USD Hold'em No Limit - Level III (20/40) - 2024/11/11 12:58:16 CET [2024/11/11 6:58:16 ET]
Table '3822419631 1' 3-max Seat #2 is the button
Seat 2: Bogdan190606 (985 in chips) 
Seat 3: Mahu2021 (515 in chips) 
Bogdan190606: posts small blind 20
Mahu2021: posts big blind 40
*** HOLE CARDS ***
Dealt to Mahu2021 [5c 9s]
Bogdan190606: calls 20
Mahu2021: checks 
*** FLOP *** [7c Kh Ah]
Mahu2021: checks 
Bogdan190606: checks 
*** TURN *** [7c Kh Ah] [9d]
Mahu2021: checks 
Bogdan190606: checks 
*** RIVER *** [7c Kh Ah 9d] [9c]
Mahu2021: bets 475 and is all-in
Bogdan190606: folds 
Uncalled bet (475) returned to Mahu2021
Mahu2021 collected 80 from pot
Mahu2021: doesn't show hand 
*** SUMMARY ***
Total pot 80 | Rake 0 
Board [7c Kh Ah 9d 9c]
Seat 2: Bogdan190606 (button) (small blind) folded on the River
Seat 3: Mahu2021 (big blind) collected (80)



PokerStars Hand #253356144337: Tournament #3822419631, $1.84+$0.16 USD Hold'em No Limit - Level III (20/40) - 2024/11/11 12:58:30 CET [2024/11/11 6:58:30 ET]
Table '3822419631 1' 3-max Seat #3 is the button
Seat 2: Bogdan190606 (945 in chips) 
Seat 3: Mahu2021 (555 in chips) 
Mahu2021: posts small blind 20
Bogdan190606: posts big blind 40
*** HOLE CARDS ***
Dealt to Mahu2021 [Td 8c]
Mahu2021: raises 40 to 80
Bogdan190606: calls 40
*** FLOP *** [Tc 4h 2h]
Bogdan190606: checks 
Mahu2021: bets 475 and is all-in
Bogdan190606: folds 
Uncalled bet (475) returned to Mahu2021
Mahu2021 collected 160 from pot
Mahu2021: doesn't show hand 
*** SUMMARY ***
Total pot 160 | Rake 0 
Board [Tc 4h 2h]
Seat 2: Bogdan190606 (big blind) folded on the Flop
Seat 3: Mahu2021 (button) (small blind) collected (160)



PokerStars Hand #253356145605: Tournament #3822419631, $1.84+$0.16 USD Hold'em No Limit - Level III (20/40) - 2024/11/11 12:58:41 CET [2024/11/11 6:58:41 ET]
Table '3822419631 1' 3-max Seat #2 is the button
Seat 2: Bogdan190606 (865 in chips) 
Seat 3: Mahu2021 (635 in chips) 
Bogdan190606: posts small blind 20
Mahu2021: posts big blind 40
*** HOLE CARDS ***
Dealt to Mahu2021 [4c Th]
Bogdan190606: calls 20
Mahu2021: checks 
*** FLOP *** [Kc 9c 9h]
Mahu2021: checks 
Bogdan190606: checks 
*** TURN *** [Kc 9c 9h] [Qd]
Mahu2021: checks 
Bogdan190606: bets 80
Mahu2021: folds 
Uncalled bet (80) returned to Bogdan190606
Bogdan190606 collected 80 from pot
*** SUMMARY ***
Total pot 80 | Rake 0 
Board [Kc 9c 9h Qd]
Seat 2: Bogdan190606 (button) (small blind) collected (80)
Seat 3: Mahu2021 (big blind) folded on the Turn



PokerStars Hand #253356146827: Tournament #3822419631, $1.84+$0.16 USD Hold'em No Limit - Level III (20/40) - 2024/11/11 12:58:53 CET [2024/11/11 6:58:53 ET]
Table '3822419631 1' 3-max Seat #3 is the button
Seat 2: Bogdan190606 (905 in chips) 
Seat 3: Mahu2021 (595 in chips) 
Mahu2021: posts small blind 20
Bogdan190606: posts big blind 40
*** HOLE CARDS ***
Dealt to Mahu2021 [Kc Ac]
Mahu2021: raises 40 to 80
Bogdan190606: folds 
Uncalled bet (40) returned to Mahu2021
Mahu2021 collected 80 from pot
Mahu2021: doesn't show hand 
*** SUMMARY ***
Total pot 80 | Rake 0 
Seat 2: Bogdan190606 (big blind) folded before Flop
Seat 3: Mahu2021 (button) (small blind) collected (80)



PokerStars Hand #253356147415: Tournament #3822419631, $1.84+$0.16 USD Hold'em No Limit - Level III (20/40) - 2024/11/11 12:58:58 CET [2024/11/11 6:58:58 ET]
Table '3822419631 1' 3-max Seat #2 is the button
Seat 2: Bogdan190606 (865 in chips) 
Seat 3: Mahu2021 (635 in chips) 
Bogdan190606: posts small blind 20
Mahu2021: posts big blind 40
*** HOLE CARDS ***
Dealt to Mahu2021 [Qc Tc]
Bogdan190606: calls 20
Mahu2021: raises 120 to 160
Bogdan190606: folds 
Uncalled bet (120) returned to Mahu2021
Mahu2021 collected 80 from pot
Mahu2021: doesn't show hand 
*** SUMMARY ***
Total pot 80 | Rake 0 
Seat 2: Bogdan190606 (button) (small blind) folded before Flop
Seat 3: Mahu2021 (big blind) collected (80)



PokerStars Hand #253356148143: Tournament #3822419631, $1.84+$0.16 USD Hold'em No Limit - Level III (20/40) - 2024/11/11 12:59:05 CET [2024/11/11 6:59:05 ET]
Table '3822419631 1' 3-max Seat #3 is the button
Seat 2: Bogdan190606 (825 in chips) 
Seat 3: Mahu2021 (675 in chips) 
Mahu2021: posts small blind 20
Bogdan190606: posts big blind 40
*** HOLE CARDS ***
Dealt to Mahu2021 [5c Ks]
Mahu2021: calls 20
Bogdan190606: checks 
*** FLOP *** [6h 6s 3d]
Bogdan190606: bets 120
Mahu2021: folds 
Uncalled bet (120) returned to Bogdan190606
Bogdan190606 collected 80 from pot
*** SUMMARY ***
Total pot 80 | Rake 0 
Board [6h 6s 3d]
Seat 2: Bogdan190606 (big blind) collected (80)
Seat 3: Mahu2021 (button) (small blind) folded on the Flop



PokerStars Hand #253356149301: Tournament #3822419631, $1.84+$0.16 USD Hold'em No Limit - Level III (20/40) - 2024/11/11 12:59:16 CET [2024/11/11 6:59:16 ET]
Table '3822419631 1' 3-max Seat #2 is the button
Seat 2: Bogdan190606 (865 in chips) 
Seat 3: Mahu2021 (635 in chips) 
Bogdan190606: posts small blind 20
Mahu2021: posts big blind 40
*** HOLE CARDS ***
Dealt to Mahu2021 [7h 5d]
Bogdan190606: raises 80 to 120
Mahu2021: folds 
Uncalled bet (80) returned to Bogdan190606
Bogdan190606 collected 80 from pot
*** SUMMARY ***
Total pot 80 | Rake 0 
Seat 2: Bogdan190606 (button) (small blind) collected (80)
Seat 3: Mahu2021 (big blind) folded before Flop



PokerStars Hand #253356149984: Tournament #3822419631, $1.84+$0.16 USD Hold'em No Limit - Level III (20/40) - 2024/11/11 12:59:23 CET [2024/11/11 6:59:23 ET]
Table '3822419631 1' 3-max Seat #3 is the button
Seat 2: Bogdan190606 (905 in chips) 
Seat 3: Mahu2021 (595 in chips) 
Mahu2021: posts small blind 20
Bogdan190606: posts big blind 40
*** HOLE CARDS ***
Dealt to Mahu2021 [7h 3h]
Mahu2021: raises 40 to 80
Bogdan190606: calls 40
*** FLOP *** [Qd 7c Ts]
Bogdan190606: checks 
Mahu2021: bets 80
Bogdan190606: folds 
Uncalled bet (80) returned to Mahu2021
Mahu2021 collected 160 from pot
Mahu2021: doesn't show hand 
*** SUMMARY ***
Total pot 160 | Rake 0 
Board [Qd 7c Ts]
Seat 2: Bogdan190606 (big blind) folded on the Flop
Seat 3: Mahu2021 (button) (small blind) collected (160)



PokerStars Hand #253356151041: Tournament #3822419631, $1.84+$0.16 USD Hold'em No Limit - Level III (20/40) - 2024/11/11 12:59:33 CET [2024/11/11 6:59:33 ET]
Table '3822419631 1' 3-max Seat #2 is the button
Seat 2: Bogdan190606 (825 in chips) 
Seat 3: Mahu2021 (675 in chips) 
Bogdan190606: posts small blind 20
Mahu2021: posts big blind 40
*** HOLE CARDS ***
Dealt to Mahu2021 [4s Jh]
Bogdan190606: calls 20
Mahu2021: checks 
*** FLOP *** [Td 4d 6d]
Mahu2021: checks 
Bogdan190606: bets 80
Mahu2021: folds 
Uncalled bet (80) returned to Bogdan190606
Bogdan190606 collected 80 from pot
*** SUMMARY ***
Total pot 80 | Rake 0 
Board [Td 4d 6d]
Seat 2: Bogdan190606 (button) (small blind) collected (80)
Seat 3: Mahu2021 (big blind) folded on the Flop



PokerStars Hand #253356152156: Tournament #3822419631, $1.84+$0.16 USD Hold'em No Limit - Level III (20/40) - 2024/11/11 12:59:43 CET [2024/11/11 6:59:43 ET]
Table '3822419631 1' 3-max Seat #3 is the button
Seat 2: Bogdan190606 (865 in chips) 
Seat 3: Mahu2021 (635 in chips) 
Mahu2021: posts small blind 20
Bogdan190606: posts big blind 40
*** HOLE CARDS ***
Dealt to Mahu2021 [Jh 7s]
Mahu2021: raises 40 to 80
Bogdan190606: calls 40
*** FLOP *** [8c 4d Td]
Bogdan190606: bets 40
Mahu2021: calls 40
*** TURN *** [8c 4d Td] [Qh]
Bogdan190606: bets 120
Mahu2021: folds 
Uncalled bet (120) returned to Bogdan190606
Bogdan190606 collected 240 from pot
*** SUMMARY ***
Total pot 240 | Rake 0 
Board [8c 4d Td Qh]
Seat 2: Bogdan190606 (big blind) collected (240)
Seat 3: Mahu2021 (button) (small blind) folded on the Turn



PokerStars Hand #253356153676: Tournament #3822419631, $1.84+$0.16 USD Hold'em No Limit - Level III (20/40) - 2024/11/11 12:59:56 CET [2024/11/11 6:59:56 ET]
Table '3822419631 1' 3-max Seat #2 is the button
Seat 2: Bogdan190606 (985 in chips) 
Seat 3: Mahu2021 (515 in chips) 
Bogdan190606: posts small blind 20
Mahu2021: posts big blind 40
*** HOLE CARDS ***
Dealt to Mahu2021 [Th Kc]
Bogdan190606: calls 20
Mahu2021: raises 120 to 160
Bogdan190606: calls 120
*** FLOP *** [4s 3d As]
Mahu2021: bets 355 and is all-in
Bogdan190606: folds 
Uncalled bet (355) returned to Mahu2021
Mahu2021 collected 320 from pot
Mahu2021: doesn't show hand 
*** SUMMARY ***
Total pot 320 | Rake 0 
Board [4s 3d As]
Seat 2: Bogdan190606 (button) (small blind) folded on the Flop
Seat 3: Mahu2021 (big blind) collected (320)



PokerStars Hand #253356155172: Tournament #3822419631, $1.84+$0.16 USD Hold'em No Limit - Level IV (30/60) - 2024/11/11 13:00:10 CET [2024/11/11 7:00:10 ET]
Table '3822419631 1' 3-max Seat #3 is the button
Seat 2: Bogdan190606 (825 in chips) 
Seat 3: Mahu2021 (675 in chips) 
Mahu2021: posts small blind 30
Bogdan190606: posts big blind 60
*** HOLE CARDS ***
Dealt to Mahu2021 [Qh 5d]
Mahu2021: raises 60 to 120
Bogdan190606: calls 60
*** FLOP *** [8h Ks 9d]
Bogdan190606: checks 
Mahu2021: checks 
*** TURN *** [8h Ks 9d] [3h]
Bogdan190606: bets 240
Mahu2021: folds 
Uncalled bet (240) returned to Bogdan190606
Bogdan190606 collected 240 from pot
*** SUMMARY ***
Total pot 240 | Rake 0 
Board [8h Ks 9d 3h]
Seat 2: Bogdan190606 (big blind) collected (240)
Seat 3: Mahu2021 (button) (small blind) folded on the Turn



PokerStars Hand #253356156534: Tournament #3822419631, $1.84+$0.16 USD Hold'em No Limit - Level IV (30/60) - 2024/11/11 13:00:22 CET [2024/11/11 7:00:22 ET]
Table '3822419631 1' 3-max Seat #2 is the button
Seat 2: Bogdan190606 (945 in chips) 
Seat 3: Mahu2021 (555 in chips) 
Bogdan190606: posts small blind 30
Mahu2021: posts big blind 60
*** HOLE CARDS ***
Dealt to Mahu2021 [Tc 6h]
Bogdan190606: raises 60 to 120
Mahu2021: folds 
Uncalled bet (60) returned to Bogdan190606
Bogdan190606 collected 120 from pot
*** SUMMARY ***
Total pot 120 | Rake 0 
Seat 2: Bogdan190606 (button) (small blind) collected (120)
Seat 3: Mahu2021 (big blind) folded before Flop



PokerStars Hand #253356157131: Tournament #3822419631, $1.84+$0.16 USD Hold'em No Limit - Level IV (30/60) - 2024/11/11 13:00:28 CET [2024/11/11 7:00:28 ET]
Table '3822419631 1' 3-max Seat #3 is the button
Seat 2: Bogdan190606 (1005 in chips) 
Seat 3: Mahu2021 (495 in chips) 
Mahu2021: posts small blind 30
Bogdan190606: posts big blind 60
*** HOLE CARDS ***
Dealt to Mahu2021 [4h 4s]
Mahu2021: raises 435 to 495 and is all-in
Bogdan190606: folds 
Uncalled bet (435) returned to Mahu2021
Mahu2021 collected 120 from pot
Mahu2021: doesn't show hand 
*** SUMMARY ***
Total pot 120 | Rake 0 
Seat 2: Bogdan190606 (big blind) folded before Flop
Seat 3: Mahu2021 (button) (small blind) collected (120)



PokerStars Hand #253356157833: Tournament #3822419631, $1.84+$0.16 USD Hold'em No Limit - Level IV (30/60) - 2024/11/11 13:00:34 CET [2024/11/11 7:00:34 ET]
Table '3822419631 1' 3-max Seat #2 is the button
Seat 2: Bogdan190606 (945 in chips) 
Seat 3: Mahu2021 (555 in chips) 
Bogdan190606: posts small blind 30
Mahu2021: posts big blind 60
*** HOLE CARDS ***
Dealt to Mahu2021 [Js 3c]
Bogdan190606: calls 30
Mahu2021: checks 
*** FLOP *** [Tc Kd 6s]
Mahu2021: checks 
Bogdan190606: checks 
*** TURN *** [Tc Kd 6s] [5d]
Mahu2021: checks 
Bogdan190606: checks 
*** RIVER *** [Tc Kd 6s 5d] [2h]
Mahu2021: checks 
Bogdan190606: checks 
*** SHOW DOWN ***
Mahu2021: shows [Js 3c] (high card King)
Bogdan190606: shows [7c Jh] (high card King - Jack+Ten+Seven kicker)
Bogdan190606 collected 120 from pot
*** SUMMARY ***
Total pot 120 | Rake 0 
Board [Tc Kd 6s 5d 2h]
Seat 2: Bogdan190606 (button) (small blind) showed [7c Jh] and won (120) with high card King
Seat 3: Mahu2021 (big blind) showed [Js 3c] and lost with high card King



PokerStars Hand #253356159301: Tournament #3822419631, $1.84+$0.16 USD Hold'em No Limit - Level IV (30/60) - 2024/11/11 13:00:46 CET [2024/11/11 7:00:46 ET]
Table '3822419631 1' 3-max Seat #3 is the button
Seat 2: Bogdan190606 (1005 in chips) 
Seat 3: Mahu2021 (495 in chips) 
Mahu2021: posts small blind 30
Bogdan190606: posts big blind 60
*** HOLE CARDS ***
Dealt to Mahu2021 [Tc Ts]
Mahu2021: raises 435 to 495 and is all-in
Bogdan190606: folds 
Uncalled bet (435) returned to Mahu2021
Mahu2021 collected 120 from pot
Mahu2021: doesn't show hand 
*** SUMMARY ***
Total pot 120 | Rake 0 
Seat 2: Bogdan190606 (big blind) folded before Flop
Seat 3: Mahu2021 (button) (small blind) collected (120)



PokerStars Hand #253356160084: Tournament #3822419631, $1.84+$0.16 USD Hold'em No Limit - Level IV (30/60) - 2024/11/11 13:00:53 CET [2024/11/11 7:00:53 ET]
Table '3822419631 1' 3-max Seat #2 is the button
Seat 2: Bogdan190606 (945 in chips) 
Seat 3: Mahu2021 (555 in chips) 
Bogdan190606: posts small blind 30
Mahu2021: posts big blind 60
*** HOLE CARDS ***
Dealt to Mahu2021 [8c Tc]
Bogdan190606: folds 
Uncalled bet (30) returned to Mahu2021
Mahu2021 collected 60 from pot
Mahu2021: doesn't show hand 
*** SUMMARY ***
Total pot 60 | Rake 0 
Seat 2: Bogdan190606 (button) (small blind) folded before Flop
Seat 3: Mahu2021 (big blind) collected (60)



PokerStars Hand #253356160566: Tournament #3822419631, $1.84+$0.16 USD Hold'em No Limit - Level IV (30/60) - 2024/11/11 13:00:57 CET [2024/11/11 7:00:57 ET]
Table '3822419631 1' 3-max Seat #3 is the button
Seat 2: Bogdan190606 (915 in chips) 
Seat 3: Mahu2021 (585 in chips) 
Mahu2021: posts small blind 30
Bogdan190606: posts big blind 60
*** HOLE CARDS ***
Dealt to Mahu2021 [3d 3s]
Mahu2021: raises 525 to 585 and is all-in
Bogdan190606: folds 
Uncalled bet (525) returned to Mahu2021
Mahu2021 collected 120 from pot
Mahu2021: doesn't show hand 
*** SUMMARY ***
Total pot 120 | Rake 0 
Seat 2: Bogdan190606 (big blind) folded before Flop
Seat 3: Mahu2021 (button) (small blind) collected (120)



PokerStars Hand #253356161318: Tournament #3822419631, $1.84+$0.16 USD Hold'em No Limit - Level IV (30/60) - 2024/11/11 13:01:03 CET [2024/11/11 7:01:03 ET]
Table '3822419631 1' 3-max Seat #2 is the button
Seat 2: Bogdan190606 (855 in chips) 
Seat 3: Mahu2021 (645 in chips) 
Bogdan190606: posts small blind 30
Mahu2021: posts big blind 60
*** HOLE CARDS ***
Dealt to Mahu2021 [6s Js]
Bogdan190606: calls 30
Mahu2021: checks 
*** FLOP *** [7d 5d As]
Mahu2021: checks 
Bogdan190606: checks 
*** TURN *** [7d 5d As] [Ah]
Mahu2021: checks 
Bogdan190606: checks 
*** RIVER *** [7d 5d As Ah] [Qh]
Mahu2021: checks 
Bogdan190606: checks 
*** SHOW DOWN ***
Mahu2021: shows [6s Js] (a pair of Aces)
Bogdan190606: mucks hand 
Mahu2021 collected 120 from pot
*** SUMMARY ***
Total pot 120 | Rake 0 
Board [7d 5d As Ah Qh]
Seat 2: Bogdan190606 (button) (small blind) mucked [2c 4c]
Seat 3: Mahu2021 (big blind) showed [6s Js] and won (120) with a pair of Aces



PokerStars Hand #253356162863: Tournament #3822419631, $1.84+$0.16 USD Hold'em No Limit - Level IV (30/60) - 2024/11/11 13:01:16 CET [2024/11/11 7:01:16 ET]
Table '3822419631 1' 3-max Seat #3 is the button
Seat 2: Bogdan190606 (795 in chips) 
Seat 3: Mahu2021 (705 in chips) 
Mahu2021: posts small blind 30
Bogdan190606: posts big blind 60
*** HOLE CARDS ***
Dealt to Mahu2021 [Ks Qd]
Mahu2021: raises 60 to 120
Bogdan190606: folds 
Uncalled bet (60) returned to Mahu2021
Mahu2021 collected 120 from pot
Mahu2021: doesn't show hand 
*** SUMMARY ***
Total pot 120 | Rake 0 
Seat 2: Bogdan190606 (big blind) folded before Flop
Seat 3: Mahu2021 (button) (small blind) collected (120)



PokerStars Hand #253356163659: Tournament #3822419631, $1.84+$0.16 USD Hold'em No Limit - Level IV (30/60) - 2024/11/11 13:01:22 CET [2024/11/11 7:01:22 ET]
Table '3822419631 1' 3-max Seat #2 is the button
Seat 2: Bogdan190606 (735 in chips) 
Seat 3: Mahu2021 (765 in chips) 
Bogdan190606: posts small blind 30
Mahu2021: posts big blind 60
*** HOLE CARDS ***
Dealt to Mahu2021 [3c Jc]
Bogdan190606: calls 30
Mahu2021: checks 
*** FLOP *** [2c 5h 5s]
Mahu2021: checks 
Bogdan190606: checks 
*** TURN *** [2c 5h 5s] [9h]
Mahu2021: checks 
Bogdan190606: checks 
*** RIVER *** [2c 5h 5s 9h] [4d]
Mahu2021: checks 
Bogdan190606: checks 
*** SHOW DOWN ***
Mahu2021: shows [3c Jc] (a pair of Fives)
Bogdan190606: shows [6d Qc] (a pair of Fives - Queen kicker)
Bogdan190606 collected 120 from pot
*** SUMMARY ***
Total pot 120 | Rake 0 
Board [2c 5h 5s 9h 4d]
Seat 2: Bogdan190606 (button) (small blind) showed [6d Qc] and won (120) with a pair of Fives
Seat 3: Mahu2021 (big blind) showed [3c Jc] and lost with a pair of Fives



PokerStars Hand #253356165131: Tournament #3822419631, $1.84+$0.16 USD Hold'em No Limit - Level IV (30/60) - 2024/11/11 13:01:34 CET [2024/11/11 7:01:34 ET]
Table '3822419631 1' 3-max Seat #3 is the button
Seat 2: Bogdan190606 (795 in chips) 
Seat 3: Mahu2021 (705 in chips) 
Mahu2021: posts small blind 30
Bogdan190606: posts big blind 60
*** HOLE CARDS ***
Dealt to Mahu2021 [Jd 2s]
Mahu2021: calls 30
Bogdan190606: checks 
*** FLOP *** [Tc 5c Qd]
Bogdan190606: checks 
Mahu2021: checks 
*** TURN *** [Tc 5c Qd] [Qh]
Bogdan190606: checks 
Mahu2021: bets 60
Bogdan190606: folds 
Uncalled bet (60) returned to Mahu2021
Mahu2021 collected 120 from pot
Mahu2021: doesn't show hand 
*** SUMMARY ***
Total pot 120 | Rake 0 
Board [Tc 5c Qd Qh]
Seat 2: Bogdan190606 (big blind) folded on the Turn
Seat 3: Mahu2021 (button) (small blind) collected (120)



PokerStars Hand #253356166727: Tournament #3822419631, $1.84+$0.16 USD Hold'em No Limit - Level IV (30/60) - 2024/11/11 13:01:46 CET [2024/11/11 7:01:46 ET]
Table '3822419631 1' 3-max Seat #2 is the button
Seat 2: Bogdan190606 (735 in chips) 
Seat 3: Mahu2021 (765 in chips) 
Bogdan190606: posts small blind 30
Mahu2021: posts big blind 60
*** HOLE CARDS ***
Dealt to Mahu2021 [3d Th]
Bogdan190606: calls 30
Mahu2021: checks 
*** FLOP *** [Qs 2c Kh]
Mahu2021: checks 
Bogdan190606: checks 
*** TURN *** [Qs 2c Kh] [Ad]
Mahu2021: checks 
Bogdan190606: bets 60
Mahu2021: folds 
Uncalled bet (60) returned to Bogdan190606
Bogdan190606 collected 120 from pot
*** SUMMARY ***
Total pot 120 | Rake 0 
Board [Qs 2c Kh Ad]
Seat 2: Bogdan190606 (button) (small blind) collected (120)
Seat 3: Mahu2021 (big blind) folded on the Turn



PokerStars Hand #253356168181: Tournament #3822419631, $1.84+$0.16 USD Hold'em No Limit - Level IV (30/60) - 2024/11/11 13:01:57 CET [2024/11/11 7:01:57 ET]
Table '3822419631 1' 3-max Seat #3 is the button
Seat 2: Bogdan190606 (795 in chips) 
Seat 3: Mahu2021 (705 in chips) 
Mahu2021: posts small blind 30
Bogdan190606: posts big blind 60
*** HOLE CARDS ***
Dealt to Mahu2021 [Kd 2s]
Mahu2021: raises 60 to 120
Bogdan190606: raises 675 to 795 and is all-in
Mahu2021: folds 
Uncalled bet (675) returned to Bogdan190606
Bogdan190606 collected 240 from pot
*** SUMMARY ***
Total pot 240 | Rake 0 
Seat 2: Bogdan190606 (big blind) collected (240)
Seat 3: Mahu2021 (button) (small blind) folded before Flop



PokerStars Hand #253356169103: Tournament #3822419631, $1.84+$0.16 USD Hold'em No Limit - Level IV (30/60) - 2024/11/11 13:02:04 CET [2024/11/11 7:02:04 ET]
Table '3822419631 1' 3-max Seat #2 is the button
Seat 2: Bogdan190606 (915 in chips) 
Seat 3: Mahu2021 (585 in chips) 
Bogdan190606: posts small blind 30
Mahu2021: posts big blind 60
*** HOLE CARDS ***
Dealt to Mahu2021 [Qh Kd]
Bogdan190606: calls 30
Mahu2021: raises 120 to 180
Bogdan190606: folds 
Uncalled bet (120) returned to Mahu2021
Mahu2021 collected 120 from pot
Mahu2021: doesn't show hand 
*** SUMMARY ***
Total pot 120 | Rake 0 
Seat 2: Bogdan190606 (button) (small blind) folded before Flop
Seat 3: Mahu2021 (big blind) collected (120)



PokerStars Hand #253356170313: Tournament #3822419631, $1.84+$0.16 USD Hold'em No Limit - Level V (40/80) - 2024/11/11 13:02:14 CET [2024/11/11 7:02:14 ET]
Table '3822419631 1' 3-max Seat #3 is the button
Seat 2: Bogdan190606 (855 in chips) 
Seat 3: Mahu2021 (645 in chips) 
Mahu2021: posts small blind 40
Bogdan190606: posts big blind 80
*** HOLE CARDS ***
Dealt to Mahu2021 [6h 7d]
Mahu2021: calls 40
Bogdan190606: checks 
*** FLOP *** [8s 8c Jh]
Bogdan190606: checks 
Mahu2021: checks 
*** TURN *** [8s 8c Jh] [Js]
Bogdan190606: checks 
Mahu2021: checks 
*** RIVER *** [8s 8c Jh Js] [Td]
Bogdan190606: checks 
Mahu2021: checks 
*** SHOW DOWN ***
Bogdan190606: shows [Qd 2d] (two pair, Jacks and Eights)
Mahu2021: mucks hand 
Bogdan190606 collected 160 from pot
*** SUMMARY ***
Total pot 160 | Rake 0 
Board [8s 8c Jh Js Td]
Seat 2: Bogdan190606 (big blind) showed [Qd 2d] and won (160) with two pair, Jacks and Eights
Seat 3: Mahu2021 (button) (small blind) mucked [6h 7d]



PokerStars Hand #253356171872: Tournament #3822419631, $1.84+$0.16 USD Hold'em No Limit - Level V (40/80) - 2024/11/11 13:02:26 CET [2024/11/11 7:02:26 ET]
Table '3822419631 1' 3-max Seat #2 is the button
Seat 2: Bogdan190606 (935 in chips) 
Seat 3: Mahu2021 (565 in chips) 
Bogdan190606: posts small blind 40
Mahu2021: posts big blind 80
*** HOLE CARDS ***
Dealt to Mahu2021 [8c Ac]
Bogdan190606: raises 160 to 240
Mahu2021: raises 325 to 565 and is all-in
Bogdan190606: calls 325
*** FLOP *** [5s 7d 9c]
*** TURN *** [5s 7d 9c] [6c]
*** RIVER *** [5s 7d 9c 6c] [4d]
*** SHOW DOWN ***
Mahu2021: shows [8c Ac] (a straight, Five to Nine)
Bogdan190606: shows [3c Ad] (a straight, Three to Seven)
Mahu2021 collected 1130 from pot
*** SUMMARY ***
Total pot 1130 | Rake 0 
Board [5s 7d 9c 6c 4d]
Seat 2: Bogdan190606 (button) (small blind) showed [3c Ad] and lost with a straight, Three to Seven
Seat 3: Mahu2021 (big blind) showed [8c Ac] and won (1130) with a straight, Five to Nine



PokerStars Hand #253356173637: Tournament #3822419631, $1.84+$0.16 USD Hold'em No Limit - Level V (40/80) - 2024/11/11 13:02:40 CET [2024/11/11 7:02:40 ET]
Table '3822419631 1' 3-max Seat #3 is the button
Seat 2: Bogdan190606 (370 in chips) 
Seat 3: Mahu2021 (1130 in chips) 
Mahu2021: posts small blind 40
Bogdan190606: posts big blind 80
*** HOLE CARDS ***
Dealt to Mahu2021 [2c 3c]
Mahu2021: folds 
Uncalled bet (40) returned to Bogdan190606
Bogdan190606 collected 80 from pot
*** SUMMARY ***
Total pot 80 | Rake 0 
Seat 2: Bogdan190606 (big blind) collected (80)
Seat 3: Mahu2021 (button) (small blind) folded before Flop



PokerStars Hand #253356174294: Tournament #3822419631, $1.84+$0.16 USD Hold'em No Limit - Level V (40/80) - 2024/11/11 13:02:45 CET [2024/11/11 7:02:45 ET]
Table '3822419631 1' 3-max Seat #2 is the button
Seat 2: Bogdan190606 (410 in chips) 
Seat 3: Mahu2021 (1090 in chips) 
Bogdan190606: posts small blind 40
Mahu2021: posts big blind 80
*** HOLE CARDS ***
Dealt to Mahu2021 [Jd Ac]
Bogdan190606: folds 
Uncalled bet (40) returned to Mahu2021
Mahu2021 collected 80 from pot
Mahu2021: doesn't show hand 
*** SUMMARY ***
Total pot 80 | Rake 0 
Seat 2: Bogdan190606 (button) (small blind) folded before Flop
Seat 3: Mahu2021 (big blind) collected (80)



PokerStars Hand #253356174850: Tournament #3822419631, $1.84+$0.16 USD Hold'em No Limit - Level V (40/80) - 2024/11/11 13:02:49 CET [2024/11/11 7:02:49 ET]
Table '3822419631 1' 3-max Seat #3 is the button
Seat 2: Bogdan190606 (370 in chips) 
Seat 3: Mahu2021 (1130 in chips) 
Mahu2021: posts small blind 40
Bogdan190606: posts big blind 80
*** HOLE CARDS ***
Dealt to Mahu2021 [Ks 9s]
Mahu2021: raises 1050 to 1130 and is all-in
Bogdan190606: folds 
Uncalled bet (1050) returned to Mahu2021
Mahu2021 collected 160 from pot
Mahu2021: doesn't show hand 
*** SUMMARY ***
Total pot 160 | Rake 0 
Seat 2: Bogdan190606 (big blind) folded before Flop
Seat 3: Mahu2021 (button) (small blind) collected (160)



PokerStars Hand #253356175577: Tournament #3822419631, $1.84+$0.16 USD Hold'em No Limit - Level V (40/80) - 2024/11/11 13:02:54 CET [2024/11/11 7:02:54 ET]
Table '3822419631 1' 3-max Seat #2 is the button
Seat 2: Bogdan190606 (290 in chips) 
Seat 3: Mahu2021 (1210 in chips) 
Bogdan190606: posts small blind 40
Mahu2021: posts big blind 80
*** HOLE CARDS ***
Dealt to Mahu2021 [9h 5d]
Bogdan190606: raises 210 to 290 and is all-in
Mahu2021: folds 
Uncalled bet (210) returned to Bogdan190606
Bogdan190606 collected 160 from pot
*** SUMMARY ***
Total pot 160 | Rake 0 
Seat 2: Bogdan190606 (button) (small blind) collected (160)
Seat 3: Mahu2021 (big blind) folded before Flop



PokerStars Hand #253356176294: Tournament #3822419631, $1.84+$0.16 USD Hold'em No Limit - Level V (40/80) - 2024/11/11 13:03:00 CET [2024/11/11 7:03:00 ET]
Table '3822419631 1' 3-max Seat #3 is the button
Seat 2: Bogdan190606 (370 in chips) 
Seat 3: Mahu2021 (1130 in chips) 
Mahu2021: posts small blind 40
Bogdan190606: posts big blind 80
*** HOLE CARDS ***
Dealt to Mahu2021 [2d 5h]
Mahu2021: folds 
Uncalled bet (40) returned to Bogdan190606
Bogdan190606 collected 80 from pot
*** SUMMARY ***
Total pot 80 | Rake 0 
Seat 2: Bogdan190606 (big blind) collected (80)
Seat 3: Mahu2021 (button) (small blind) folded before Flop



PokerStars Hand #253356176871: Tournament #3822419631, $1.84+$0.16 USD Hold'em No Limit - Level V (40/80) - 2024/11/11 13:03:04 CET [2024/11/11 7:03:04 ET]
Table '3822419631 1' 3-max Seat #2 is the button
Seat 2: Bogdan190606 (410 in chips) 
Seat 3: Mahu2021 (1090 in chips) 
Bogdan190606: posts small blind 40
Mahu2021: posts big blind 80
*** HOLE CARDS ***
Dealt to Mahu2021 [5h Jd]
Bogdan190606: folds 
Uncalled bet (40) returned to Mahu2021
Mahu2021 collected 80 from pot
Mahu2021: doesn't show hand 
*** SUMMARY ***
Total pot 80 | Rake 0 
Seat 2: Bogdan190606 (button) (small blind) folded before Flop
Seat 3: Mahu2021 (big blind) collected (80)



PokerStars Hand #253356177395: Tournament #3822419631, $1.84+$0.16 USD Hold'em No Limit - Level V (40/80) - 2024/11/11 13:03:08 CET [2024/11/11 7:03:08 ET]
Table '3822419631 1' 3-max Seat #3 is the button
Seat 2: Bogdan190606 (370 in chips) 
Seat 3: Mahu2021 (1130 in chips) 
Mahu2021: posts small blind 40
Bogdan190606: posts big blind 80
*** HOLE CARDS ***
Dealt to Mahu2021 [3s 9c]
Mahu2021: folds 
Uncalled bet (40) returned to Bogdan190606
Bogdan190606 collected 80 from pot
*** SUMMARY ***
Total pot 80 | Rake 0 
Seat 2: Bogdan190606 (big blind) collected (80)
Seat 3: Mahu2021 (button) (small blind) folded before Flop



PokerStars Hand #253356177990: Tournament #3822419631, $1.84+$0.16 USD Hold'em No Limit - Level V (40/80) - 2024/11/11 13:03:13 CET [2024/11/11 7:03:13 ET]
Table '3822419631 1' 3-max Seat #2 is the button
Seat 2: Bogdan190606 (410 in chips) 
Seat 3: Mahu2021 (1090 in chips) 
Bogdan190606: posts small blind 40
Mahu2021: posts big blind 80
*** HOLE CARDS ***
Dealt to Mahu2021 [9h Jc]
Bogdan190606: folds 
Uncalled bet (40) returned to Mahu2021
Mahu2021 collected 80 from pot
Mahu2021: doesn't show hand 
*** SUMMARY ***
Total pot 80 | Rake 0 
Seat 2: Bogdan190606 (button) (small blind) folded before Flop
Seat 3: Mahu2021 (big blind) collected (80)



PokerStars Hand #253356178509: Tournament #3822419631, $1.84+$0.16 USD Hold'em No Limit - Level V (40/80) - 2024/11/11 13:03:17 CET [2024/11/11 7:03:17 ET]
Table '3822419631 1' 3-max Seat #3 is the button
Seat 2: Bogdan190606 (370 in chips) 
Seat 3: Mahu2021 (1130 in chips) 
Mahu2021: posts small blind 40
Bogdan190606: posts big blind 80
*** HOLE CARDS ***
Dealt to Mahu2021 [9s Ah]
Mahu2021: raises 80 to 160
Bogdan190606: raises 210 to 370 and is all-in
Mahu2021: calls 210
*** FLOP *** [Jc 7h 5c]
*** TURN *** [Jc 7h 5c] [Tc]
*** RIVER *** [Jc 7h 5c Tc] [Kd]
*** SHOW DOWN ***
Bogdan190606: shows [Qh Kh] (a pair of Kings)
Mahu2021: shows [9s Ah] (high card Ace)
Bogdan190606 collected 740 from pot
*** SUMMARY ***
Total pot 740 | Rake 0 
Board [Jc 7h 5c Tc Kd]
Seat 2: Bogdan190606 (big blind) showed [Qh Kh] and won (740) with a pair of Kings
Seat 3: Mahu2021 (button) (small blind) showed [9s Ah] and lost with high card Ace



PokerStars Hand #253356180337: Tournament #3822419631, $1.84+$0.16 USD Hold'em No Limit - Level V (40/80) - 2024/11/11 13:03:30 CET [2024/11/11 7:03:30 ET]
Table '3822419631 1' 3-max Seat #2 is the button
Seat 2: Bogdan190606 (740 in chips) 
Seat 3: Mahu2021 (760 in chips) 
Bogdan190606: posts small blind 40
Mahu2021: posts big blind 80
*** HOLE CARDS ***
Dealt to Mahu2021 [Qc 5h]
Bogdan190606: calls 40
Mahu2021: checks 
*** FLOP *** [4s 2c 9d]
Mahu2021: checks 
Bogdan190606: checks 
*** TURN *** [4s 2c 9d] [Tc]
Mahu2021: checks 
Bogdan190606: checks 
*** RIVER *** [4s 2c 9d Tc] [Qd]
Mahu2021: bets 80
Bogdan190606: raises 160 to 240
Mahu2021: calls 160
*** SHOW DOWN ***
Bogdan190606: shows [8c Qs] (a pair of Queens)
Mahu2021: mucks hand 
Bogdan190606 collected 640 from pot
*** SUMMARY ***
Total pot 640 | Rake 0 
Board [4s 2c 9d Tc Qd]
Seat 2: Bogdan190606 (button) (small blind) showed [8c Qs] and won (640) with a pair of Queens
Seat 3: Mahu2021 (big blind) mucked [Qc 5h]



PokerStars Hand #253356182098: Tournament #3822419631, $1.84+$0.16 USD Hold'em No Limit - Level V (40/80) - 2024/11/11 13:03:44 CET [2024/11/11 7:03:44 ET]
Table '3822419631 1' 3-max Seat #3 is the button
Seat 2: Bogdan190606 (1060 in chips) 
Seat 3: Mahu2021 (440 in chips) 
Mahu2021: posts small blind 40
Bogdan190606: posts big blind 80
*** HOLE CARDS ***
Dealt to Mahu2021 [4c 7c]
Mahu2021: folds 
Uncalled bet (40) returned to Bogdan190606
Bogdan190606 collected 80 from pot
*** SUMMARY ***
Total pot 80 | Rake 0 
Seat 2: Bogdan190606 (big blind) collected (80)
Seat 3: Mahu2021 (button) (small blind) folded before Flop



PokerStars Hand #253356182671: Tournament #3822419631, $1.84+$0.16 USD Hold'em No Limit - Level V (40/80) - 2024/11/11 13:03:49 CET [2024/11/11 7:03:49 ET]
Table '3822419631 1' 3-max Seat #2 is the button
Seat 2: Bogdan190606 (1100 in chips) 
Seat 3: Mahu2021 (400 in chips) 
Bogdan190606: posts small blind 40
Mahu2021: posts big blind 80
*** HOLE CARDS ***
Dealt to Mahu2021 [2c 5s]
Bogdan190606: raises 160 to 240
Mahu2021: folds 
Uncalled bet (160) returned to Bogdan190606
Bogdan190606 collected 160 from pot
*** SUMMARY ***
Total pot 160 | Rake 0 
Seat 2: Bogdan190606 (button) (small blind) collected (160)
Seat 3: Mahu2021 (big blind) folded before Flop



PokerStars Hand #253356183616: Tournament #3822419631, $1.84+$0.16 USD Hold'em No Limit - Level V (40/80) - 2024/11/11 13:03:55 CET [2024/11/11 7:03:55 ET]
Table '3822419631 1' 3-max Seat #3 is the button
Seat 2: Bogdan190606 (1180 in chips) 
Seat 3: Mahu2021 (320 in chips) 
Mahu2021: posts small blind 40
Bogdan190606: posts big blind 80
*** HOLE CARDS ***
Dealt to Mahu2021 [3h 5c]
Mahu2021: folds 
Uncalled bet (40) returned to Bogdan190606
Bogdan190606 collected 80 from pot
*** SUMMARY ***
Total pot 80 | Rake 0 
Seat 2: Bogdan190606 (big blind) collected (80)
Seat 3: Mahu2021 (button) (small blind) folded before Flop



PokerStars Hand #253356184144: Tournament #3822419631, $1.84+$0.16 USD Hold'em No Limit - Level V (40/80) - 2024/11/11 13:03:59 CET [2024/11/11 7:03:59 ET]
Table '3822419631 1' 3-max Seat #2 is the button
Seat 2: Bogdan190606 (1220 in chips) 
Seat 3: Mahu2021 (280 in chips) 
Bogdan190606: posts small blind 40
Mahu2021: posts big blind 80
*** HOLE CARDS ***
Dealt to Mahu2021 [3d Js]
Bogdan190606: raises 80 to 160
Mahu2021: folds 
Uncalled bet (80) returned to Bogdan190606
Bogdan190606 collected 160 from pot
*** SUMMARY ***
Total pot 160 | Rake 0 
Seat 2: Bogdan190606 (button) (small blind) collected (160)
Seat 3: Mahu2021 (big blind) folded before Flop



PokerStars Hand #253356184948: Tournament #3822419631, $1.84+$0.16 USD Hold'em No Limit - Level V (40/80) - 2024/11/11 13:04:06 CET [2024/11/11 7:04:06 ET]
Table '3822419631 1' 3-max Seat #3 is the button
Seat 2: Bogdan190606 (1300 in chips) 
Seat 3: Mahu2021 (200 in chips) 
Mahu2021: posts small blind 40
Bogdan190606: posts big blind 80
*** HOLE CARDS ***
Dealt to Mahu2021 [8s Th]
Mahu2021: folds 
Uncalled bet (40) returned to Bogdan190606
Bogdan190606 collected 80 from pot
*** SUMMARY ***
Total pot 80 | Rake 0 
Seat 2: Bogdan190606 (big blind) collected (80)
Seat 3: Mahu2021 (button) (small blind) folded before Flop



PokerStars Hand #253356186017: Tournament #3822419631, $1.84+$0.16 USD Hold'em No Limit - Level VI (50/100) - 2024/11/11 13:04:14 CET [2024/11/11 7:04:14 ET]
Table '3822419631 1' 3-max Seat #2 is the button
Seat 2: Bogdan190606 (1340 in chips) 
Seat 3: Mahu2021 (160 in chips) 
Bogdan190606: posts small blind 50
Mahu2021: posts big blind 100
*** HOLE CARDS ***
Dealt to Mahu2021 [6c 8d]
Bogdan190606: raises 100 to 200
Mahu2021: calls 60 and is all-in
Uncalled bet (40) returned to Bogdan190606
*** FLOP *** [Ad 4s Kc]
*** TURN *** [Ad 4s Kc] [5c]
*** RIVER *** [Ad 4s Kc 5c] [6h]
*** SHOW DOWN ***
Mahu2021: shows [6c 8d] (a pair of Sixes)
Bogdan190606: shows [Kd 5d] (two pair, Kings and Fives)
Bogdan190606 collected 320 from pot
Mahu2021 finished the tournament in 2nd place
Bogdan190606 wins the tournament and receives $4.00 - congratulations!
*** SUMMARY ***
Total pot 320 | Rake 0 
Board [Ad 4s Kc 5c 6h]
Seat 2: Bogdan190606 (button) (small blind) showed [Kd 5d] and won (320) with two pair, Kings and Fives
Seat 3: Mahu2021 (big blind) showed [6c 8d] and lost with a pair of Sixes



