PokerStars Hand #243183869274: Tournament #3579631020, $0.92+$0.08 USD Hold'em No Limit - Level I (10/20) - 2023/04/19 10:16:31 CET [2023/04/19 4:16:31 ET]
Table '3579631020 1' 3-max Seat #1 is the button
Seat 1: Mikoflash190 (500 in chips) 
Seat 2: Mahu2021 (500 in chips) 
Seat 3: Superasy1 (500 in chips) 
Mahu2021: posts small blind 10
Superasy1: posts big blind 20
*** HOLE CARDS ***
Dealt to Mahu2021 [7s 7d]
Mikoflash190: folds 
Mahu2021: raises 20 to 40
Superasy1: raises 460 to 500 and is all-in
Mahu2021: calls 460 and is all-in
*** FLOP *** [8h As Jc]
*** TURN *** [8h As Jc] [2c]
*** RIVER *** [8h As Jc 2c] [5h]
*** SHOW DOWN ***
Mahu2021: shows [7s 7d] (a pair of Sevens)
Superasy1: shows [9d Kd] (high card Ace)
Mahu2021 collected 1000 from pot
Superasy1 finished the tournament in 3rd place
*** SUMMARY ***
Total pot 1000 | Rake 0 
Board [8h As Jc 2c 5h]
Seat 1: Mikoflash190 (button) folded before Flop (didn't bet)
Seat 2: Mahu2021 (small blind) showed [7s 7d] and won (1000) with a pair of Sevens
Seat 3: Superasy1 (big blind) showed [9d Kd] and lost with high card Ace



PokerStars Hand #243183871473: Tournament #3579631020, $0.92+$0.08 USD Hold'em No Limit - Level I (10/20) - 2023/04/19 10:16:50 CET [2023/04/19 4:16:50 ET]
Table '3579631020 1' 3-max Seat #2 is the button
Seat 1: Mikoflash190 (500 in chips) 
Seat 2: Mahu2021 (1000 in chips) 
Mahu2021: posts small blind 10
Mikoflash190: posts big blind 20
*** HOLE CARDS ***
Dealt to Mahu2021 [8h 2c]
Mahu2021: folds 
Uncalled bet (10) returned to Mikoflash190
Mikoflash190 collected 20 from pot
*** SUMMARY ***
Total pot 20 | Rake 0 
Seat 1: Mikoflash190 (big blind) collected (20)
Seat 2: Mahu2021 (button) (small blind) folded before Flop



PokerStars Hand #243183871964: Tournament #3579631020, $0.92+$0.08 USD Hold'em No Limit - Level I (10/20) - 2023/04/19 10:16:54 CET [2023/04/19 4:16:54 ET]
Table '3579631020 1' 3-max Seat #1 is the button
Seat 1: Mikoflash190 (510 in chips) 
Seat 2: Mahu2021 (990 in chips) 
Mikoflash190: posts small blind 10
Mahu2021: posts big blind 20
*** HOLE CARDS ***
Dealt to Mahu2021 [Td 9h]
Mikoflash190: raises 490 to 510 and is all-in
Mahu2021: folds 
Uncalled bet (490) returned to Mikoflash190
Mikoflash190 collected 40 from pot
*** SUMMARY ***
Total pot 40 | Rake 0 
Seat 1: Mikoflash190 (button) (small blind) collected (40)
Seat 2: Mahu2021 (big blind) folded before Flop



PokerStars Hand #243183873030: Tournament #3579631020, $0.92+$0.08 USD Hold'em No Limit - Level I (10/20) - 2023/04/19 10:17:03 CET [2023/04/19 4:17:03 ET]
Table '3579631020 1' 3-max Seat #2 is the button
Seat 1: Mikoflash190 (530 in chips) 
Seat 2: Mahu2021 (970 in chips) 
Mahu2021: posts small blind 10
Mikoflash190: posts big blind 20
*** HOLE CARDS ***
Dealt to Mahu2021 [Kh 6c]
Mahu2021: calls 10
Mikoflash190: raises 510 to 530 and is all-in
Mahu2021: folds 
Uncalled bet (510) returned to Mikoflash190
Mikoflash190 collected 40 from pot
*** SUMMARY ***
Total pot 40 | Rake 0 
Seat 1: Mikoflash190 (big blind) collected (40)
Seat 2: Mahu2021 (button) (small blind) folded before Flop



PokerStars Hand #243183874073: Tournament #3579631020, $0.92+$0.08 USD Hold'em No Limit - Level I (10/20) - 2023/04/19 10:17:12 CET [2023/04/19 4:17:12 ET]
Table '3579631020 1' 3-max Seat #1 is the button
Seat 1: Mikoflash190 (550 in chips) 
Seat 2: Mahu2021 (950 in chips) 
Mikoflash190: posts small blind 10
Mahu2021: posts big blind 20
*** HOLE CARDS ***
Dealt to Mahu2021 [8s Tc]
Mikoflash190: calls 10
Mahu2021: checks 
*** FLOP *** [9d 9h 4c]
Mahu2021: checks 
Mikoflash190: checks 
*** TURN *** [9d 9h 4c] [4d]
Mahu2021: checks 
Mikoflash190: checks 
*** RIVER *** [9d 9h 4c 4d] [Qh]
Mahu2021: bets 40
Mikoflash190: calls 40
*** SHOW DOWN ***
Mahu2021: shows [8s Tc] (two pair, Nines and Fours)
Mikoflash190: shows [6d Ah] (two pair, Nines and Fours - Ace kicker)
Mikoflash190 collected 120 from pot
*** SUMMARY ***
Total pot 120 | Rake 0 
Board [9d 9h 4c 4d Qh]
Seat 1: Mikoflash190 (button) (small blind) showed [6d Ah] and won (120) with two pair, Nines and Fours
Seat 2: Mahu2021 (big blind) showed [8s Tc] and lost with two pair, Nines and Fours



PokerStars Hand #243183878000: Tournament #3579631020, $0.92+$0.08 USD Hold'em No Limit - Level I (10/20) - 2023/04/19 10:17:46 CET [2023/04/19 4:17:46 ET]
Table '3579631020 1' 3-max Seat #2 is the button
Seat 1: Mikoflash190 (610 in chips) 
Seat 2: Mahu2021 (890 in chips) 
Mahu2021: posts small blind 10
Mikoflash190: posts big blind 20
*** HOLE CARDS ***
Dealt to Mahu2021 [Kh 3s]
Mahu2021: calls 10
Mikoflash190: checks 
*** FLOP *** [2c 4s 5h]
Mikoflash190: checks 
Mahu2021: bets 20
Mikoflash190: folds 
Uncalled bet (20) returned to Mahu2021
Mahu2021 collected 40 from pot
Mahu2021: doesn't show hand 
*** SUMMARY ***
Total pot 40 | Rake 0 
Board [2c 4s 5h]
Seat 1: Mikoflash190 (big blind) folded on the Flop
Seat 2: Mahu2021 (button) (small blind) collected (40)



PokerStars Hand #243183879262: Tournament #3579631020, $0.92+$0.08 USD Hold'em No Limit - Level I (10/20) - 2023/04/19 10:17:56 CET [2023/04/19 4:17:56 ET]
Table '3579631020 1' 3-max Seat #1 is the button
Seat 1: Mikoflash190 (590 in chips) 
Seat 2: Mahu2021 (910 in chips) 
Mikoflash190: posts small blind 10
Mahu2021: posts big blind 20
*** HOLE CARDS ***
Dealt to Mahu2021 [Qh 6h]
Mikoflash190: raises 570 to 590 and is all-in
Mahu2021: folds 
Uncalled bet (570) returned to Mikoflash190
Mikoflash190 collected 40 from pot
*** SUMMARY ***
Total pot 40 | Rake 0 
Seat 1: Mikoflash190 (button) (small blind) collected (40)
Seat 2: Mahu2021 (big blind) folded before Flop



PokerStars Hand #243183880143: Tournament #3579631020, $0.92+$0.08 USD Hold'em No Limit - Level I (10/20) - 2023/04/19 10:18:04 CET [2023/04/19 4:18:04 ET]
Table '3579631020 1' 3-max Seat #2 is the button
Seat 1: Mikoflash190 (610 in chips) 
Seat 2: Mahu2021 (890 in chips) 
Mahu2021: posts small blind 10
Mikoflash190: posts big blind 20
*** HOLE CARDS ***
Dealt to Mahu2021 [Ac 7h]
Mahu2021: calls 10
Mikoflash190: checks 
*** FLOP *** [7s Qd Qc]
Mikoflash190: checks 
Mahu2021: bets 20
Mikoflash190: folds 
Uncalled bet (20) returned to Mahu2021
Mahu2021 collected 40 from pot
Mahu2021: doesn't show hand 
*** SUMMARY ***
Total pot 40 | Rake 0 
Board [7s Qd Qc]
Seat 1: Mikoflash190 (big blind) folded on the Flop
Seat 2: Mahu2021 (button) (small blind) collected (40)



PokerStars Hand #243183881658: Tournament #3579631020, $0.92+$0.08 USD Hold'em No Limit - Level I (10/20) - 2023/04/19 10:18:16 CET [2023/04/19 4:18:16 ET]
Table '3579631020 1' 3-max Seat #1 is the button
Seat 1: Mikoflash190 (590 in chips) 
Seat 2: Mahu2021 (910 in chips) 
Mikoflash190: posts small blind 10
Mahu2021: posts big blind 20
*** HOLE CARDS ***
Dealt to Mahu2021 [7d Kh]
Mikoflash190: folds 
Uncalled bet (10) returned to Mahu2021
Mahu2021 collected 20 from pot
Mahu2021: doesn't show hand 
*** SUMMARY ***
Total pot 20 | Rake 0 
Seat 1: Mikoflash190 (button) (small blind) folded before Flop
Seat 2: Mahu2021 (big blind) collected (20)



PokerStars Hand #243183882206: Tournament #3579631020, $0.92+$0.08 USD Hold'em No Limit - Level I (10/20) - 2023/04/19 10:18:21 CET [2023/04/19 4:18:21 ET]
Table '3579631020 1' 3-max Seat #2 is the button
Seat 1: Mikoflash190 (580 in chips) 
Seat 2: Mahu2021 (920 in chips) 
Mahu2021: posts small blind 10
Mikoflash190: posts big blind 20
*** HOLE CARDS ***
Dealt to Mahu2021 [Kd 7h]
Mahu2021: raises 20 to 40
Mikoflash190: folds 
Uncalled bet (20) returned to Mahu2021
Mahu2021 collected 40 from pot
Mahu2021: doesn't show hand 
*** SUMMARY ***
Total pot 40 | Rake 0 
Seat 1: Mikoflash190 (big blind) folded before Flop
Seat 2: Mahu2021 (button) (small blind) collected (40)



PokerStars Hand #243183882952: Tournament #3579631020, $0.92+$0.08 USD Hold'em No Limit - Level I (10/20) - 2023/04/19 10:18:28 CET [2023/04/19 4:18:28 ET]
Table '3579631020 1' 3-max Seat #1 is the button
Seat 1: Mikoflash190 (560 in chips) 
Seat 2: Mahu2021 (940 in chips) 
Mikoflash190: posts small blind 10
Mahu2021: posts big blind 20
*** HOLE CARDS ***
Dealt to Mahu2021 [7s Ts]
Mikoflash190: folds 
Uncalled bet (10) returned to Mahu2021
Mahu2021 collected 20 from pot
Mahu2021: doesn't show hand 
*** SUMMARY ***
Total pot 20 | Rake 0 
Seat 1: Mikoflash190 (button) (small blind) folded before Flop
Seat 2: Mahu2021 (big blind) collected (20)



PokerStars Hand #243183883908: Tournament #3579631020, $0.92+$0.08 USD Hold'em No Limit - Level II (15/30) - 2023/04/19 10:18:36 CET [2023/04/19 4:18:36 ET]
Table '3579631020 1' 3-max Seat #2 is the button
Seat 1: Mikoflash190 (550 in chips) 
Seat 2: Mahu2021 (950 in chips) 
Mahu2021: posts small blind 15
Mikoflash190: posts big blind 30
*** HOLE CARDS ***
Dealt to Mahu2021 [7h Kh]
Mahu2021: raises 30 to 60
Mikoflash190: calls 30
*** FLOP *** [2h 6c 5h]
Mikoflash190: checks 
Mahu2021: bets 120
Mikoflash190: folds 
Uncalled bet (120) returned to Mahu2021
Mahu2021 collected 120 from pot
Mahu2021: doesn't show hand 
*** SUMMARY ***
Total pot 120 | Rake 0 
Board [2h 6c 5h]
Seat 1: Mikoflash190 (big blind) folded on the Flop
Seat 2: Mahu2021 (button) (small blind) collected (120)



PokerStars Hand #243183885332: Tournament #3579631020, $0.92+$0.08 USD Hold'em No Limit - Level II (15/30) - 2023/04/19 10:18:48 CET [2023/04/19 4:18:48 ET]
Table '3579631020 1' 3-max Seat #1 is the button
Seat 1: Mikoflash190 (490 in chips) 
Seat 2: Mahu2021 (1010 in chips) 
Mikoflash190: posts small blind 15
Mahu2021: posts big blind 30
*** HOLE CARDS ***
Dealt to Mahu2021 [Qd 8h]
Mikoflash190: calls 15
Mahu2021: checks 
*** FLOP *** [As Kc 8d]
Mahu2021: checks 
Mikoflash190: checks 
*** TURN *** [As Kc 8d] [Qh]
Mahu2021: checks 
Mikoflash190: checks 
*** RIVER *** [As Kc 8d Qh] [Jd]
Mahu2021: checks 
Mikoflash190: checks 
*** SHOW DOWN ***
Mahu2021: shows [Qd 8h] (two pair, Queens and Eights)
Mikoflash190: mucks hand 
Mahu2021 collected 60 from pot
*** SUMMARY ***
Total pot 60 | Rake 0 
Board [As Kc 8d Qh Jd]
Seat 1: Mikoflash190 (button) (small blind) mucked [6s 2s]
Seat 2: Mahu2021 (big blind) showed [Qd 8h] and won (60) with two pair, Queens and Eights



PokerStars Hand #243183887194: Tournament #3579631020, $0.92+$0.08 USD Hold'em No Limit - Level II (15/30) - 2023/04/19 10:19:04 CET [2023/04/19 4:19:04 ET]
Table '3579631020 1' 3-max Seat #2 is the button
Seat 1: Mikoflash190 (460 in chips) 
Seat 2: Mahu2021 (1040 in chips) 
Mahu2021: posts small blind 15
Mikoflash190: posts big blind 30
*** HOLE CARDS ***
Dealt to Mahu2021 [7h 5s]
Mahu2021: folds 
Uncalled bet (15) returned to Mikoflash190
Mikoflash190 collected 30 from pot
*** SUMMARY ***
Total pot 30 | Rake 0 
Seat 1: Mikoflash190 (big blind) collected (30)
Seat 2: Mahu2021 (button) (small blind) folded before Flop



PokerStars Hand #243183887784: Tournament #3579631020, $0.92+$0.08 USD Hold'em No Limit - Level II (15/30) - 2023/04/19 10:19:09 CET [2023/04/19 4:19:09 ET]
Table '3579631020 1' 3-max Seat #1 is the button
Seat 1: Mikoflash190 (475 in chips) 
Seat 2: Mahu2021 (1025 in chips) 
Mikoflash190: posts small blind 15
Mahu2021: posts big blind 30
*** HOLE CARDS ***
Dealt to Mahu2021 [5h 9h]
Mikoflash190: folds 
Uncalled bet (15) returned to Mahu2021
Mahu2021 collected 30 from pot
Mahu2021: doesn't show hand 
*** SUMMARY ***
Total pot 30 | Rake 0 
Seat 1: Mikoflash190 (button) (small blind) folded before Flop
Seat 2: Mahu2021 (big blind) collected (30)



PokerStars Hand #243183888510: Tournament #3579631020, $0.92+$0.08 USD Hold'em No Limit - Level II (15/30) - 2023/04/19 10:19:15 CET [2023/04/19 4:19:15 ET]
Table '3579631020 1' 3-max Seat #2 is the button
Seat 1: Mikoflash190 (460 in chips) 
Seat 2: Mahu2021 (1040 in chips) 
Mahu2021: posts small blind 15
Mikoflash190: posts big blind 30
*** HOLE CARDS ***
Dealt to Mahu2021 [Jc 8s]
Mahu2021: raises 30 to 60
Mikoflash190: folds 
Uncalled bet (30) returned to Mahu2021
Mahu2021 collected 60 from pot
Mahu2021: doesn't show hand 
*** SUMMARY ***
Total pot 60 | Rake 0 
Seat 1: Mikoflash190 (big blind) folded before Flop
Seat 2: Mahu2021 (button) (small blind) collected (60)



PokerStars Hand #243183889355: Tournament #3579631020, $0.92+$0.08 USD Hold'em No Limit - Level II (15/30) - 2023/04/19 10:19:22 CET [2023/04/19 4:19:22 ET]
Table '3579631020 1' 3-max Seat #1 is the button
Seat 1: Mikoflash190 (430 in chips) 
Seat 2: Mahu2021 (1070 in chips) 
Mikoflash190: posts small blind 15
Mahu2021: posts big blind 30
*** HOLE CARDS ***
Dealt to Mahu2021 [2s Ad]
Mikoflash190: calls 15
Mahu2021: checks 
*** FLOP *** [8h 6d Jh]
Mahu2021: checks 
Mikoflash190: checks 
*** TURN *** [8h 6d Jh] [8s]
Mahu2021: checks 
Mikoflash190: checks 
*** RIVER *** [8h 6d Jh 8s] [Th]
Mahu2021: bets 30
Mikoflash190: raises 370 to 400 and is all-in
Mahu2021: folds 
Uncalled bet (370) returned to Mikoflash190
Mikoflash190 collected 120 from pot
*** SUMMARY ***
Total pot 120 | Rake 0 
Board [8h 6d Jh 8s Th]
Seat 1: Mikoflash190 (button) (small blind) collected (120)
Seat 2: Mahu2021 (big blind) folded on the River



PokerStars Hand #243183891657: Tournament #3579631020, $0.92+$0.08 USD Hold'em No Limit - Level II (15/30) - 2023/04/19 10:19:42 CET [2023/04/19 4:19:42 ET]
Table '3579631020 1' 3-max Seat #2 is the button
Seat 1: Mikoflash190 (490 in chips) 
Seat 2: Mahu2021 (1010 in chips) 
Mahu2021: posts small blind 15
Mikoflash190: posts big blind 30
*** HOLE CARDS ***
Dealt to Mahu2021 [9c 3c]
Mahu2021: folds 
Uncalled bet (15) returned to Mikoflash190
Mikoflash190 collected 30 from pot
*** SUMMARY ***
Total pot 30 | Rake 0 
Seat 1: Mikoflash190 (big blind) collected (30)
Seat 2: Mahu2021 (button) (small blind) folded before Flop



PokerStars Hand #243183892277: Tournament #3579631020, $0.92+$0.08 USD Hold'em No Limit - Level II (15/30) - 2023/04/19 10:19:47 CET [2023/04/19 4:19:47 ET]
Table '3579631020 1' 3-max Seat #1 is the button
Seat 1: Mikoflash190 (505 in chips) 
Seat 2: Mahu2021 (995 in chips) 
Mikoflash190: posts small blind 15
Mahu2021: posts big blind 30
*** HOLE CARDS ***
Dealt to Mahu2021 [6c 8c]
Mikoflash190: raises 475 to 505 and is all-in
Mahu2021: folds 
Uncalled bet (475) returned to Mikoflash190
Mikoflash190 collected 60 from pot
*** SUMMARY ***
Total pot 60 | Rake 0 
Seat 1: Mikoflash190 (button) (small blind) collected (60)
Seat 2: Mahu2021 (big blind) folded before Flop



PokerStars Hand #243183893095: Tournament #3579631020, $0.92+$0.08 USD Hold'em No Limit - Level II (15/30) - 2023/04/19 10:19:54 CET [2023/04/19 4:19:54 ET]
Table '3579631020 1' 3-max Seat #2 is the button
Seat 1: Mikoflash190 (535 in chips) 
Seat 2: Mahu2021 (965 in chips) 
Mahu2021: posts small blind 15
Mikoflash190: posts big blind 30
*** HOLE CARDS ***
Dealt to Mahu2021 [3d 6s]
Mahu2021: folds 
Uncalled bet (15) returned to Mikoflash190
Mikoflash190 collected 30 from pot
*** SUMMARY ***
Total pot 30 | Rake 0 
Seat 1: Mikoflash190 (big blind) collected (30)
Seat 2: Mahu2021 (button) (small blind) folded before Flop



PokerStars Hand #243183893627: Tournament #3579631020, $0.92+$0.08 USD Hold'em No Limit - Level II (15/30) - 2023/04/19 10:19:58 CET [2023/04/19 4:19:58 ET]
Table '3579631020 1' 3-max Seat #1 is the button
Seat 1: Mikoflash190 (550 in chips) 
Seat 2: Mahu2021 (950 in chips) 
Mikoflash190: posts small blind 15
Mahu2021: posts big blind 30
*** HOLE CARDS ***
Dealt to Mahu2021 [Jc 7c]
Mikoflash190: calls 15
Mahu2021: checks 
*** FLOP *** [Js 4s Ad]
Mahu2021: checks 
Mikoflash190: checks 
*** TURN *** [Js 4s Ad] [3c]
Mahu2021: checks 
Mikoflash190: checks 
*** RIVER *** [Js 4s Ad 3c] [Jh]
Mahu2021: bets 30
Mikoflash190: folds 
Uncalled bet (30) returned to Mahu2021
Mahu2021 collected 60 from pot
Mahu2021: doesn't show hand 
*** SUMMARY ***
Total pot 60 | Rake 0 
Board [Js 4s Ad 3c Jh]
Seat 1: Mikoflash190 (button) (small blind) folded on the River
Seat 2: Mahu2021 (big blind) collected (60)



PokerStars Hand #243183895577: Tournament #3579631020, $0.92+$0.08 USD Hold'em No Limit - Level II (15/30) - 2023/04/19 10:20:14 CET [2023/04/19 4:20:14 ET]
Table '3579631020 1' 3-max Seat #2 is the button
Seat 1: Mikoflash190 (520 in chips) 
Seat 2: Mahu2021 (980 in chips) 
Mahu2021: posts small blind 15
Mikoflash190: posts big blind 30
*** HOLE CARDS ***
Dealt to Mahu2021 [7h 4c]
Mahu2021: folds 
Uncalled bet (15) returned to Mikoflash190
Mikoflash190 collected 30 from pot
*** SUMMARY ***
Total pot 30 | Rake 0 
Seat 1: Mikoflash190 (big blind) collected (30)
Seat 2: Mahu2021 (button) (small blind) folded before Flop



PokerStars Hand #243183896205: Tournament #3579631020, $0.92+$0.08 USD Hold'em No Limit - Level II (15/30) - 2023/04/19 10:20:20 CET [2023/04/19 4:20:20 ET]
Table '3579631020 1' 3-max Seat #1 is the button
Seat 1: Mikoflash190 (535 in chips) 
Seat 2: Mahu2021 (965 in chips) 
Mikoflash190: posts small blind 15
Mahu2021: posts big blind 30
*** HOLE CARDS ***
Dealt to Mahu2021 [3d 3s]
Mikoflash190: calls 15
Mahu2021: raises 935 to 965 and is all-in
Mikoflash190: calls 505 and is all-in
Uncalled bet (430) returned to Mahu2021
*** FLOP *** [Jc 4d 5d]
*** TURN *** [Jc 4d 5d] [Jd]
*** RIVER *** [Jc 4d 5d Jd] [Kc]
*** SHOW DOWN ***
Mahu2021: shows [3d 3s] (two pair, Jacks and Threes)
Mikoflash190: shows [7c 7d] (two pair, Jacks and Sevens)
Mikoflash190 collected 1070 from pot
*** SUMMARY ***
Total pot 1070 | Rake 0 
Board [Jc 4d 5d Jd Kc]
Seat 1: Mikoflash190 (button) (small blind) showed [7c 7d] and won (1070) with two pair, Jacks and Sevens
Seat 2: Mahu2021 (big blind) showed [3d 3s] and lost with two pair, Jacks and Threes



PokerStars Hand #243183898827: Tournament #3579631020, $0.92+$0.08 USD Hold'em No Limit - Level III (20/40) - 2023/04/19 10:20:42 CET [2023/04/19 4:20:42 ET]
Table '3579631020 1' 3-max Seat #2 is the button
Seat 1: Mikoflash190 (1070 in chips) 
Seat 2: Mahu2021 (430 in chips) 
Mahu2021: posts small blind 20
Mikoflash190: posts big blind 40
*** HOLE CARDS ***
Dealt to Mahu2021 [4d 6d]
Mahu2021: calls 20
Mikoflash190: checks 
*** FLOP *** [3s 8d 8c]
Mikoflash190: checks 
Mahu2021: checks 
*** TURN *** [3s 8d 8c] [2h]
Mikoflash190: checks 
Mahu2021: checks 
*** RIVER *** [3s 8d 8c 2h] [As]
Mikoflash190: checks 
Mahu2021: checks 
*** SHOW DOWN ***
Mikoflash190: shows [5c 7d] (a pair of Eights)
Mahu2021: mucks hand 
Mikoflash190 collected 80 from pot
*** SUMMARY ***
Total pot 80 | Rake 0 
Board [3s 8d 8c 2h As]
Seat 1: Mikoflash190 (big blind) showed [5c 7d] and won (80) with a pair of Eights
Seat 2: Mahu2021 (button) (small blind) mucked [4d 6d]



PokerStars Hand #243183900647: Tournament #3579631020, $0.92+$0.08 USD Hold'em No Limit - Level III (20/40) - 2023/04/19 10:20:57 CET [2023/04/19 4:20:57 ET]
Table '3579631020 1' 3-max Seat #1 is the button
Seat 1: Mikoflash190 (1110 in chips) 
Seat 2: Mahu2021 (390 in chips) 
Mikoflash190: posts small blind 20
Mahu2021: posts big blind 40
*** HOLE CARDS ***
Dealt to Mahu2021 [6d 5s]
Mikoflash190: raises 1070 to 1110 and is all-in
Mahu2021: folds 
Uncalled bet (1070) returned to Mikoflash190
Mikoflash190 collected 80 from pot
*** SUMMARY ***
Total pot 80 | Rake 0 
Seat 1: Mikoflash190 (button) (small blind) collected (80)
Seat 2: Mahu2021 (big blind) folded before Flop



PokerStars Hand #243183901445: Tournament #3579631020, $0.92+$0.08 USD Hold'em No Limit - Level III (20/40) - 2023/04/19 10:21:03 CET [2023/04/19 4:21:03 ET]
Table '3579631020 1' 3-max Seat #2 is the button
Seat 1: Mikoflash190 (1150 in chips) 
Seat 2: Mahu2021 (350 in chips) 
Mahu2021: posts small blind 20
Mikoflash190: posts big blind 40
*** HOLE CARDS ***
Dealt to Mahu2021 [7d 4c]
Mahu2021: folds 
Uncalled bet (20) returned to Mikoflash190
Mikoflash190 collected 40 from pot
*** SUMMARY ***
Total pot 40 | Rake 0 
Seat 1: Mikoflash190 (big blind) collected (40)
Seat 2: Mahu2021 (button) (small blind) folded before Flop



PokerStars Hand #243183901974: Tournament #3579631020, $0.92+$0.08 USD Hold'em No Limit - Level III (20/40) - 2023/04/19 10:21:08 CET [2023/04/19 4:21:08 ET]
Table '3579631020 1' 3-max Seat #1 is the button
Seat 1: Mikoflash190 (1170 in chips) 
Seat 2: Mahu2021 (330 in chips) 
Mikoflash190: posts small blind 20
Mahu2021: posts big blind 40
*** HOLE CARDS ***
Dealt to Mahu2021 [Qd 5h]
Mikoflash190: calls 20
Mahu2021: checks 
*** FLOP *** [5d 7s 5s]
Mahu2021: checks 
Mikoflash190: checks 
*** TURN *** [5d 7s 5s] [2h]
Mahu2021: checks 
Mikoflash190: checks 
*** RIVER *** [5d 7s 5s 2h] [Jd]
Mahu2021: bets 80
Mikoflash190: calls 80
*** SHOW DOWN ***
Mahu2021: shows [Qd 5h] (three of a kind, Fives)
Mikoflash190: mucks hand 
Mahu2021 collected 240 from pot
*** SUMMARY ***
Total pot 240 | Rake 0 
Board [5d 7s 5s 2h Jd]
Seat 1: Mikoflash190 (button) (small blind) mucked [3h Jh]
Seat 2: Mahu2021 (big blind) showed [Qd 5h] and won (240) with three of a kind, Fives



PokerStars Hand #243183904143: Tournament #3579631020, $0.92+$0.08 USD Hold'em No Limit - Level III (20/40) - 2023/04/19 10:21:27 CET [2023/04/19 4:21:27 ET]
Table '3579631020 1' 3-max Seat #2 is the button
Seat 1: Mikoflash190 (1050 in chips) 
Seat 2: Mahu2021 (450 in chips) 
Mahu2021: posts small blind 20
Mikoflash190: posts big blind 40
*** HOLE CARDS ***
Dealt to Mahu2021 [7d 7s]
Mahu2021: raises 410 to 450 and is all-in
Mikoflash190: folds 
Uncalled bet (410) returned to Mahu2021
Mahu2021 collected 80 from pot
Mahu2021: doesn't show hand 
*** SUMMARY ***
Total pot 80 | Rake 0 
Seat 1: Mikoflash190 (big blind) folded before Flop
Seat 2: Mahu2021 (button) (small blind) collected (80)



PokerStars Hand #243183905386: Tournament #3579631020, $0.92+$0.08 USD Hold'em No Limit - Level III (20/40) - 2023/04/19 10:21:37 CET [2023/04/19 4:21:37 ET]
Table '3579631020 1' 3-max Seat #1 is the button
Seat 1: Mikoflash190 (1010 in chips) 
Seat 2: Mahu2021 (490 in chips) 
Mikoflash190: posts small blind 20
Mahu2021: posts big blind 40
*** HOLE CARDS ***
Dealt to Mahu2021 [Ad Ts]
Mikoflash190: folds 
Uncalled bet (20) returned to Mahu2021
Mahu2021 collected 40 from pot
Mahu2021: doesn't show hand 
*** SUMMARY ***
Total pot 40 | Rake 0 
Seat 1: Mikoflash190 (button) (small blind) folded before Flop
Seat 2: Mahu2021 (big blind) collected (40)



PokerStars Hand #243183906055: Tournament #3579631020, $0.92+$0.08 USD Hold'em No Limit - Level III (20/40) - 2023/04/19 10:21:42 CET [2023/04/19 4:21:42 ET]
Table '3579631020 1' 3-max Seat #2 is the button
Seat 1: Mikoflash190 (990 in chips) 
Seat 2: Mahu2021 (510 in chips) 
Mahu2021: posts small blind 20
Mikoflash190: posts big blind 40
*** HOLE CARDS ***
Dealt to Mahu2021 [6d 5c]
Mahu2021: calls 20
Mikoflash190: checks 
*** FLOP *** [7h 4h 3s]
Mikoflash190: checks 
Mahu2021: bets 40
Mikoflash190: raises 910 to 950 and is all-in
Mahu2021: calls 430 and is all-in
Uncalled bet (480) returned to Mikoflash190
*** TURN *** [7h 4h 3s] [9h]
*** RIVER *** [7h 4h 3s 9h] [Kc]
*** SHOW DOWN ***
Mikoflash190: shows [7c 3d] (two pair, Sevens and Threes)
Mahu2021: shows [6d 5c] (a straight, Three to Seven)
Mahu2021 collected 1020 from pot
*** SUMMARY ***
Total pot 1020 | Rake 0 
Board [7h 4h 3s 9h Kc]
Seat 1: Mikoflash190 (big blind) showed [7c 3d] and lost with two pair, Sevens and Threes
Seat 2: Mahu2021 (button) (small blind) showed [6d 5c] and won (1020) with a straight, Three to Seven



PokerStars Hand #243183908492: Tournament #3579631020, $0.92+$0.08 USD Hold'em No Limit - Level III (20/40) - 2023/04/19 10:22:03 CET [2023/04/19 4:22:03 ET]
Table '3579631020 1' 3-max Seat #1 is the button
Seat 1: Mikoflash190 (480 in chips) 
Seat 2: Mahu2021 (1020 in chips) 
Mikoflash190: posts small blind 20
Mahu2021: posts big blind 40
*** HOLE CARDS ***
Dealt to Mahu2021 [Kd 2h]
Mikoflash190: raises 440 to 480 and is all-in
Mahu2021: folds 
Uncalled bet (440) returned to Mikoflash190
Mikoflash190 collected 80 from pot
*** SUMMARY ***
Total pot 80 | Rake 0 
Seat 1: Mikoflash190 (button) (small blind) collected (80)
Seat 2: Mahu2021 (big blind) folded before Flop



PokerStars Hand #243183909382: Tournament #3579631020, $0.92+$0.08 USD Hold'em No Limit - Level III (20/40) - 2023/04/19 10:22:10 CET [2023/04/19 4:22:10 ET]
Table '3579631020 1' 3-max Seat #2 is the button
Seat 1: Mikoflash190 (520 in chips) 
Seat 2: Mahu2021 (980 in chips) 
Mahu2021: posts small blind 20
Mikoflash190: posts big blind 40
*** HOLE CARDS ***
Dealt to Mahu2021 [4d 6h]
Mahu2021: folds 
Uncalled bet (20) returned to Mikoflash190
Mikoflash190 collected 40 from pot
*** SUMMARY ***
Total pot 40 | Rake 0 
Seat 1: Mikoflash190 (big blind) collected (40)
Seat 2: Mahu2021 (button) (small blind) folded before Flop



PokerStars Hand #243183909935: Tournament #3579631020, $0.92+$0.08 USD Hold'em No Limit - Level III (20/40) - 2023/04/19 10:22:15 CET [2023/04/19 4:22:15 ET]
Table '3579631020 1' 3-max Seat #1 is the button
Seat 1: Mikoflash190 (540 in chips) 
Seat 2: Mahu2021 (960 in chips) 
Mikoflash190: posts small blind 20
Mahu2021: posts big blind 40
*** HOLE CARDS ***
Dealt to Mahu2021 [8s 7h]
Mikoflash190: folds 
Uncalled bet (20) returned to Mahu2021
Mahu2021 collected 40 from pot
Mahu2021: doesn't show hand 
*** SUMMARY ***
Total pot 40 | Rake 0 
Seat 1: Mikoflash190 (button) (small blind) folded before Flop
Seat 2: Mahu2021 (big blind) collected (40)



PokerStars Hand #243183910616: Tournament #3579631020, $0.92+$0.08 USD Hold'em No Limit - Level III (20/40) - 2023/04/19 10:22:20 CET [2023/04/19 4:22:20 ET]
Table '3579631020 1' 3-max Seat #2 is the button
Seat 1: Mikoflash190 (520 in chips) 
Seat 2: Mahu2021 (980 in chips) 
Mahu2021: posts small blind 20
Mikoflash190: posts big blind 40
*** HOLE CARDS ***
Dealt to Mahu2021 [9s 8c]
Mahu2021: raises 40 to 80
Mikoflash190: folds 
Uncalled bet (40) returned to Mahu2021
Mahu2021 collected 80 from pot
Mahu2021: doesn't show hand 
*** SUMMARY ***
Total pot 80 | Rake 0 
Seat 1: Mikoflash190 (big blind) folded before Flop
Seat 2: Mahu2021 (button) (small blind) collected (80)



PokerStars Hand #243183911454: Tournament #3579631020, $0.92+$0.08 USD Hold'em No Limit - Level III (20/40) - 2023/04/19 10:22:27 CET [2023/04/19 4:22:27 ET]
Table '3579631020 1' 3-max Seat #1 is the button
Seat 1: Mikoflash190 (480 in chips) 
Seat 2: Mahu2021 (1020 in chips) 
Mikoflash190: posts small blind 20
Mahu2021: posts big blind 40
*** HOLE CARDS ***
Dealt to Mahu2021 [Qs Qc]
Mikoflash190: raises 440 to 480 and is all-in
Mahu2021: calls 440
*** FLOP *** [9s 3h 7c]
*** TURN *** [9s 3h 7c] [9c]
*** RIVER *** [9s 3h 7c 9c] [5d]
*** SHOW DOWN ***
Mahu2021: shows [Qs Qc] (two pair, Queens and Nines)
Mikoflash190: shows [Th Ac] (a pair of Nines)
Mahu2021 collected 960 from pot
Mikoflash190 finished the tournament in 2nd place
Mahu2021 wins the tournament and receives $2.00 - congratulations!
*** SUMMARY ***
Total pot 960 | Rake 0 
Board [9s 3h 7c 9c 5d]
Seat 1: Mikoflash190 (button) (small blind) showed [Th Ac] and lost with a pair of Nines
Seat 2: Mahu2021 (big blind) showed [Qs Qc] and won (960) with two pair, Queens and Nines



