PokerStars Hand #246328622429: Tournament #3653483624, $0.92+$0.08 USD Hold'em No Limit - Level I (10/20) - 2023/10/03 18:22:58 CET [2023/10/03 12:22:58 ET]
Table '3653483624 1' 3-max Seat #1 is the button
Seat 1: Mahu2021 (500 in chips) 
Seat 2: lynochkina (500 in chips) 
Seat 3: almsel83 (500 in chips) 
lynochkina: posts small blind 10
almsel83: posts big blind 20
*** HOLE CARDS ***
Dealt to Mahu2021 [4c Ac]
Mahu2021: raises 20 to 40
lynochkina: folds 
almsel83: calls 20
*** FLOP *** [7s 8d Ad]
almsel83: bets 90
Mahu2021: calls 90
*** TURN *** [7s 8d Ad] [7c]
almsel83: bets 135
Mahu2021: calls 135
*** RIVER *** [7s 8d Ad 7c] [Td]
almsel83: checks 
Mahu2021: checks 
*** SHOW DOWN ***
almsel83: shows [8c 2c] (two pair, Eights and Sevens)
Mahu2021: shows [4c Ac] (two pair, Aces and Sevens)
Mahu2021 collected 540 from pot
*** SUMMARY ***
Total pot 540 | Rake 0 
Board [7s 8d Ad 7c Td]
Seat 1: Mahu2021 (button) showed [4c Ac] and won (540) with two pair, Aces and Sevens
Seat 2: lynochkina (small blind) folded before Flop
Seat 3: almsel83 (big blind) showed [8c 2c] and lost with two pair, Eights and Sevens



PokerStars Hand #246328629346: Tournament #3653483624, $0.92+$0.08 USD Hold'em No Limit - Level I (10/20) - 2023/10/03 18:23:22 CET [2023/10/03 12:23:22 ET]
Table '3653483624 1' 3-max Seat #2 is the button
Seat 1: Mahu2021 (775 in chips) 
Seat 2: lynochkina (490 in chips) 
Seat 3: almsel83 (235 in chips) 
almsel83: posts small blind 10
Mahu2021: posts big blind 20
*** HOLE CARDS ***
Dealt to Mahu2021 [Th 6c]
lynochkina: folds 
almsel83: raises 215 to 235 and is all-in
Mahu2021: folds 
Uncalled bet (215) returned to almsel83
almsel83 collected 40 from pot
*** SUMMARY ***
Total pot 40 | Rake 0 
Seat 1: Mahu2021 (big blind) folded before Flop
Seat 2: lynochkina (button) folded before Flop (didn't bet)
Seat 3: almsel83 (small blind) collected (40)



PokerStars Hand #246328631198: Tournament #3653483624, $0.92+$0.08 USD Hold'em No Limit - Level I (10/20) - 2023/10/03 18:23:28 CET [2023/10/03 12:23:28 ET]
Table '3653483624 1' 3-max Seat #3 is the button
Seat 1: Mahu2021 (755 in chips) 
Seat 2: lynochkina (490 in chips) 
Seat 3: almsel83 (255 in chips) 
Mahu2021: posts small blind 10
lynochkina: posts big blind 20
*** HOLE CARDS ***
Dealt to Mahu2021 [3c 7d]
almsel83: raises 235 to 255 and is all-in
Mahu2021: folds 
lynochkina: folds 
Uncalled bet (235) returned to almsel83
almsel83 collected 50 from pot
*** SUMMARY ***
Total pot 50 | Rake 0 
Seat 1: Mahu2021 (small blind) folded before Flop
Seat 2: lynochkina (big blind) folded before Flop
Seat 3: almsel83 (button) collected (50)



PokerStars Hand #246328633372: Tournament #3653483624, $0.92+$0.08 USD Hold'em No Limit - Level I (10/20) - 2023/10/03 18:23:36 CET [2023/10/03 12:23:36 ET]
Table '3653483624 1' 3-max Seat #1 is the button
Seat 1: Mahu2021 (745 in chips) 
Seat 2: lynochkina (470 in chips) 
Seat 3: almsel83 (285 in chips) 
lynochkina: posts small blind 10
almsel83: posts big blind 20
*** HOLE CARDS ***
Dealt to Mahu2021 [9c 7s]
Mahu2021: folds 
lynochkina: raises 20 to 40
almsel83: folds 
Uncalled bet (20) returned to lynochkina
lynochkina collected 40 from pot
lynochkina: doesn't show hand 
*** SUMMARY ***
Total pot 40 | Rake 0 
Seat 1: Mahu2021 (button) folded before Flop (didn't bet)
Seat 2: lynochkina (small blind) collected (40)
Seat 3: almsel83 (big blind) folded before Flop



PokerStars Hand #246328635559: Tournament #3653483624, $0.92+$0.08 USD Hold'em No Limit - Level I (10/20) - 2023/10/03 18:23:44 CET [2023/10/03 12:23:44 ET]
Table '3653483624 1' 3-max Seat #2 is the button
Seat 1: Mahu2021 (745 in chips) 
Seat 2: lynochkina (490 in chips) 
Seat 3: almsel83 (265 in chips) 
almsel83: posts small blind 10
Mahu2021: posts big blind 20
*** HOLE CARDS ***
Dealt to Mahu2021 [Ah 4s]
lynochkina: folds 
almsel83: calls 10
Mahu2021: checks 
*** FLOP *** [Ac 9d 2d]
almsel83: checks 
Mahu2021: bets 40
almsel83: folds 
Uncalled bet (40) returned to Mahu2021
Mahu2021 collected 40 from pot
Mahu2021: doesn't show hand 
*** SUMMARY ***
Total pot 40 | Rake 0 
Board [Ac 9d 2d]
Seat 1: Mahu2021 (big blind) collected (40)
Seat 2: lynochkina (button) folded before Flop (didn't bet)
Seat 3: almsel83 (small blind) folded on the Flop



PokerStars Hand #246328639006: Tournament #3653483624, $0.92+$0.08 USD Hold'em No Limit - Level I (10/20) - 2023/10/03 18:23:56 CET [2023/10/03 12:23:56 ET]
Table '3653483624 1' 3-max Seat #3 is the button
Seat 1: Mahu2021 (765 in chips) 
Seat 2: lynochkina (490 in chips) 
Seat 3: almsel83 (245 in chips) 
Mahu2021: posts small blind 10
lynochkina: posts big blind 20
*** HOLE CARDS ***
Dealt to Mahu2021 [Qs Th]
almsel83: folds 
Mahu2021: raises 20 to 40
lynochkina: calls 20
*** FLOP *** [7h Kd Kh]
Mahu2021: checks 
lynochkina: bets 20
Mahu2021: calls 20
*** TURN *** [7h Kd Kh] [Ah]
Mahu2021: checks 
lynochkina: bets 20
Mahu2021: calls 20
*** RIVER *** [7h Kd Kh Ah] [5h]
Mahu2021: checks 
lynochkina: bets 160
Mahu2021: calls 160
*** SHOW DOWN ***
lynochkina: shows [Qh 2d] (a flush, Ace high)
Mahu2021: mucks hand 
lynochkina collected 480 from pot
*** SUMMARY ***
Total pot 480 | Rake 0 
Board [7h Kd Kh Ah 5h]
Seat 1: Mahu2021 (small blind) mucked [Qs Th]
Seat 2: lynochkina (big blind) showed [Qh 2d] and won (480) with a flush, Ace high
Seat 3: almsel83 (button) folded before Flop (didn't bet)



PokerStars Hand #246328646371: Tournament #3653483624, $0.92+$0.08 USD Hold'em No Limit - Level I (10/20) - 2023/10/03 18:24:22 CET [2023/10/03 12:24:22 ET]
Table '3653483624 1' 3-max Seat #1 is the button
Seat 1: Mahu2021 (525 in chips) 
Seat 2: lynochkina (730 in chips) 
Seat 3: almsel83 (245 in chips) 
lynochkina: posts small blind 10
almsel83: posts big blind 20
*** HOLE CARDS ***
Dealt to Mahu2021 [3s 8s]
Mahu2021: folds 
lynochkina: calls 10
almsel83: checks 
*** FLOP *** [Kc Th 2c]
lynochkina: checks 
almsel83: checks 
*** TURN *** [Kc Th 2c] [4h]
lynochkina: checks 
almsel83: bets 20
lynochkina: folds 
Uncalled bet (20) returned to almsel83
almsel83 collected 40 from pot
*** SUMMARY ***
Total pot 40 | Rake 0 
Board [Kc Th 2c 4h]
Seat 1: Mahu2021 (button) folded before Flop (didn't bet)
Seat 2: lynochkina (small blind) folded on the Turn
Seat 3: almsel83 (big blind) collected (40)



PokerStars Hand #246328652599: Tournament #3653483624, $0.92+$0.08 USD Hold'em No Limit - Level I (10/20) - 2023/10/03 18:24:44 CET [2023/10/03 12:24:44 ET]
Table '3653483624 1' 3-max Seat #2 is the button
Seat 1: Mahu2021 (525 in chips) 
Seat 2: lynochkina (710 in chips) 
Seat 3: almsel83 (265 in chips) 
almsel83: posts small blind 10
Mahu2021: posts big blind 20
*** HOLE CARDS ***
Dealt to Mahu2021 [7d 5c]
lynochkina: folds 
almsel83: calls 10
Mahu2021: checks 
*** FLOP *** [As 7s 3h]
almsel83: checks 
Mahu2021: bets 40
almsel83: calls 40
*** TURN *** [As 7s 3h] [Jh]
almsel83: checks 
Mahu2021: checks 
*** RIVER *** [As 7s 3h Jh] [Qc]
almsel83: bets 20
Mahu2021: calls 20
*** SHOW DOWN ***
almsel83: shows [3s Jc] (two pair, Jacks and Threes)
Mahu2021: mucks hand 
almsel83 collected 160 from pot
*** SUMMARY ***
Total pot 160 | Rake 0 
Board [As 7s 3h Jh Qc]
Seat 1: Mahu2021 (big blind) mucked [7d 5c]
Seat 2: lynochkina (button) folded before Flop (didn't bet)
Seat 3: almsel83 (small blind) showed [3s Jc] and won (160) with two pair, Jacks and Threes



PokerStars Hand #246328658759: Tournament #3653483624, $0.92+$0.08 USD Hold'em No Limit - Level II (15/30) - 2023/10/03 18:25:06 CET [2023/10/03 12:25:06 ET]
Table '3653483624 1' 3-max Seat #3 is the button
Seat 1: Mahu2021 (445 in chips) 
Seat 2: lynochkina (710 in chips) 
Seat 3: almsel83 (345 in chips) 
Mahu2021: posts small blind 15
lynochkina: posts big blind 30
*** HOLE CARDS ***
Dealt to Mahu2021 [2d 9h]
almsel83: folds 
Mahu2021: folds 
Uncalled bet (15) returned to lynochkina
lynochkina collected 30 from pot
lynochkina: doesn't show hand 
*** SUMMARY ***
Total pot 30 | Rake 0 
Seat 1: Mahu2021 (small blind) folded before Flop
Seat 2: lynochkina (big blind) collected (30)
Seat 3: almsel83 (button) folded before Flop (didn't bet)



PokerStars Hand #246328660115: Tournament #3653483624, $0.92+$0.08 USD Hold'em No Limit - Level II (15/30) - 2023/10/03 18:25:10 CET [2023/10/03 12:25:10 ET]
Table '3653483624 1' 3-max Seat #1 is the button
Seat 1: Mahu2021 (430 in chips) 
Seat 2: lynochkina (725 in chips) 
Seat 3: almsel83 (345 in chips) 
lynochkina: posts small blind 15
almsel83: posts big blind 30
*** HOLE CARDS ***
Dealt to Mahu2021 [Tc Jh]
Mahu2021: raises 30 to 60
lynochkina: folds 
almsel83: folds 
Uncalled bet (30) returned to Mahu2021
Mahu2021 collected 75 from pot
Mahu2021: doesn't show hand 
*** SUMMARY ***
Total pot 75 | Rake 0 
Seat 1: Mahu2021 (button) collected (75)
Seat 2: lynochkina (small blind) folded before Flop
Seat 3: almsel83 (big blind) folded before Flop



PokerStars Hand #246328661793: Tournament #3653483624, $0.92+$0.08 USD Hold'em No Limit - Level II (15/30) - 2023/10/03 18:25:16 CET [2023/10/03 12:25:16 ET]
Table '3653483624 1' 3-max Seat #2 is the button
Seat 1: Mahu2021 (475 in chips) 
Seat 2: lynochkina (710 in chips) 
Seat 3: almsel83 (315 in chips) 
almsel83: posts small blind 15
Mahu2021: posts big blind 30
*** HOLE CARDS ***
Dealt to Mahu2021 [Jc 6h]
lynochkina: folds 
almsel83: raises 30 to 60
Mahu2021: folds 
Uncalled bet (30) returned to almsel83
almsel83 collected 60 from pot
*** SUMMARY ***
Total pot 60 | Rake 0 
Seat 1: Mahu2021 (big blind) folded before Flop
Seat 2: lynochkina (button) folded before Flop (didn't bet)
Seat 3: almsel83 (small blind) collected (60)



PokerStars Hand #246328663938: Tournament #3653483624, $0.92+$0.08 USD Hold'em No Limit - Level II (15/30) - 2023/10/03 18:25:24 CET [2023/10/03 12:25:24 ET]
Table '3653483624 1' 3-max Seat #3 is the button
Seat 1: Mahu2021 (445 in chips) 
Seat 2: lynochkina (710 in chips) 
Seat 3: almsel83 (345 in chips) 
Mahu2021: posts small blind 15
lynochkina: posts big blind 30
*** HOLE CARDS ***
Dealt to Mahu2021 [Tc 7s]
almsel83: calls 30
Mahu2021: folds 
lynochkina: checks 
*** FLOP *** [Qh 4h Td]
lynochkina: checks 
almsel83: bets 75
lynochkina: calls 75
*** TURN *** [Qh 4h Td] [8d]
lynochkina: checks 
almsel83: bets 225
lynochkina: calls 225
*** RIVER *** [Qh 4h Td 8d] [2h]
lynochkina: bets 30
almsel83: calls 15 and is all-in
Uncalled bet (15) returned to lynochkina
*** SHOW DOWN ***
lynochkina: shows [Kh 8h] (a flush, King high)
almsel83: shows [7h Qc] (a pair of Queens)
lynochkina collected 705 from pot
almsel83 finished the tournament in 3rd place
*** SUMMARY ***
Total pot 705 | Rake 0 
Board [Qh 4h Td 8d 2h]
Seat 1: Mahu2021 (small blind) folded before Flop
Seat 2: lynochkina (big blind) showed [Kh 8h] and won (705) with a flush, King high
Seat 3: almsel83 (button) showed [7h Qc] and lost with a pair of Queens



PokerStars Hand #246328671967: Tournament #3653483624, $0.92+$0.08 USD Hold'em No Limit - Level II (15/30) - 2023/10/03 18:25:53 CET [2023/10/03 12:25:53 ET]
Table '3653483624 1' 3-max Seat #2 is the button
Seat 1: Mahu2021 (430 in chips) 
Seat 2: lynochkina (1070 in chips) 
lynochkina: posts small blind 15
Mahu2021: posts big blind 30
*** HOLE CARDS ***
Dealt to Mahu2021 [9d 3h]
lynochkina: calls 15
Mahu2021: checks 
*** FLOP *** [6h Jh 5h]
Mahu2021: checks 
lynochkina: bets 30
Mahu2021: folds 
Uncalled bet (30) returned to lynochkina
lynochkina collected 60 from pot
lynochkina: doesn't show hand 
*** SUMMARY ***
Total pot 60 | Rake 0 
Board [6h Jh 5h]
Seat 1: Mahu2021 (big blind) folded on the Flop
Seat 2: lynochkina (button) (small blind) collected (60)



PokerStars Hand #246328675440: Tournament #3653483624, $0.92+$0.08 USD Hold'em No Limit - Level II (15/30) - 2023/10/03 18:26:05 CET [2023/10/03 12:26:05 ET]
Table '3653483624 1' 3-max Seat #1 is the button
Seat 1: Mahu2021 (400 in chips) 
Seat 2: lynochkina (1100 in chips) 
Mahu2021: posts small blind 15
lynochkina: posts big blind 30
*** HOLE CARDS ***
Dealt to Mahu2021 [Ac Kh]
Mahu2021: raises 30 to 60
lynochkina: folds 
Uncalled bet (30) returned to Mahu2021
Mahu2021 collected 60 from pot
Mahu2021: doesn't show hand 
*** SUMMARY ***
Total pot 60 | Rake 0 
Seat 1: Mahu2021 (button) (small blind) collected (60)
Seat 2: lynochkina (big blind) folded before Flop



PokerStars Hand #246328677355: Tournament #3653483624, $0.92+$0.08 USD Hold'em No Limit - Level II (15/30) - 2023/10/03 18:26:12 CET [2023/10/03 12:26:12 ET]
Table '3653483624 1' 3-max Seat #2 is the button
Seat 1: Mahu2021 (430 in chips) 
Seat 2: lynochkina (1070 in chips) 
lynochkina: posts small blind 15
Mahu2021: posts big blind 30
*** HOLE CARDS ***
Dealt to Mahu2021 [Ah Js]
lynochkina: raises 30 to 60
Mahu2021: raises 370 to 430 and is all-in
lynochkina: calls 370
*** FLOP *** [4c 9s Qs]
*** TURN *** [4c 9s Qs] [Kd]
*** RIVER *** [4c 9s Qs Kd] [8d]
*** SHOW DOWN ***
Mahu2021: shows [Ah Js] (high card Ace)
lynochkina: shows [Jh Ad] (high card Ace)
Mahu2021 collected 430 from pot
lynochkina collected 430 from pot
*** SUMMARY ***
Total pot 860 | Rake 0 
Board [4c 9s Qs Kd 8d]
Seat 1: Mahu2021 (big blind) showed [Ah Js] and won (430) with high card Ace
Seat 2: lynochkina (button) (small blind) showed [Jh Ad] and won (430) with high card Ace



PokerStars Hand #246328681815: Tournament #3653483624, $0.92+$0.08 USD Hold'em No Limit - Level II (15/30) - 2023/10/03 18:26:28 CET [2023/10/03 12:26:28 ET]
Table '3653483624 1' 3-max Seat #1 is the button
Seat 1: Mahu2021 (430 in chips) 
Seat 2: lynochkina (1070 in chips) 
Mahu2021: posts small blind 15
lynochkina: posts big blind 30
*** HOLE CARDS ***
Dealt to Mahu2021 [5h 2c]
Mahu2021: folds 
Uncalled bet (15) returned to lynochkina
lynochkina collected 30 from pot
lynochkina: doesn't show hand 
*** SUMMARY ***
Total pot 30 | Rake 0 
Seat 1: Mahu2021 (button) (small blind) folded before Flop
Seat 2: lynochkina (big blind) collected (30)



PokerStars Hand #246328683137: Tournament #3653483624, $0.92+$0.08 USD Hold'em No Limit - Level II (15/30) - 2023/10/03 18:26:32 CET [2023/10/03 12:26:32 ET]
Table '3653483624 1' 3-max Seat #2 is the button
Seat 1: Mahu2021 (415 in chips) 
Seat 2: lynochkina (1085 in chips) 
lynochkina: posts small blind 15
Mahu2021: posts big blind 30
*** HOLE CARDS ***
Dealt to Mahu2021 [2h 6s]
lynochkina: raises 30 to 60
Mahu2021: folds 
Uncalled bet (30) returned to lynochkina
lynochkina collected 60 from pot
lynochkina: doesn't show hand 
*** SUMMARY ***
Total pot 60 | Rake 0 
Seat 1: Mahu2021 (big blind) folded before Flop
Seat 2: lynochkina (button) (small blind) collected (60)



PokerStars Hand #246328684991: Tournament #3653483624, $0.92+$0.08 USD Hold'em No Limit - Level II (15/30) - 2023/10/03 18:26:39 CET [2023/10/03 12:26:39 ET]
Table '3653483624 1' 3-max Seat #1 is the button
Seat 1: Mahu2021 (385 in chips) 
Seat 2: lynochkina (1115 in chips) 
Mahu2021: posts small blind 15
lynochkina: posts big blind 30
*** HOLE CARDS ***
Dealt to Mahu2021 [7h 5h]
Mahu2021: calls 15
lynochkina: checks 
*** FLOP *** [Qc Kd Ac]
lynochkina: bets 30
Mahu2021: calls 30
*** TURN *** [Qc Kd Ac] [7c]
lynochkina: bets 30
Mahu2021: raises 295 to 325 and is all-in
lynochkina: folds 
Uncalled bet (295) returned to Mahu2021
Mahu2021 collected 180 from pot
Mahu2021: doesn't show hand 
*** SUMMARY ***
Total pot 180 | Rake 0 
Board [Qc Kd Ac 7c]
Seat 1: Mahu2021 (button) (small blind) collected (180)
Seat 2: lynochkina (big blind) folded on the Turn



PokerStars Hand #246328690136: Tournament #3653483624, $0.92+$0.08 USD Hold'em No Limit - Level II (15/30) - 2023/10/03 18:26:57 CET [2023/10/03 12:26:57 ET]
Table '3653483624 1' 3-max Seat #2 is the button
Seat 1: Mahu2021 (475 in chips) 
Seat 2: lynochkina (1025 in chips) 
lynochkina: posts small blind 15
Mahu2021: posts big blind 30
*** HOLE CARDS ***
Dealt to Mahu2021 [6s Kc]
lynochkina: raises 30 to 60
Mahu2021: calls 30
*** FLOP *** [Js 4s 5h]
Mahu2021: checks 
lynochkina: bets 36
Mahu2021: folds 
Uncalled bet (36) returned to lynochkina
lynochkina collected 120 from pot
lynochkina: doesn't show hand 
*** SUMMARY ***
Total pot 120 | Rake 0 
Board [Js 4s 5h]
Seat 1: Mahu2021 (big blind) folded on the Flop
Seat 2: lynochkina (button) (small blind) collected (120)



PokerStars Hand #246328695717: Tournament #3653483624, $0.92+$0.08 USD Hold'em No Limit - Level III (20/40) - 2023/10/03 18:27:17 CET [2023/10/03 12:27:17 ET]
Table '3653483624 1' 3-max Seat #1 is the button
Seat 1: Mahu2021 (415 in chips) 
Seat 2: lynochkina (1085 in chips) 
Mahu2021: posts small blind 20
lynochkina: posts big blind 40
*** HOLE CARDS ***
Dealt to Mahu2021 [9s 2s]
Mahu2021: folds 
Uncalled bet (20) returned to lynochkina
lynochkina collected 40 from pot
lynochkina: doesn't show hand 
*** SUMMARY ***
Total pot 40 | Rake 0 
Seat 1: Mahu2021 (button) (small blind) folded before Flop
Seat 2: lynochkina (big blind) collected (40)



PokerStars Hand #246328697058: Tournament #3653483624, $0.92+$0.08 USD Hold'em No Limit - Level III (20/40) - 2023/10/03 18:27:21 CET [2023/10/03 12:27:21 ET]
Table '3653483624 1' 3-max Seat #2 is the button
Seat 1: Mahu2021 (395 in chips) 
Seat 2: lynochkina (1105 in chips) 
lynochkina: posts small blind 20
Mahu2021: posts big blind 40
*** HOLE CARDS ***
Dealt to Mahu2021 [3d 4s]
lynochkina: folds 
Uncalled bet (20) returned to Mahu2021
Mahu2021 collected 40 from pot
Mahu2021: doesn't show hand 
*** SUMMARY ***
Total pot 40 | Rake 0 
Seat 1: Mahu2021 (big blind) collected (40)
Seat 2: lynochkina (button) (small blind) folded before Flop



PokerStars Hand #246328698507: Tournament #3653483624, $0.92+$0.08 USD Hold'em No Limit - Level III (20/40) - 2023/10/03 18:27:26 CET [2023/10/03 12:27:26 ET]
Table '3653483624 1' 3-max Seat #1 is the button
Seat 1: Mahu2021 (415 in chips) 
Seat 2: lynochkina (1085 in chips) 
Mahu2021: posts small blind 20
lynochkina: posts big blind 40
*** HOLE CARDS ***
Dealt to Mahu2021 [2h 4h]
Mahu2021: calls 20
lynochkina: checks 
*** FLOP *** [6s Ac 2s]
lynochkina: checks 
Mahu2021: bets 40
lynochkina: calls 40
*** TURN *** [6s Ac 2s] [4d]
lynochkina: checks 
Mahu2021: bets 160
lynochkina: folds 
Uncalled bet (160) returned to Mahu2021
Mahu2021 collected 160 from pot
Mahu2021: doesn't show hand 
*** SUMMARY ***
Total pot 160 | Rake 0 
Board [6s Ac 2s 4d]
Seat 1: Mahu2021 (button) (small blind) collected (160)
Seat 2: lynochkina (big blind) folded on the Turn



PokerStars Hand #246328704941: Tournament #3653483624, $0.92+$0.08 USD Hold'em No Limit - Level III (20/40) - 2023/10/03 18:27:49 CET [2023/10/03 12:27:49 ET]
Table '3653483624 1' 3-max Seat #2 is the button
Seat 1: Mahu2021 (495 in chips) 
Seat 2: lynochkina (1005 in chips) 
lynochkina: posts small blind 20
Mahu2021: posts big blind 40
*** HOLE CARDS ***
Dealt to Mahu2021 [5d Ad]
lynochkina: folds 
Uncalled bet (20) returned to Mahu2021
Mahu2021 collected 40 from pot
Mahu2021: doesn't show hand 
*** SUMMARY ***
Total pot 40 | Rake 0 
Seat 1: Mahu2021 (big blind) collected (40)
Seat 2: lynochkina (button) (small blind) folded before Flop



PokerStars Hand #246328706355: Tournament #3653483624, $0.92+$0.08 USD Hold'em No Limit - Level III (20/40) - 2023/10/03 18:27:54 CET [2023/10/03 12:27:54 ET]
Table '3653483624 1' 3-max Seat #1 is the button
Seat 1: Mahu2021 (515 in chips) 
Seat 2: lynochkina (985 in chips) 
Mahu2021: posts small blind 20
lynochkina: posts big blind 40
*** HOLE CARDS ***
Dealt to Mahu2021 [Tc As]
Mahu2021: raises 40 to 80
lynochkina: calls 40
*** FLOP *** [4c 6c Ah]
lynochkina: checks 
Mahu2021: bets 160
lynochkina: folds 
Uncalled bet (160) returned to Mahu2021
Mahu2021 collected 160 from pot
Mahu2021: doesn't show hand 
*** SUMMARY ***
Total pot 160 | Rake 0 
Board [4c 6c Ah]
Seat 1: Mahu2021 (button) (small blind) collected (160)
Seat 2: lynochkina (big blind) folded on the Flop



PokerStars Hand #246328710776: Tournament #3653483624, $0.92+$0.08 USD Hold'em No Limit - Level III (20/40) - 2023/10/03 18:28:09 CET [2023/10/03 12:28:09 ET]
Table '3653483624 1' 3-max Seat #2 is the button
Seat 1: Mahu2021 (595 in chips) 
Seat 2: lynochkina (905 in chips) 
lynochkina: posts small blind 20
Mahu2021: posts big blind 40
*** HOLE CARDS ***
Dealt to Mahu2021 [Js 7d]
lynochkina: folds 
Uncalled bet (20) returned to Mahu2021
Mahu2021 collected 40 from pot
Mahu2021: doesn't show hand 
*** SUMMARY ***
Total pot 40 | Rake 0 
Seat 1: Mahu2021 (big blind) collected (40)
Seat 2: lynochkina (button) (small blind) folded before Flop



PokerStars Hand #246328712465: Tournament #3653483624, $0.92+$0.08 USD Hold'em No Limit - Level III (20/40) - 2023/10/03 18:28:15 CET [2023/10/03 12:28:15 ET]
Table '3653483624 1' 3-max Seat #1 is the button
Seat 1: Mahu2021 (615 in chips) 
Seat 2: lynochkina (885 in chips) 
Mahu2021: posts small blind 20
lynochkina: posts big blind 40
*** HOLE CARDS ***
Dealt to Mahu2021 [2h 6s]
Mahu2021: folds 
Uncalled bet (20) returned to lynochkina
lynochkina collected 40 from pot
lynochkina: doesn't show hand 
*** SUMMARY ***
Total pot 40 | Rake 0 
Seat 1: Mahu2021 (button) (small blind) folded before Flop
Seat 2: lynochkina (big blind) collected (40)



PokerStars Hand #246328713736: Tournament #3653483624, $0.92+$0.08 USD Hold'em No Limit - Level III (20/40) - 2023/10/03 18:28:20 CET [2023/10/03 12:28:20 ET]
Table '3653483624 1' 3-max Seat #2 is the button
Seat 1: Mahu2021 (595 in chips) 
Seat 2: lynochkina (905 in chips) 
lynochkina: posts small blind 20
Mahu2021: posts big blind 40
*** HOLE CARDS ***
Dealt to Mahu2021 [6c 2s]
lynochkina: raises 40 to 80
Mahu2021: folds 
Uncalled bet (40) returned to lynochkina
lynochkina collected 80 from pot
lynochkina: doesn't show hand 
*** SUMMARY ***
Total pot 80 | Rake 0 
Seat 1: Mahu2021 (big blind) folded before Flop
Seat 2: lynochkina (button) (small blind) collected (80)



PokerStars Hand #246328715534: Tournament #3653483624, $0.92+$0.08 USD Hold'em No Limit - Level III (20/40) - 2023/10/03 18:28:26 CET [2023/10/03 12:28:26 ET]
Table '3653483624 1' 3-max Seat #1 is the button
Seat 1: Mahu2021 (555 in chips) 
Seat 2: lynochkina (945 in chips) 
Mahu2021: posts small blind 20
lynochkina: posts big blind 40
*** HOLE CARDS ***
Dealt to Mahu2021 [8s 9d]
Mahu2021: calls 20
lynochkina: checks 
*** FLOP *** [Kh Ah 4c]
lynochkina: checks 
Mahu2021: checks 
*** TURN *** [Kh Ah 4c] [7c]
lynochkina: checks 
Mahu2021: bets 40
lynochkina: folds 
Uncalled bet (40) returned to Mahu2021
Mahu2021 collected 80 from pot
Mahu2021: doesn't show hand 
*** SUMMARY ***
Total pot 80 | Rake 0 
Board [Kh Ah 4c 7c]
Seat 1: Mahu2021 (button) (small blind) collected (80)
Seat 2: lynochkina (big blind) folded on the Turn



PokerStars Hand #246328719986: Tournament #3653483624, $0.92+$0.08 USD Hold'em No Limit - Level III (20/40) - 2023/10/03 18:28:42 CET [2023/10/03 12:28:42 ET]
Table '3653483624 1' 3-max Seat #2 is the button
Seat 1: Mahu2021 (595 in chips) 
Seat 2: lynochkina (905 in chips) 
lynochkina: posts small blind 20
Mahu2021: posts big blind 40
*** HOLE CARDS ***
Dealt to Mahu2021 [6h Ad]
lynochkina: calls 20
Mahu2021: checks 
*** FLOP *** [Qc Jh 5c]
Mahu2021: checks 
lynochkina: bets 40
Mahu2021: folds 
Uncalled bet (40) returned to lynochkina
lynochkina collected 80 from pot
lynochkina: doesn't show hand 
*** SUMMARY ***
Total pot 80 | Rake 0 
Board [Qc Jh 5c]
Seat 1: Mahu2021 (big blind) folded on the Flop
Seat 2: lynochkina (button) (small blind) collected (80)



PokerStars Hand #246328723369: Tournament #3653483624, $0.92+$0.08 USD Hold'em No Limit - Level III (20/40) - 2023/10/03 18:28:54 CET [2023/10/03 12:28:54 ET]
Table '3653483624 1' 3-max Seat #1 is the button
Seat 1: Mahu2021 (555 in chips) 
Seat 2: lynochkina (945 in chips) 
Mahu2021: posts small blind 20
lynochkina: posts big blind 40
*** HOLE CARDS ***
Dealt to Mahu2021 [Ks 4d]
Mahu2021: raises 40 to 80
lynochkina: calls 40
*** FLOP *** [9h Td 9s]
lynochkina: checks 
Mahu2021: checks 
*** TURN *** [9h Td 9s] [2c]
lynochkina: checks 
Mahu2021: bets 40
lynochkina: folds 
Uncalled bet (40) returned to Mahu2021
Mahu2021 collected 160 from pot
Mahu2021: doesn't show hand 
*** SUMMARY ***
Total pot 160 | Rake 0 
Board [9h Td 9s 2c]
Seat 1: Mahu2021 (button) (small blind) collected (160)
Seat 2: lynochkina (big blind) folded on the Turn



PokerStars Hand #246328729230: Tournament #3653483624, $0.92+$0.08 USD Hold'em No Limit - Level IV (30/60) - 2023/10/03 18:29:15 CET [2023/10/03 12:29:15 ET]
Table '3653483624 1' 3-max Seat #2 is the button
Seat 1: Mahu2021 (635 in chips) 
Seat 2: lynochkina (865 in chips) 
lynochkina: posts small blind 30
Mahu2021: posts big blind 60
*** HOLE CARDS ***
Dealt to Mahu2021 [Qh As]
lynochkina: folds 
Uncalled bet (30) returned to Mahu2021
Mahu2021 collected 60 from pot
Mahu2021: doesn't show hand 
*** SUMMARY ***
Total pot 60 | Rake 0 
Seat 1: Mahu2021 (big blind) collected (60)
Seat 2: lynochkina (button) (small blind) folded before Flop



PokerStars Hand #246328730446: Tournament #3653483624, $0.92+$0.08 USD Hold'em No Limit - Level IV (30/60) - 2023/10/03 18:29:19 CET [2023/10/03 12:29:19 ET]
Table '3653483624 1' 3-max Seat #1 is the button
Seat 1: Mahu2021 (665 in chips) 
Seat 2: lynochkina (835 in chips) 
Mahu2021: posts small blind 30
lynochkina: posts big blind 60
*** HOLE CARDS ***
Dealt to Mahu2021 [3s Jh]
Mahu2021: calls 30
lynochkina: checks 
*** FLOP *** [2d 8c 5h]
lynochkina: checks 
Mahu2021: checks 
*** TURN *** [2d 8c 5h] [7s]
lynochkina: bets 60
Mahu2021: folds 
Uncalled bet (60) returned to lynochkina
lynochkina collected 120 from pot
lynochkina: doesn't show hand 
*** SUMMARY ***
Total pot 120 | Rake 0 
Board [2d 8c 5h 7s]
Seat 1: Mahu2021 (button) (small blind) folded on the Turn
Seat 2: lynochkina (big blind) collected (120)



PokerStars Hand #246328734624: Tournament #3653483624, $0.92+$0.08 USD Hold'em No Limit - Level IV (30/60) - 2023/10/03 18:29:35 CET [2023/10/03 12:29:35 ET]
Table '3653483624 1' 3-max Seat #2 is the button
Seat 1: Mahu2021 (605 in chips) 
Seat 2: lynochkina (895 in chips) 
lynochkina: posts small blind 30
Mahu2021: posts big blind 60
*** HOLE CARDS ***
Dealt to Mahu2021 [7d Ts]
lynochkina: calls 30
Mahu2021: checks 
*** FLOP *** [Qc Kh 5d]
Mahu2021: checks 
lynochkina: bets 60
Mahu2021: folds 
Uncalled bet (60) returned to lynochkina
lynochkina collected 120 from pot
lynochkina: doesn't show hand 
*** SUMMARY ***
Total pot 120 | Rake 0 
Board [Qc Kh 5d]
Seat 1: Mahu2021 (big blind) folded on the Flop
Seat 2: lynochkina (button) (small blind) collected (120)



PokerStars Hand #246328737737: Tournament #3653483624, $0.92+$0.08 USD Hold'em No Limit - Level IV (30/60) - 2023/10/03 18:29:45 CET [2023/10/03 12:29:45 ET]
Table '3653483624 1' 3-max Seat #1 is the button
Seat 1: Mahu2021 (545 in chips) 
Seat 2: lynochkina (955 in chips) 
Mahu2021: posts small blind 30
lynochkina: posts big blind 60
*** HOLE CARDS ***
Dealt to Mahu2021 [6d Qc]
Mahu2021: calls 30
lynochkina: checks 
*** FLOP *** [Qd 9s 3s]
lynochkina: bets 60
Mahu2021: calls 60
*** TURN *** [Qd 9s 3s] [7h]
lynochkina: bets 60
Mahu2021: raises 120 to 180
lynochkina: calls 120
*** RIVER *** [Qd 9s 3s 7h] [Ts]
lynochkina: bets 300
Mahu2021: calls 245 and is all-in
Uncalled bet (55) returned to lynochkina
*** SHOW DOWN ***
lynochkina: shows [9h Th] (two pair, Tens and Nines)
Mahu2021: shows [6d Qc] (a pair of Queens)
lynochkina collected 1090 from pot
Mahu2021 finished the tournament in 2nd place
lynochkina wins the tournament and receives $2.00 - congratulations!
*** SUMMARY ***
Total pot 1090 | Rake 0 
Board [Qd 9s 3s 7h Ts]
Seat 1: Mahu2021 (button) (small blind) showed [6d Qc] and lost with a pair of Queens
Seat 2: lynochkina (big blind) showed [9h Th] and won (1090) with two pair, Tens and Nines



