PokerStars Hand #243412743859: Tournament #3584839522, $0.92+$0.08 USD Hold'em No Limit - Level I (10/20) - 2023/04/30 21:43:20 CET [2023/04/30 15:43:20 ET]
Table '3584839522 1' 3-max Seat #1 is the button
Seat 1: bigslugo (500 in chips) 
Seat 2: Mahu2021 (500 in chips) 
Seat 3: Lugigi777 (500 in chips) 
Mahu2021: posts small blind 10
Lugigi777: posts big blind 20
*** HOLE CARDS ***
Dealt to Mahu2021 [4d 5h]
bigslugo: folds 
Mahu2021: calls 10
Lugigi777: checks 
*** FLOP *** [9c Ks 3d]
Mahu2021: checks 
Lugigi777: checks 
*** TURN *** [9c Ks 3d] [3h]
Mahu2021: checks 
Lugigi777: checks 
*** RIVER *** [9c Ks 3d 3h] [7d]
Mahu2021: checks 
Lugigi777: checks 
*** SHOW DOWN ***
Mahu2021: shows [4d 5h] (a pair of Threes)
Lugigi777: shows [Jc 7s] (two pair, Sevens and Threes)
Lugigi777 collected 40 from pot
*** SUMMARY ***
Total pot 40 | Rake 0 
Board [9c Ks 3d 3h 7d]
Seat 1: bigslugo (button) folded before Flop (didn't bet)
Seat 2: Mahu2021 (small blind) showed [4d 5h] and lost with a pair of Threes
Seat 3: Lugigi777 (big blind) showed [Jc 7s] and won (40) with two pair, Sevens and Threes



PokerStars Hand #243412751929: Tournament #3584839522, $0.92+$0.08 USD Hold'em No Limit - Level I (10/20) - 2023/04/30 21:43:38 CET [2023/04/30 15:43:38 ET]
Table '3584839522 1' 3-max Seat #2 is the button
Seat 1: bigslugo (500 in chips) 
Seat 2: Mahu2021 (480 in chips) 
Seat 3: Lugigi777 (520 in chips) 
Lugigi777: posts small blind 10
bigslugo: posts big blind 20
*** HOLE CARDS ***
Dealt to Mahu2021 [2d 8d]
Mahu2021: folds 
Lugigi777: calls 10
bigslugo: checks 
*** FLOP *** [Ah 9h 4h]
Lugigi777: checks 
bigslugo: bets 40
Lugigi777: calls 40
*** TURN *** [Ah 9h 4h] [5s]
Lugigi777: checks 
bigslugo: bets 120
Lugigi777: folds 
Uncalled bet (120) returned to bigslugo
bigslugo collected 120 from pot
bigslugo: doesn't show hand 
*** SUMMARY ***
Total pot 120 | Rake 0 
Board [Ah 9h 4h 5s]
Seat 1: bigslugo (big blind) collected (120)
Seat 2: Mahu2021 (button) folded before Flop (didn't bet)
Seat 3: Lugigi777 (small blind) folded on the Turn



PokerStars Hand #243412763991: Tournament #3584839522, $0.92+$0.08 USD Hold'em No Limit - Level I (10/20) - 2023/04/30 21:44:05 CET [2023/04/30 15:44:05 ET]
Table '3584839522 1' 3-max Seat #3 is the button
Seat 1: bigslugo (560 in chips) 
Seat 2: Mahu2021 (480 in chips) 
Seat 3: Lugigi777 (460 in chips) 
bigslugo: posts small blind 10
Mahu2021: posts big blind 20
*** HOLE CARDS ***
Dealt to Mahu2021 [7c Ks]
Lugigi777: calls 20
bigslugo: calls 10
Mahu2021: checks 
*** FLOP *** [Qh Kd Kh]
bigslugo: checks 
Mahu2021: checks 
Lugigi777: checks 
*** TURN *** [Qh Kd Kh] [2c]
bigslugo: checks 
Mahu2021: bets 20
Lugigi777: calls 20
bigslugo: folds 
*** RIVER *** [Qh Kd Kh 2c] [Ts]
Mahu2021: bets 100
Lugigi777: calls 100
*** SHOW DOWN ***
Mahu2021: shows [7c Ks] (three of a kind, Kings)
Lugigi777: mucks hand 
Mahu2021 collected 300 from pot
*** SUMMARY ***
Total pot 300 | Rake 0 
Board [Qh Kd Kh 2c Ts]
Seat 1: bigslugo (small blind) folded on the Turn
Seat 2: Mahu2021 (big blind) showed [7c Ks] and won (300) with three of a kind, Kings
Seat 3: Lugigi777 (button) mucked [2d Th]



PokerStars Hand #243412777483: Tournament #3584839522, $0.92+$0.08 USD Hold'em No Limit - Level I (10/20) - 2023/04/30 21:44:35 CET [2023/04/30 15:44:35 ET]
Table '3584839522 1' 3-max Seat #1 is the button
Seat 1: bigslugo (540 in chips) 
Seat 2: Mahu2021 (640 in chips) 
Seat 3: Lugigi777 (320 in chips) 
Mahu2021: posts small blind 10
Lugigi777: posts big blind 20
*** HOLE CARDS ***
Dealt to Mahu2021 [Ac 2c]
bigslugo: folds 
Mahu2021: calls 10
Lugigi777: checks 
*** FLOP *** [8d Jh 3c]
Mahu2021: checks 
Lugigi777: checks 
*** TURN *** [8d Jh 3c] [4s]
Mahu2021: bets 20
Lugigi777: calls 20
*** RIVER *** [8d Jh 3c 4s] [2h]
Mahu2021: checks 
Lugigi777: checks 
*** SHOW DOWN ***
Mahu2021: shows [Ac 2c] (a pair of Deuces)
Lugigi777: shows [Td 8c] (a pair of Eights)
Lugigi777 collected 80 from pot
*** SUMMARY ***
Total pot 80 | Rake 0 
Board [8d Jh 3c 4s 2h]
Seat 1: bigslugo (button) folded before Flop (didn't bet)
Seat 2: Mahu2021 (small blind) showed [Ac 2c] and lost with a pair of Deuces
Seat 3: Lugigi777 (big blind) showed [Td 8c] and won (80) with a pair of Eights



PokerStars Hand #243412786898: Tournament #3584839522, $0.92+$0.08 USD Hold'em No Limit - Level I (10/20) - 2023/04/30 21:44:57 CET [2023/04/30 15:44:57 ET]
Table '3584839522 1' 3-max Seat #2 is the button
Seat 1: bigslugo (540 in chips) 
Seat 2: Mahu2021 (600 in chips) 
Seat 3: Lugigi777 (360 in chips) 
Lugigi777: posts small blind 10
bigslugo: posts big blind 20
*** HOLE CARDS ***
Dealt to Mahu2021 [3s 9d]
Mahu2021: folds 
Lugigi777: calls 10
bigslugo: checks 
*** FLOP *** [8c 2s Ah]
Lugigi777: checks 
bigslugo: checks 
*** TURN *** [8c 2s Ah] [2h]
Lugigi777: checks 
bigslugo: checks 
*** RIVER *** [8c 2s Ah 2h] [6d]
Lugigi777: checks 
bigslugo: checks 
*** SHOW DOWN ***
Lugigi777: shows [3c Qc] (a pair of Deuces)
bigslugo: shows [5d Kh] (a pair of Deuces - Ace+King kicker)
bigslugo collected 40 from pot
*** SUMMARY ***
Total pot 40 | Rake 0 
Board [8c 2s Ah 2h 6d]
Seat 1: bigslugo (big blind) showed [5d Kh] and won (40) with a pair of Deuces
Seat 2: Mahu2021 (button) folded before Flop (didn't bet)
Seat 3: Lugigi777 (small blind) showed [3c Qc] and lost with a pair of Deuces



PokerStars Hand #243412801141: Tournament #3584839522, $0.92+$0.08 USD Hold'em No Limit - Level II (15/30) - 2023/04/30 21:45:29 CET [2023/04/30 15:45:29 ET]
Table '3584839522 1' 3-max Seat #3 is the button
Seat 1: bigslugo (560 in chips) 
Seat 2: Mahu2021 (600 in chips) 
Seat 3: Lugigi777 (340 in chips) 
bigslugo: posts small blind 15
Mahu2021: posts big blind 30
*** HOLE CARDS ***
Dealt to Mahu2021 [Kh Ah]
Lugigi777: folds 
bigslugo: folds 
Uncalled bet (15) returned to Mahu2021
Mahu2021 collected 30 from pot
Mahu2021: doesn't show hand 
*** SUMMARY ***
Total pot 30 | Rake 0 
Seat 1: bigslugo (small blind) folded before Flop
Seat 2: Mahu2021 (big blind) collected (30)
Seat 3: Lugigi777 (button) folded before Flop (didn't bet)



PokerStars Hand #243412804021: Tournament #3584839522, $0.92+$0.08 USD Hold'em No Limit - Level II (15/30) - 2023/04/30 21:45:36 CET [2023/04/30 15:45:36 ET]
Table '3584839522 1' 3-max Seat #1 is the button
Seat 1: bigslugo (545 in chips) 
Seat 2: Mahu2021 (615 in chips) 
Seat 3: Lugigi777 (340 in chips) 
Mahu2021: posts small blind 15
Lugigi777: posts big blind 30
*** HOLE CARDS ***
Dealt to Mahu2021 [8h 4s]
bigslugo: folds 
Mahu2021: folds 
Uncalled bet (15) returned to Lugigi777
Lugigi777 collected 30 from pot
Lugigi777: doesn't show hand 
*** SUMMARY ***
Total pot 30 | Rake 0 
Seat 1: bigslugo (button) folded before Flop (didn't bet)
Seat 2: Mahu2021 (small blind) folded before Flop
Seat 3: Lugigi777 (big blind) collected (30)



PokerStars Hand #243412808538: Tournament #3584839522, $0.92+$0.08 USD Hold'em No Limit - Level II (15/30) - 2023/04/30 21:45:46 CET [2023/04/30 15:45:46 ET]
Table '3584839522 1' 3-max Seat #2 is the button
Seat 1: bigslugo (545 in chips) 
Seat 2: Mahu2021 (600 in chips) 
Seat 3: Lugigi777 (355 in chips) 
Lugigi777: posts small blind 15
bigslugo: posts big blind 30
*** HOLE CARDS ***
Dealt to Mahu2021 [Ah 9s]
Mahu2021: raises 30 to 60
Lugigi777: calls 45
bigslugo: folds 
*** FLOP *** [7h 5s 7d]
Lugigi777: bets 60
Mahu2021: calls 60
*** TURN *** [7h 5s 7d] [6d]
Lugigi777: checks 
Mahu2021: checks 
*** RIVER *** [7h 5s 7d 6d] [4c]
Lugigi777: bets 90
Mahu2021: folds 
Uncalled bet (90) returned to Lugigi777
Lugigi777 collected 270 from pot
Lugigi777: doesn't show hand 
*** SUMMARY ***
Total pot 270 | Rake 0 
Board [7h 5s 7d 6d 4c]
Seat 1: bigslugo (big blind) folded before Flop
Seat 2: Mahu2021 (button) folded on the River
Seat 3: Lugigi777 (small blind) collected (270)



PokerStars Hand #243412823917: Tournament #3584839522, $0.92+$0.08 USD Hold'em No Limit - Level II (15/30) - 2023/04/30 21:46:20 CET [2023/04/30 15:46:20 ET]
Table '3584839522 1' 3-max Seat #3 is the button
Seat 1: bigslugo (515 in chips) 
Seat 2: Mahu2021 (480 in chips) 
Seat 3: Lugigi777 (505 in chips) 
bigslugo: posts small blind 15
Mahu2021: posts big blind 30
*** HOLE CARDS ***
Dealt to Mahu2021 [Ac Jd]
Lugigi777: calls 30
bigslugo: calls 15
Mahu2021: checks 
*** FLOP *** [Td Kc 5c]
bigslugo: checks 
Mahu2021: checks 
Lugigi777: checks 
*** TURN *** [Td Kc 5c] [9c]
bigslugo: checks 
Mahu2021: bets 90
Lugigi777: folds 
bigslugo: calls 90
*** RIVER *** [Td Kc 5c 9c] [2c]
bigslugo: checks 
Mahu2021: bets 150
bigslugo: folds 
Uncalled bet (150) returned to Mahu2021
Mahu2021 collected 270 from pot
Mahu2021: doesn't show hand 
*** SUMMARY ***
Total pot 270 | Rake 0 
Board [Td Kc 5c 9c 2c]
Seat 1: bigslugo (small blind) folded on the River
Seat 2: Mahu2021 (big blind) collected (270)
Seat 3: Lugigi777 (button) folded on the Turn



PokerStars Hand #243412838058: Tournament #3584839522, $0.92+$0.08 USD Hold'em No Limit - Level II (15/30) - 2023/04/30 21:46:52 CET [2023/04/30 15:46:52 ET]
Table '3584839522 1' 3-max Seat #1 is the button
Seat 1: bigslugo (395 in chips) 
Seat 2: Mahu2021 (630 in chips) 
Seat 3: Lugigi777 (475 in chips) 
Mahu2021: posts small blind 15
Lugigi777: posts big blind 30
*** HOLE CARDS ***
Dealt to Mahu2021 [3d Js]
bigslugo: folds 
Mahu2021: folds 
Uncalled bet (15) returned to Lugigi777
Lugigi777 collected 30 from pot
Lugigi777: doesn't show hand 
*** SUMMARY ***
Total pot 30 | Rake 0 
Seat 1: bigslugo (button) folded before Flop (didn't bet)
Seat 2: Mahu2021 (small blind) folded before Flop
Seat 3: Lugigi777 (big blind) collected (30)



PokerStars Hand #243412841251: Tournament #3584839522, $0.92+$0.08 USD Hold'em No Limit - Level II (15/30) - 2023/04/30 21:47:00 CET [2023/04/30 15:47:00 ET]
Table '3584839522 1' 3-max Seat #2 is the button
Seat 1: bigslugo (395 in chips) 
Seat 2: Mahu2021 (615 in chips) 
Seat 3: Lugigi777 (490 in chips) 
Lugigi777: posts small blind 15
bigslugo: posts big blind 30
*** HOLE CARDS ***
Dealt to Mahu2021 [Kh 9c]
Mahu2021: calls 30
Lugigi777: calls 15
bigslugo: checks 
*** FLOP *** [Td 3d 6c]
Lugigi777: checks 
bigslugo: checks 
Mahu2021: checks 
*** TURN *** [Td 3d 6c] [6s]
Lugigi777: checks 
bigslugo: bets 60
Mahu2021: folds 
Lugigi777: folds 
Uncalled bet (60) returned to bigslugo
bigslugo collected 90 from pot
bigslugo: doesn't show hand 
*** SUMMARY ***
Total pot 90 | Rake 0 
Board [Td 3d 6c 6s]
Seat 1: bigslugo (big blind) collected (90)
Seat 2: Mahu2021 (button) folded on the Turn
Seat 3: Lugigi777 (small blind) folded on the Turn



PokerStars Hand #243412852589: Tournament #3584839522, $0.92+$0.08 USD Hold'em No Limit - Level III (20/40) - 2023/04/30 21:47:26 CET [2023/04/30 15:47:26 ET]
Table '3584839522 1' 3-max Seat #3 is the button
Seat 1: bigslugo (455 in chips) 
Seat 2: Mahu2021 (585 in chips) 
Seat 3: Lugigi777 (460 in chips) 
bigslugo: posts small blind 20
Mahu2021: posts big blind 40
*** HOLE CARDS ***
Dealt to Mahu2021 [Qd Ts]
Lugigi777: calls 40
bigslugo: folds 
Mahu2021: checks 
*** FLOP *** [6h 2d Jc]
Mahu2021: checks 
Lugigi777: checks 
*** TURN *** [6h 2d Jc] [5d]
Mahu2021: checks 
Lugigi777: bets 80
Mahu2021: folds 
Uncalled bet (80) returned to Lugigi777
Lugigi777 collected 100 from pot
Lugigi777: doesn't show hand 
*** SUMMARY ***
Total pot 100 | Rake 0 
Board [6h 2d Jc 5d]
Seat 1: bigslugo (small blind) folded before Flop
Seat 2: Mahu2021 (big blind) folded on the Turn
Seat 3: Lugigi777 (button) collected (100)



PokerStars Hand #243412859475: Tournament #3584839522, $0.92+$0.08 USD Hold'em No Limit - Level III (20/40) - 2023/04/30 21:47:42 CET [2023/04/30 15:47:42 ET]
Table '3584839522 1' 3-max Seat #1 is the button
Seat 1: bigslugo (435 in chips) 
Seat 2: Mahu2021 (545 in chips) 
Seat 3: Lugigi777 (520 in chips) 
Mahu2021: posts small blind 20
Lugigi777: posts big blind 40
*** HOLE CARDS ***
Dealt to Mahu2021 [4c 7d]
bigslugo: folds 
Mahu2021: folds 
Uncalled bet (20) returned to Lugigi777
Lugigi777 collected 40 from pot
Lugigi777: doesn't show hand 
*** SUMMARY ***
Total pot 40 | Rake 0 
Seat 1: bigslugo (button) folded before Flop (didn't bet)
Seat 2: Mahu2021 (small blind) folded before Flop
Seat 3: Lugigi777 (big blind) collected (40)



PokerStars Hand #243412861788: Tournament #3584839522, $0.92+$0.08 USD Hold'em No Limit - Level III (20/40) - 2023/04/30 21:47:47 CET [2023/04/30 15:47:47 ET]
Table '3584839522 1' 3-max Seat #2 is the button
Seat 1: bigslugo (435 in chips) 
Seat 2: Mahu2021 (525 in chips) 
Seat 3: Lugigi777 (540 in chips) 
Lugigi777: posts small blind 20
bigslugo: posts big blind 40
*** HOLE CARDS ***
Dealt to Mahu2021 [2s 6c]
Mahu2021: folds 
Lugigi777: folds 
Uncalled bet (20) returned to bigslugo
bigslugo collected 40 from pot
bigslugo: doesn't show hand 
*** SUMMARY ***
Total pot 40 | Rake 0 
Seat 1: bigslugo (big blind) collected (40)
Seat 2: Mahu2021 (button) folded before Flop (didn't bet)
Seat 3: Lugigi777 (small blind) folded before Flop



PokerStars Hand #243412864179: Tournament #3584839522, $0.92+$0.08 USD Hold'em No Limit - Level III (20/40) - 2023/04/30 21:47:53 CET [2023/04/30 15:47:53 ET]
Table '3584839522 1' 3-max Seat #3 is the button
Seat 1: bigslugo (455 in chips) 
Seat 2: Mahu2021 (525 in chips) 
Seat 3: Lugigi777 (520 in chips) 
bigslugo: posts small blind 20
Mahu2021: posts big blind 40
*** HOLE CARDS ***
Dealt to Mahu2021 [Qd 5h]
Lugigi777: calls 40
bigslugo: calls 20
Mahu2021: checks 
*** FLOP *** [Jh 3d Kd]
bigslugo: checks 
Mahu2021: checks 
Lugigi777: checks 
*** TURN *** [Jh 3d Kd] [Td]
bigslugo: checks 
Mahu2021: checks 
Lugigi777: checks 
*** RIVER *** [Jh 3d Kd Td] [9d]
bigslugo: checks 
Mahu2021: bets 120
Lugigi777: folds 
bigslugo: folds 
Uncalled bet (120) returned to Mahu2021
Mahu2021 collected 120 from pot
Mahu2021: doesn't show hand 
*** SUMMARY ***
Total pot 120 | Rake 0 
Board [Jh 3d Kd Td 9d]
Seat 1: bigslugo (small blind) folded on the River
Seat 2: Mahu2021 (big blind) collected (120)
Seat 3: Lugigi777 (button) folded on the River



PokerStars Hand #243412878325: Tournament #3584839522, $0.92+$0.08 USD Hold'em No Limit - Level III (20/40) - 2023/04/30 21:48:25 CET [2023/04/30 15:48:25 ET]
Table '3584839522 1' 3-max Seat #1 is the button
Seat 1: bigslugo (415 in chips) 
Seat 2: Mahu2021 (605 in chips) 
Seat 3: Lugigi777 (480 in chips) 
Mahu2021: posts small blind 20
Lugigi777: posts big blind 40
*** HOLE CARDS ***
Dealt to Mahu2021 [6s 9d]
bigslugo: raises 58 to 98
Mahu2021: folds 
Lugigi777: calls 58
*** FLOP *** [Jc 4s Qh]
Lugigi777: checks 
bigslugo: bets 120
Lugigi777: folds 
Uncalled bet (120) returned to bigslugo
bigslugo collected 216 from pot
bigslugo: doesn't show hand 
*** SUMMARY ***
Total pot 216 | Rake 0 
Board [Jc 4s Qh]
Seat 1: bigslugo (button) collected (216)
Seat 2: Mahu2021 (small blind) folded before Flop
Seat 3: Lugigi777 (big blind) folded on the Flop



PokerStars Hand #243412890207: Tournament #3584839522, $0.92+$0.08 USD Hold'em No Limit - Level III (20/40) - 2023/04/30 21:48:52 CET [2023/04/30 15:48:52 ET]
Table '3584839522 1' 3-max Seat #2 is the button
Seat 1: bigslugo (533 in chips) 
Seat 2: Mahu2021 (585 in chips) 
Seat 3: Lugigi777 (382 in chips) 
Lugigi777: posts small blind 20
bigslugo: posts big blind 40
*** HOLE CARDS ***
Dealt to Mahu2021 [Tc Ts]
Mahu2021: raises 40 to 80
Lugigi777: folds 
bigslugo: folds 
Uncalled bet (40) returned to Mahu2021
Mahu2021 collected 100 from pot
Mahu2021: doesn't show hand 
*** SUMMARY ***
Total pot 100 | Rake 0 
Seat 1: bigslugo (big blind) folded before Flop
Seat 2: Mahu2021 (button) collected (100)
Seat 3: Lugigi777 (small blind) folded before Flop



PokerStars Hand #243412893709: Tournament #3584839522, $0.92+$0.08 USD Hold'em No Limit - Level III (20/40) - 2023/04/30 21:49:00 CET [2023/04/30 15:49:00 ET]
Table '3584839522 1' 3-max Seat #3 is the button
Seat 1: bigslugo (493 in chips) 
Seat 2: Mahu2021 (645 in chips) 
Seat 3: Lugigi777 (362 in chips) 
bigslugo: posts small blind 20
Mahu2021: posts big blind 40
*** HOLE CARDS ***
Dealt to Mahu2021 [5c 4c]
Lugigi777: calls 40
bigslugo: calls 20
Mahu2021: checks 
*** FLOP *** [Ad 6h Ks]
bigslugo: checks 
Mahu2021: checks 
Lugigi777: checks 
*** TURN *** [Ad 6h Ks] [Ts]
bigslugo: checks 
Mahu2021: checks 
Lugigi777: checks 
*** RIVER *** [Ad 6h Ks Ts] [9d]
bigslugo: checks 
Mahu2021: checks 
Lugigi777: checks 
*** SHOW DOWN ***
bigslugo: shows [5h 9c] (a pair of Nines)
Mahu2021: mucks hand 
Lugigi777: mucks hand 
bigslugo collected 120 from pot
*** SUMMARY ***
Total pot 120 | Rake 0 
Board [Ad 6h Ks Ts 9d]
Seat 1: bigslugo (small blind) showed [5h 9c] and won (120) with a pair of Nines
Seat 2: Mahu2021 (big blind) mucked [5c 4c]
Seat 3: Lugigi777 (button) mucked [Qh 7d]



PokerStars Hand #243412908374: Tournament #3584839522, $0.92+$0.08 USD Hold'em No Limit - Level IV (30/60) - 2023/04/30 21:49:34 CET [2023/04/30 15:49:34 ET]
Table '3584839522 1' 3-max Seat #1 is the button
Seat 1: bigslugo (573 in chips) 
Seat 2: Mahu2021 (605 in chips) 
Seat 3: Lugigi777 (322 in chips) 
Mahu2021: posts small blind 30
Lugigi777: posts big blind 60
*** HOLE CARDS ***
Dealt to Mahu2021 [5d Kd]
bigslugo: raises 513 to 573 and is all-in
Mahu2021: folds 
Lugigi777: folds 
Uncalled bet (513) returned to bigslugo
bigslugo collected 150 from pot
bigslugo: doesn't show hand 
*** SUMMARY ***
Total pot 150 | Rake 0 
Seat 1: bigslugo (button) collected (150)
Seat 2: Mahu2021 (small blind) folded before Flop
Seat 3: Lugigi777 (big blind) folded before Flop



PokerStars Hand #243412912569: Tournament #3584839522, $0.92+$0.08 USD Hold'em No Limit - Level IV (30/60) - 2023/04/30 21:49:44 CET [2023/04/30 15:49:44 ET]
Table '3584839522 1' 3-max Seat #2 is the button
Seat 1: bigslugo (663 in chips) 
Seat 2: Mahu2021 (575 in chips) 
Seat 3: Lugigi777 (262 in chips) 
Lugigi777: posts small blind 30
bigslugo: posts big blind 60
*** HOLE CARDS ***
Dealt to Mahu2021 [5s 2c]
Mahu2021: folds 
Lugigi777: calls 30
bigslugo: raises 603 to 663 and is all-in
Lugigi777: folds 
Uncalled bet (603) returned to bigslugo
bigslugo collected 120 from pot
bigslugo: doesn't show hand 
*** SUMMARY ***
Total pot 120 | Rake 0 
Seat 1: bigslugo (big blind) collected (120)
Seat 2: Mahu2021 (button) folded before Flop (didn't bet)
Seat 3: Lugigi777 (small blind) folded before Flop



PokerStars Hand #243412918394: Tournament #3584839522, $0.92+$0.08 USD Hold'em No Limit - Level IV (30/60) - 2023/04/30 21:49:58 CET [2023/04/30 15:49:58 ET]
Table '3584839522 1' 3-max Seat #3 is the button
Seat 1: bigslugo (723 in chips) 
Seat 2: Mahu2021 (575 in chips) 
Seat 3: Lugigi777 (202 in chips) 
bigslugo: posts small blind 30
Mahu2021: posts big blind 60
*** HOLE CARDS ***
Dealt to Mahu2021 [Ks 7d]
Lugigi777: folds 
bigslugo: folds 
Uncalled bet (30) returned to Mahu2021
Mahu2021 collected 60 from pot
Mahu2021: doesn't show hand 
*** SUMMARY ***
Total pot 60 | Rake 0 
Seat 1: bigslugo (small blind) folded before Flop
Seat 2: Mahu2021 (big blind) collected (60)
Seat 3: Lugigi777 (button) folded before Flop (didn't bet)



PokerStars Hand #243412922309: Tournament #3584839522, $0.92+$0.08 USD Hold'em No Limit - Level IV (30/60) - 2023/04/30 21:50:07 CET [2023/04/30 15:50:07 ET]
Table '3584839522 1' 3-max Seat #1 is the button
Seat 1: bigslugo (693 in chips) 
Seat 2: Mahu2021 (605 in chips) 
Seat 3: Lugigi777 (202 in chips) 
Mahu2021: posts small blind 30
Lugigi777: posts big blind 60
*** HOLE CARDS ***
Dealt to Mahu2021 [3c 5h]
bigslugo: raises 633 to 693 and is all-in
Mahu2021: folds 
Lugigi777: calls 142 and is all-in
Uncalled bet (491) returned to bigslugo
*** FLOP *** [Td Jc Kh]
*** TURN *** [Td Jc Kh] [6s]
*** RIVER *** [Td Jc Kh 6s] [2h]
*** SHOW DOWN ***
Lugigi777: shows [Kd Qs] (a pair of Kings)
bigslugo: shows [Ah 8d] (high card Ace)
Lugigi777 collected 434 from pot
*** SUMMARY ***
Total pot 434 | Rake 0 
Board [Td Jc Kh 6s 2h]
Seat 1: bigslugo (button) showed [Ah 8d] and lost with high card Ace
Seat 2: Mahu2021 (small blind) folded before Flop
Seat 3: Lugigi777 (big blind) showed [Kd Qs] and won (434) with a pair of Kings



PokerStars Hand #243412929277: Tournament #3584839522, $0.92+$0.08 USD Hold'em No Limit - Level IV (30/60) - 2023/04/30 21:50:23 CET [2023/04/30 15:50:23 ET]
Table '3584839522 1' 3-max Seat #2 is the button
Seat 1: bigslugo (491 in chips) 
Seat 2: Mahu2021 (575 in chips) 
Seat 3: Lugigi777 (434 in chips) 
Lugigi777: posts small blind 30
bigslugo: posts big blind 60
*** HOLE CARDS ***
Dealt to Mahu2021 [Kh 2c]
Mahu2021: folds 
Lugigi777: calls 30
bigslugo: checks 
*** FLOP *** [3h Th Kc]
Lugigi777: checks 
bigslugo: checks 
*** TURN *** [3h Th Kc] [9s]
Lugigi777: bets 60
bigslugo: folds 
Uncalled bet (60) returned to Lugigi777
Lugigi777 collected 120 from pot
Lugigi777: doesn't show hand 
*** SUMMARY ***
Total pot 120 | Rake 0 
Board [3h Th Kc 9s]
Seat 1: bigslugo (big blind) folded on the Turn
Seat 2: Mahu2021 (button) folded before Flop (didn't bet)
Seat 3: Lugigi777 (small blind) collected (120)



PokerStars Hand #243412938316: Tournament #3584839522, $0.92+$0.08 USD Hold'em No Limit - Level IV (30/60) - 2023/04/30 21:50:44 CET [2023/04/30 15:50:44 ET]
Table '3584839522 1' 3-max Seat #3 is the button
Seat 1: bigslugo (431 in chips) 
Seat 2: Mahu2021 (575 in chips) 
Seat 3: Lugigi777 (494 in chips) 
bigslugo: posts small blind 30
Mahu2021: posts big blind 60
*** HOLE CARDS ***
Dealt to Mahu2021 [Js 8h]
Lugigi777: folds 
bigslugo: folds 
Uncalled bet (30) returned to Mahu2021
Mahu2021 collected 60 from pot
Mahu2021: doesn't show hand 
*** SUMMARY ***
Total pot 60 | Rake 0 
Seat 1: bigslugo (small blind) folded before Flop
Seat 2: Mahu2021 (big blind) collected (60)
Seat 3: Lugigi777 (button) folded before Flop (didn't bet)



PokerStars Hand #243412941130: Tournament #3584839522, $0.92+$0.08 USD Hold'em No Limit - Level IV (30/60) - 2023/04/30 21:50:50 CET [2023/04/30 15:50:50 ET]
Table '3584839522 1' 3-max Seat #1 is the button
Seat 1: bigslugo (401 in chips) 
Seat 2: Mahu2021 (605 in chips) 
Seat 3: Lugigi777 (494 in chips) 
Mahu2021: posts small blind 30
Lugigi777: posts big blind 60
*** HOLE CARDS ***
Dealt to Mahu2021 [Ah 9s]
bigslugo: folds 
Mahu2021: calls 30
Lugigi777: checks 
*** FLOP *** [Tc Th Js]
Mahu2021: bets 60
Lugigi777: folds 
Uncalled bet (60) returned to Mahu2021
Mahu2021 collected 120 from pot
Mahu2021: doesn't show hand 
*** SUMMARY ***
Total pot 120 | Rake 0 
Board [Tc Th Js]
Seat 1: bigslugo (button) folded before Flop (didn't bet)
Seat 2: Mahu2021 (small blind) collected (120)
Seat 3: Lugigi777 (big blind) folded on the Flop



PokerStars Hand #243412949646: Tournament #3584839522, $0.92+$0.08 USD Hold'em No Limit - Level IV (30/60) - 2023/04/30 21:51:10 CET [2023/04/30 15:51:10 ET]
Table '3584839522 1' 3-max Seat #2 is the button
Seat 1: bigslugo (401 in chips) 
Seat 2: Mahu2021 (665 in chips) 
Seat 3: Lugigi777 (434 in chips) 
Lugigi777: posts small blind 30
bigslugo: posts big blind 60
*** HOLE CARDS ***
Dealt to Mahu2021 [6c 5d]
Mahu2021: folds 
Lugigi777: calls 30
bigslugo: checks 
*** FLOP *** [5h Kd 3d]
Lugigi777: checks 
bigslugo: checks 
*** TURN *** [5h Kd 3d] [Ts]
Lugigi777: checks 
bigslugo: checks 
*** RIVER *** [5h Kd 3d Ts] [Ah]
Lugigi777: checks 
bigslugo: checks 
*** SHOW DOWN ***
Lugigi777: shows [8d Js] (high card Ace)
bigslugo: shows [7c 5s] (a pair of Fives)
bigslugo collected 120 from pot
*** SUMMARY ***
Total pot 120 | Rake 0 
Board [5h Kd 3d Ts Ah]
Seat 1: bigslugo (big blind) showed [7c 5s] and won (120) with a pair of Fives
Seat 2: Mahu2021 (button) folded before Flop (didn't bet)
Seat 3: Lugigi777 (small blind) showed [8d Js] and lost with high card Ace



PokerStars Hand #243412961117: Tournament #3584839522, $0.92+$0.08 USD Hold'em No Limit - Level V (40/80) - 2023/04/30 21:51:37 CET [2023/04/30 15:51:37 ET]
Table '3584839522 1' 3-max Seat #3 is the button
Seat 1: bigslugo (461 in chips) 
Seat 2: Mahu2021 (665 in chips) 
Seat 3: Lugigi777 (374 in chips) 
bigslugo: posts small blind 40
Mahu2021: posts big blind 80
*** HOLE CARDS ***
Dealt to Mahu2021 [Ts Th]
Lugigi777: calls 80
bigslugo: raises 381 to 461 and is all-in
Mahu2021: calls 381
Lugigi777: calls 294 and is all-in
*** FLOP *** [6s 9c 4s]
*** TURN *** [6s 9c 4s] [5s]
*** RIVER *** [6s 9c 4s 5s] [8s]
*** SHOW DOWN ***
bigslugo: shows [6d 6c] (three of a kind, Sixes)
Mahu2021: shows [Ts Th] (a flush, Ten high)
Mahu2021 collected 174 from side pot
Lugigi777: shows [4c Ac] (a pair of Fours)
Mahu2021 collected 1122 from main pot
bigslugo finished the tournament in 2nd place
Lugigi777 finished the tournament in 3rd place
Mahu2021 wins the tournament and receives $2.00 - congratulations!
*** SUMMARY ***
Total pot 1296 Main pot 1122. Side pot 174. | Rake 0 
Board [6s 9c 4s 5s 8s]
Seat 1: bigslugo (small blind) showed [6d 6c] and lost with three of a kind, Sixes
Seat 2: Mahu2021 (big blind) showed [Ts Th] and won (1296) with a flush, Ten high
Seat 3: Lugigi777 (button) showed [4c Ac] and lost with a pair of Fours



