PokerStars Hand #253206601953: Tournament #3818954799, $1.84+$0.16 USD Hold'em No Limit - Level I (10/20) - 2024/11/01 21:33:26 CET [2024/11/01 16:33:26 ET]
Table '3818954799 1' 3-max Seat #1 is the button
Seat 1: pottker60334 (500 in chips) 
Seat 2: Mahu2021 (500 in chips) 
Seat 3: trader21318 (500 in chips) 
Mahu2021: posts small blind 10
trader21318: posts big blind 20
*** HOLE CARDS ***
Dealt to Mahu2021 [3h 5d]
pottker60334: folds 
Mahu2021: folds 
Uncalled bet (10) returned to trader21318
trader21318 collected 20 from pot
trader21318: doesn't show hand 
*** SUMMARY ***
Total pot 20 | Rake 0 
Seat 1: pottker60334 (button) folded before Flop (didn't bet)
Seat 2: Mahu2021 (small blind) folded before Flop
Seat 3: trader21318 (big blind) collected (20)



PokerStars Hand #253206604637: Tournament #3818954799, $1.84+$0.16 USD Hold'em No Limit - Level I (10/20) - 2024/11/01 21:33:35 CET [2024/11/01 16:33:35 ET]
Table '3818954799 1' 3-max Seat #2 is the button
Seat 1: pottker60334 (500 in chips) 
Seat 2: Mahu2021 (490 in chips) 
Seat 3: trader21318 (510 in chips) 
trader21318: posts small blind 10
pottker60334: posts big blind 20
*** HOLE CARDS ***
Dealt to Mahu2021 [Jd 2h]
Mahu2021: folds 
trader21318: raises 20 to 40
pottker60334: calls 20
*** FLOP *** [3h 4s 3d]
trader21318: checks 
pottker60334: checks 
*** TURN *** [3h 4s 3d] [Th]
trader21318: bets 40
pottker60334: calls 40
*** RIVER *** [3h 4s 3d Th] [As]
trader21318: bets 160
pottker60334: folds 
Uncalled bet (160) returned to trader21318
trader21318 collected 160 from pot
trader21318: doesn't show hand 
*** SUMMARY ***
Total pot 160 | Rake 0 
Board [3h 4s 3d Th As]
Seat 1: pottker60334 (big blind) folded on the River
Seat 2: Mahu2021 (button) folded before Flop (didn't bet)
Seat 3: trader21318 (small blind) collected (160)



PokerStars Hand #253206612853: Tournament #3818954799, $1.84+$0.16 USD Hold'em No Limit - Level I (10/20) - 2024/11/01 21:34:03 CET [2024/11/01 16:34:03 ET]
Table '3818954799 1' 3-max Seat #3 is the button
Seat 1: pottker60334 (420 in chips) 
Seat 2: Mahu2021 (490 in chips) 
Seat 3: trader21318 (590 in chips) 
pottker60334: posts small blind 10
Mahu2021: posts big blind 20
*** HOLE CARDS ***
Dealt to Mahu2021 [9c Ah]
trader21318: folds 
pottker60334: raises 40 to 60
Mahu2021: calls 40
*** FLOP *** [3d 3c Ts]
pottker60334: checks 
Mahu2021: checks 
*** TURN *** [3d 3c Ts] [9d]
pottker60334: checks 
Mahu2021: bets 60
pottker60334: folds 
Uncalled bet (60) returned to Mahu2021
Mahu2021 collected 120 from pot
Mahu2021: doesn't show hand 
*** SUMMARY ***
Total pot 120 | Rake 0 
Board [3d 3c Ts 9d]
Seat 1: pottker60334 (small blind) folded on the Turn
Seat 2: Mahu2021 (big blind) collected (120)
Seat 3: trader21318 (button) folded before Flop (didn't bet)



PokerStars Hand #253206619476: Tournament #3818954799, $1.84+$0.16 USD Hold'em No Limit - Level I (10/20) - 2024/11/01 21:34:25 CET [2024/11/01 16:34:25 ET]
Table '3818954799 1' 3-max Seat #1 is the button
Seat 1: pottker60334 (360 in chips) 
Seat 2: Mahu2021 (550 in chips) 
Seat 3: trader21318 (590 in chips) 
Mahu2021: posts small blind 10
trader21318: posts big blind 20
*** HOLE CARDS ***
Dealt to Mahu2021 [2h Th]
pottker60334: folds 
Mahu2021: calls 10
trader21318: raises 570 to 590 and is all-in
Mahu2021: folds 
Uncalled bet (570) returned to trader21318
trader21318 collected 40 from pot
trader21318: doesn't show hand 
*** SUMMARY ***
Total pot 40 | Rake 0 
Seat 1: pottker60334 (button) folded before Flop (didn't bet)
Seat 2: Mahu2021 (small blind) folded before Flop
Seat 3: trader21318 (big blind) collected (40)



PokerStars Hand #253206623039: Tournament #3818954799, $1.84+$0.16 USD Hold'em No Limit - Level I (10/20) - 2024/11/01 21:34:37 CET [2024/11/01 16:34:37 ET]
Table '3818954799 1' 3-max Seat #2 is the button
Seat 1: pottker60334 (360 in chips) 
Seat 2: Mahu2021 (530 in chips) 
Seat 3: trader21318 (610 in chips) 
trader21318: posts small blind 10
pottker60334: posts big blind 20
*** HOLE CARDS ***
Dealt to Mahu2021 [Qh 3h]
Mahu2021: calls 20
trader21318: raises 590 to 610 and is all-in
pottker60334: folds 
Mahu2021: folds 
Uncalled bet (590) returned to trader21318
trader21318 collected 60 from pot
trader21318: doesn't show hand 
*** SUMMARY ***
Total pot 60 | Rake 0 
Seat 1: pottker60334 (big blind) folded before Flop
Seat 2: Mahu2021 (button) folded before Flop
Seat 3: trader21318 (small blind) collected (60)



PokerStars Hand #253206625621: Tournament #3818954799, $1.84+$0.16 USD Hold'em No Limit - Level I (10/20) - 2024/11/01 21:34:46 CET [2024/11/01 16:34:46 ET]
Table '3818954799 1' 3-max Seat #3 is the button
Seat 1: pottker60334 (340 in chips) 
Seat 2: Mahu2021 (510 in chips) 
Seat 3: trader21318 (650 in chips) 
pottker60334: posts small blind 10
Mahu2021: posts big blind 20
*** HOLE CARDS ***
Dealt to Mahu2021 [7d Qd]
trader21318: folds 
pottker60334: raises 320 to 340 and is all-in
Mahu2021: folds 
Uncalled bet (320) returned to pottker60334
pottker60334 collected 40 from pot
pottker60334: doesn't show hand 
*** SUMMARY ***
Total pot 40 | Rake 0 
Seat 1: pottker60334 (small blind) collected (40)
Seat 2: Mahu2021 (big blind) folded before Flop
Seat 3: trader21318 (button) folded before Flop (didn't bet)



PokerStars Hand #253206628104: Tournament #3818954799, $1.84+$0.16 USD Hold'em No Limit - Level I (10/20) - 2024/11/01 21:34:54 CET [2024/11/01 16:34:54 ET]
Table '3818954799 1' 3-max Seat #1 is the button
Seat 1: pottker60334 (360 in chips) 
Seat 2: Mahu2021 (490 in chips) 
Seat 3: trader21318 (650 in chips) 
Mahu2021: posts small blind 10
trader21318: posts big blind 20
*** HOLE CARDS ***
Dealt to Mahu2021 [Jd 3c]
pottker60334: calls 20
Mahu2021: folds 
trader21318: checks 
*** FLOP *** [8d Ac Js]
trader21318: checks 
pottker60334: bets 50
trader21318: folds 
Uncalled bet (50) returned to pottker60334
pottker60334 collected 50 from pot
pottker60334: doesn't show hand 
*** SUMMARY ***
Total pot 50 | Rake 0 
Board [8d Ac Js]
Seat 1: pottker60334 (button) collected (50)
Seat 2: Mahu2021 (small blind) folded before Flop
Seat 3: trader21318 (big blind) folded on the Flop



PokerStars Hand #253206632165: Tournament #3818954799, $1.84+$0.16 USD Hold'em No Limit - Level I (10/20) - 2024/11/01 21:35:08 CET [2024/11/01 16:35:08 ET]
Table '3818954799 1' 3-max Seat #2 is the button
Seat 1: pottker60334 (390 in chips) 
Seat 2: Mahu2021 (480 in chips) 
Seat 3: trader21318 (630 in chips) 
trader21318: posts small blind 10
pottker60334: posts big blind 20
*** HOLE CARDS ***
Dealt to Mahu2021 [Ac 4c]
Mahu2021: raises 20 to 40
trader21318: folds 
pottker60334: calls 20
*** FLOP *** [Qd Qc 4h]
pottker60334: checks 
Mahu2021: bets 40
pottker60334: folds 
Uncalled bet (40) returned to Mahu2021
Mahu2021 collected 90 from pot
Mahu2021: doesn't show hand 
*** SUMMARY ***
Total pot 90 | Rake 0 
Board [Qd Qc 4h]
Seat 1: pottker60334 (big blind) folded on the Flop
Seat 2: Mahu2021 (button) collected (90)
Seat 3: trader21318 (small blind) folded before Flop



PokerStars Hand #253206637690: Tournament #3818954799, $1.84+$0.16 USD Hold'em No Limit - Level I (10/20) - 2024/11/01 21:35:26 CET [2024/11/01 16:35:26 ET]
Table '3818954799 1' 3-max Seat #3 is the button
Seat 1: pottker60334 (350 in chips) 
Seat 2: Mahu2021 (530 in chips) 
Seat 3: trader21318 (620 in chips) 
pottker60334: posts small blind 10
Mahu2021: posts big blind 20
*** HOLE CARDS ***
Dealt to Mahu2021 [7c 6s]
trader21318: raises 20 to 40
pottker60334: folds 
Mahu2021: calls 20
*** FLOP *** [Qd 4s Qh]
Mahu2021: checks 
trader21318: checks 
*** TURN *** [Qd 4s Qh] [5c]
Mahu2021: checks 
trader21318: checks 
*** RIVER *** [Qd 4s Qh 5c] [5h]
Mahu2021: checks 
trader21318: bets 40
Mahu2021: folds 
Uncalled bet (40) returned to trader21318
trader21318 collected 90 from pot
trader21318: doesn't show hand 
*** SUMMARY ***
Total pot 90 | Rake 0 
Board [Qd 4s Qh 5c 5h]
Seat 1: pottker60334 (small blind) folded before Flop
Seat 2: Mahu2021 (big blind) folded on the River
Seat 3: trader21318 (button) collected (90)



PokerStars Hand #253206643912: Tournament #3818954799, $1.84+$0.16 USD Hold'em No Limit - Level II (15/30) - 2024/11/01 21:35:47 CET [2024/11/01 16:35:47 ET]
Table '3818954799 1' 3-max Seat #1 is the button
Seat 1: pottker60334 (340 in chips) 
Seat 2: Mahu2021 (490 in chips) 
Seat 3: trader21318 (670 in chips) 
Mahu2021: posts small blind 15
trader21318: posts big blind 30
*** HOLE CARDS ***
Dealt to Mahu2021 [Td 9c]
pottker60334: calls 30
Mahu2021: calls 15
trader21318: checks 
*** FLOP *** [Tc Jd 8d]
Mahu2021: bets 30
trader21318: folds 
pottker60334: folds 
Uncalled bet (30) returned to Mahu2021
Mahu2021 collected 90 from pot
Mahu2021: doesn't show hand 
*** SUMMARY ***
Total pot 90 | Rake 0 
Board [Tc Jd 8d]
Seat 1: pottker60334 (button) folded on the Flop
Seat 2: Mahu2021 (small blind) collected (90)
Seat 3: trader21318 (big blind) folded on the Flop



PokerStars Hand #253206649886: Tournament #3818954799, $1.84+$0.16 USD Hold'em No Limit - Level II (15/30) - 2024/11/01 21:36:07 CET [2024/11/01 16:36:07 ET]
Table '3818954799 1' 3-max Seat #2 is the button
Seat 1: pottker60334 (310 in chips) 
Seat 2: Mahu2021 (550 in chips) 
Seat 3: trader21318 (640 in chips) 
trader21318: posts small blind 15
pottker60334: posts big blind 30
*** HOLE CARDS ***
Dealt to Mahu2021 [Th Td]
Mahu2021: raises 30 to 60
trader21318: folds 
pottker60334: folds 
Uncalled bet (30) returned to Mahu2021
Mahu2021 collected 75 from pot
Mahu2021: doesn't show hand 
*** SUMMARY ***
Total pot 75 | Rake 0 
Seat 1: pottker60334 (big blind) folded before Flop
Seat 2: Mahu2021 (button) collected (75)
Seat 3: trader21318 (small blind) folded before Flop



PokerStars Hand #253206654196: Tournament #3818954799, $1.84+$0.16 USD Hold'em No Limit - Level II (15/30) - 2024/11/01 21:36:22 CET [2024/11/01 16:36:22 ET]
Table '3818954799 1' 3-max Seat #3 is the button
Seat 1: pottker60334 (280 in chips) 
Seat 2: Mahu2021 (595 in chips) 
Seat 3: trader21318 (625 in chips) 
pottker60334: posts small blind 15
Mahu2021: posts big blind 30
*** HOLE CARDS ***
Dealt to Mahu2021 [Kc 9h]
trader21318: raises 30 to 60
pottker60334: raises 220 to 280 and is all-in
Mahu2021: folds 
trader21318: folds 
Uncalled bet (220) returned to pottker60334
pottker60334 collected 150 from pot
pottker60334: doesn't show hand 
*** SUMMARY ***
Total pot 150 | Rake 0 
Seat 1: pottker60334 (small blind) collected (150)
Seat 2: Mahu2021 (big blind) folded before Flop
Seat 3: trader21318 (button) folded before Flop



PokerStars Hand #253206660532: Tournament #3818954799, $1.84+$0.16 USD Hold'em No Limit - Level II (15/30) - 2024/11/01 21:36:43 CET [2024/11/01 16:36:43 ET]
Table '3818954799 1' 3-max Seat #1 is the button
Seat 1: pottker60334 (370 in chips) 
Seat 2: Mahu2021 (565 in chips) 
Seat 3: trader21318 (565 in chips) 
Mahu2021: posts small blind 15
trader21318: posts big blind 30
*** HOLE CARDS ***
Dealt to Mahu2021 [4c 8h]
pottker60334: raises 340 to 370 and is all-in
Mahu2021: folds 
trader21318: folds 
Uncalled bet (340) returned to pottker60334
pottker60334 collected 75 from pot
pottker60334: doesn't show hand 
*** SUMMARY ***
Total pot 75 | Rake 0 
Seat 1: pottker60334 (button) collected (75)
Seat 2: Mahu2021 (small blind) folded before Flop
Seat 3: trader21318 (big blind) folded before Flop



PokerStars Hand #253206665168: Tournament #3818954799, $1.84+$0.16 USD Hold'em No Limit - Level II (15/30) - 2024/11/01 21:36:58 CET [2024/11/01 16:36:58 ET]
Table '3818954799 1' 3-max Seat #2 is the button
Seat 1: pottker60334 (415 in chips) 
Seat 2: Mahu2021 (550 in chips) 
Seat 3: trader21318 (535 in chips) 
trader21318: posts small blind 15
pottker60334: posts big blind 30
*** HOLE CARDS ***
Dealt to Mahu2021 [2s 9h]
Mahu2021: folds 
trader21318: raises 505 to 535 and is all-in
pottker60334: folds 
Uncalled bet (505) returned to trader21318
trader21318 collected 60 from pot
trader21318: doesn't show hand 
*** SUMMARY ***
Total pot 60 | Rake 0 
Seat 1: pottker60334 (big blind) folded before Flop
Seat 2: Mahu2021 (button) folded before Flop (didn't bet)
Seat 3: trader21318 (small blind) collected (60)



PokerStars Hand #253206667472: Tournament #3818954799, $1.84+$0.16 USD Hold'em No Limit - Level II (15/30) - 2024/11/01 21:37:06 CET [2024/11/01 16:37:06 ET]
Table '3818954799 1' 3-max Seat #3 is the button
Seat 1: pottker60334 (385 in chips) 
Seat 2: Mahu2021 (550 in chips) 
Seat 3: trader21318 (565 in chips) 
pottker60334: posts small blind 15
Mahu2021: posts big blind 30
*** HOLE CARDS ***
Dealt to Mahu2021 [Td Qc]
trader21318: folds 
pottker60334: calls 15
Mahu2021: checks 
*** FLOP *** [8h 2h Kh]
pottker60334: checks 
Mahu2021: checks 
*** TURN *** [8h 2h Kh] [Tc]
pottker60334: checks 
Mahu2021: bets 30
pottker60334: folds 
Uncalled bet (30) returned to Mahu2021
Mahu2021 collected 60 from pot
Mahu2021: doesn't show hand 
*** SUMMARY ***
Total pot 60 | Rake 0 
Board [8h 2h Kh Tc]
Seat 1: pottker60334 (small blind) folded on the Turn
Seat 2: Mahu2021 (big blind) collected (60)
Seat 3: trader21318 (button) folded before Flop (didn't bet)



PokerStars Hand #253206672894: Tournament #3818954799, $1.84+$0.16 USD Hold'em No Limit - Level II (15/30) - 2024/11/01 21:37:25 CET [2024/11/01 16:37:25 ET]
Table '3818954799 1' 3-max Seat #1 is the button
Seat 1: pottker60334 (355 in chips) 
Seat 2: Mahu2021 (580 in chips) 
Seat 3: trader21318 (565 in chips) 
Mahu2021: posts small blind 15
trader21318: posts big blind 30
*** HOLE CARDS ***
Dealt to Mahu2021 [Qh 8h]
pottker60334: raises 30 to 60
Mahu2021: calls 45
trader21318: raises 505 to 565 and is all-in
pottker60334: folds 
Mahu2021: folds 
Uncalled bet (505) returned to trader21318
trader21318 collected 180 from pot
trader21318: doesn't show hand 
*** SUMMARY ***
Total pot 180 | Rake 0 
Seat 1: pottker60334 (button) folded before Flop
Seat 2: Mahu2021 (small blind) folded before Flop
Seat 3: trader21318 (big blind) collected (180)



PokerStars Hand #253206677932: Tournament #3818954799, $1.84+$0.16 USD Hold'em No Limit - Level III (20/40) - 2024/11/01 21:37:42 CET [2024/11/01 16:37:42 ET]
Table '3818954799 1' 3-max Seat #2 is the button
Seat 1: pottker60334 (295 in chips) 
Seat 2: Mahu2021 (520 in chips) 
Seat 3: trader21318 (685 in chips) 
trader21318: posts small blind 20
pottker60334: posts big blind 40
*** HOLE CARDS ***
Dealt to Mahu2021 [4c 8d]
Mahu2021: folds 
trader21318: raises 645 to 685 and is all-in
pottker60334: calls 255 and is all-in
Uncalled bet (390) returned to trader21318
*** FLOP *** [3s Td Ts]
*** TURN *** [3s Td Ts] [2d]
*** RIVER *** [3s Td Ts 2d] [7d]
*** SHOW DOWN ***
trader21318: shows [8s Ad] (a pair of Tens)
pottker60334: shows [9d Qs] (a pair of Tens - lower kicker)
trader21318 collected 590 from pot
pottker60334 finished the tournament in 3rd place
*** SUMMARY ***
Total pot 590 | Rake 0 
Board [3s Td Ts 2d 7d]
Seat 1: pottker60334 (big blind) showed [9d Qs] and lost with a pair of Tens
Seat 2: Mahu2021 (button) folded before Flop (didn't bet)
Seat 3: trader21318 (small blind) showed [8s Ad] and won (590) with a pair of Tens



PokerStars Hand #253206682990: Tournament #3818954799, $1.84+$0.16 USD Hold'em No Limit - Level III (20/40) - 2024/11/01 21:37:59 CET [2024/11/01 16:37:59 ET]
Table '3818954799 1' 3-max Seat #3 is the button
Seat 2: Mahu2021 (520 in chips) 
Seat 3: trader21318 (980 in chips) 
trader21318: posts small blind 20
Mahu2021: posts big blind 40
*** HOLE CARDS ***
Dealt to Mahu2021 [2d Kd]
trader21318: raises 940 to 980 and is all-in
Mahu2021: folds 
Uncalled bet (940) returned to trader21318
trader21318 collected 80 from pot
trader21318: doesn't show hand 
*** SUMMARY ***
Total pot 80 | Rake 0 
Seat 2: Mahu2021 (big blind) folded before Flop
Seat 3: trader21318 (button) (small blind) collected (80)



PokerStars Hand #253206685671: Tournament #3818954799, $1.84+$0.16 USD Hold'em No Limit - Level III (20/40) - 2024/11/01 21:38:08 CET [2024/11/01 16:38:08 ET]
Table '3818954799 1' 3-max Seat #2 is the button
Seat 2: Mahu2021 (480 in chips) 
Seat 3: trader21318 (1020 in chips) 
Mahu2021: posts small blind 20
trader21318: posts big blind 40
*** HOLE CARDS ***
Dealt to Mahu2021 [3d Kc]
Mahu2021: calls 20
trader21318: raises 980 to 1020 and is all-in
Mahu2021: folds 
Uncalled bet (980) returned to trader21318
trader21318 collected 80 from pot
trader21318: doesn't show hand 
*** SUMMARY ***
Total pot 80 | Rake 0 
Seat 2: Mahu2021 (button) (small blind) folded before Flop
Seat 3: trader21318 (big blind) collected (80)



PokerStars Hand #253206689107: Tournament #3818954799, $1.84+$0.16 USD Hold'em No Limit - Level III (20/40) - 2024/11/01 21:38:20 CET [2024/11/01 16:38:20 ET]
Table '3818954799 1' 3-max Seat #3 is the button
Seat 2: Mahu2021 (440 in chips) 
Seat 3: trader21318 (1060 in chips) 
trader21318: posts small blind 20
Mahu2021: posts big blind 40
*** HOLE CARDS ***
Dealt to Mahu2021 [Ks 6d]
trader21318: calls 20
Mahu2021: raises 400 to 440 and is all-in
trader21318: folds 
Uncalled bet (400) returned to Mahu2021
Mahu2021 collected 80 from pot
Mahu2021: doesn't show hand 
*** SUMMARY ***
Total pot 80 | Rake 0 
Seat 2: Mahu2021 (big blind) collected (80)
Seat 3: trader21318 (button) (small blind) folded before Flop



PokerStars Hand #253206692276: Tournament #3818954799, $1.84+$0.16 USD Hold'em No Limit - Level III (20/40) - 2024/11/01 21:38:30 CET [2024/11/01 16:38:30 ET]
Table '3818954799 1' 3-max Seat #2 is the button
Seat 2: Mahu2021 (480 in chips) 
Seat 3: trader21318 (1020 in chips) 
Mahu2021: posts small blind 20
trader21318: posts big blind 40
*** HOLE CARDS ***
Dealt to Mahu2021 [Ah 8d]
Mahu2021: calls 20
trader21318: checks 
*** FLOP *** [5d 5h 7c]
trader21318: checks 
Mahu2021: bets 40
trader21318: raises 940 to 980 and is all-in
Mahu2021: folds 
Uncalled bet (940) returned to trader21318
trader21318 collected 160 from pot
trader21318: doesn't show hand 
*** SUMMARY ***
Total pot 160 | Rake 0 
Board [5d 5h 7c]
Seat 2: Mahu2021 (button) (small blind) folded on the Flop
Seat 3: trader21318 (big blind) collected (160)



PokerStars Hand #253206697500: Tournament #3818954799, $1.84+$0.16 USD Hold'em No Limit - Level III (20/40) - 2024/11/01 21:38:48 CET [2024/11/01 16:38:48 ET]
Table '3818954799 1' 3-max Seat #3 is the button
Seat 2: Mahu2021 (400 in chips) 
Seat 3: trader21318 (1100 in chips) 
trader21318: posts small blind 20
Mahu2021: posts big blind 40
*** HOLE CARDS ***
Dealt to Mahu2021 [Qs 7h]
trader21318: calls 20
Mahu2021: checks 
*** FLOP *** [Qd 5s 3d]
Mahu2021: checks 
trader21318: checks 
*** TURN *** [Qd 5s 3d] [9c]
Mahu2021: checks 
trader21318: bets 40
Mahu2021: raises 40 to 80
trader21318: calls 40
*** RIVER *** [Qd 5s 3d 9c] [5h]
Mahu2021: bets 280 and is all-in
trader21318: folds 
Uncalled bet (280) returned to Mahu2021
Mahu2021 collected 240 from pot
Mahu2021: doesn't show hand 
*** SUMMARY ***
Total pot 240 | Rake 0 
Board [Qd 5s 3d 9c 5h]
Seat 2: Mahu2021 (big blind) collected (240)
Seat 3: trader21318 (button) (small blind) folded on the River



PokerStars Hand #253206706458: Tournament #3818954799, $1.84+$0.16 USD Hold'em No Limit - Level III (20/40) - 2024/11/01 21:39:18 CET [2024/11/01 16:39:18 ET]
Table '3818954799 1' 3-max Seat #2 is the button
Seat 2: Mahu2021 (520 in chips) 
Seat 3: trader21318 (980 in chips) 
Mahu2021: posts small blind 20
trader21318: posts big blind 40
*** HOLE CARDS ***
Dealt to Mahu2021 [5c 5h]
Mahu2021: raises 480 to 520 and is all-in
trader21318: folds 
Uncalled bet (480) returned to Mahu2021
Mahu2021 collected 80 from pot
Mahu2021: doesn't show hand 
*** SUMMARY ***
Total pot 80 | Rake 0 
Seat 2: Mahu2021 (button) (small blind) collected (80)
Seat 3: trader21318 (big blind) folded before Flop



PokerStars Hand #253206708984: Tournament #3818954799, $1.84+$0.16 USD Hold'em No Limit - Level III (20/40) - 2024/11/01 21:39:27 CET [2024/11/01 16:39:27 ET]
Table '3818954799 1' 3-max Seat #3 is the button
Seat 2: Mahu2021 (560 in chips) 
Seat 3: trader21318 (940 in chips) 
trader21318: posts small blind 20
Mahu2021: posts big blind 40
*** HOLE CARDS ***
Dealt to Mahu2021 [Td Ks]
trader21318: calls 20
Mahu2021: checks 
*** FLOP *** [8h Ts Jh]
Mahu2021: bets 40
trader21318: raises 40 to 80
Mahu2021: calls 40
*** TURN *** [8h Ts Jh] [2c]
Mahu2021: checks 
trader21318: bets 80
Mahu2021: calls 80
*** RIVER *** [8h Ts Jh 2c] [4s]
Mahu2021: checks 
trader21318: bets 740 and is all-in
Mahu2021: folds 
Uncalled bet (740) returned to trader21318
trader21318 collected 400 from pot
trader21318: doesn't show hand 
*** SUMMARY ***
Total pot 400 | Rake 0 
Board [8h Ts Jh 2c 4s]
Seat 2: Mahu2021 (big blind) folded on the River
Seat 3: trader21318 (button) (small blind) collected (400)



PokerStars Hand #253206716028: Tournament #3818954799, $1.84+$0.16 USD Hold'em No Limit - Level IV (30/60) - 2024/11/01 21:39:50 CET [2024/11/01 16:39:50 ET]
Table '3818954799 1' 3-max Seat #2 is the button
Seat 2: Mahu2021 (360 in chips) 
Seat 3: trader21318 (1140 in chips) 
Mahu2021: posts small blind 30
trader21318: posts big blind 60
*** HOLE CARDS ***
Dealt to Mahu2021 [7h 9c]
Mahu2021: folds 
Uncalled bet (30) returned to trader21318
trader21318 collected 60 from pot
trader21318: doesn't show hand 
*** SUMMARY ***
Total pot 60 | Rake 0 
Seat 2: Mahu2021 (button) (small blind) folded before Flop
Seat 3: trader21318 (big blind) collected (60)



PokerStars Hand #253206717349: Tournament #3818954799, $1.84+$0.16 USD Hold'em No Limit - Level IV (30/60) - 2024/11/01 21:39:55 CET [2024/11/01 16:39:55 ET]
Table '3818954799 1' 3-max Seat #3 is the button
Seat 2: Mahu2021 (330 in chips) 
Seat 3: trader21318 (1170 in chips) 
trader21318: posts small blind 30
Mahu2021: posts big blind 60
*** HOLE CARDS ***
Dealt to Mahu2021 [9h 8h]
trader21318: raises 1110 to 1170 and is all-in
Mahu2021: folds 
Uncalled bet (1110) returned to trader21318
trader21318 collected 120 from pot
trader21318: doesn't show hand 
*** SUMMARY ***
Total pot 120 | Rake 0 
Seat 2: Mahu2021 (big blind) folded before Flop
Seat 3: trader21318 (button) (small blind) collected (120)



PokerStars Hand #253206719416: Tournament #3818954799, $1.84+$0.16 USD Hold'em No Limit - Level IV (30/60) - 2024/11/01 21:40:02 CET [2024/11/01 16:40:02 ET]
Table '3818954799 1' 3-max Seat #2 is the button
Seat 2: Mahu2021 (270 in chips) 
Seat 3: trader21318 (1230 in chips) 
Mahu2021: posts small blind 30
trader21318: posts big blind 60
*** HOLE CARDS ***
Dealt to Mahu2021 [8s 4h]
Mahu2021: folds 
Uncalled bet (30) returned to trader21318
trader21318 collected 60 from pot
trader21318: doesn't show hand 
*** SUMMARY ***
Total pot 60 | Rake 0 
Seat 2: Mahu2021 (button) (small blind) folded before Flop
Seat 3: trader21318 (big blind) collected (60)



PokerStars Hand #253206720673: Tournament #3818954799, $1.84+$0.16 USD Hold'em No Limit - Level IV (30/60) - 2024/11/01 21:40:06 CET [2024/11/01 16:40:06 ET]
Table '3818954799 1' 3-max Seat #3 is the button
Seat 2: Mahu2021 (240 in chips) 
Seat 3: trader21318 (1260 in chips) 
trader21318: posts small blind 30
Mahu2021: posts big blind 60
*** HOLE CARDS ***
Dealt to Mahu2021 [2h Kd]
trader21318: raises 1200 to 1260 and is all-in
Mahu2021: calls 180 and is all-in
Uncalled bet (1020) returned to trader21318
*** FLOP *** [Tc Ad 6c]
*** TURN *** [Tc Ad 6c] [Ah]
*** RIVER *** [Tc Ad 6c Ah] [7h]
*** SHOW DOWN ***
Mahu2021: shows [2h Kd] (a pair of Aces)
trader21318: shows [4s Kh] (a pair of Aces)
Mahu2021 collected 240 from pot
trader21318 collected 240 from pot
*** SUMMARY ***
Total pot 480 | Rake 0 
Board [Tc Ad 6c Ah 7h]
Seat 2: Mahu2021 (big blind) showed [2h Kd] and won (240) with a pair of Aces
Seat 3: trader21318 (button) (small blind) showed [4s Kh] and won (240) with a pair of Aces



PokerStars Hand #253206724778: Tournament #3818954799, $1.84+$0.16 USD Hold'em No Limit - Level IV (30/60) - 2024/11/01 21:40:20 CET [2024/11/01 16:40:20 ET]
Table '3818954799 1' 3-max Seat #2 is the button
Seat 2: Mahu2021 (240 in chips) 
Seat 3: trader21318 (1260 in chips) 
Mahu2021: posts small blind 30
trader21318: posts big blind 60
*** HOLE CARDS ***
Dealt to Mahu2021 [As Jc]
Mahu2021: raises 180 to 240 and is all-in
trader21318: calls 180
*** FLOP *** [2c 5h 8c]
*** TURN *** [2c 5h 8c] [2h]
*** RIVER *** [2c 5h 8c 2h] [3c]
*** SHOW DOWN ***
trader21318: shows [Qd 8s] (two pair, Eights and Deuces)
Mahu2021: shows [As Jc] (a pair of Deuces)
trader21318 collected 480 from pot
Mahu2021 finished the tournament in 2nd place
trader21318 wins the tournament and receives $4.00 - congratulations!
*** SUMMARY ***
Total pot 480 | Rake 0 
Board [2c 5h 8c 2h 3c]
Seat 2: Mahu2021 (button) (small blind) showed [As Jc] and lost with a pair of Deuces
Seat 3: trader21318 (big blind) showed [Qd 8s] and won (480) with two pair, Eights and Deuces



