PokerStars Hand #246334217338: Tournament #3653600629, $9.30+$0.70 USD Hold'em No Limit - Level I (10/20) - 2023/10/03 22:49:14 CET [2023/10/03 16:49:14 ET]
Table '3653600629 1' 3-max Seat #1 is the button
Seat 1: Mahu2021 (500 in chips) 
Seat 2: xMillox90 (500 in chips) 
Seat 3: judeandbe945 (500 in chips) 
xMillox90: posts small blind 10
judeandbe945: posts big blind 20
*** HOLE CARDS ***
Dealt to Mahu2021 [6c 2c]
Mahu2021: folds 
xMillox90: raises 40 to 60
judeandbe945: raises 40 to 100
xMillox90: raises 400 to 500 and is all-in
judeandbe945: calls 400 and is all-in
*** FLOP *** [7h Qs 8s]
*** TURN *** [7h Qs 8s] [7s]
*** RIVER *** [7h Qs 8s 7s] [Jd]
*** SHOW DOWN ***
xMillox90: shows [8c 8h] (a full house, Eights full of Sevens)
judeandbe945: shows [9c Ad] (a pair of Sevens)
xMillox90 collected 1000 from pot
judeandbe945 finished the tournament in 3rd place
*** SUMMARY ***
Total pot 1000 | Rake 0 
Board [7h Qs 8s 7s Jd]
Seat 1: Mahu2021 (button) folded before Flop (didn't bet)
Seat 2: xMillox90 (small blind) showed [8c 8h] and won (1000) with a full house, Eights full of Sevens
Seat 3: judeandbe945 (big blind) showed [9c Ad] and lost with a pair of Sevens



PokerStars Hand #246334226063: Tournament #3653600629, $9.30+$0.70 USD Hold'em No Limit - Level I (10/20) - 2023/10/03 22:49:37 CET [2023/10/03 16:49:37 ET]
Table '3653600629 1' 3-max Seat #2 is the button
Seat 1: Mahu2021 (500 in chips) 
Seat 2: xMillox90 (1000 in chips) 
xMillox90: posts small blind 10
Mahu2021: posts big blind 20
*** HOLE CARDS ***
Dealt to Mahu2021 [4s 8c]
xMillox90: calls 10
Mahu2021: checks 
*** FLOP *** [3h Qh 4d]
Mahu2021: checks 
xMillox90: bets 22
Mahu2021: folds 
Uncalled bet (22) returned to xMillox90
xMillox90 collected 40 from pot
xMillox90: doesn't show hand 
*** SUMMARY ***
Total pot 40 | Rake 0 
Board [3h Qh 4d]
Seat 1: Mahu2021 (big blind) folded on the Flop
Seat 2: xMillox90 (button) (small blind) collected (40)



PokerStars Hand #246334231447: Tournament #3653600629, $9.30+$0.70 USD Hold'em No Limit - Level I (10/20) - 2023/10/03 22:49:52 CET [2023/10/03 16:49:52 ET]
Table '3653600629 1' 3-max Seat #1 is the button
Seat 1: Mahu2021 (480 in chips) 
Seat 2: xMillox90 (1020 in chips) 
Mahu2021: posts small blind 10
xMillox90: posts big blind 20
*** HOLE CARDS ***
Dealt to Mahu2021 [9h Ks]
Mahu2021: raises 20 to 40
xMillox90: folds 
Uncalled bet (20) returned to Mahu2021
Mahu2021 collected 40 from pot
Mahu2021: doesn't show hand 
*** SUMMARY ***
Total pot 40 | Rake 0 
Seat 1: Mahu2021 (button) (small blind) collected (40)
Seat 2: xMillox90 (big blind) folded before Flop



PokerStars Hand #246334233993: Tournament #3653600629, $9.30+$0.70 USD Hold'em No Limit - Level I (10/20) - 2023/10/03 22:49:59 CET [2023/10/03 16:49:59 ET]
Table '3653600629 1' 3-max Seat #2 is the button
Seat 1: Mahu2021 (500 in chips) 
Seat 2: xMillox90 (1000 in chips) 
xMillox90: posts small blind 10
Mahu2021: posts big blind 20
*** HOLE CARDS ***
Dealt to Mahu2021 [4s 4h]
xMillox90: calls 10
Mahu2021: checks 
*** FLOP *** [3h 6c Tc]
Mahu2021: checks 
xMillox90: bets 20
Mahu2021: calls 20
*** TURN *** [3h 6c Tc] [7s]
Mahu2021: checks 
xMillox90: checks 
*** RIVER *** [3h 6c Tc 7s] [3s]
Mahu2021: checks 
xMillox90: checks 
*** SHOW DOWN ***
Mahu2021: shows [4s 4h] (two pair, Fours and Threes)
xMillox90: mucks hand 
Mahu2021 collected 80 from pot
*** SUMMARY ***
Total pot 80 | Rake 0 
Board [3h 6c Tc 7s 3s]
Seat 1: Mahu2021 (big blind) showed [4s 4h] and won (80) with two pair, Fours and Threes
Seat 2: xMillox90 (button) (small blind) mucked [Qs 4c]



PokerStars Hand #246334249555: Tournament #3653600629, $9.30+$0.70 USD Hold'em No Limit - Level I (10/20) - 2023/10/03 22:50:42 CET [2023/10/03 16:50:42 ET]
Table '3653600629 1' 3-max Seat #1 is the button
Seat 1: Mahu2021 (540 in chips) 
Seat 2: xMillox90 (960 in chips) 
Mahu2021: posts small blind 10
xMillox90: posts big blind 20
*** HOLE CARDS ***
Dealt to Mahu2021 [Qs 7c]
Mahu2021: calls 10
xMillox90: checks 
*** FLOP *** [5c Qd 9h]
xMillox90: checks 
Mahu2021: bets 20
xMillox90: folds 
Uncalled bet (20) returned to Mahu2021
Mahu2021 collected 40 from pot
Mahu2021: doesn't show hand 
*** SUMMARY ***
Total pot 40 | Rake 0 
Board [5c Qd 9h]
Seat 1: Mahu2021 (button) (small blind) collected (40)
Seat 2: xMillox90 (big blind) folded on the Flop



PokerStars Hand #246334255194: Tournament #3653600629, $9.30+$0.70 USD Hold'em No Limit - Level I (10/20) - 2023/10/03 22:50:58 CET [2023/10/03 16:50:58 ET]
Table '3653600629 1' 3-max Seat #2 is the button
Seat 1: Mahu2021 (560 in chips) 
Seat 2: xMillox90 (940 in chips) 
xMillox90: posts small blind 10
Mahu2021: posts big blind 20
*** HOLE CARDS ***
Dealt to Mahu2021 [Ad 3d]
xMillox90: calls 10
Mahu2021: raises 40 to 60
xMillox90: folds 
Uncalled bet (40) returned to Mahu2021
Mahu2021 collected 40 from pot
Mahu2021: doesn't show hand 
*** SUMMARY ***
Total pot 40 | Rake 0 
Seat 1: Mahu2021 (big blind) collected (40)
Seat 2: xMillox90 (button) (small blind) folded before Flop



PokerStars Hand #246334258441: Tournament #3653600629, $9.30+$0.70 USD Hold'em No Limit - Level I (10/20) - 2023/10/03 22:51:07 CET [2023/10/03 16:51:07 ET]
Table '3653600629 1' 3-max Seat #1 is the button
Seat 1: Mahu2021 (580 in chips) 
Seat 2: xMillox90 (920 in chips) 
Mahu2021: posts small blind 10
xMillox90: posts big blind 20
*** HOLE CARDS ***
Dealt to Mahu2021 [2d 4h]
Mahu2021: calls 10
xMillox90: checks 
*** FLOP *** [9s Td 3c]
xMillox90: checks 
Mahu2021: checks 
*** TURN *** [9s Td 3c] [6s]
xMillox90: bets 20
Mahu2021: calls 20
*** RIVER *** [9s Td 3c 6s] [9c]
xMillox90: checks 
Mahu2021: checks 
*** SHOW DOWN ***
xMillox90: shows [5s 6h] (two pair, Nines and Sixes)
Mahu2021: mucks hand 
xMillox90 collected 80 from pot
*** SUMMARY ***
Total pot 80 | Rake 0 
Board [9s Td 3c 6s 9c]
Seat 1: Mahu2021 (button) (small blind) mucked [2d 4h]
Seat 2: xMillox90 (big blind) showed [5s 6h] and won (80) with two pair, Nines and Sixes



PokerStars Hand #246334266375: Tournament #3653600629, $9.30+$0.70 USD Hold'em No Limit - Level I (10/20) - 2023/10/03 22:51:29 CET [2023/10/03 16:51:29 ET]
Table '3653600629 1' 3-max Seat #2 is the button
Seat 1: Mahu2021 (540 in chips) 
Seat 2: xMillox90 (960 in chips) 
xMillox90: posts small blind 10
Mahu2021: posts big blind 20
*** HOLE CARDS ***
Dealt to Mahu2021 [Ks 6h]
xMillox90: calls 10
Mahu2021: checks 
*** FLOP *** [6d 5c 7c]
Mahu2021: bets 20
xMillox90: calls 20
*** TURN *** [6d 5c 7c] [Kc]
Mahu2021: bets 80
xMillox90: calls 80
*** RIVER *** [6d 5c 7c Kc] [Tc]
Mahu2021: checks 
xMillox90: checks 
*** SHOW DOWN ***
Mahu2021: shows [Ks 6h] (two pair, Kings and Sixes)
xMillox90: mucks hand 
Mahu2021 collected 240 from pot
*** SUMMARY ***
Total pot 240 | Rake 0 
Board [6d 5c 7c Kc Tc]
Seat 1: Mahu2021 (big blind) showed [Ks 6h] and won (240) with two pair, Kings and Sixes
Seat 2: xMillox90 (button) (small blind) mucked [7d 2h]



PokerStars Hand #246334274453: Tournament #3653600629, $9.30+$0.70 USD Hold'em No Limit - Level I (10/20) - 2023/10/03 22:51:51 CET [2023/10/03 16:51:51 ET]
Table '3653600629 1' 3-max Seat #1 is the button
Seat 1: Mahu2021 (660 in chips) 
Seat 2: xMillox90 (840 in chips) 
Mahu2021: posts small blind 10
xMillox90: posts big blind 20
*** HOLE CARDS ***
Dealt to Mahu2021 [8d 3h]
Mahu2021: folds 
Uncalled bet (10) returned to xMillox90
xMillox90 collected 20 from pot
xMillox90: doesn't show hand 
*** SUMMARY ***
Total pot 20 | Rake 0 
Seat 1: Mahu2021 (button) (small blind) folded before Flop
Seat 2: xMillox90 (big blind) collected (20)



PokerStars Hand #246334276183: Tournament #3653600629, $9.30+$0.70 USD Hold'em No Limit - Level I (10/20) - 2023/10/03 22:51:56 CET [2023/10/03 16:51:56 ET]
Table '3653600629 1' 3-max Seat #2 is the button
Seat 1: Mahu2021 (650 in chips) 
Seat 2: xMillox90 (850 in chips) 
xMillox90: posts small blind 10
Mahu2021: posts big blind 20
*** HOLE CARDS ***
Dealt to Mahu2021 [Ks 4h]
xMillox90: calls 10
Mahu2021: checks 
*** FLOP *** [4c 9s 5s]
Mahu2021: bets 20
xMillox90: folds 
Uncalled bet (20) returned to Mahu2021
Mahu2021 collected 40 from pot
Mahu2021: doesn't show hand 
*** SUMMARY ***
Total pot 40 | Rake 0 
Board [4c 9s 5s]
Seat 1: Mahu2021 (big blind) collected (40)
Seat 2: xMillox90 (button) (small blind) folded on the Flop



PokerStars Hand #246334280048: Tournament #3653600629, $9.30+$0.70 USD Hold'em No Limit - Level I (10/20) - 2023/10/03 22:52:07 CET [2023/10/03 16:52:07 ET]
Table '3653600629 1' 3-max Seat #1 is the button
Seat 1: Mahu2021 (670 in chips) 
Seat 2: xMillox90 (830 in chips) 
Mahu2021: posts small blind 10
xMillox90: posts big blind 20
*** HOLE CARDS ***
Dealt to Mahu2021 [Jh 2c]
Mahu2021: calls 10
xMillox90: checks 
*** FLOP *** [Js 8h 3h]
xMillox90: checks 
Mahu2021: bets 20
xMillox90: folds 
Uncalled bet (20) returned to Mahu2021
Mahu2021 collected 40 from pot
Mahu2021: doesn't show hand 
*** SUMMARY ***
Total pot 40 | Rake 0 
Board [Js 8h 3h]
Seat 1: Mahu2021 (button) (small blind) collected (40)
Seat 2: xMillox90 (big blind) folded on the Flop



PokerStars Hand #246334287084: Tournament #3653600629, $9.30+$0.70 USD Hold'em No Limit - Level II (15/30) - 2023/10/03 22:52:26 CET [2023/10/03 16:52:26 ET]
Table '3653600629 1' 3-max Seat #2 is the button
Seat 1: Mahu2021 (690 in chips) 
Seat 2: xMillox90 (810 in chips) 
xMillox90: posts small blind 15
Mahu2021: posts big blind 30
*** HOLE CARDS ***
Dealt to Mahu2021 [2h 4s]
xMillox90: raises 30 to 60
Mahu2021: folds 
Uncalled bet (30) returned to xMillox90
xMillox90 collected 60 from pot
xMillox90: doesn't show hand 
*** SUMMARY ***
Total pot 60 | Rake 0 
Seat 1: Mahu2021 (big blind) folded before Flop
Seat 2: xMillox90 (button) (small blind) collected (60)



PokerStars Hand #246334289244: Tournament #3653600629, $9.30+$0.70 USD Hold'em No Limit - Level II (15/30) - 2023/10/03 22:52:32 CET [2023/10/03 16:52:32 ET]
Table '3653600629 1' 3-max Seat #1 is the button
Seat 1: Mahu2021 (660 in chips) 
Seat 2: xMillox90 (840 in chips) 
Mahu2021: posts small blind 15
xMillox90: posts big blind 30
*** HOLE CARDS ***
Dealt to Mahu2021 [6s 8h]
Mahu2021: folds 
Uncalled bet (15) returned to xMillox90
xMillox90 collected 30 from pot
xMillox90: doesn't show hand 
*** SUMMARY ***
Total pot 30 | Rake 0 
Seat 1: Mahu2021 (button) (small blind) folded before Flop
Seat 2: xMillox90 (big blind) collected (30)



PokerStars Hand #246334290784: Tournament #3653600629, $9.30+$0.70 USD Hold'em No Limit - Level II (15/30) - 2023/10/03 22:52:37 CET [2023/10/03 16:52:37 ET]
Table '3653600629 1' 3-max Seat #2 is the button
Seat 1: Mahu2021 (645 in chips) 
Seat 2: xMillox90 (855 in chips) 
xMillox90: posts small blind 15
Mahu2021: posts big blind 30
*** HOLE CARDS ***
Dealt to Mahu2021 [Qh Ts]
xMillox90: calls 15
Mahu2021: checks 
*** FLOP *** [5h 7c 4c]
Mahu2021: checks 
xMillox90: bets 60
Mahu2021: folds 
Uncalled bet (60) returned to xMillox90
xMillox90 collected 60 from pot
xMillox90: doesn't show hand 
*** SUMMARY ***
Total pot 60 | Rake 0 
Board [5h 7c 4c]
Seat 1: Mahu2021 (big blind) folded on the Flop
Seat 2: xMillox90 (button) (small blind) collected (60)



PokerStars Hand #246334297185: Tournament #3653600629, $9.30+$0.70 USD Hold'em No Limit - Level II (15/30) - 2023/10/03 22:52:55 CET [2023/10/03 16:52:55 ET]
Table '3653600629 1' 3-max Seat #1 is the button
Seat 1: Mahu2021 (615 in chips) 
Seat 2: xMillox90 (885 in chips) 
Mahu2021: posts small blind 15
xMillox90: posts big blind 30
*** HOLE CARDS ***
Dealt to Mahu2021 [3d Qc]
Mahu2021: folds 
Uncalled bet (15) returned to xMillox90
xMillox90 collected 30 from pot
xMillox90: doesn't show hand 
*** SUMMARY ***
Total pot 30 | Rake 0 
Seat 1: Mahu2021 (button) (small blind) folded before Flop
Seat 2: xMillox90 (big blind) collected (30)



PokerStars Hand #246334298869: Tournament #3653600629, $9.30+$0.70 USD Hold'em No Limit - Level II (15/30) - 2023/10/03 22:52:59 CET [2023/10/03 16:52:59 ET]
Table '3653600629 1' 3-max Seat #2 is the button
Seat 1: Mahu2021 (600 in chips) 
Seat 2: xMillox90 (900 in chips) 
xMillox90: posts small blind 15
Mahu2021: posts big blind 30
*** HOLE CARDS ***
Dealt to Mahu2021 [2c 8d]
xMillox90: raises 30 to 60
Mahu2021: folds 
Uncalled bet (30) returned to xMillox90
xMillox90 collected 60 from pot
xMillox90: doesn't show hand 
*** SUMMARY ***
Total pot 60 | Rake 0 
Seat 1: Mahu2021 (big blind) folded before Flop
Seat 2: xMillox90 (button) (small blind) collected (60)



PokerStars Hand #246334301372: Tournament #3653600629, $9.30+$0.70 USD Hold'em No Limit - Level II (15/30) - 2023/10/03 22:53:06 CET [2023/10/03 16:53:06 ET]
Table '3653600629 1' 3-max Seat #1 is the button
Seat 1: Mahu2021 (570 in chips) 
Seat 2: xMillox90 (930 in chips) 
Mahu2021: posts small blind 15
xMillox90: posts big blind 30
*** HOLE CARDS ***
Dealt to Mahu2021 [8d Tc]
Mahu2021: folds 
Uncalled bet (15) returned to xMillox90
xMillox90 collected 30 from pot
xMillox90: doesn't show hand 
*** SUMMARY ***
Total pot 30 | Rake 0 
Seat 1: Mahu2021 (button) (small blind) folded before Flop
Seat 2: xMillox90 (big blind) collected (30)



PokerStars Hand #246334302925: Tournament #3653600629, $9.30+$0.70 USD Hold'em No Limit - Level II (15/30) - 2023/10/03 22:53:11 CET [2023/10/03 16:53:11 ET]
Table '3653600629 1' 3-max Seat #2 is the button
Seat 1: Mahu2021 (555 in chips) 
Seat 2: xMillox90 (945 in chips) 
xMillox90: posts small blind 15
Mahu2021: posts big blind 30
*** HOLE CARDS ***
Dealt to Mahu2021 [3h 6h]
xMillox90: raises 30 to 60
Mahu2021: calls 30
*** FLOP *** [4c 6c Td]
Mahu2021: checks 
xMillox90: checks 
*** TURN *** [4c 6c Td] [Qd]
Mahu2021: bets 30
xMillox90: folds 
Uncalled bet (30) returned to Mahu2021
Mahu2021 collected 120 from pot
Mahu2021: doesn't show hand 
*** SUMMARY ***
Total pot 120 | Rake 0 
Board [4c 6c Td Qd]
Seat 1: Mahu2021 (big blind) collected (120)
Seat 2: xMillox90 (button) (small blind) folded on the Turn



PokerStars Hand #246334313327: Tournament #3653600629, $9.30+$0.70 USD Hold'em No Limit - Level II (15/30) - 2023/10/03 22:53:40 CET [2023/10/03 16:53:40 ET]
Table '3653600629 1' 3-max Seat #1 is the button
Seat 1: Mahu2021 (615 in chips) 
Seat 2: xMillox90 (885 in chips) 
Mahu2021: posts small blind 15
xMillox90: posts big blind 30
*** HOLE CARDS ***
Dealt to Mahu2021 [Kh 2d]
Mahu2021: raises 30 to 60
xMillox90: raises 90 to 150
Mahu2021: folds 
Uncalled bet (90) returned to xMillox90
xMillox90 collected 120 from pot
xMillox90: doesn't show hand 
*** SUMMARY ***
Total pot 120 | Rake 0 
Seat 1: Mahu2021 (button) (small blind) folded before Flop
Seat 2: xMillox90 (big blind) collected (120)



PokerStars Hand #246334317088: Tournament #3653600629, $9.30+$0.70 USD Hold'em No Limit - Level II (15/30) - 2023/10/03 22:53:51 CET [2023/10/03 16:53:51 ET]
Table '3653600629 1' 3-max Seat #2 is the button
Seat 1: Mahu2021 (555 in chips) 
Seat 2: xMillox90 (945 in chips) 
xMillox90: posts small blind 15
Mahu2021: posts big blind 30
*** HOLE CARDS ***
Dealt to Mahu2021 [5c Qs]
xMillox90: raises 30 to 60
Mahu2021: folds 
Uncalled bet (30) returned to xMillox90
xMillox90 collected 60 from pot
xMillox90: doesn't show hand 
*** SUMMARY ***
Total pot 60 | Rake 0 
Seat 1: Mahu2021 (big blind) folded before Flop
Seat 2: xMillox90 (button) (small blind) collected (60)



PokerStars Hand #246334319575: Tournament #3653600629, $9.30+$0.70 USD Hold'em No Limit - Level II (15/30) - 2023/10/03 22:53:58 CET [2023/10/03 16:53:58 ET]
Table '3653600629 1' 3-max Seat #1 is the button
Seat 1: Mahu2021 (525 in chips) 
Seat 2: xMillox90 (975 in chips) 
Mahu2021: posts small blind 15
xMillox90: posts big blind 30
*** HOLE CARDS ***
Dealt to Mahu2021 [6d Th]
Mahu2021: folds 
Uncalled bet (15) returned to xMillox90
xMillox90 collected 30 from pot
xMillox90: doesn't show hand 
*** SUMMARY ***
Total pot 30 | Rake 0 
Seat 1: Mahu2021 (button) (small blind) folded before Flop
Seat 2: xMillox90 (big blind) collected (30)



PokerStars Hand #246334321034: Tournament #3653600629, $9.30+$0.70 USD Hold'em No Limit - Level II (15/30) - 2023/10/03 22:54:03 CET [2023/10/03 16:54:03 ET]
Table '3653600629 1' 3-max Seat #2 is the button
Seat 1: Mahu2021 (510 in chips) 
Seat 2: xMillox90 (990 in chips) 
xMillox90: posts small blind 15
Mahu2021: posts big blind 30
*** HOLE CARDS ***
Dealt to Mahu2021 [Td 4s]
xMillox90: raises 30 to 60
Mahu2021: folds 
Uncalled bet (30) returned to xMillox90
xMillox90 collected 60 from pot
xMillox90: doesn't show hand 
*** SUMMARY ***
Total pot 60 | Rake 0 
Seat 1: Mahu2021 (big blind) folded before Flop
Seat 2: xMillox90 (button) (small blind) collected (60)



PokerStars Hand #246334322849: Tournament #3653600629, $9.30+$0.70 USD Hold'em No Limit - Level II (15/30) - 2023/10/03 22:54:08 CET [2023/10/03 16:54:08 ET]
Table '3653600629 1' 3-max Seat #1 is the button
Seat 1: Mahu2021 (480 in chips) 
Seat 2: xMillox90 (1020 in chips) 
Mahu2021: posts small blind 15
xMillox90: posts big blind 30
*** HOLE CARDS ***
Dealt to Mahu2021 [Tc 7h]
Mahu2021: folds 
Uncalled bet (15) returned to xMillox90
xMillox90 collected 30 from pot
xMillox90: doesn't show hand 
*** SUMMARY ***
Total pot 30 | Rake 0 
Seat 1: Mahu2021 (button) (small blind) folded before Flop
Seat 2: xMillox90 (big blind) collected (30)



PokerStars Hand #246334324330: Tournament #3653600629, $9.30+$0.70 USD Hold'em No Limit - Level II (15/30) - 2023/10/03 22:54:12 CET [2023/10/03 16:54:12 ET]
Table '3653600629 1' 3-max Seat #2 is the button
Seat 1: Mahu2021 (465 in chips) 
Seat 2: xMillox90 (1035 in chips) 
xMillox90: posts small blind 15
Mahu2021: posts big blind 30
*** HOLE CARDS ***
Dealt to Mahu2021 [Qh Qs]
xMillox90: raises 30 to 60
Mahu2021: raises 120 to 180
xMillox90: folds 
Uncalled bet (120) returned to Mahu2021
Mahu2021 collected 120 from pot
Mahu2021: doesn't show hand 
*** SUMMARY ***
Total pot 120 | Rake 0 
Seat 1: Mahu2021 (big blind) collected (120)
Seat 2: xMillox90 (button) (small blind) folded before Flop



PokerStars Hand #246334328899: Tournament #3653600629, $9.30+$0.70 USD Hold'em No Limit - Level II (15/30) - 2023/10/03 22:54:25 CET [2023/10/03 16:54:25 ET]
Table '3653600629 1' 3-max Seat #1 is the button
Seat 1: Mahu2021 (525 in chips) 
Seat 2: xMillox90 (975 in chips) 
Mahu2021: posts small blind 15
xMillox90: posts big blind 30
*** HOLE CARDS ***
Dealt to Mahu2021 [2h Ah]
Mahu2021: raises 30 to 60
xMillox90: calls 30
*** FLOP *** [8d 6d 7h]
xMillox90: checks 
Mahu2021: checks 
*** TURN *** [8d 6d 7h] [5c]
xMillox90: checks 
Mahu2021: bets 60
xMillox90: folds 
Uncalled bet (60) returned to Mahu2021
Mahu2021 collected 120 from pot
Mahu2021: doesn't show hand 
*** SUMMARY ***
Total pot 120 | Rake 0 
Board [8d 6d 7h 5c]
Seat 1: Mahu2021 (button) (small blind) collected (120)
Seat 2: xMillox90 (big blind) folded on the Turn



PokerStars Hand #246334337345: Tournament #3653600629, $9.30+$0.70 USD Hold'em No Limit - Level II (15/30) - 2023/10/03 22:54:49 CET [2023/10/03 16:54:49 ET]
Table '3653600629 1' 3-max Seat #2 is the button
Seat 1: Mahu2021 (585 in chips) 
Seat 2: xMillox90 (915 in chips) 
xMillox90: posts small blind 15
Mahu2021: posts big blind 30
*** HOLE CARDS ***
Dealt to Mahu2021 [9h Kc]
xMillox90: raises 30 to 60
Mahu2021: calls 30
*** FLOP *** [8c Js 5h]
Mahu2021: checks 
xMillox90: checks 
*** TURN *** [8c Js 5h] [2s]
Mahu2021: checks 
xMillox90: bets 45
Mahu2021: folds 
Uncalled bet (45) returned to xMillox90
xMillox90 collected 120 from pot
xMillox90: doesn't show hand 
*** SUMMARY ***
Total pot 120 | Rake 0 
Board [8c Js 5h 2s]
Seat 1: Mahu2021 (big blind) folded on the Turn
Seat 2: xMillox90 (button) (small blind) collected (120)



PokerStars Hand #246334345628: Tournament #3653600629, $9.30+$0.70 USD Hold'em No Limit - Level II (15/30) - 2023/10/03 22:55:14 CET [2023/10/03 16:55:14 ET]
Table '3653600629 1' 3-max Seat #1 is the button
Seat 1: Mahu2021 (525 in chips) 
Seat 2: xMillox90 (975 in chips) 
Mahu2021: posts small blind 15
xMillox90: posts big blind 30
*** HOLE CARDS ***
Dealt to Mahu2021 [4d As]
Mahu2021: raises 30 to 60
xMillox90: folds 
Uncalled bet (30) returned to Mahu2021
Mahu2021 collected 60 from pot
Mahu2021: doesn't show hand 
*** SUMMARY ***
Total pot 60 | Rake 0 
Seat 1: Mahu2021 (button) (small blind) collected (60)
Seat 2: xMillox90 (big blind) folded before Flop



PokerStars Hand #246334348060: Tournament #3653600629, $9.30+$0.70 USD Hold'em No Limit - Level III (20/40) - 2023/10/03 22:55:25 CET [2023/10/03 16:55:25 ET]
Table '3653600629 1' 3-max Seat #2 is the button
Seat 1: Mahu2021 (555 in chips) 
Seat 2: xMillox90 (945 in chips) 
xMillox90: posts small blind 20
Mahu2021: posts big blind 40
*** HOLE CARDS ***
Dealt to Mahu2021 [2s Ts]
xMillox90: raises 905 to 945 and is all-in
Mahu2021: folds 
Uncalled bet (905) returned to xMillox90
xMillox90 collected 80 from pot
xMillox90: doesn't show hand 
*** SUMMARY ***
Total pot 80 | Rake 0 
Seat 1: Mahu2021 (big blind) folded before Flop
Seat 2: xMillox90 (button) (small blind) collected (80)



PokerStars Hand #246334349967: Tournament #3653600629, $9.30+$0.70 USD Hold'em No Limit - Level III (20/40) - 2023/10/03 22:55:33 CET [2023/10/03 16:55:33 ET]
Table '3653600629 1' 3-max Seat #1 is the button
Seat 1: Mahu2021 (515 in chips) 
Seat 2: xMillox90 (985 in chips) 
Mahu2021: posts small blind 20
xMillox90: posts big blind 40
*** HOLE CARDS ***
Dealt to Mahu2021 [Qh 5h]
Mahu2021: calls 20
xMillox90: raises 945 to 985 and is all-in
Mahu2021: folds 
Uncalled bet (945) returned to xMillox90
xMillox90 collected 80 from pot
xMillox90: doesn't show hand 
*** SUMMARY ***
Total pot 80 | Rake 0 
Seat 1: Mahu2021 (button) (small blind) folded before Flop
Seat 2: xMillox90 (big blind) collected (80)



PokerStars Hand #246334351895: Tournament #3653600629, $9.30+$0.70 USD Hold'em No Limit - Level III (20/40) - 2023/10/03 22:55:41 CET [2023/10/03 16:55:41 ET]
Table '3653600629 1' 3-max Seat #2 is the button
Seat 1: Mahu2021 (475 in chips) 
Seat 2: xMillox90 (1025 in chips) 
xMillox90: posts small blind 20
Mahu2021: posts big blind 40
*** HOLE CARDS ***
Dealt to Mahu2021 [8d 6c]
xMillox90: folds 
Uncalled bet (20) returned to Mahu2021
Mahu2021 collected 40 from pot
Mahu2021: doesn't show hand 
*** SUMMARY ***
Total pot 40 | Rake 0 
Seat 1: Mahu2021 (big blind) collected (40)
Seat 2: xMillox90 (button) (small blind) folded before Flop



PokerStars Hand #246334352978: Tournament #3653600629, $9.30+$0.70 USD Hold'em No Limit - Level III (20/40) - 2023/10/03 22:55:46 CET [2023/10/03 16:55:46 ET]
Table '3653600629 1' 3-max Seat #1 is the button
Seat 1: Mahu2021 (495 in chips) 
Seat 2: xMillox90 (1005 in chips) 
Mahu2021: posts small blind 20
xMillox90: posts big blind 40
*** HOLE CARDS ***
Dealt to Mahu2021 [4s 8d]
Mahu2021: folds 
Uncalled bet (20) returned to xMillox90
xMillox90 collected 40 from pot
xMillox90: doesn't show hand 
*** SUMMARY ***
Total pot 40 | Rake 0 
Seat 1: Mahu2021 (button) (small blind) folded before Flop
Seat 2: xMillox90 (big blind) collected (40)



PokerStars Hand #246334353952: Tournament #3653600629, $9.30+$0.70 USD Hold'em No Limit - Level III (20/40) - 2023/10/03 22:55:50 CET [2023/10/03 16:55:50 ET]
Table '3653600629 1' 3-max Seat #2 is the button
Seat 1: Mahu2021 (475 in chips) 
Seat 2: xMillox90 (1025 in chips) 
xMillox90: posts small blind 20
Mahu2021: posts big blind 40
*** HOLE CARDS ***
Dealt to Mahu2021 [9d 7d]
xMillox90: calls 20
Mahu2021: checks 
*** FLOP *** [Qd Js Qc]
Mahu2021: checks 
xMillox90: bets 40
Mahu2021: folds 
Uncalled bet (40) returned to xMillox90
xMillox90 collected 80 from pot
xMillox90: doesn't show hand 
*** SUMMARY ***
Total pot 80 | Rake 0 
Board [Qd Js Qc]
Seat 1: Mahu2021 (big blind) folded on the Flop
Seat 2: xMillox90 (button) (small blind) collected (80)



PokerStars Hand #246334357492: Tournament #3653600629, $9.30+$0.70 USD Hold'em No Limit - Level III (20/40) - 2023/10/03 22:56:04 CET [2023/10/03 16:56:04 ET]
Table '3653600629 1' 3-max Seat #1 is the button
Seat 1: Mahu2021 (435 in chips) 
Seat 2: xMillox90 (1065 in chips) 
Mahu2021: posts small blind 20
xMillox90: posts big blind 40
*** HOLE CARDS ***
Dealt to Mahu2021 [5d 4s]
Mahu2021: calls 20
xMillox90: raises 1025 to 1065 and is all-in
Mahu2021: folds 
Uncalled bet (1025) returned to xMillox90
xMillox90 collected 80 from pot
xMillox90: doesn't show hand 
*** SUMMARY ***
Total pot 80 | Rake 0 
Seat 1: Mahu2021 (button) (small blind) folded before Flop
Seat 2: xMillox90 (big blind) collected (80)



PokerStars Hand #246334359525: Tournament #3653600629, $9.30+$0.70 USD Hold'em No Limit - Level III (20/40) - 2023/10/03 22:56:13 CET [2023/10/03 16:56:13 ET]
Table '3653600629 1' 3-max Seat #2 is the button
Seat 1: Mahu2021 (395 in chips) 
Seat 2: xMillox90 (1105 in chips) 
xMillox90: posts small blind 20
Mahu2021: posts big blind 40
*** HOLE CARDS ***
Dealt to Mahu2021 [Qs 5h]
xMillox90: folds 
Uncalled bet (20) returned to Mahu2021
Mahu2021 collected 40 from pot
Mahu2021: doesn't show hand 
*** SUMMARY ***
Total pot 40 | Rake 0 
Seat 1: Mahu2021 (big blind) collected (40)
Seat 2: xMillox90 (button) (small blind) folded before Flop



PokerStars Hand #246334360504: Tournament #3653600629, $9.30+$0.70 USD Hold'em No Limit - Level III (20/40) - 2023/10/03 22:56:18 CET [2023/10/03 16:56:18 ET]
Table '3653600629 1' 3-max Seat #1 is the button
Seat 1: Mahu2021 (415 in chips) 
Seat 2: xMillox90 (1085 in chips) 
Mahu2021: posts small blind 20
xMillox90: posts big blind 40
*** HOLE CARDS ***
Dealt to Mahu2021 [Kc 6c]
Mahu2021: calls 20
xMillox90: checks 
*** FLOP *** [2s 4h Th]
xMillox90: checks 
Mahu2021: bets 40
xMillox90: raises 60 to 100
Mahu2021: folds 
Uncalled bet (60) returned to xMillox90
xMillox90 collected 160 from pot
xMillox90: doesn't show hand 
*** SUMMARY ***
Total pot 160 | Rake 0 
Board [2s 4h Th]
Seat 1: Mahu2021 (button) (small blind) folded on the Flop
Seat 2: xMillox90 (big blind) collected (160)



PokerStars Hand #246334364683: Tournament #3653600629, $9.30+$0.70 USD Hold'em No Limit - Level III (20/40) - 2023/10/03 22:56:35 CET [2023/10/03 16:56:35 ET]
Table '3653600629 1' 3-max Seat #2 is the button
Seat 1: Mahu2021 (335 in chips) 
Seat 2: xMillox90 (1165 in chips) 
xMillox90: posts small blind 20
Mahu2021: posts big blind 40
*** HOLE CARDS ***
Dealt to Mahu2021 [Jh 4s]
xMillox90: folds 
Uncalled bet (20) returned to Mahu2021
Mahu2021 collected 40 from pot
Mahu2021: doesn't show hand 
*** SUMMARY ***
Total pot 40 | Rake 0 
Seat 1: Mahu2021 (big blind) collected (40)
Seat 2: xMillox90 (button) (small blind) folded before Flop



PokerStars Hand #246334365575: Tournament #3653600629, $9.30+$0.70 USD Hold'em No Limit - Level III (20/40) - 2023/10/03 22:56:39 CET [2023/10/03 16:56:39 ET]
Table '3653600629 1' 3-max Seat #1 is the button
Seat 1: Mahu2021 (355 in chips) 
Seat 2: xMillox90 (1145 in chips) 
Mahu2021: posts small blind 20
xMillox90: posts big blind 40
*** HOLE CARDS ***
Dealt to Mahu2021 [4c 2d]
Mahu2021: folds 
Uncalled bet (20) returned to xMillox90
xMillox90 collected 40 from pot
xMillox90: doesn't show hand 
*** SUMMARY ***
Total pot 40 | Rake 0 
Seat 1: Mahu2021 (button) (small blind) folded before Flop
Seat 2: xMillox90 (big blind) collected (40)



PokerStars Hand #246334366629: Tournament #3653600629, $9.30+$0.70 USD Hold'em No Limit - Level III (20/40) - 2023/10/03 22:56:43 CET [2023/10/03 16:56:43 ET]
Table '3653600629 1' 3-max Seat #2 is the button
Seat 1: Mahu2021 (335 in chips) 
Seat 2: xMillox90 (1165 in chips) 
xMillox90: posts small blind 20
Mahu2021: posts big blind 40
*** HOLE CARDS ***
Dealt to Mahu2021 [6s Kh]
xMillox90: raises 1125 to 1165 and is all-in
Mahu2021: folds 
Uncalled bet (1125) returned to xMillox90
xMillox90 collected 80 from pot
xMillox90: doesn't show hand 
*** SUMMARY ***
Total pot 80 | Rake 0 
Seat 1: Mahu2021 (big blind) folded before Flop
Seat 2: xMillox90 (button) (small blind) collected (80)



PokerStars Hand #246334367924: Tournament #3653600629, $9.30+$0.70 USD Hold'em No Limit - Level III (20/40) - 2023/10/03 22:56:48 CET [2023/10/03 16:56:48 ET]
Table '3653600629 1' 3-max Seat #1 is the button
Seat 1: Mahu2021 (295 in chips) 
Seat 2: xMillox90 (1205 in chips) 
Mahu2021: posts small blind 20
xMillox90: posts big blind 40
*** HOLE CARDS ***
Dealt to Mahu2021 [Jd 2d]
Mahu2021: calls 20
xMillox90: checks 
*** FLOP *** [5h Qs Jc]
xMillox90: checks 
Mahu2021: bets 40
xMillox90: calls 40
*** TURN *** [5h Qs Jc] [Kc]
xMillox90: checks 
Mahu2021: bets 215 and is all-in
xMillox90: folds 
Uncalled bet (215) returned to Mahu2021
Mahu2021 collected 160 from pot
Mahu2021: doesn't show hand 
*** SUMMARY ***
Total pot 160 | Rake 0 
Board [5h Qs Jc Kc]
Seat 1: Mahu2021 (button) (small blind) collected (160)
Seat 2: xMillox90 (big blind) folded on the Turn



PokerStars Hand #246334373328: Tournament #3653600629, $9.30+$0.70 USD Hold'em No Limit - Level III (20/40) - 2023/10/03 22:57:11 CET [2023/10/03 16:57:11 ET]
Table '3653600629 1' 3-max Seat #2 is the button
Seat 1: Mahu2021 (375 in chips) 
Seat 2: xMillox90 (1125 in chips) 
xMillox90: posts small blind 20
Mahu2021: posts big blind 40
*** HOLE CARDS ***
Dealt to Mahu2021 [2c 3c]
xMillox90: raises 1085 to 1125 and is all-in
Mahu2021: folds 
Uncalled bet (1085) returned to xMillox90
xMillox90 collected 80 from pot
xMillox90: doesn't show hand 
*** SUMMARY ***
Total pot 80 | Rake 0 
Seat 1: Mahu2021 (big blind) folded before Flop
Seat 2: xMillox90 (button) (small blind) collected (80)



PokerStars Hand #246334374579: Tournament #3653600629, $9.30+$0.70 USD Hold'em No Limit - Level III (20/40) - 2023/10/03 22:57:16 CET [2023/10/03 16:57:16 ET]
Table '3653600629 1' 3-max Seat #1 is the button
Seat 1: Mahu2021 (335 in chips) 
Seat 2: xMillox90 (1165 in chips) 
Mahu2021: posts small blind 20
xMillox90: posts big blind 40
*** HOLE CARDS ***
Dealt to Mahu2021 [6h Qs]
Mahu2021: folds 
Uncalled bet (20) returned to xMillox90
xMillox90 collected 40 from pot
xMillox90: doesn't show hand 
*** SUMMARY ***
Total pot 40 | Rake 0 
Seat 1: Mahu2021 (button) (small blind) folded before Flop
Seat 2: xMillox90 (big blind) collected (40)



PokerStars Hand #246334375628: Tournament #3653600629, $9.30+$0.70 USD Hold'em No Limit - Level III (20/40) - 2023/10/03 22:57:21 CET [2023/10/03 16:57:21 ET]
Table '3653600629 1' 3-max Seat #2 is the button
Seat 1: Mahu2021 (315 in chips) 
Seat 2: xMillox90 (1185 in chips) 
xMillox90: posts small blind 20
Mahu2021: posts big blind 40
*** HOLE CARDS ***
Dealt to Mahu2021 [2h 6c]
xMillox90: raises 1145 to 1185 and is all-in
Mahu2021: folds 
Uncalled bet (1145) returned to xMillox90
xMillox90 collected 80 from pot
xMillox90: doesn't show hand 
*** SUMMARY ***
Total pot 80 | Rake 0 
Seat 1: Mahu2021 (big blind) folded before Flop
Seat 2: xMillox90 (button) (small blind) collected (80)



PokerStars Hand #246334377048: Tournament #3653600629, $9.30+$0.70 USD Hold'em No Limit - Level III (20/40) - 2023/10/03 22:57:26 CET [2023/10/03 16:57:26 ET]
Table '3653600629 1' 3-max Seat #1 is the button
Seat 1: Mahu2021 (275 in chips) 
Seat 2: xMillox90 (1225 in chips) 
Mahu2021: posts small blind 20
xMillox90: posts big blind 40
*** HOLE CARDS ***
Dealt to Mahu2021 [9s Js]
Mahu2021: calls 20
xMillox90: raises 1185 to 1225 and is all-in
Mahu2021: calls 235 and is all-in
Uncalled bet (950) returned to xMillox90
*** FLOP *** [6d Kd As]
*** TURN *** [6d Kd As] [Ts]
*** RIVER *** [6d Kd As Ts] [4d]
*** SHOW DOWN ***
xMillox90: shows [4s Kc] (two pair, Kings and Fours)
Mahu2021: shows [9s Js] (high card Ace)
xMillox90 collected 550 from pot
Mahu2021 finished the tournament in 2nd place
xMillox90 wins the tournament and receives $30.00 - congratulations!
*** SUMMARY ***
Total pot 550 | Rake 0 
Board [6d Kd As Ts 4d]
Seat 1: Mahu2021 (button) (small blind) showed [9s Js] and lost with high card Ace
Seat 2: xMillox90 (big blind) showed [4s Kc] and won (550) with two pair, Kings and Fours



