PokerStars Hand #243153672279: Tournament #3578929237, $9.30+$0.70 USD Hold'em No Limit - Level I (10/20) - 2023/04/17 20:49:47 CET [2023/04/17 14:49:47 ET]
Table '3578929237 1' 3-max Seat #1 is the button
Seat 1: Nowosiel943 (500 in chips) 
Seat 2: SpeaKeaSy013 (500 in chips) 
Seat 3: Mahu2021 (500 in chips) 
SpeaKeaSy013: posts small blind 10
Mahu2021: posts big blind 20
*** HOLE CARDS ***
Dealt to Mahu2021 [Js 2h]
Nowosiel943: raises 20 to 40
SpeaKeaSy013: folds 
Mahu2021: folds 
Uncalled bet (20) returned to Nowosiel943
Nowosiel943 collected 50 from pot
Nowosiel943: doesn't show hand 
*** SUMMARY ***
Total pot 50 | Rake 0 
Seat 1: Nowosiel943 (button) collected (50)
Seat 2: SpeaKeaSy013 (small blind) folded before Flop
Seat 3: Mahu2021 (big blind) folded before Flop



PokerStars Hand #243153677040: Tournament #3578929237, $9.30+$0.70 USD Hold'em No Limit - Level I (10/20) - 2023/04/17 20:50:00 CET [2023/04/17 14:50:00 ET]
Table '3578929237 1' 3-max Seat #2 is the button
Seat 1: Nowosiel943 (530 in chips) 
Seat 2: SpeaKeaSy013 (490 in chips) 
Seat 3: Mahu2021 (480 in chips) 
Mahu2021: posts small blind 10
Nowosiel943: posts big blind 20
*** HOLE CARDS ***
Dealt to Mahu2021 [4c Ad]
SpeaKeaSy013: folds 
Mahu2021: raises 20 to 40
Nowosiel943: raises 464 to 504
Mahu2021: folds 
Uncalled bet (464) returned to Nowosiel943
Nowosiel943 collected 80 from pot
Nowosiel943: doesn't show hand 
*** SUMMARY ***
Total pot 80 | Rake 0 
Seat 1: Nowosiel943 (big blind) collected (80)
Seat 2: SpeaKeaSy013 (button) folded before Flop (didn't bet)
Seat 3: Mahu2021 (small blind) folded before Flop



PokerStars Hand #243153681325: Tournament #3578929237, $9.30+$0.70 USD Hold'em No Limit - Level I (10/20) - 2023/04/17 20:50:11 CET [2023/04/17 14:50:11 ET]
Table '3578929237 1' 3-max Seat #3 is the button
Seat 1: Nowosiel943 (570 in chips) 
Seat 2: SpeaKeaSy013 (490 in chips) 
Seat 3: Mahu2021 (440 in chips) 
Nowosiel943: posts small blind 10
SpeaKeaSy013: posts big blind 20
*** HOLE CARDS ***
Dealt to Mahu2021 [7c Jd]
Mahu2021: folds 
Nowosiel943: folds 
Uncalled bet (10) returned to SpeaKeaSy013
SpeaKeaSy013 collected 20 from pot
SpeaKeaSy013: doesn't show hand 
*** SUMMARY ***
Total pot 20 | Rake 0 
Seat 1: Nowosiel943 (small blind) folded before Flop
Seat 2: SpeaKeaSy013 (big blind) collected (20)
Seat 3: Mahu2021 (button) folded before Flop (didn't bet)



PokerStars Hand #243153683182: Tournament #3578929237, $9.30+$0.70 USD Hold'em No Limit - Level I (10/20) - 2023/04/17 20:50:16 CET [2023/04/17 14:50:16 ET]
Table '3578929237 1' 3-max Seat #1 is the button
Seat 1: Nowosiel943 (560 in chips) 
Seat 2: SpeaKeaSy013 (500 in chips) 
Seat 3: Mahu2021 (440 in chips) 
SpeaKeaSy013: posts small blind 10
Mahu2021: posts big blind 20
*** HOLE CARDS ***
Dealt to Mahu2021 [5h Kh]
Nowosiel943: folds 
SpeaKeaSy013: raises 40 to 60
Mahu2021: calls 40
*** FLOP *** [9c 8d 9h]
SpeaKeaSy013: checks 
Mahu2021: checks 
*** TURN *** [9c 8d 9h] [Td]
SpeaKeaSy013: bets 80
Mahu2021: folds 
Uncalled bet (80) returned to SpeaKeaSy013
SpeaKeaSy013 collected 120 from pot
SpeaKeaSy013: doesn't show hand 
*** SUMMARY ***
Total pot 120 | Rake 0 
Board [9c 8d 9h Td]
Seat 1: Nowosiel943 (button) folded before Flop (didn't bet)
Seat 2: SpeaKeaSy013 (small blind) collected (120)
Seat 3: Mahu2021 (big blind) folded on the Turn



PokerStars Hand #243153694016: Tournament #3578929237, $9.30+$0.70 USD Hold'em No Limit - Level I (10/20) - 2023/04/17 20:50:44 CET [2023/04/17 14:50:44 ET]
Table '3578929237 1' 3-max Seat #2 is the button
Seat 1: Nowosiel943 (560 in chips) 
Seat 2: SpeaKeaSy013 (560 in chips) 
Seat 3: Mahu2021 (380 in chips) 
Mahu2021: posts small blind 10
Nowosiel943: posts big blind 20
*** HOLE CARDS ***
Dealt to Mahu2021 [7s 2d]
SpeaKeaSy013: folds 
Mahu2021: folds 
Uncalled bet (10) returned to Nowosiel943
Nowosiel943 collected 20 from pot
Nowosiel943: doesn't show hand 
*** SUMMARY ***
Total pot 20 | Rake 0 
Seat 1: Nowosiel943 (big blind) collected (20)
Seat 2: SpeaKeaSy013 (button) folded before Flop (didn't bet)
Seat 3: Mahu2021 (small blind) folded before Flop



PokerStars Hand #243153695633: Tournament #3578929237, $9.30+$0.70 USD Hold'em No Limit - Level I (10/20) - 2023/04/17 20:50:48 CET [2023/04/17 14:50:48 ET]
Table '3578929237 1' 3-max Seat #3 is the button
Seat 1: Nowosiel943 (570 in chips) 
Seat 2: SpeaKeaSy013 (560 in chips) 
Seat 3: Mahu2021 (370 in chips) 
Nowosiel943: posts small blind 10
SpeaKeaSy013: posts big blind 20
*** HOLE CARDS ***
Dealt to Mahu2021 [Qd As]
Mahu2021: raises 20 to 40
Nowosiel943: calls 30
SpeaKeaSy013: raises 520 to 560 and is all-in
Mahu2021: calls 330 and is all-in
Nowosiel943: folds 
Uncalled bet (190) returned to SpeaKeaSy013
*** FLOP *** [7d 8s 6h]
*** TURN *** [7d 8s 6h] [5s]
*** RIVER *** [7d 8s 6h 5s] [8h]
*** SHOW DOWN ***
SpeaKeaSy013: shows [9h 9s] (a straight, Five to Nine)
Mahu2021: shows [Qd As] (a pair of Eights)
SpeaKeaSy013 collected 780 from pot
Mahu2021 finished the tournament in 3rd place
*** SUMMARY ***
Total pot 780 | Rake 0 
Board [7d 8s 6h 5s 8h]
Seat 1: Nowosiel943 (small blind) folded before Flop
Seat 2: SpeaKeaSy013 (big blind) showed [9h 9s] and won (780) with a straight, Five to Nine
Seat 3: Mahu2021 (button) showed [Qd As] and lost with a pair of Eights



