PokerStars Hand #252444159221: Tournament #3800421267, $1.84+$0.16 USD Hold'em No Limit - Level I (10/20) - 2024/09/14 16:30:24 CET [2024/09/14 10:30:24 ET]
Table '3800421267 1' 3-max Seat #1 is the button
Seat 1: Rhinomanx (500 in chips) 
Seat 2: Mahu2021 (500 in chips) 
Seat 3: esoxd777 (500 in chips) 
Mahu2021: posts small blind 10
esoxd777: posts big blind 20
*** HOLE CARDS ***
Dealt to Mahu2021 [8h Qh]
Rhinomanx: folds 
Mahu2021: raises 20 to 40
esoxd777: calls 20
*** FLOP *** [Jc 4c 2s]
Mahu2021: checks 
esoxd777: checks 
*** TURN *** [Jc 4c 2s] [5c]
Mahu2021: checks 
esoxd777: checks 
*** RIVER *** [Jc 4c 2s 5c] [Qs]
Mahu2021: bets 40
esoxd777: folds 
Uncalled bet (40) returned to Mahu2021
Mahu2021 collected 80 from pot
Mahu2021: doesn't show hand 
*** SUMMARY ***
Total pot 80 | Rake 0 
Board [Jc 4c 2s 5c Qs]
Seat 1: Rhinomanx (button) folded before Flop (didn't bet)
Seat 2: Mahu2021 (small blind) collected (80)
Seat 3: esoxd777 (big blind) folded on the River



PokerStars Hand #252444163576: Tournament #3800421267, $1.84+$0.16 USD Hold'em No Limit - Level I (10/20) - 2024/09/14 16:30:43 CET [2024/09/14 10:30:43 ET]
Table '3800421267 1' 3-max Seat #2 is the button
Seat 1: Rhinomanx (500 in chips) 
Seat 2: Mahu2021 (540 in chips) 
Seat 3: esoxd777 (460 in chips) 
esoxd777: posts small blind 10
Rhinomanx: posts big blind 20
*** HOLE CARDS ***
Dealt to Mahu2021 [4h 3c]
Mahu2021: folds 
esoxd777: raises 20 to 40
Rhinomanx: calls 20
*** FLOP *** [6c Ad Qh]
esoxd777: bets 40
Rhinomanx: calls 40
*** TURN *** [6c Ad Qh] [5h]
esoxd777: checks 
Rhinomanx: bets 80
esoxd777: folds 
Uncalled bet (80) returned to Rhinomanx
Rhinomanx collected 160 from pot
Rhinomanx: doesn't show hand 
*** SUMMARY ***
Total pot 160 | Rake 0 
Board [6c Ad Qh 5h]
Seat 1: Rhinomanx (big blind) collected (160)
Seat 2: Mahu2021 (button) folded before Flop (didn't bet)
Seat 3: esoxd777 (small blind) folded on the Turn



PokerStars Hand #252444168736: Tournament #3800421267, $1.84+$0.16 USD Hold'em No Limit - Level I (10/20) - 2024/09/14 16:31:06 CET [2024/09/14 10:31:06 ET]
Table '3800421267 1' 3-max Seat #3 is the button
Seat 1: Rhinomanx (580 in chips) 
Seat 2: Mahu2021 (540 in chips) 
Seat 3: esoxd777 (380 in chips) 
Rhinomanx: posts small blind 10
Mahu2021: posts big blind 20
*** HOLE CARDS ***
Dealt to Mahu2021 [Qs Qd]
esoxd777: folds 
Rhinomanx: folds 
Uncalled bet (10) returned to Mahu2021
Mahu2021 collected 20 from pot
Mahu2021: doesn't show hand 
*** SUMMARY ***
Total pot 20 | Rake 0 
Seat 1: Rhinomanx (small blind) folded before Flop
Seat 2: Mahu2021 (big blind) collected (20)
Seat 3: esoxd777 (button) folded before Flop (didn't bet)



PokerStars Hand #252444169854: Tournament #3800421267, $1.84+$0.16 USD Hold'em No Limit - Level I (10/20) - 2024/09/14 16:31:11 CET [2024/09/14 10:31:11 ET]
Table '3800421267 1' 3-max Seat #1 is the button
Seat 1: Rhinomanx (570 in chips) 
Seat 2: Mahu2021 (550 in chips) 
Seat 3: esoxd777 (380 in chips) 
Mahu2021: posts small blind 10
esoxd777: posts big blind 20
*** HOLE CARDS ***
Dealt to Mahu2021 [4s 5s]
Rhinomanx: raises 60 to 80
Mahu2021: folds 
esoxd777: raises 300 to 380 and is all-in
Rhinomanx: calls 300
*** FLOP *** [3d Qh 2c]
*** TURN *** [3d Qh 2c] [Tc]
*** RIVER *** [3d Qh 2c Tc] [Qs]
*** SHOW DOWN ***
esoxd777: shows [Ac Ah] (two pair, Aces and Queens)
Rhinomanx: shows [Jd As] (a pair of Queens)
esoxd777 collected 770 from pot
*** SUMMARY ***
Total pot 770 | Rake 0 
Board [3d Qh 2c Tc Qs]
Seat 1: Rhinomanx (button) showed [Jd As] and lost with a pair of Queens
Seat 2: Mahu2021 (small blind) folded before Flop
Seat 3: esoxd777 (big blind) showed [Ac Ah] and won (770) with two pair, Aces and Queens



PokerStars Hand #252444174876: Tournament #3800421267, $1.84+$0.16 USD Hold'em No Limit - Level I (10/20) - 2024/09/14 16:31:33 CET [2024/09/14 10:31:33 ET]
Table '3800421267 1' 3-max Seat #2 is the button
Seat 1: Rhinomanx (190 in chips) 
Seat 2: Mahu2021 (540 in chips) 
Seat 3: esoxd777 (770 in chips) 
esoxd777: posts small blind 10
Rhinomanx: posts big blind 20
*** HOLE CARDS ***
Dealt to Mahu2021 [As 2d]
Mahu2021: folds 
esoxd777: raises 750 to 770 and is all-in
Rhinomanx: calls 170 and is all-in
Uncalled bet (580) returned to esoxd777
*** FLOP *** [4c 5c 4h]
*** TURN *** [4c 5c 4h] [Qs]
*** RIVER *** [4c 5c 4h Qs] [7d]
*** SHOW DOWN ***
esoxd777: shows [Qc Ks] (two pair, Queens and Fours)
Rhinomanx: shows [Qd Th] (two pair, Queens and Fours - lower kicker)
esoxd777 collected 380 from pot
Rhinomanx finished the tournament in 3rd place
*** SUMMARY ***
Total pot 380 | Rake 0 
Board [4c 5c 4h Qs 7d]
Seat 1: Rhinomanx (big blind) showed [Qd Th] and lost with two pair, Queens and Fours
Seat 2: Mahu2021 (button) folded before Flop (didn't bet)
Seat 3: esoxd777 (small blind) showed [Qc Ks] and won (380) with two pair, Queens and Fours



PokerStars Hand #252444178730: Tournament #3800421267, $1.84+$0.16 USD Hold'em No Limit - Level I (10/20) - 2024/09/14 16:31:51 CET [2024/09/14 10:31:51 ET]
Table '3800421267 1' 3-max Seat #3 is the button
Seat 2: Mahu2021 (540 in chips) 
Seat 3: esoxd777 (960 in chips) 
esoxd777: posts small blind 10
Mahu2021: posts big blind 20
*** HOLE CARDS ***
Dealt to Mahu2021 [Ts 6s]
esoxd777: raises 20 to 40
Mahu2021: calls 20
*** FLOP *** [2d Ad 4s]
Mahu2021: checks 
esoxd777: bets 40
Mahu2021: folds 
Uncalled bet (40) returned to esoxd777
esoxd777 collected 80 from pot
esoxd777: doesn't show hand 
*** SUMMARY ***
Total pot 80 | Rake 0 
Board [2d Ad 4s]
Seat 2: Mahu2021 (big blind) folded on the Flop
Seat 3: esoxd777 (button) (small blind) collected (80)



PokerStars Hand #252444180882: Tournament #3800421267, $1.84+$0.16 USD Hold'em No Limit - Level I (10/20) - 2024/09/14 16:32:01 CET [2024/09/14 10:32:01 ET]
Table '3800421267 1' 3-max Seat #2 is the button
Seat 2: Mahu2021 (500 in chips) 
Seat 3: esoxd777 (1000 in chips) 
Mahu2021: posts small blind 10
esoxd777: posts big blind 20
*** HOLE CARDS ***
Dealt to Mahu2021 [3s Ks]
Mahu2021: raises 20 to 40
esoxd777: calls 20
*** FLOP *** [Js Qc Td]
esoxd777: checks 
Mahu2021: bets 40
esoxd777: calls 40
*** TURN *** [Js Qc Td] [7d]
esoxd777: checks 
Mahu2021: checks 
*** RIVER *** [Js Qc Td 7d] [4s]
esoxd777: checks 
Mahu2021: checks 
*** SHOW DOWN ***
esoxd777: shows [8s Jc] (a pair of Jacks)
Mahu2021: mucks hand 
esoxd777 collected 160 from pot
*** SUMMARY ***
Total pot 160 | Rake 0 
Board [Js Qc Td 7d 4s]
Seat 2: Mahu2021 (button) (small blind) mucked [3s Ks]
Seat 3: esoxd777 (big blind) showed [8s Jc] and won (160) with a pair of Jacks



PokerStars Hand #252444185785: Tournament #3800421267, $1.84+$0.16 USD Hold'em No Limit - Level I (10/20) - 2024/09/14 16:32:22 CET [2024/09/14 10:32:22 ET]
Table '3800421267 1' 3-max Seat #3 is the button
Seat 2: Mahu2021 (420 in chips) 
Seat 3: esoxd777 (1080 in chips) 
esoxd777: posts small blind 10
Mahu2021: posts big blind 20
*** HOLE CARDS ***
Dealt to Mahu2021 [9s 4d]
esoxd777: raises 20 to 40
Mahu2021: folds 
Uncalled bet (20) returned to esoxd777
esoxd777 collected 40 from pot
esoxd777: doesn't show hand 
*** SUMMARY ***
Total pot 40 | Rake 0 
Seat 2: Mahu2021 (big blind) folded before Flop
Seat 3: esoxd777 (button) (small blind) collected (40)



PokerStars Hand #252444186909: Tournament #3800421267, $1.84+$0.16 USD Hold'em No Limit - Level I (10/20) - 2024/09/14 16:32:27 CET [2024/09/14 10:32:27 ET]
Table '3800421267 1' 3-max Seat #2 is the button
Seat 2: Mahu2021 (400 in chips) 
Seat 3: esoxd777 (1100 in chips) 
Mahu2021: posts small blind 10
esoxd777: posts big blind 20
*** HOLE CARDS ***
Dealt to Mahu2021 [2h Ad]
Mahu2021: raises 20 to 40
esoxd777: calls 20
*** FLOP *** [Jh 6c Qh]
esoxd777: checks 
Mahu2021: checks 
*** TURN *** [Jh 6c Qh] [Js]
esoxd777: bets 30
Mahu2021: raises 30 to 60
esoxd777: folds 
Uncalled bet (30) returned to Mahu2021
Mahu2021 collected 140 from pot
Mahu2021: doesn't show hand 
*** SUMMARY ***
Total pot 140 | Rake 0 
Board [Jh 6c Qh Js]
Seat 2: Mahu2021 (button) (small blind) collected (140)
Seat 3: esoxd777 (big blind) folded on the Turn



PokerStars Hand #252444190544: Tournament #3800421267, $1.84+$0.16 USD Hold'em No Limit - Level I (10/20) - 2024/09/14 16:32:43 CET [2024/09/14 10:32:43 ET]
Table '3800421267 1' 3-max Seat #3 is the button
Seat 2: Mahu2021 (470 in chips) 
Seat 3: esoxd777 (1030 in chips) 
esoxd777: posts small blind 10
Mahu2021: posts big blind 20
*** HOLE CARDS ***
Dealt to Mahu2021 [Ad 4h]
esoxd777: raises 20 to 40
Mahu2021: calls 20
*** FLOP *** [9h 5c 5s]
Mahu2021: checks 
esoxd777: bets 20
Mahu2021: raises 410 to 430 and is all-in
esoxd777: folds 
Uncalled bet (410) returned to Mahu2021
Mahu2021 collected 120 from pot
Mahu2021: doesn't show hand 
*** SUMMARY ***
Total pot 120 | Rake 0 
Board [9h 5c 5s]
Seat 2: Mahu2021 (big blind) collected (120)
Seat 3: esoxd777 (button) (small blind) folded on the Flop



PokerStars Hand #252444193430: Tournament #3800421267, $1.84+$0.16 USD Hold'em No Limit - Level I (10/20) - 2024/09/14 16:32:55 CET [2024/09/14 10:32:55 ET]
Table '3800421267 1' 3-max Seat #2 is the button
Seat 2: Mahu2021 (530 in chips) 
Seat 3: esoxd777 (970 in chips) 
Mahu2021: posts small blind 10
esoxd777: posts big blind 20
*** HOLE CARDS ***
Dealt to Mahu2021 [8c Jd]
Mahu2021: calls 10
esoxd777: checks 
*** FLOP *** [9c Td 8d]
esoxd777: checks 
Mahu2021: checks 
*** TURN *** [9c Td 8d] [5d]
esoxd777: checks 
Mahu2021: checks 
*** RIVER *** [9c Td 8d 5d] [Ac]
esoxd777: checks 
Mahu2021: bets 20
esoxd777: calls 20
*** SHOW DOWN ***
Mahu2021: shows [8c Jd] (a pair of Eights)
esoxd777: shows [2h 9s] (a pair of Nines)
esoxd777 collected 80 from pot
*** SUMMARY ***
Total pot 80 | Rake 0 
Board [9c Td 8d 5d Ac]
Seat 2: Mahu2021 (button) (small blind) showed [8c Jd] and lost with a pair of Eights
Seat 3: esoxd777 (big blind) showed [2h 9s] and won (80) with a pair of Nines



PokerStars Hand #252444197189: Tournament #3800421267, $1.84+$0.16 USD Hold'em No Limit - Level I (10/20) - 2024/09/14 16:33:12 CET [2024/09/14 10:33:12 ET]
Table '3800421267 1' 3-max Seat #3 is the button
Seat 2: Mahu2021 (490 in chips) 
Seat 3: esoxd777 (1010 in chips) 
esoxd777: posts small blind 10
Mahu2021: posts big blind 20
*** HOLE CARDS ***
Dealt to Mahu2021 [4h 5s]
esoxd777: calls 10
Mahu2021: checks 
*** FLOP *** [Qs 9d Ks]
Mahu2021: checks 
esoxd777: checks 
*** TURN *** [Qs 9d Ks] [Qd]
Mahu2021: checks 
esoxd777: bets 20
Mahu2021: folds 
Uncalled bet (20) returned to esoxd777
esoxd777 collected 40 from pot
esoxd777: doesn't show hand 
*** SUMMARY ***
Total pot 40 | Rake 0 
Board [Qs 9d Ks Qd]
Seat 2: Mahu2021 (big blind) folded on the Turn
Seat 3: esoxd777 (button) (small blind) collected (40)



PokerStars Hand #252444199835: Tournament #3800421267, $1.84+$0.16 USD Hold'em No Limit - Level I (10/20) - 2024/09/14 16:33:23 CET [2024/09/14 10:33:23 ET]
Table '3800421267 1' 3-max Seat #2 is the button
Seat 2: Mahu2021 (470 in chips) 
Seat 3: esoxd777 (1030 in chips) 
Mahu2021: posts small blind 10
esoxd777: posts big blind 20
*** HOLE CARDS ***
Dealt to Mahu2021 [2d 6d]
Mahu2021: calls 10
esoxd777: raises 1010 to 1030 and is all-in
Mahu2021: folds 
Uncalled bet (1010) returned to esoxd777
esoxd777 collected 40 from pot
esoxd777: doesn't show hand 
*** SUMMARY ***
Total pot 40 | Rake 0 
Seat 2: Mahu2021 (button) (small blind) folded before Flop
Seat 3: esoxd777 (big blind) collected (40)



PokerStars Hand #252444202316: Tournament #3800421267, $1.84+$0.16 USD Hold'em No Limit - Level II (15/30) - 2024/09/14 16:33:34 CET [2024/09/14 10:33:34 ET]
Table '3800421267 1' 3-max Seat #3 is the button
Seat 2: Mahu2021 (450 in chips) 
Seat 3: esoxd777 (1050 in chips) 
esoxd777: posts small blind 15
Mahu2021: posts big blind 30
*** HOLE CARDS ***
Dealt to Mahu2021 [4c 7d]
esoxd777: calls 15
Mahu2021: checks 
*** FLOP *** [7h 8s 2c]
Mahu2021: checks 
esoxd777: bets 45
Mahu2021: calls 45
*** TURN *** [7h 8s 2c] [Ah]
Mahu2021: checks 
esoxd777: bets 75
Mahu2021: calls 75
*** RIVER *** [7h 8s 2c Ah] [Ad]
Mahu2021: bets 60
esoxd777: calls 60
*** SHOW DOWN ***
Mahu2021: shows [4c 7d] (two pair, Aces and Sevens)
esoxd777: shows [7s Qd] (two pair, Aces and Sevens - Queen kicker)
esoxd777 collected 420 from pot
*** SUMMARY ***
Total pot 420 | Rake 0 
Board [7h 8s 2c Ah Ad]
Seat 2: Mahu2021 (big blind) showed [4c 7d] and lost with two pair, Aces and Sevens
Seat 3: esoxd777 (button) (small blind) showed [7s Qd] and won (420) with two pair, Aces and Sevens



PokerStars Hand #252444207784: Tournament #3800421267, $1.84+$0.16 USD Hold'em No Limit - Level II (15/30) - 2024/09/14 16:33:58 CET [2024/09/14 10:33:58 ET]
Table '3800421267 1' 3-max Seat #2 is the button
Seat 2: Mahu2021 (240 in chips) 
Seat 3: esoxd777 (1260 in chips) 
Mahu2021: posts small blind 15
esoxd777: posts big blind 30
*** HOLE CARDS ***
Dealt to Mahu2021 [6d As]
Mahu2021: raises 210 to 240 and is all-in
esoxd777: folds 
Uncalled bet (210) returned to Mahu2021
Mahu2021 collected 60 from pot
Mahu2021: doesn't show hand 
*** SUMMARY ***
Total pot 60 | Rake 0 
Seat 2: Mahu2021 (button) (small blind) collected (60)
Seat 3: esoxd777 (big blind) folded before Flop



PokerStars Hand #252444209178: Tournament #3800421267, $1.84+$0.16 USD Hold'em No Limit - Level II (15/30) - 2024/09/14 16:34:04 CET [2024/09/14 10:34:04 ET]
Table '3800421267 1' 3-max Seat #3 is the button
Seat 2: Mahu2021 (270 in chips) 
Seat 3: esoxd777 (1230 in chips) 
esoxd777: posts small blind 15
Mahu2021: posts big blind 30
*** HOLE CARDS ***
Dealt to Mahu2021 [5c 2h]
esoxd777: calls 15
Mahu2021: checks 
*** FLOP *** [Kd 2d Qs]
Mahu2021: checks 
esoxd777: checks 
*** TURN *** [Kd 2d Qs] [Qd]
Mahu2021: bets 30
esoxd777: folds 
Uncalled bet (30) returned to Mahu2021
Mahu2021 collected 60 from pot
Mahu2021: doesn't show hand 
*** SUMMARY ***
Total pot 60 | Rake 0 
Board [Kd 2d Qs Qd]
Seat 2: Mahu2021 (big blind) collected (60)
Seat 3: esoxd777 (button) (small blind) folded on the Turn



PokerStars Hand #252444211618: Tournament #3800421267, $1.84+$0.16 USD Hold'em No Limit - Level II (15/30) - 2024/09/14 16:34:15 CET [2024/09/14 10:34:15 ET]
Table '3800421267 1' 3-max Seat #2 is the button
Seat 2: Mahu2021 (300 in chips) 
Seat 3: esoxd777 (1200 in chips) 
Mahu2021: posts small blind 15
esoxd777: posts big blind 30
*** HOLE CARDS ***
Dealt to Mahu2021 [Tc As]
Mahu2021: raises 30 to 60
esoxd777: calls 30
*** FLOP *** [8s Jc 6h]
esoxd777: checks 
Mahu2021: bets 30
esoxd777: folds 
Uncalled bet (30) returned to Mahu2021
Mahu2021 collected 120 from pot
Mahu2021: doesn't show hand 
*** SUMMARY ***
Total pot 120 | Rake 0 
Board [8s Jc 6h]
Seat 2: Mahu2021 (button) (small blind) collected (120)
Seat 3: esoxd777 (big blind) folded on the Flop



PokerStars Hand #252444213829: Tournament #3800421267, $1.84+$0.16 USD Hold'em No Limit - Level II (15/30) - 2024/09/14 16:34:25 CET [2024/09/14 10:34:25 ET]
Table '3800421267 1' 3-max Seat #3 is the button
Seat 2: Mahu2021 (360 in chips) 
Seat 3: esoxd777 (1140 in chips) 
esoxd777: posts small blind 15
Mahu2021: posts big blind 30
*** HOLE CARDS ***
Dealt to Mahu2021 [As Jc]
esoxd777: folds 
Uncalled bet (15) returned to Mahu2021
Mahu2021 collected 30 from pot
Mahu2021: doesn't show hand 
*** SUMMARY ***
Total pot 30 | Rake 0 
Seat 2: Mahu2021 (big blind) collected (30)
Seat 3: esoxd777 (button) (small blind) folded before Flop



PokerStars Hand #252444214552: Tournament #3800421267, $1.84+$0.16 USD Hold'em No Limit - Level II (15/30) - 2024/09/14 16:34:28 CET [2024/09/14 10:34:28 ET]
Table '3800421267 1' 3-max Seat #2 is the button
Seat 2: Mahu2021 (375 in chips) 
Seat 3: esoxd777 (1125 in chips) 
Mahu2021: posts small blind 15
esoxd777: posts big blind 30
*** HOLE CARDS ***
Dealt to Mahu2021 [Ts 8h]
Mahu2021: calls 15
esoxd777: checks 
*** FLOP *** [7s Kd Jd]
esoxd777: checks 
Mahu2021: checks 
*** TURN *** [7s Kd Jd] [Td]
esoxd777: bets 30
Mahu2021: calls 30
*** RIVER *** [7s Kd Jd Td] [5s]
esoxd777: checks 
Mahu2021: checks 
*** SHOW DOWN ***
esoxd777: shows [7d 8c] (a pair of Sevens)
Mahu2021: shows [Ts 8h] (a pair of Tens)
Mahu2021 collected 120 from pot
*** SUMMARY ***
Total pot 120 | Rake 0 
Board [7s Kd Jd Td 5s]
Seat 2: Mahu2021 (button) (small blind) showed [Ts 8h] and won (120) with a pair of Tens
Seat 3: esoxd777 (big blind) showed [7d 8c] and lost with a pair of Sevens



PokerStars Hand #252444218898: Tournament #3800421267, $1.84+$0.16 USD Hold'em No Limit - Level II (15/30) - 2024/09/14 16:34:47 CET [2024/09/14 10:34:47 ET]
Table '3800421267 1' 3-max Seat #3 is the button
Seat 2: Mahu2021 (435 in chips) 
Seat 3: esoxd777 (1065 in chips) 
esoxd777: posts small blind 15
Mahu2021: posts big blind 30
*** HOLE CARDS ***
Dealt to Mahu2021 [Td Qd]
esoxd777: calls 15
Mahu2021: raises 90 to 120
esoxd777: folds 
Uncalled bet (90) returned to Mahu2021
Mahu2021 collected 60 from pot
Mahu2021: doesn't show hand 
*** SUMMARY ***
Total pot 60 | Rake 0 
Seat 2: Mahu2021 (big blind) collected (60)
Seat 3: esoxd777 (button) (small blind) folded before Flop



PokerStars Hand #252444220460: Tournament #3800421267, $1.84+$0.16 USD Hold'em No Limit - Level II (15/30) - 2024/09/14 16:34:54 CET [2024/09/14 10:34:54 ET]
Table '3800421267 1' 3-max Seat #2 is the button
Seat 2: Mahu2021 (465 in chips) 
Seat 3: esoxd777 (1035 in chips) 
Mahu2021: posts small blind 15
esoxd777: posts big blind 30
*** HOLE CARDS ***
Dealt to Mahu2021 [3s 2s]
Mahu2021: calls 15
esoxd777: checks 
*** FLOP *** [9s 6c 3d]
esoxd777: checks 
Mahu2021: bets 30
esoxd777: calls 30
*** TURN *** [9s 6c 3d] [Ah]
esoxd777: checks 
Mahu2021: bets 30
esoxd777: calls 30
*** RIVER *** [9s 6c 3d Ah] [Kc]
esoxd777: checks 
Mahu2021: bets 375 and is all-in
esoxd777: folds 
Uncalled bet (375) returned to Mahu2021
Mahu2021 collected 180 from pot
Mahu2021: doesn't show hand 
*** SUMMARY ***
Total pot 180 | Rake 0 
Board [9s 6c 3d Ah Kc]
Seat 2: Mahu2021 (button) (small blind) collected (180)
Seat 3: esoxd777 (big blind) folded on the River



PokerStars Hand #252444224102: Tournament #3800421267, $1.84+$0.16 USD Hold'em No Limit - Level II (15/30) - 2024/09/14 16:35:10 CET [2024/09/14 10:35:10 ET]
Table '3800421267 1' 3-max Seat #3 is the button
Seat 2: Mahu2021 (555 in chips) 
Seat 3: esoxd777 (945 in chips) 
esoxd777: posts small blind 15
Mahu2021: posts big blind 30
*** HOLE CARDS ***
Dealt to Mahu2021 [8s 4c]
esoxd777: raises 915 to 945 and is all-in
Mahu2021: folds 
Uncalled bet (915) returned to esoxd777
esoxd777 collected 60 from pot
esoxd777: doesn't show hand 
*** SUMMARY ***
Total pot 60 | Rake 0 
Seat 2: Mahu2021 (big blind) folded before Flop
Seat 3: esoxd777 (button) (small blind) collected (60)



PokerStars Hand #252444225308: Tournament #3800421267, $1.84+$0.16 USD Hold'em No Limit - Level II (15/30) - 2024/09/14 16:35:15 CET [2024/09/14 10:35:15 ET]
Table '3800421267 1' 3-max Seat #2 is the button
Seat 2: Mahu2021 (525 in chips) 
Seat 3: esoxd777 (975 in chips) 
Mahu2021: posts small blind 15
esoxd777: posts big blind 30
*** HOLE CARDS ***
Dealt to Mahu2021 [6h 7d]
Mahu2021: calls 15
esoxd777: raises 60 to 90
Mahu2021: folds 
Uncalled bet (60) returned to esoxd777
esoxd777 collected 60 from pot
esoxd777: doesn't show hand 
*** SUMMARY ***
Total pot 60 | Rake 0 
Seat 2: Mahu2021 (button) (small blind) folded before Flop
Seat 3: esoxd777 (big blind) collected (60)



PokerStars Hand #252444226978: Tournament #3800421267, $1.84+$0.16 USD Hold'em No Limit - Level II (15/30) - 2024/09/14 16:35:23 CET [2024/09/14 10:35:23 ET]
Table '3800421267 1' 3-max Seat #3 is the button
Seat 2: Mahu2021 (495 in chips) 
Seat 3: esoxd777 (1005 in chips) 
esoxd777: posts small blind 15
Mahu2021: posts big blind 30
*** HOLE CARDS ***
Dealt to Mahu2021 [2s Jh]
esoxd777: raises 30 to 60
Mahu2021: calls 30
*** FLOP *** [2h Kh Ts]
Mahu2021: checks 
esoxd777: bets 60
Mahu2021: folds 
Uncalled bet (60) returned to esoxd777
esoxd777 collected 120 from pot
esoxd777: doesn't show hand 
*** SUMMARY ***
Total pot 120 | Rake 0 
Board [2h Kh Ts]
Seat 2: Mahu2021 (big blind) folded on the Flop
Seat 3: esoxd777 (button) (small blind) collected (120)



PokerStars Hand #252444229441: Tournament #3800421267, $1.84+$0.16 USD Hold'em No Limit - Level II (15/30) - 2024/09/14 16:35:34 CET [2024/09/14 10:35:34 ET]
Table '3800421267 1' 3-max Seat #2 is the button
Seat 2: Mahu2021 (435 in chips) 
Seat 3: esoxd777 (1065 in chips) 
Mahu2021: posts small blind 15
esoxd777: posts big blind 30
*** HOLE CARDS ***
Dealt to Mahu2021 [Ts Ah]
Mahu2021: raises 30 to 60
esoxd777: folds 
Uncalled bet (30) returned to Mahu2021
Mahu2021 collected 60 from pot
Mahu2021: doesn't show hand 
*** SUMMARY ***
Total pot 60 | Rake 0 
Seat 2: Mahu2021 (button) (small blind) collected (60)
Seat 3: esoxd777 (big blind) folded before Flop



PokerStars Hand #252444231203: Tournament #3800421267, $1.84+$0.16 USD Hold'em No Limit - Level II (15/30) - 2024/09/14 16:35:41 CET [2024/09/14 10:35:41 ET]
Table '3800421267 1' 3-max Seat #3 is the button
Seat 2: Mahu2021 (465 in chips) 
Seat 3: esoxd777 (1035 in chips) 
esoxd777: posts small blind 15
Mahu2021: posts big blind 30
*** HOLE CARDS ***
Dealt to Mahu2021 [Ks Qs]
esoxd777: calls 15
Mahu2021: raises 90 to 120
esoxd777: folds 
Uncalled bet (90) returned to Mahu2021
Mahu2021 collected 60 from pot
Mahu2021: doesn't show hand 
*** SUMMARY ***
Total pot 60 | Rake 0 
Seat 2: Mahu2021 (big blind) collected (60)
Seat 3: esoxd777 (button) (small blind) folded before Flop



PokerStars Hand #252444232675: Tournament #3800421267, $1.84+$0.16 USD Hold'em No Limit - Level II (15/30) - 2024/09/14 16:35:48 CET [2024/09/14 10:35:48 ET]
Table '3800421267 1' 3-max Seat #2 is the button
Seat 2: Mahu2021 (495 in chips) 
Seat 3: esoxd777 (1005 in chips) 
Mahu2021: posts small blind 15
esoxd777: posts big blind 30
*** HOLE CARDS ***
Dealt to Mahu2021 [9h Kh]
Mahu2021: raises 30 to 60
esoxd777: raises 945 to 1005 and is all-in
Mahu2021: calls 435 and is all-in
Uncalled bet (510) returned to esoxd777
*** FLOP *** [Kd 5h 5c]
*** TURN *** [Kd 5h 5c] [4d]
*** RIVER *** [Kd 5h 5c 4d] [2c]
*** SHOW DOWN ***
esoxd777: shows [4c Ad] (two pair, Fives and Fours)
Mahu2021: shows [9h Kh] (two pair, Kings and Fives)
Mahu2021 collected 990 from pot
*** SUMMARY ***
Total pot 990 | Rake 0 
Board [Kd 5h 5c 4d 2c]
Seat 2: Mahu2021 (button) (small blind) showed [9h Kh] and won (990) with two pair, Kings and Fives
Seat 3: esoxd777 (big blind) showed [4c Ad] and lost with two pair, Fives and Fours



PokerStars Hand #252444236011: Tournament #3800421267, $1.84+$0.16 USD Hold'em No Limit - Level II (15/30) - 2024/09/14 16:36:02 CET [2024/09/14 10:36:02 ET]
Table '3800421267 1' 3-max Seat #3 is the button
Seat 2: Mahu2021 (990 in chips) 
Seat 3: esoxd777 (510 in chips) 
esoxd777: posts small blind 15
Mahu2021: posts big blind 30
*** HOLE CARDS ***
Dealt to Mahu2021 [Ks 6c]
esoxd777: folds 
Uncalled bet (15) returned to Mahu2021
Mahu2021 collected 30 from pot
Mahu2021: doesn't show hand 
*** SUMMARY ***
Total pot 30 | Rake 0 
Seat 2: Mahu2021 (big blind) collected (30)
Seat 3: esoxd777 (button) (small blind) folded before Flop



PokerStars Hand #252444236838: Tournament #3800421267, $1.84+$0.16 USD Hold'em No Limit - Level II (15/30) - 2024/09/14 16:36:06 CET [2024/09/14 10:36:06 ET]
Table '3800421267 1' 3-max Seat #2 is the button
Seat 2: Mahu2021 (1005 in chips) 
Seat 3: esoxd777 (495 in chips) 
Mahu2021: posts small blind 15
esoxd777: posts big blind 30
*** HOLE CARDS ***
Dealt to Mahu2021 [Qd 2h]
Mahu2021: calls 15
esoxd777: raises 465 to 495 and is all-in
Mahu2021: folds 
Uncalled bet (465) returned to esoxd777
esoxd777 collected 60 from pot
esoxd777: doesn't show hand 
*** SUMMARY ***
Total pot 60 | Rake 0 
Seat 2: Mahu2021 (button) (small blind) folded before Flop
Seat 3: esoxd777 (big blind) collected (60)



PokerStars Hand #252444238610: Tournament #3800421267, $1.84+$0.16 USD Hold'em No Limit - Level II (15/30) - 2024/09/14 16:36:14 CET [2024/09/14 10:36:14 ET]
Table '3800421267 1' 3-max Seat #3 is the button
Seat 2: Mahu2021 (975 in chips) 
Seat 3: esoxd777 (525 in chips) 
esoxd777: posts small blind 15
Mahu2021: posts big blind 30
*** HOLE CARDS ***
Dealt to Mahu2021 [2h 5d]
esoxd777: calls 15
Mahu2021: checks 
*** FLOP *** [4s Js 6d]
Mahu2021: checks 
esoxd777: checks 
*** TURN *** [4s Js 6d] [5h]
Mahu2021: bets 30
esoxd777: calls 30
*** RIVER *** [4s Js 6d 5h] [3c]
Mahu2021: bets 915 and is all-in
esoxd777: folds 
Uncalled bet (915) returned to Mahu2021
Mahu2021 collected 120 from pot
Mahu2021: doesn't show hand 
*** SUMMARY ***
Total pot 120 | Rake 0 
Board [4s Js 6d 5h 3c]
Seat 2: Mahu2021 (big blind) collected (120)
Seat 3: esoxd777 (button) (small blind) folded on the River



PokerStars Hand #252444243012: Tournament #3800421267, $1.84+$0.16 USD Hold'em No Limit - Level III (20/40) - 2024/09/14 16:36:33 CET [2024/09/14 10:36:33 ET]
Table '3800421267 1' 3-max Seat #2 is the button
Seat 2: Mahu2021 (1035 in chips) 
Seat 3: esoxd777 (465 in chips) 
Mahu2021: posts small blind 20
esoxd777: posts big blind 40
*** HOLE CARDS ***
Dealt to Mahu2021 [7s 8c]
Mahu2021: calls 20
esoxd777: checks 
*** FLOP *** [5s 3d 4c]
esoxd777: checks 
Mahu2021: bets 40
esoxd777: raises 40 to 80
Mahu2021: calls 40
*** TURN *** [5s 3d 4c] [Ks]
esoxd777: bets 120
Mahu2021: folds 
Uncalled bet (120) returned to esoxd777
esoxd777 collected 240 from pot
esoxd777: doesn't show hand 
*** SUMMARY ***
Total pot 240 | Rake 0 
Board [5s 3d 4c Ks]
Seat 2: Mahu2021 (button) (small blind) folded on the Turn
Seat 3: esoxd777 (big blind) collected (240)



PokerStars Hand #252444246208: Tournament #3800421267, $1.84+$0.16 USD Hold'em No Limit - Level III (20/40) - 2024/09/14 16:36:47 CET [2024/09/14 10:36:47 ET]
Table '3800421267 1' 3-max Seat #3 is the button
Seat 2: Mahu2021 (915 in chips) 
Seat 3: esoxd777 (585 in chips) 
esoxd777: posts small blind 20
Mahu2021: posts big blind 40
*** HOLE CARDS ***
Dealt to Mahu2021 [8h 9c]
esoxd777: calls 20
Mahu2021: checks 
*** FLOP *** [5h Jd 3c]
Mahu2021: checks 
esoxd777: bets 40
Mahu2021: folds 
Uncalled bet (40) returned to esoxd777
esoxd777 collected 80 from pot
esoxd777: doesn't show hand 
*** SUMMARY ***
Total pot 80 | Rake 0 
Board [5h Jd 3c]
Seat 2: Mahu2021 (big blind) folded on the Flop
Seat 3: esoxd777 (button) (small blind) collected (80)



PokerStars Hand #252444248296: Tournament #3800421267, $1.84+$0.16 USD Hold'em No Limit - Level III (20/40) - 2024/09/14 16:36:56 CET [2024/09/14 10:36:56 ET]
Table '3800421267 1' 3-max Seat #2 is the button
Seat 2: Mahu2021 (875 in chips) 
Seat 3: esoxd777 (625 in chips) 
Mahu2021: posts small blind 20
esoxd777: posts big blind 40
*** HOLE CARDS ***
Dealt to Mahu2021 [As 3h]
Mahu2021: raises 835 to 875 and is all-in
esoxd777: folds 
Uncalled bet (835) returned to Mahu2021
Mahu2021 collected 80 from pot
Mahu2021: doesn't show hand 
*** SUMMARY ***
Total pot 80 | Rake 0 
Seat 2: Mahu2021 (button) (small blind) collected (80)
Seat 3: esoxd777 (big blind) folded before Flop



PokerStars Hand #252444250023: Tournament #3800421267, $1.84+$0.16 USD Hold'em No Limit - Level III (20/40) - 2024/09/14 16:37:04 CET [2024/09/14 10:37:04 ET]
Table '3800421267 1' 3-max Seat #3 is the button
Seat 2: Mahu2021 (915 in chips) 
Seat 3: esoxd777 (585 in chips) 
esoxd777: posts small blind 20
Mahu2021: posts big blind 40
*** HOLE CARDS ***
Dealt to Mahu2021 [3h 9s]
esoxd777: calls 20
Mahu2021: checks 
*** FLOP *** [5s 8h Ad]
Mahu2021: checks 
esoxd777: bets 40
Mahu2021: folds 
Uncalled bet (40) returned to esoxd777
esoxd777 collected 80 from pot
esoxd777: doesn't show hand 
*** SUMMARY ***
Total pot 80 | Rake 0 
Board [5s 8h Ad]
Seat 2: Mahu2021 (big blind) folded on the Flop
Seat 3: esoxd777 (button) (small blind) collected (80)



PokerStars Hand #252444252089: Tournament #3800421267, $1.84+$0.16 USD Hold'em No Limit - Level III (20/40) - 2024/09/14 16:37:13 CET [2024/09/14 10:37:13 ET]
Table '3800421267 1' 3-max Seat #2 is the button
Seat 2: Mahu2021 (875 in chips) 
Seat 3: esoxd777 (625 in chips) 
Mahu2021: posts small blind 20
esoxd777: posts big blind 40
*** HOLE CARDS ***
Dealt to Mahu2021 [Kh Jh]
Mahu2021: raises 40 to 80
esoxd777: folds 
Uncalled bet (40) returned to Mahu2021
Mahu2021 collected 80 from pot
Mahu2021: doesn't show hand 
*** SUMMARY ***
Total pot 80 | Rake 0 
Seat 2: Mahu2021 (button) (small blind) collected (80)
Seat 3: esoxd777 (big blind) folded before Flop



PokerStars Hand #252444253398: Tournament #3800421267, $1.84+$0.16 USD Hold'em No Limit - Level III (20/40) - 2024/09/14 16:37:18 CET [2024/09/14 10:37:18 ET]
Table '3800421267 1' 3-max Seat #3 is the button
Seat 2: Mahu2021 (915 in chips) 
Seat 3: esoxd777 (585 in chips) 
esoxd777: posts small blind 20
Mahu2021: posts big blind 40
*** HOLE CARDS ***
Dealt to Mahu2021 [9s Js]
esoxd777: calls 20
Mahu2021: checks 
*** FLOP *** [As Jd Ts]
Mahu2021: checks 
esoxd777: checks 
*** TURN *** [As Jd Ts] [4d]
Mahu2021: bets 40
esoxd777: folds 
Uncalled bet (40) returned to Mahu2021
Mahu2021 collected 80 from pot
Mahu2021: doesn't show hand 
*** SUMMARY ***
Total pot 80 | Rake 0 
Board [As Jd Ts 4d]
Seat 2: Mahu2021 (big blind) collected (80)
Seat 3: esoxd777 (button) (small blind) folded on the Turn



PokerStars Hand #252444255720: Tournament #3800421267, $1.84+$0.16 USD Hold'em No Limit - Level III (20/40) - 2024/09/14 16:37:29 CET [2024/09/14 10:37:29 ET]
Table '3800421267 1' 3-max Seat #2 is the button
Seat 2: Mahu2021 (955 in chips) 
Seat 3: esoxd777 (545 in chips) 
Mahu2021: posts small blind 20
esoxd777: posts big blind 40
*** HOLE CARDS ***
Dealt to Mahu2021 [Ks 3h]
Mahu2021: calls 20
esoxd777: checks 
*** FLOP *** [2c 4s 5d]
esoxd777: bets 80
Mahu2021: calls 80
*** TURN *** [2c 4s 5d] [8s]
esoxd777: bets 120
Mahu2021: calls 120
*** RIVER *** [2c 4s 5d 8s] [9s]
esoxd777: checks 
Mahu2021: bets 715 and is all-in
esoxd777: folds 
Uncalled bet (715) returned to Mahu2021
Mahu2021 collected 480 from pot
Mahu2021: doesn't show hand 
*** SUMMARY ***
Total pot 480 | Rake 0 
Board [2c 4s 5d 8s 9s]
Seat 2: Mahu2021 (button) (small blind) collected (480)
Seat 3: esoxd777 (big blind) folded on the River



PokerStars Hand #252444259990: Tournament #3800421267, $1.84+$0.16 USD Hold'em No Limit - Level III (20/40) - 2024/09/14 16:37:47 CET [2024/09/14 10:37:47 ET]
Table '3800421267 1' 3-max Seat #3 is the button
Seat 2: Mahu2021 (1195 in chips) 
Seat 3: esoxd777 (305 in chips) 
esoxd777: posts small blind 20
Mahu2021: posts big blind 40
*** HOLE CARDS ***
Dealt to Mahu2021 [5h 6c]
esoxd777: folds 
Uncalled bet (20) returned to Mahu2021
Mahu2021 collected 40 from pot
Mahu2021: doesn't show hand 
*** SUMMARY ***
Total pot 40 | Rake 0 
Seat 2: Mahu2021 (big blind) collected (40)
Seat 3: esoxd777 (button) (small blind) folded before Flop



PokerStars Hand #252444260816: Tournament #3800421267, $1.84+$0.16 USD Hold'em No Limit - Level III (20/40) - 2024/09/14 16:37:51 CET [2024/09/14 10:37:51 ET]
Table '3800421267 1' 3-max Seat #2 is the button
Seat 2: Mahu2021 (1215 in chips) 
Seat 3: esoxd777 (285 in chips) 
Mahu2021: posts small blind 20
esoxd777: posts big blind 40
*** HOLE CARDS ***
Dealt to Mahu2021 [Ad 8h]
Mahu2021: calls 20
esoxd777: checks 
*** FLOP *** [4s 8d Ks]
esoxd777: checks 
Mahu2021: bets 40
esoxd777: folds 
Uncalled bet (40) returned to Mahu2021
Mahu2021 collected 80 from pot
Mahu2021: doesn't show hand 
*** SUMMARY ***
Total pot 80 | Rake 0 
Board [4s 8d Ks]
Seat 2: Mahu2021 (button) (small blind) collected (80)
Seat 3: esoxd777 (big blind) folded on the Flop



PokerStars Hand #252444263251: Tournament #3800421267, $1.84+$0.16 USD Hold'em No Limit - Level III (20/40) - 2024/09/14 16:38:01 CET [2024/09/14 10:38:01 ET]
Table '3800421267 1' 3-max Seat #3 is the button
Seat 2: Mahu2021 (1255 in chips) 
Seat 3: esoxd777 (245 in chips) 
esoxd777: posts small blind 20
Mahu2021: posts big blind 40
*** HOLE CARDS ***
Dealt to Mahu2021 [As Qs]
esoxd777: raises 205 to 245 and is all-in
Mahu2021: calls 205
*** FLOP *** [3h 9h 9d]
*** TURN *** [3h 9h 9d] [Ah]
*** RIVER *** [3h 9h 9d Ah] [Kc]
*** SHOW DOWN ***
Mahu2021: shows [As Qs] (two pair, Aces and Nines)
esoxd777: shows [3c Qd] (two pair, Nines and Threes)
Mahu2021 collected 490 from pot
esoxd777 finished the tournament in 2nd place
Mahu2021 wins the tournament and receives $8.00 - congratulations!
*** SUMMARY ***
Total pot 490 | Rake 0 
Board [3h 9h 9d Ah Kc]
Seat 2: Mahu2021 (big blind) showed [As Qs] and won (490) with two pair, Aces and Nines
Seat 3: esoxd777 (button) (small blind) showed [3c Qd] and lost with two pair, Nines and Threes



