PokerStars Hand #253816200982: Tournament #3833116798, $0.46+$0.04 USD Hold'em No Limit - Level I (10/20) - 2024/12/12 8:21:14 CET [2024/12/12 2:21:14 ET]
Table '3833116798 1' 3-max Seat #1 is the button
Seat 1: lucadevil66 (500 in chips) 
Seat 2: Mahu2021 (500 in chips) 
Seat 3: DouglasFalcao (500 in chips) 
Mahu2021: posts small blind 10
DouglasFalcao: posts big blind 20
*** HOLE CARDS ***
Dealt to Mahu2021 [8d Ts]
lucadevil66: folds 
lucadevil66 is sitting out
Mahu2021: folds 
Uncalled bet (10) returned to DouglasFalcao
DouglasFalcao collected 20 from pot
*** SUMMARY ***
Total pot 20 | Rake 0 
Seat 1: lucadevil66 (button) folded before Flop (didn't bet)
Seat 2: Mahu2021 (small blind) folded before Flop
Seat 3: DouglasFalcao (big blind) collected (20)



PokerStars Hand #253816201711: Tournament #3833116798, $0.46+$0.04 USD Hold'em No Limit - Level I (10/20) - 2024/12/12 8:21:24 CET [2024/12/12 2:21:24 ET]
Table '3833116798 1' 3-max Seat #2 is the button
Seat 1: lucadevil66 (500 in chips) is sitting out
Seat 2: Mahu2021 (490 in chips) 
Seat 3: DouglasFalcao (510 in chips) 
DouglasFalcao: posts small blind 10
lucadevil66: posts big blind 20
*** HOLE CARDS ***
Dealt to Mahu2021 [2h 8s]
Mahu2021: folds 
DouglasFalcao: calls 10
lucadevil66: folds 
DouglasFalcao collected 40 from pot
*** SUMMARY ***
Total pot 40 | Rake 0 
Seat 1: lucadevil66 (big blind) folded before Flop
Seat 2: Mahu2021 (button) folded before Flop (didn't bet)
Seat 3: DouglasFalcao (small blind) collected (40)



PokerStars Hand #253816202181: Tournament #3833116798, $0.46+$0.04 USD Hold'em No Limit - Level I (10/20) - 2024/12/12 8:21:31 CET [2024/12/12 2:21:31 ET]
Table '3833116798 1' 3-max Seat #3 is the button
Seat 1: lucadevil66 (480 in chips) is sitting out
Seat 2: Mahu2021 (490 in chips) 
Seat 3: DouglasFalcao (530 in chips) 
lucadevil66: posts small blind 10
Mahu2021: posts big blind 20
*** HOLE CARDS ***
Dealt to Mahu2021 [Td 9d]
DouglasFalcao: calls 20
lucadevil66: folds 
Mahu2021: checks 
*** FLOP *** [9c 9h 8c]
Mahu2021: checks 
DouglasFalcao: checks 
*** TURN *** [9c 9h 8c] [2d]
Mahu2021: checks 
DouglasFalcao: checks 
*** RIVER *** [9c 9h 8c 2d] [3c]
Mahu2021: bets 50
DouglasFalcao: calls 50
*** SHOW DOWN ***
Mahu2021: shows [Td 9d] (three of a kind, Nines)
DouglasFalcao: mucks hand 
Mahu2021 collected 150 from pot
*** SUMMARY ***
Total pot 150 | Rake 0 
Board [9c 9h 8c 2d 3c]
Seat 1: lucadevil66 (small blind) folded before Flop
Seat 2: Mahu2021 (big blind) showed [Td 9d] and won (150) with three of a kind, Nines
Seat 3: DouglasFalcao (button) mucked [Qd Ts]



PokerStars Hand #253816203775: Tournament #3833116798, $0.46+$0.04 USD Hold'em No Limit - Level I (10/20) - 2024/12/12 8:21:54 CET [2024/12/12 2:21:54 ET]
Table '3833116798 1' 3-max Seat #1 is the button
Seat 1: lucadevil66 (470 in chips) is sitting out
Seat 2: Mahu2021 (570 in chips) 
Seat 3: DouglasFalcao (460 in chips) 
Mahu2021: posts small blind 10
DouglasFalcao: posts big blind 20
*** HOLE CARDS ***
Dealt to Mahu2021 [5s 9s]
lucadevil66: folds 
Mahu2021: folds 
Uncalled bet (10) returned to DouglasFalcao
DouglasFalcao collected 20 from pot
*** SUMMARY ***
Total pot 20 | Rake 0 
Seat 1: lucadevil66 (button) folded before Flop (didn't bet)
Seat 2: Mahu2021 (small blind) folded before Flop
Seat 3: DouglasFalcao (big blind) collected (20)



PokerStars Hand #253816204220: Tournament #3833116798, $0.46+$0.04 USD Hold'em No Limit - Level I (10/20) - 2024/12/12 8:22:01 CET [2024/12/12 2:22:01 ET]
Table '3833116798 1' 3-max Seat #2 is the button
Seat 1: lucadevil66 (470 in chips) is sitting out
Seat 2: Mahu2021 (560 in chips) 
Seat 3: DouglasFalcao (470 in chips) 
DouglasFalcao: posts small blind 10
lucadevil66: posts big blind 20
*** HOLE CARDS ***
Dealt to Mahu2021 [6s Td]
Mahu2021: folds 
DouglasFalcao: calls 10
lucadevil66: folds 
DouglasFalcao collected 40 from pot
*** SUMMARY ***
Total pot 40 | Rake 0 
Seat 1: lucadevil66 (big blind) folded before Flop
Seat 2: Mahu2021 (button) folded before Flop (didn't bet)
Seat 3: DouglasFalcao (small blind) collected (40)



PokerStars Hand #253816204895: Tournament #3833116798, $0.46+$0.04 USD Hold'em No Limit - Level I (10/20) - 2024/12/12 8:22:11 CET [2024/12/12 2:22:11 ET]
Table '3833116798 1' 3-max Seat #3 is the button
Seat 1: lucadevil66 (450 in chips) is sitting out
Seat 2: Mahu2021 (560 in chips) 
Seat 3: DouglasFalcao (490 in chips) 
lucadevil66: posts small blind 10
Mahu2021: posts big blind 20
*** HOLE CARDS ***
Dealt to Mahu2021 [Qh 8c]
DouglasFalcao: folds 
lucadevil66: folds 
Uncalled bet (10) returned to Mahu2021
Mahu2021 collected 20 from pot
Mahu2021: doesn't show hand 
*** SUMMARY ***
Total pot 20 | Rake 0 
Seat 1: lucadevil66 (small blind) folded before Flop
Seat 2: Mahu2021 (big blind) collected (20)
Seat 3: DouglasFalcao (button) folded before Flop (didn't bet)



PokerStars Hand #253816205338: Tournament #3833116798, $0.46+$0.04 USD Hold'em No Limit - Level I (10/20) - 2024/12/12 8:22:18 CET [2024/12/12 2:22:18 ET]
Table '3833116798 1' 3-max Seat #1 is the button
Seat 1: lucadevil66 (440 in chips) is sitting out
Seat 2: Mahu2021 (570 in chips) 
Seat 3: DouglasFalcao (490 in chips) 
Mahu2021: posts small blind 10
DouglasFalcao: posts big blind 20
*** HOLE CARDS ***
Dealt to Mahu2021 [Qs 3d]
lucadevil66: folds 
Mahu2021: folds 
Uncalled bet (10) returned to DouglasFalcao
DouglasFalcao collected 20 from pot
*** SUMMARY ***
Total pot 20 | Rake 0 
Seat 1: lucadevil66 (button) folded before Flop (didn't bet)
Seat 2: Mahu2021 (small blind) folded before Flop
Seat 3: DouglasFalcao (big blind) collected (20)



PokerStars Hand #253816205700: Tournament #3833116798, $0.46+$0.04 USD Hold'em No Limit - Level I (10/20) - 2024/12/12 8:22:23 CET [2024/12/12 2:22:23 ET]
Table '3833116798 1' 3-max Seat #2 is the button
Seat 1: lucadevil66 (440 in chips) is sitting out
Seat 2: Mahu2021 (560 in chips) 
Seat 3: DouglasFalcao (500 in chips) 
DouglasFalcao: posts small blind 10
lucadevil66: posts big blind 20
*** HOLE CARDS ***
Dealt to Mahu2021 [5s 8c]
Mahu2021: folds 
DouglasFalcao: calls 10
lucadevil66: folds 
DouglasFalcao collected 40 from pot
*** SUMMARY ***
Total pot 40 | Rake 0 
Seat 1: lucadevil66 (big blind) folded before Flop
Seat 2: Mahu2021 (button) folded before Flop (didn't bet)
Seat 3: DouglasFalcao (small blind) collected (40)



PokerStars Hand #253816206176: Tournament #3833116798, $0.46+$0.04 USD Hold'em No Limit - Level I (10/20) - 2024/12/12 8:22:29 CET [2024/12/12 2:22:29 ET]
Table '3833116798 1' 3-max Seat #3 is the button
Seat 1: lucadevil66 (420 in chips) is sitting out
Seat 2: Mahu2021 (560 in chips) 
Seat 3: DouglasFalcao (520 in chips) 
lucadevil66: posts small blind 10
Mahu2021: posts big blind 20
*** HOLE CARDS ***
Dealt to Mahu2021 [Qc Ad]
DouglasFalcao: calls 20
lucadevil66: folds 
Mahu2021: raises 60 to 80
DouglasFalcao: calls 60
*** FLOP *** [7c Qd 4d]
Mahu2021: bets 170
DouglasFalcao: calls 170
*** TURN *** [7c Qd 4d] [Jc]
Mahu2021: bets 310 and is all-in
DouglasFalcao: folds 
Uncalled bet (310) returned to Mahu2021
Mahu2021 collected 510 from pot
Mahu2021: doesn't show hand 
*** SUMMARY ***
Total pot 510 | Rake 0 
Board [7c Qd 4d Jc]
Seat 1: lucadevil66 (small blind) folded before Flop
Seat 2: Mahu2021 (big blind) collected (510)
Seat 3: DouglasFalcao (button) folded on the Turn



PokerStars Hand #253816207447: Tournament #3833116798, $0.46+$0.04 USD Hold'em No Limit - Level I (10/20) - 2024/12/12 8:22:48 CET [2024/12/12 2:22:48 ET]
Table '3833116798 1' 3-max Seat #1 is the button
Seat 1: lucadevil66 (410 in chips) is sitting out
Seat 2: Mahu2021 (820 in chips) 
Seat 3: DouglasFalcao (270 in chips) 
Mahu2021: posts small blind 10
DouglasFalcao: posts big blind 20
*** HOLE CARDS ***
Dealt to Mahu2021 [2s 7c]
lucadevil66: folds 
Mahu2021: folds 
Uncalled bet (10) returned to DouglasFalcao
DouglasFalcao collected 20 from pot
*** SUMMARY ***
Total pot 20 | Rake 0 
Seat 1: lucadevil66 (button) folded before Flop (didn't bet)
Seat 2: Mahu2021 (small blind) folded before Flop
Seat 3: DouglasFalcao (big blind) collected (20)



PokerStars Hand #253816207773: Tournament #3833116798, $0.46+$0.04 USD Hold'em No Limit - Level I (10/20) - 2024/12/12 8:22:53 CET [2024/12/12 2:22:53 ET]
Table '3833116798 1' 3-max Seat #2 is the button
Seat 1: lucadevil66 (410 in chips) is sitting out
Seat 2: Mahu2021 (810 in chips) 
Seat 3: DouglasFalcao (280 in chips) 
DouglasFalcao: posts small blind 10
lucadevil66: posts big blind 20
*** HOLE CARDS ***
Dealt to Mahu2021 [Td 9h]
Mahu2021: raises 20 to 40
DouglasFalcao: calls 30
lucadevil66: folds 
*** FLOP *** [7c 5c Tc]
DouglasFalcao: checks 
Mahu2021: bets 40
DouglasFalcao: calls 40
*** TURN *** [7c 5c Tc] [Js]
DouglasFalcao: checks 
Mahu2021: bets 40
DouglasFalcao: calls 40
*** RIVER *** [7c 5c Tc Js] [3c]
DouglasFalcao: checks 
Mahu2021: checks 
*** SHOW DOWN ***
DouglasFalcao: shows [2s Ks] (high card King)
Mahu2021: shows [Td 9h] (a pair of Tens)
Mahu2021 collected 260 from pot
*** SUMMARY ***
Total pot 260 | Rake 0 
Board [7c 5c Tc Js 3c]
Seat 1: lucadevil66 (big blind) folded before Flop
Seat 2: Mahu2021 (button) showed [Td 9h] and won (260) with a pair of Tens
Seat 3: DouglasFalcao (small blind) showed [2s Ks] and lost with high card King



PokerStars Hand #253816209252: Tournament #3833116798, $0.46+$0.04 USD Hold'em No Limit - Level I (10/20) - 2024/12/12 8:23:15 CET [2024/12/12 2:23:15 ET]
Table '3833116798 1' 3-max Seat #3 is the button
Seat 1: lucadevil66 (390 in chips) is sitting out
Seat 2: Mahu2021 (950 in chips) 
Seat 3: DouglasFalcao (160 in chips) 
lucadevil66: posts small blind 10
Mahu2021: posts big blind 20
*** HOLE CARDS ***
Dealt to Mahu2021 [Qs Th]
DouglasFalcao: folds 
lucadevil66: folds 
Uncalled bet (10) returned to Mahu2021
Mahu2021 collected 20 from pot
Mahu2021: doesn't show hand 
*** SUMMARY ***
Total pot 20 | Rake 0 
Seat 1: lucadevil66 (small blind) folded before Flop
Seat 2: Mahu2021 (big blind) collected (20)
Seat 3: DouglasFalcao (button) folded before Flop (didn't bet)



PokerStars Hand #253816209922: Tournament #3833116798, $0.46+$0.04 USD Hold'em No Limit - Level II (15/30) - 2024/12/12 8:23:25 CET [2024/12/12 2:23:25 ET]
Table '3833116798 1' 3-max Seat #1 is the button
Seat 1: lucadevil66 (380 in chips) is sitting out
Seat 2: Mahu2021 (960 in chips) 
Seat 3: DouglasFalcao (160 in chips) 
Mahu2021: posts small blind 15
DouglasFalcao: posts big blind 30
*** HOLE CARDS ***
Dealt to Mahu2021 [3h Jc]
lucadevil66: folds 
Mahu2021: folds 
Uncalled bet (15) returned to DouglasFalcao
DouglasFalcao collected 30 from pot
*** SUMMARY ***
Total pot 30 | Rake 0 
Seat 1: lucadevil66 (button) folded before Flop (didn't bet)
Seat 2: Mahu2021 (small blind) folded before Flop
Seat 3: DouglasFalcao (big blind) collected (30)



PokerStars Hand #253816210253: Tournament #3833116798, $0.46+$0.04 USD Hold'em No Limit - Level II (15/30) - 2024/12/12 8:23:29 CET [2024/12/12 2:23:29 ET]
Table '3833116798 1' 3-max Seat #2 is the button
Seat 1: lucadevil66 (380 in chips) is sitting out
Seat 2: Mahu2021 (945 in chips) 
Seat 3: DouglasFalcao (175 in chips) 
DouglasFalcao: posts small blind 15
lucadevil66: posts big blind 30
*** HOLE CARDS ***
Dealt to Mahu2021 [As 9s]
Mahu2021: raises 60 to 90
DouglasFalcao: calls 75
lucadevil66: folds 
*** FLOP *** [4h Td 2c]
DouglasFalcao: checks 
Mahu2021: bets 90
DouglasFalcao: calls 85 and is all-in
Uncalled bet (5) returned to Mahu2021
*** TURN *** [4h Td 2c] [Ac]
*** RIVER *** [4h Td 2c Ac] [2h]
*** SHOW DOWN ***
DouglasFalcao: shows [Jh 9h] (a pair of Deuces)
Mahu2021: shows [As 9s] (two pair, Aces and Deuces)
Mahu2021 collected 380 from pot
DouglasFalcao finished the tournament in 3rd place
*** SUMMARY ***
Total pot 380 | Rake 0 
Board [4h Td 2c Ac 2h]
Seat 1: lucadevil66 (big blind) folded before Flop
Seat 2: Mahu2021 (button) showed [As 9s] and won (380) with two pair, Aces and Deuces
Seat 3: DouglasFalcao (small blind) showed [Jh 9h] and lost with a pair of Deuces



PokerStars Hand #253816211653: Tournament #3833116798, $0.46+$0.04 USD Hold'em No Limit - Level II (15/30) - 2024/12/12 8:23:50 CET [2024/12/12 2:23:50 ET]
Table '3833116798 1' 3-max Seat #1 is the button
Seat 1: lucadevil66 (350 in chips) is sitting out
Seat 2: Mahu2021 (1150 in chips) 
lucadevil66: posts small blind 15
Mahu2021: posts big blind 30
*** HOLE CARDS ***
Dealt to Mahu2021 [8c 7h]
lucadevil66: folds 
Uncalled bet (15) returned to Mahu2021
Mahu2021 collected 30 from pot
Mahu2021: doesn't show hand 
*** SUMMARY ***
Total pot 30 | Rake 0 
Seat 1: lucadevil66 (button) (small blind) folded before Flop
Seat 2: Mahu2021 (big blind) collected (30)



PokerStars Hand #253816211785: Tournament #3833116798, $0.46+$0.04 USD Hold'em No Limit - Level II (15/30) - 2024/12/12 8:23:52 CET [2024/12/12 2:23:52 ET]
Table '3833116798 1' 3-max Seat #2 is the button
Seat 1: lucadevil66 (335 in chips) is sitting out
Seat 2: Mahu2021 (1165 in chips) 
Mahu2021: posts small blind 15
lucadevil66: posts big blind 30
*** HOLE CARDS ***
Dealt to Mahu2021 [3s 3c]
Mahu2021: raises 30 to 60
lucadevil66: folds 
Uncalled bet (30) returned to Mahu2021
Mahu2021 collected 60 from pot
Mahu2021: doesn't show hand 
*** SUMMARY ***
Total pot 60 | Rake 0 
Seat 1: lucadevil66 (big blind) folded before Flop
Seat 2: Mahu2021 (button) (small blind) collected (60)



PokerStars Hand #253816212131: Tournament #3833116798, $0.46+$0.04 USD Hold'em No Limit - Level II (15/30) - 2024/12/12 8:23:57 CET [2024/12/12 2:23:57 ET]
Table '3833116798 1' 3-max Seat #1 is the button
Seat 1: lucadevil66 (305 in chips) is sitting out
Seat 2: Mahu2021 (1195 in chips) 
lucadevil66: posts small blind 15
Mahu2021: posts big blind 30
*** HOLE CARDS ***
Dealt to Mahu2021 [Kh Qd]
lucadevil66: folds 
Uncalled bet (15) returned to Mahu2021
Mahu2021 collected 30 from pot
Mahu2021: doesn't show hand 
*** SUMMARY ***
Total pot 30 | Rake 0 
Seat 1: lucadevil66 (button) (small blind) folded before Flop
Seat 2: Mahu2021 (big blind) collected (30)



PokerStars Hand #253816212256: Tournament #3833116798, $0.46+$0.04 USD Hold'em No Limit - Level II (15/30) - 2024/12/12 8:23:59 CET [2024/12/12 2:23:59 ET]
Table '3833116798 1' 3-max Seat #2 is the button
Seat 1: lucadevil66 (290 in chips) is sitting out
Seat 2: Mahu2021 (1210 in chips) 
Mahu2021: posts small blind 15
lucadevil66: posts big blind 30
*** HOLE CARDS ***
Dealt to Mahu2021 [5h 6h]
Mahu2021: raises 30 to 60
lucadevil66: folds 
Uncalled bet (30) returned to Mahu2021
Mahu2021 collected 60 from pot
Mahu2021: doesn't show hand 
*** SUMMARY ***
Total pot 60 | Rake 0 
Seat 1: lucadevil66 (big blind) folded before Flop
Seat 2: Mahu2021 (button) (small blind) collected (60)



PokerStars Hand #253816212623: Tournament #3833116798, $0.46+$0.04 USD Hold'em No Limit - Level II (15/30) - 2024/12/12 8:24:04 CET [2024/12/12 2:24:04 ET]
Table '3833116798 1' 3-max Seat #1 is the button
Seat 1: lucadevil66 (260 in chips) is sitting out
Seat 2: Mahu2021 (1240 in chips) 
lucadevil66: posts small blind 15
Mahu2021: posts big blind 30
*** HOLE CARDS ***
Dealt to Mahu2021 [8d 9h]
lucadevil66: folds 
Uncalled bet (15) returned to Mahu2021
Mahu2021 collected 30 from pot
Mahu2021: doesn't show hand 
*** SUMMARY ***
Total pot 30 | Rake 0 
Seat 1: lucadevil66 (button) (small blind) folded before Flop
Seat 2: Mahu2021 (big blind) collected (30)



PokerStars Hand #253816212752: Tournament #3833116798, $0.46+$0.04 USD Hold'em No Limit - Level II (15/30) - 2024/12/12 8:24:06 CET [2024/12/12 2:24:06 ET]
Table '3833116798 1' 3-max Seat #2 is the button
Seat 1: lucadevil66 (245 in chips) is sitting out
Seat 2: Mahu2021 (1255 in chips) 
Mahu2021: posts small blind 15
lucadevil66: posts big blind 30
*** HOLE CARDS ***
Dealt to Mahu2021 [3h 6d]
Mahu2021: raises 30 to 60
lucadevil66: folds 
Uncalled bet (30) returned to Mahu2021
Mahu2021 collected 60 from pot
Mahu2021: doesn't show hand 
*** SUMMARY ***
Total pot 60 | Rake 0 
Seat 1: lucadevil66 (big blind) folded before Flop
Seat 2: Mahu2021 (button) (small blind) collected (60)



PokerStars Hand #253816213108: Tournament #3833116798, $0.46+$0.04 USD Hold'em No Limit - Level II (15/30) - 2024/12/12 8:24:11 CET [2024/12/12 2:24:11 ET]
Table '3833116798 1' 3-max Seat #1 is the button
Seat 1: lucadevil66 (215 in chips) is sitting out
Seat 2: Mahu2021 (1285 in chips) 
lucadevil66: posts small blind 15
Mahu2021: posts big blind 30
*** HOLE CARDS ***
Dealt to Mahu2021 [3s 5h]
lucadevil66: folds 
Uncalled bet (15) returned to Mahu2021
Mahu2021 collected 30 from pot
Mahu2021: doesn't show hand 
*** SUMMARY ***
Total pot 30 | Rake 0 
Seat 1: lucadevil66 (button) (small blind) folded before Flop
Seat 2: Mahu2021 (big blind) collected (30)



PokerStars Hand #253816213236: Tournament #3833116798, $0.46+$0.04 USD Hold'em No Limit - Level II (15/30) - 2024/12/12 8:24:13 CET [2024/12/12 2:24:13 ET]
Table '3833116798 1' 3-max Seat #2 is the button
Seat 1: lucadevil66 (200 in chips) is sitting out
Seat 2: Mahu2021 (1300 in chips) 
Mahu2021: posts small blind 15
lucadevil66: posts big blind 30
*** HOLE CARDS ***
Dealt to Mahu2021 [2h 5h]
Mahu2021: raises 30 to 60
lucadevil66: folds 
Uncalled bet (30) returned to Mahu2021
Mahu2021 collected 60 from pot
Mahu2021: doesn't show hand 
*** SUMMARY ***
Total pot 60 | Rake 0 
Seat 1: lucadevil66 (big blind) folded before Flop
Seat 2: Mahu2021 (button) (small blind) collected (60)



PokerStars Hand #253816213588: Tournament #3833116798, $0.46+$0.04 USD Hold'em No Limit - Level II (15/30) - 2024/12/12 8:24:18 CET [2024/12/12 2:24:18 ET]
Table '3833116798 1' 3-max Seat #1 is the button
Seat 1: lucadevil66 (170 in chips) is sitting out
Seat 2: Mahu2021 (1330 in chips) 
lucadevil66: posts small blind 15
Mahu2021: posts big blind 30
*** HOLE CARDS ***
Dealt to Mahu2021 [5d 7c]
lucadevil66: folds 
Uncalled bet (15) returned to Mahu2021
Mahu2021 collected 30 from pot
Mahu2021: doesn't show hand 
*** SUMMARY ***
Total pot 30 | Rake 0 
Seat 1: lucadevil66 (button) (small blind) folded before Flop
Seat 2: Mahu2021 (big blind) collected (30)



PokerStars Hand #253816213737: Tournament #3833116798, $0.46+$0.04 USD Hold'em No Limit - Level II (15/30) - 2024/12/12 8:24:20 CET [2024/12/12 2:24:20 ET]
Table '3833116798 1' 3-max Seat #2 is the button
Seat 1: lucadevil66 (155 in chips) is sitting out
Seat 2: Mahu2021 (1345 in chips) 
Mahu2021: posts small blind 15
lucadevil66: posts big blind 30
*** HOLE CARDS ***
Dealt to Mahu2021 [7d 3c]
Mahu2021: raises 30 to 60
lucadevil66: folds 
Uncalled bet (30) returned to Mahu2021
Mahu2021 collected 60 from pot
Mahu2021: doesn't show hand 
*** SUMMARY ***
Total pot 60 | Rake 0 
Seat 1: lucadevil66 (big blind) folded before Flop
Seat 2: Mahu2021 (button) (small blind) collected (60)



PokerStars Hand #253816214128: Tournament #3833116798, $0.46+$0.04 USD Hold'em No Limit - Level II (15/30) - 2024/12/12 8:24:26 CET [2024/12/12 2:24:26 ET]
Table '3833116798 1' 3-max Seat #1 is the button
Seat 1: lucadevil66 (125 in chips) is sitting out
Seat 2: Mahu2021 (1375 in chips) 
lucadevil66: posts small blind 15
Mahu2021: posts big blind 30
*** HOLE CARDS ***
Dealt to Mahu2021 [As 6s]
lucadevil66: folds 
Uncalled bet (15) returned to Mahu2021
Mahu2021 collected 30 from pot
Mahu2021: doesn't show hand 
*** SUMMARY ***
Total pot 30 | Rake 0 
Seat 1: lucadevil66 (button) (small blind) folded before Flop
Seat 2: Mahu2021 (big blind) collected (30)



PokerStars Hand #253816214252: Tournament #3833116798, $0.46+$0.04 USD Hold'em No Limit - Level II (15/30) - 2024/12/12 8:24:27 CET [2024/12/12 2:24:27 ET]
Table '3833116798 1' 3-max Seat #2 is the button
Seat 1: lucadevil66 (110 in chips) is sitting out
Seat 2: Mahu2021 (1390 in chips) 
Mahu2021: posts small blind 15
lucadevil66: posts big blind 30
*** HOLE CARDS ***
Dealt to Mahu2021 [8h As]
Mahu2021: raises 30 to 60
lucadevil66: folds 
Uncalled bet (30) returned to Mahu2021
Mahu2021 collected 60 from pot
Mahu2021: doesn't show hand 
*** SUMMARY ***
Total pot 60 | Rake 0 
Seat 1: lucadevil66 (big blind) folded before Flop
Seat 2: Mahu2021 (button) (small blind) collected (60)



PokerStars Hand #253816214638: Tournament #3833116798, $0.46+$0.04 USD Hold'em No Limit - Level II (15/30) - 2024/12/12 8:24:33 CET [2024/12/12 2:24:33 ET]
Table '3833116798 1' 3-max Seat #1 is the button
Seat 1: lucadevil66 (80 in chips) is sitting out
Seat 2: Mahu2021 (1420 in chips) 
lucadevil66: posts small blind 15
Mahu2021: posts big blind 30
*** HOLE CARDS ***
Dealt to Mahu2021 [Js Td]
lucadevil66: folds 
Uncalled bet (15) returned to Mahu2021
Mahu2021 collected 30 from pot
Mahu2021: doesn't show hand 
*** SUMMARY ***
Total pot 30 | Rake 0 
Seat 1: lucadevil66 (button) (small blind) folded before Flop
Seat 2: Mahu2021 (big blind) collected (30)



PokerStars Hand #253816214762: Tournament #3833116798, $0.46+$0.04 USD Hold'em No Limit - Level II (15/30) - 2024/12/12 8:24:35 CET [2024/12/12 2:24:35 ET]
Table '3833116798 1' 3-max Seat #2 is the button
Seat 1: lucadevil66 (65 in chips) is sitting out
Seat 2: Mahu2021 (1435 in chips) 
Mahu2021: posts small blind 15
lucadevil66: posts big blind 30
*** HOLE CARDS ***
Dealt to Mahu2021 [7c Kc]
Mahu2021: raises 30 to 60
lucadevil66: folds 
Uncalled bet (30) returned to Mahu2021
Mahu2021 collected 60 from pot
Mahu2021: doesn't show hand 
*** SUMMARY ***
Total pot 60 | Rake 0 
Seat 1: lucadevil66 (big blind) folded before Flop
Seat 2: Mahu2021 (button) (small blind) collected (60)



PokerStars Hand #253816215149: Tournament #3833116798, $0.46+$0.04 USD Hold'em No Limit - Level II (15/30) - 2024/12/12 8:24:40 CET [2024/12/12 2:24:40 ET]
Table '3833116798 1' 3-max Seat #1 is the button
Seat 1: lucadevil66 (35 in chips) is sitting out
Seat 2: Mahu2021 (1465 in chips) 
lucadevil66: posts small blind 15
Mahu2021: posts big blind 30
*** HOLE CARDS ***
Dealt to Mahu2021 [Qs Jh]
lucadevil66: folds 
Uncalled bet (15) returned to Mahu2021
Mahu2021 collected 30 from pot
Mahu2021: doesn't show hand 
*** SUMMARY ***
Total pot 30 | Rake 0 
Seat 1: lucadevil66 (button) (small blind) folded before Flop
Seat 2: Mahu2021 (big blind) collected (30)



PokerStars Hand #253816215280: Tournament #3833116798, $0.46+$0.04 USD Hold'em No Limit - Level II (15/30) - 2024/12/12 8:24:42 CET [2024/12/12 2:24:42 ET]
Table '3833116798 1' 3-max Seat #2 is the button
Seat 1: lucadevil66 (20 in chips) is sitting out
Seat 2: Mahu2021 (1480 in chips) 
Mahu2021: posts small blind 15
lucadevil66: posts big blind 20 and is all-in
*** HOLE CARDS ***
Dealt to Mahu2021 [Qs 3c]
Mahu2021: calls 5
lucadevil66: folds 
Mahu2021 collected 40 from pot
lucadevil66 finished the tournament in 2nd place
Mahu2021 wins the tournament - congratulations!
Mahu2021 wins a '$1.00 Power Path Step 2 Ticket' ticket
Mahu2021: doesn't show hand 
*** SUMMARY ***
Total pot 40 | Rake 0 
Seat 1: lucadevil66 (big blind) folded before Flop
Seat 2: Mahu2021 (button) (small blind) collected (40)



