PokerStars Hand #250499034984: Tournament #3754446957, $1.84+$0.16 USD Hold'em No Limit - Level I (10/20) - 2024/05/14 21:13:44 CET [2024/05/14 15:13:44 ET]
Table '3754446957 1' 3-max Seat #1 is the button
Seat 1: Mahu2021 (500 in chips) 
Seat 2: belps (500 in chips) 
Seat 3: toch number5 (500 in chips) 
belps: posts small blind 10
toch number5: posts big blind 20
*** HOLE CARDS ***
Dealt to Mahu2021 [Jc 3s]
Mahu2021: folds 
belps: calls 10
toch number5: checks 
*** FLOP *** [8s 6h 4s]
belps: bets 20
toch number5: folds 
Uncalled bet (20) returned to belps
belps collected 40 from pot
*** SUMMARY ***
Total pot 40 | Rake 0 
Board [8s 6h 4s]
Seat 1: Mahu2021 (button) folded before Flop (didn't bet)
Seat 2: belps (small blind) collected (40)
Seat 3: toch number5 (big blind) folded on the Flop



PokerStars Hand #250499042411: Tournament #3754446957, $1.84+$0.16 USD Hold'em No Limit - Level I (10/20) - 2024/05/14 21:14:04 CET [2024/05/14 15:14:04 ET]
Table '3754446957 1' 3-max Seat #2 is the button
Seat 1: Mahu2021 (500 in chips) 
Seat 2: belps (520 in chips) 
Seat 3: toch number5 (480 in chips) 
toch number5: posts small blind 10
Mahu2021: posts big blind 20
*** HOLE CARDS ***
Dealt to Mahu2021 [4s 3d]
belps: folds 
toch number5: calls 10
Mahu2021: checks 
*** FLOP *** [Ac Tc 4h]
toch number5: bets 20
Mahu2021: calls 20
*** TURN *** [Ac Tc 4h] [5d]
toch number5: bets 20
Mahu2021: calls 20
*** RIVER *** [Ac Tc 4h 5d] [Ah]
toch number5: bets 20
Mahu2021: raises 80 to 100
toch number5: folds 
Uncalled bet (80) returned to Mahu2021
Mahu2021 collected 160 from pot
Mahu2021: doesn't show hand 
*** SUMMARY ***
Total pot 160 | Rake 0 
Board [Ac Tc 4h 5d Ah]
Seat 1: Mahu2021 (big blind) collected (160)
Seat 2: belps (button) folded before Flop (didn't bet)
Seat 3: toch number5 (small blind) folded on the River



PokerStars Hand #250499055965: Tournament #3754446957, $1.84+$0.16 USD Hold'em No Limit - Level I (10/20) - 2024/05/14 21:14:42 CET [2024/05/14 15:14:42 ET]
Table '3754446957 1' 3-max Seat #3 is the button
Seat 1: Mahu2021 (580 in chips) 
Seat 2: belps (520 in chips) 
Seat 3: toch number5 (400 in chips) 
Mahu2021: posts small blind 10
belps: posts big blind 20
*** HOLE CARDS ***
Dealt to Mahu2021 [Jc 3c]
toch number5: folds 
Mahu2021: calls 10
belps: checks 
*** FLOP *** [Ts Tc 8d]
Mahu2021: checks 
belps: checks 
*** TURN *** [Ts Tc 8d] [4s]
Mahu2021: checks 
belps: bets 20
Mahu2021: folds 
Uncalled bet (20) returned to belps
belps collected 40 from pot
*** SUMMARY ***
Total pot 40 | Rake 0 
Board [Ts Tc 8d 4s]
Seat 1: Mahu2021 (small blind) folded on the Turn
Seat 2: belps (big blind) collected (40)
Seat 3: toch number5 (button) folded before Flop (didn't bet)



PokerStars Hand #250499062407: Tournament #3754446957, $1.84+$0.16 USD Hold'em No Limit - Level I (10/20) - 2024/05/14 21:15:00 CET [2024/05/14 15:15:00 ET]
Table '3754446957 1' 3-max Seat #1 is the button
Seat 1: Mahu2021 (560 in chips) 
Seat 2: belps (540 in chips) 
Seat 3: toch number5 (400 in chips) 
belps: posts small blind 10
toch number5: posts big blind 20
*** HOLE CARDS ***
Dealt to Mahu2021 [Kc Ah]
Mahu2021: raises 20 to 40
belps: folds 
toch number5: raises 360 to 400 and is all-in
Mahu2021: calls 360
*** FLOP *** [Th 6c Tc]
*** TURN *** [Th 6c Tc] [2c]
*** RIVER *** [Th 6c Tc 2c] [Jc]
*** SHOW DOWN ***
toch number5: shows [Ad 7d] (a pair of Tens)
Mahu2021: shows [Kc Ah] (a flush, King high)
Mahu2021 collected 810 from pot
toch number5 finished the tournament in 3rd place
*** SUMMARY ***
Total pot 810 | Rake 0 
Board [Th 6c Tc 2c Jc]
Seat 1: Mahu2021 (button) showed [Kc Ah] and won (810) with a flush, King high
Seat 2: belps (small blind) folded before Flop
Seat 3: toch number5 (big blind) showed [Ad 7d] and lost with a pair of Tens



PokerStars Hand #250499069922: Tournament #3754446957, $1.84+$0.16 USD Hold'em No Limit - Level I (10/20) - 2024/05/14 21:15:20 CET [2024/05/14 15:15:20 ET]
Table '3754446957 1' 3-max Seat #2 is the button
Seat 1: Mahu2021 (970 in chips) 
Seat 2: belps (530 in chips) 
belps: posts small blind 10
Mahu2021: posts big blind 20
*** HOLE CARDS ***
Dealt to Mahu2021 [3s Kd]
belps: calls 10
Mahu2021: checks 
*** FLOP *** [8d 6s Td]
Mahu2021: checks 
belps: checks 
*** TURN *** [8d 6s Td] [Jh]
Mahu2021: checks 
belps: checks 
*** RIVER *** [8d 6s Td Jh] [6d]
Mahu2021: checks 
belps: checks 
*** SHOW DOWN ***
Mahu2021: shows [3s Kd] (a pair of Sixes)
belps: shows [Kh 7d] (a pair of Sixes)
Mahu2021 collected 20 from pot
belps collected 20 from pot
*** SUMMARY ***
Total pot 40 | Rake 0 
Board [8d 6s Td Jh 6d]
Seat 1: Mahu2021 (big blind) showed [3s Kd] and won (20) with a pair of Sixes
Seat 2: belps (button) (small blind) showed [Kh 7d] and won (20) with a pair of Sixes



PokerStars Hand #250499076548: Tournament #3754446957, $1.84+$0.16 USD Hold'em No Limit - Level I (10/20) - 2024/05/14 21:15:38 CET [2024/05/14 15:15:38 ET]
Table '3754446957 1' 3-max Seat #1 is the button
Seat 1: Mahu2021 (970 in chips) 
Seat 2: belps (530 in chips) 
Mahu2021: posts small blind 10
belps: posts big blind 20
*** HOLE CARDS ***
Dealt to Mahu2021 [9c 5c]
Mahu2021: calls 10
belps: checks 
*** FLOP *** [Ac 6c Jd]
belps: checks 
Mahu2021: bets 40
belps: calls 40
*** TURN *** [Ac 6c Jd] [7d]
belps: checks 
Mahu2021: checks 
*** RIVER *** [Ac 6c Jd 7d] [3s]
belps: bets 60
Mahu2021: folds 
Uncalled bet (60) returned to belps
belps collected 120 from pot
*** SUMMARY ***
Total pot 120 | Rake 0 
Board [Ac 6c Jd 7d 3s]
Seat 1: Mahu2021 (button) (small blind) folded on the River
Seat 2: belps (big blind) collected (120)



PokerStars Hand #250499084677: Tournament #3754446957, $1.84+$0.16 USD Hold'em No Limit - Level I (10/20) - 2024/05/14 21:16:00 CET [2024/05/14 15:16:00 ET]
Table '3754446957 1' 3-max Seat #2 is the button
Seat 1: Mahu2021 (910 in chips) 
Seat 2: belps (590 in chips) 
belps: posts small blind 10
Mahu2021: posts big blind 20
*** HOLE CARDS ***
Dealt to Mahu2021 [Ad As]
belps: calls 10
Mahu2021: raises 60 to 80
belps: folds 
Uncalled bet (60) returned to Mahu2021
Mahu2021 collected 40 from pot
Mahu2021: doesn't show hand 
*** SUMMARY ***
Total pot 40 | Rake 0 
Seat 1: Mahu2021 (big blind) collected (40)
Seat 2: belps (button) (small blind) folded before Flop



PokerStars Hand #250499087894: Tournament #3754446957, $1.84+$0.16 USD Hold'em No Limit - Level I (10/20) - 2024/05/14 21:16:10 CET [2024/05/14 15:16:10 ET]
Table '3754446957 1' 3-max Seat #1 is the button
Seat 1: Mahu2021 (930 in chips) 
Seat 2: belps (570 in chips) 
Mahu2021: posts small blind 10
belps: posts big blind 20
*** HOLE CARDS ***
Dealt to Mahu2021 [As Jd]
Mahu2021: raises 20 to 40
belps: calls 20
*** FLOP *** [Td Ah 3h]
belps: checks 
Mahu2021: bets 40
belps: calls 40
*** TURN *** [Td Ah 3h] [3d]
belps: checks 
Mahu2021: bets 40
belps: calls 40
*** RIVER *** [Td Ah 3h 3d] [9s]
belps: bets 120
Mahu2021: calls 120
*** SHOW DOWN ***
belps: shows [Kc 3s] (three of a kind, Threes)
Mahu2021: mucks hand 
belps collected 480 from pot
*** SUMMARY ***
Total pot 480 | Rake 0 
Board [Td Ah 3h 3d 9s]
Seat 1: Mahu2021 (button) (small blind) mucked [As Jd]
Seat 2: belps (big blind) showed [Kc 3s] and won (480) with three of a kind, Threes



PokerStars Hand #250499094920: Tournament #3754446957, $1.84+$0.16 USD Hold'em No Limit - Level I (10/20) - 2024/05/14 21:16:33 CET [2024/05/14 15:16:33 ET]
Table '3754446957 1' 3-max Seat #2 is the button
Seat 1: Mahu2021 (690 in chips) 
Seat 2: belps (810 in chips) 
belps: posts small blind 10
Mahu2021: posts big blind 20
*** HOLE CARDS ***
Dealt to Mahu2021 [As 2d]
belps: raises 20 to 40
Mahu2021: calls 20
*** FLOP *** [6s 9h Qc]
Mahu2021: checks 
belps: bets 40
Mahu2021: calls 40
*** TURN *** [6s 9h Qc] [Ks]
Mahu2021: checks 
belps: bets 80
Mahu2021: folds 
Uncalled bet (80) returned to belps
belps collected 160 from pot
*** SUMMARY ***
Total pot 160 | Rake 0 
Board [6s 9h Qc Ks]
Seat 1: Mahu2021 (big blind) folded on the Turn
Seat 2: belps (button) (small blind) collected (160)



PokerStars Hand #250499101086: Tournament #3754446957, $1.84+$0.16 USD Hold'em No Limit - Level II (15/30) - 2024/05/14 21:16:52 CET [2024/05/14 15:16:52 ET]
Table '3754446957 1' 3-max Seat #1 is the button
Seat 1: Mahu2021 (610 in chips) 
Seat 2: belps (890 in chips) 
Mahu2021: posts small blind 15
belps: posts big blind 30
*** HOLE CARDS ***
Dealt to Mahu2021 [9s Jh]
Mahu2021: calls 15
belps: raises 60 to 90
Mahu2021: calls 60
*** FLOP *** [7c 4d Tc]
belps: checks 
Mahu2021: checks 
*** TURN *** [7c 4d Tc] [8c]
belps: bets 90
Mahu2021: calls 90
*** RIVER *** [7c 4d Tc 8c] [Qd]
belps: checks 
Mahu2021: bets 60
belps: calls 60
*** SHOW DOWN ***
Mahu2021: shows [9s Jh] (a straight, Eight to Queen)
belps: mucks hand 
Mahu2021 collected 480 from pot
*** SUMMARY ***
Total pot 480 | Rake 0 
Board [7c 4d Tc 8c Qd]
Seat 1: Mahu2021 (button) (small blind) showed [9s Jh] and won (480) with a straight, Eight to Queen
Seat 2: belps (big blind) mucked [9h Ah]



PokerStars Hand #250499110588: Tournament #3754446957, $1.84+$0.16 USD Hold'em No Limit - Level II (15/30) - 2024/05/14 21:17:21 CET [2024/05/14 15:17:21 ET]
Table '3754446957 1' 3-max Seat #2 is the button
Seat 1: Mahu2021 (850 in chips) 
Seat 2: belps (650 in chips) 
belps: posts small blind 15
Mahu2021: posts big blind 30
*** HOLE CARDS ***
Dealt to Mahu2021 [3d 6c]
belps: folds 
Uncalled bet (15) returned to Mahu2021
Mahu2021 collected 30 from pot
Mahu2021: doesn't show hand 
*** SUMMARY ***
Total pot 30 | Rake 0 
Seat 1: Mahu2021 (big blind) collected (30)
Seat 2: belps (button) (small blind) folded before Flop



PokerStars Hand #250499112070: Tournament #3754446957, $1.84+$0.16 USD Hold'em No Limit - Level II (15/30) - 2024/05/14 21:17:26 CET [2024/05/14 15:17:26 ET]
Table '3754446957 1' 3-max Seat #1 is the button
Seat 1: Mahu2021 (865 in chips) 
Seat 2: belps (635 in chips) 
Mahu2021: posts small blind 15
belps: posts big blind 30
*** HOLE CARDS ***
Dealt to Mahu2021 [5c Tc]
Mahu2021: calls 15
belps: raises 60 to 90
Mahu2021: calls 60
*** FLOP *** [5s Qc 3c]
belps: bets 90
Mahu2021: raises 685 to 775 and is all-in
belps: folds 
Uncalled bet (685) returned to Mahu2021
Mahu2021 collected 360 from pot
Mahu2021: doesn't show hand 
*** SUMMARY ***
Total pot 360 | Rake 0 
Board [5s Qc 3c]
Seat 1: Mahu2021 (button) (small blind) collected (360)
Seat 2: belps (big blind) folded on the Flop



PokerStars Hand #250499119315: Tournament #3754446957, $1.84+$0.16 USD Hold'em No Limit - Level II (15/30) - 2024/05/14 21:17:46 CET [2024/05/14 15:17:46 ET]
Table '3754446957 1' 3-max Seat #2 is the button
Seat 1: Mahu2021 (1045 in chips) 
Seat 2: belps (455 in chips) 
belps: posts small blind 15
Mahu2021: posts big blind 30
*** HOLE CARDS ***
Dealt to Mahu2021 [7d 9h]
belps: raises 30 to 60
Mahu2021: calls 30
*** FLOP *** [Qh 3d Ah]
Mahu2021: checks 
belps: bets 60
Mahu2021: folds 
Uncalled bet (60) returned to belps
belps collected 120 from pot
*** SUMMARY ***
Total pot 120 | Rake 0 
Board [Qh 3d Ah]
Seat 1: Mahu2021 (big blind) folded on the Flop
Seat 2: belps (button) (small blind) collected (120)



PokerStars Hand #250499124200: Tournament #3754446957, $1.84+$0.16 USD Hold'em No Limit - Level II (15/30) - 2024/05/14 21:17:59 CET [2024/05/14 15:17:59 ET]
Table '3754446957 1' 3-max Seat #1 is the button
Seat 1: Mahu2021 (985 in chips) 
Seat 2: belps (515 in chips) 
Mahu2021: posts small blind 15
belps: posts big blind 30
*** HOLE CARDS ***
Dealt to Mahu2021 [2c 3c]
Mahu2021: raises 30 to 60
belps: calls 30
*** FLOP *** [Qs As 6c]
belps: checks 
Mahu2021: bets 60
belps: raises 90 to 150
Mahu2021: folds 
Uncalled bet (90) returned to belps
belps collected 240 from pot
*** SUMMARY ***
Total pot 240 | Rake 0 
Board [Qs As 6c]
Seat 1: Mahu2021 (button) (small blind) folded on the Flop
Seat 2: belps (big blind) collected (240)



PokerStars Hand #250499129737: Tournament #3754446957, $1.84+$0.16 USD Hold'em No Limit - Level II (15/30) - 2024/05/14 21:18:15 CET [2024/05/14 15:18:15 ET]
Table '3754446957 1' 3-max Seat #2 is the button
Seat 1: Mahu2021 (865 in chips) 
Seat 2: belps (635 in chips) 
belps: posts small blind 15
Mahu2021: posts big blind 30
*** HOLE CARDS ***
Dealt to Mahu2021 [8d 4s]
belps: calls 15
Mahu2021: checks 
*** FLOP *** [Ah 5h Qs]
Mahu2021: checks 
belps: checks 
*** TURN *** [Ah 5h Qs] [2c]
Mahu2021: checks 
belps: checks 
*** RIVER *** [Ah 5h Qs 2c] [Ts]
Mahu2021: bets 60
belps: folds 
Uncalled bet (60) returned to Mahu2021
Mahu2021 collected 60 from pot
Mahu2021: doesn't show hand 
*** SUMMARY ***
Total pot 60 | Rake 0 
Board [Ah 5h Qs 2c Ts]
Seat 1: Mahu2021 (big blind) collected (60)
Seat 2: belps (button) (small blind) folded on the River



PokerStars Hand #250499136199: Tournament #3754446957, $1.84+$0.16 USD Hold'em No Limit - Level II (15/30) - 2024/05/14 21:18:33 CET [2024/05/14 15:18:33 ET]
Table '3754446957 1' 3-max Seat #1 is the button
Seat 1: Mahu2021 (895 in chips) 
Seat 2: belps (605 in chips) 
Mahu2021: posts small blind 15
belps: posts big blind 30
*** HOLE CARDS ***
Dealt to Mahu2021 [Jd Js]
Mahu2021: raises 865 to 895 and is all-in
belps: folds 
Uncalled bet (865) returned to Mahu2021
Mahu2021 collected 60 from pot
Mahu2021: doesn't show hand 
*** SUMMARY ***
Total pot 60 | Rake 0 
Seat 1: Mahu2021 (button) (small blind) collected (60)
Seat 2: belps (big blind) folded before Flop



PokerStars Hand #250499139156: Tournament #3754446957, $1.84+$0.16 USD Hold'em No Limit - Level II (15/30) - 2024/05/14 21:18:41 CET [2024/05/14 15:18:41 ET]
Table '3754446957 1' 3-max Seat #2 is the button
Seat 1: Mahu2021 (925 in chips) 
Seat 2: belps (575 in chips) 
belps: posts small blind 15
Mahu2021: posts big blind 30
*** HOLE CARDS ***
Dealt to Mahu2021 [5d 4s]
belps: raises 30 to 60
Mahu2021: calls 30
*** FLOP *** [Ah As Ac]
Mahu2021: checks 
belps: checks 
*** TURN *** [Ah As Ac] [9s]
Mahu2021: checks 
belps: bets 60
Mahu2021: folds 
Uncalled bet (60) returned to belps
belps collected 120 from pot
*** SUMMARY ***
Total pot 120 | Rake 0 
Board [Ah As Ac 9s]
Seat 1: Mahu2021 (big blind) folded on the Turn
Seat 2: belps (button) (small blind) collected (120)



PokerStars Hand #250499144591: Tournament #3754446957, $1.84+$0.16 USD Hold'em No Limit - Level II (15/30) - 2024/05/14 21:18:56 CET [2024/05/14 15:18:56 ET]
Table '3754446957 1' 3-max Seat #1 is the button
Seat 1: Mahu2021 (865 in chips) 
Seat 2: belps (635 in chips) 
Mahu2021: posts small blind 15
belps: posts big blind 30
*** HOLE CARDS ***
Dealt to Mahu2021 [2h Qh]
Mahu2021: calls 15
belps: checks 
*** FLOP *** [Qc Jc Ts]
belps: checks 
Mahu2021: checks 
*** TURN *** [Qc Jc Ts] [6c]
belps: checks 
Mahu2021: checks 
*** RIVER *** [Qc Jc Ts 6c] [Jh]
belps: checks 
Mahu2021: bets 60
belps: folds 
Uncalled bet (60) returned to Mahu2021
Mahu2021 collected 60 from pot
Mahu2021: doesn't show hand 
*** SUMMARY ***
Total pot 60 | Rake 0 
Board [Qc Jc Ts 6c Jh]
Seat 1: Mahu2021 (button) (small blind) collected (60)
Seat 2: belps (big blind) folded on the River



PokerStars Hand #250499151216: Tournament #3754446957, $1.84+$0.16 USD Hold'em No Limit - Level II (15/30) - 2024/05/14 21:19:14 CET [2024/05/14 15:19:14 ET]
Table '3754446957 1' 3-max Seat #2 is the button
Seat 1: Mahu2021 (895 in chips) 
Seat 2: belps (605 in chips) 
belps: posts small blind 15
Mahu2021: posts big blind 30
*** HOLE CARDS ***
Dealt to Mahu2021 [Qh As]
belps: calls 15
Mahu2021: raises 90 to 120
belps: calls 90
*** FLOP *** [Ah 7c 5d]
Mahu2021: bets 240
belps: folds 
Uncalled bet (240) returned to Mahu2021
Mahu2021 collected 240 from pot
Mahu2021: doesn't show hand 
*** SUMMARY ***
Total pot 240 | Rake 0 
Board [Ah 7c 5d]
Seat 1: Mahu2021 (big blind) collected (240)
Seat 2: belps (button) (small blind) folded on the Flop



PokerStars Hand #250499157235: Tournament #3754446957, $1.84+$0.16 USD Hold'em No Limit - Level II (15/30) - 2024/05/14 21:19:31 CET [2024/05/14 15:19:31 ET]
Table '3754446957 1' 3-max Seat #1 is the button
Seat 1: Mahu2021 (1015 in chips) 
Seat 2: belps (485 in chips) 
Mahu2021: posts small blind 15
belps: posts big blind 30
*** HOLE CARDS ***
Dealt to Mahu2021 [6h Td]
Mahu2021: folds 
Uncalled bet (15) returned to belps
belps collected 30 from pot
*** SUMMARY ***
Total pot 30 | Rake 0 
Seat 1: Mahu2021 (button) (small blind) folded before Flop
Seat 2: belps (big blind) collected (30)



PokerStars Hand #250499159469: Tournament #3754446957, $1.84+$0.16 USD Hold'em No Limit - Level II (15/30) - 2024/05/14 21:19:37 CET [2024/05/14 15:19:37 ET]
Table '3754446957 1' 3-max Seat #2 is the button
Seat 1: Mahu2021 (1000 in chips) 
Seat 2: belps (500 in chips) 
belps: posts small blind 15
Mahu2021: posts big blind 30
*** HOLE CARDS ***
Dealt to Mahu2021 [3s Kh]
belps: raises 30 to 60
Mahu2021: calls 30
*** FLOP *** [7c 5s 8d]
Mahu2021: checks 
belps: checks 
*** TURN *** [7c 5s 8d] [Jh]
Mahu2021: checks 
belps: bets 60
Mahu2021: folds 
Uncalled bet (60) returned to belps
belps collected 120 from pot
*** SUMMARY ***
Total pot 120 | Rake 0 
Board [7c 5s 8d Jh]
Seat 1: Mahu2021 (big blind) folded on the Turn
Seat 2: belps (button) (small blind) collected (120)



PokerStars Hand #250499165953: Tournament #3754446957, $1.84+$0.16 USD Hold'em No Limit - Level III (20/40) - 2024/05/14 21:19:55 CET [2024/05/14 15:19:55 ET]
Table '3754446957 1' 3-max Seat #1 is the button
Seat 1: Mahu2021 (940 in chips) 
Seat 2: belps (560 in chips) 
Mahu2021: posts small blind 20
belps: posts big blind 40
*** HOLE CARDS ***
Dealt to Mahu2021 [5d 4s]
Mahu2021: raises 40 to 80
belps: calls 40
*** FLOP *** [2h Td 9d]
belps: checks 
Mahu2021: checks 
*** TURN *** [2h Td 9d] [2s]
belps: bets 80
Mahu2021: folds 
Uncalled bet (80) returned to belps
belps collected 160 from pot
*** SUMMARY ***
Total pot 160 | Rake 0 
Board [2h Td 9d 2s]
Seat 1: Mahu2021 (button) (small blind) folded on the Turn
Seat 2: belps (big blind) collected (160)



PokerStars Hand #250499171446: Tournament #3754446957, $1.84+$0.16 USD Hold'em No Limit - Level III (20/40) - 2024/05/14 21:20:10 CET [2024/05/14 15:20:10 ET]
Table '3754446957 1' 3-max Seat #2 is the button
Seat 1: Mahu2021 (860 in chips) 
Seat 2: belps (640 in chips) 
belps: posts small blind 20
Mahu2021: posts big blind 40
*** HOLE CARDS ***
Dealt to Mahu2021 [5h Kc]
belps: calls 20
Mahu2021: checks 
*** FLOP *** [3d Qc 6d]
Mahu2021: checks 
belps: checks 
*** TURN *** [3d Qc 6d] [Kh]
Mahu2021: checks 
belps: checks 
*** RIVER *** [3d Qc 6d Kh] [4d]
Mahu2021: bets 80
belps: calls 80
*** SHOW DOWN ***
Mahu2021: shows [5h Kc] (a pair of Kings)
belps: mucks hand 
Mahu2021 collected 240 from pot
*** SUMMARY ***
Total pot 240 | Rake 0 
Board [3d Qc 6d Kh 4d]
Seat 1: Mahu2021 (big blind) showed [5h Kc] and won (240) with a pair of Kings
Seat 2: belps (button) (small blind) mucked [7s Js]



PokerStars Hand #250499177969: Tournament #3754446957, $1.84+$0.16 USD Hold'em No Limit - Level III (20/40) - 2024/05/14 21:20:28 CET [2024/05/14 15:20:28 ET]
Table '3754446957 1' 3-max Seat #1 is the button
Seat 1: Mahu2021 (980 in chips) 
Seat 2: belps (520 in chips) 
Mahu2021: posts small blind 20
belps: posts big blind 40
*** HOLE CARDS ***
Dealt to Mahu2021 [4c 7c]
Mahu2021: raises 40 to 80
belps: calls 40
*** FLOP *** [As Qh 5h]
belps: checks 
Mahu2021: bets 80
belps: folds 
Uncalled bet (80) returned to Mahu2021
Mahu2021 collected 160 from pot
Mahu2021: doesn't show hand 
*** SUMMARY ***
Total pot 160 | Rake 0 
Board [As Qh 5h]
Seat 1: Mahu2021 (button) (small blind) collected (160)
Seat 2: belps (big blind) folded on the Flop



PokerStars Hand #250499183024: Tournament #3754446957, $1.84+$0.16 USD Hold'em No Limit - Level III (20/40) - 2024/05/14 21:20:43 CET [2024/05/14 15:20:43 ET]
Table '3754446957 1' 3-max Seat #2 is the button
Seat 1: Mahu2021 (1060 in chips) 
Seat 2: belps (440 in chips) 
belps: posts small blind 20
Mahu2021: posts big blind 40
*** HOLE CARDS ***
Dealt to Mahu2021 [6h 7h]
belps: calls 20
Mahu2021: checks 
*** FLOP *** [Qc 5h 3h]
Mahu2021: checks 
belps: checks 
*** TURN *** [Qc 5h 3h] [2c]
Mahu2021: checks 
belps: bets 40
Mahu2021: calls 40
*** RIVER *** [Qc 5h 3h 2c] [Kd]
Mahu2021: checks 
belps: bets 80
Mahu2021: folds 
Uncalled bet (80) returned to belps
belps collected 160 from pot
*** SUMMARY ***
Total pot 160 | Rake 0 
Board [Qc 5h 3h 2c Kd]
Seat 1: Mahu2021 (big blind) folded on the River
Seat 2: belps (button) (small blind) collected (160)



PokerStars Hand #250499190516: Tournament #3754446957, $1.84+$0.16 USD Hold'em No Limit - Level III (20/40) - 2024/05/14 21:21:03 CET [2024/05/14 15:21:03 ET]
Table '3754446957 1' 3-max Seat #1 is the button
Seat 1: Mahu2021 (980 in chips) 
Seat 2: belps (520 in chips) 
Mahu2021: posts small blind 20
belps: posts big blind 40
*** HOLE CARDS ***
Dealt to Mahu2021 [7h Qs]
Mahu2021: calls 20
belps: checks 
*** FLOP *** [5s Jd 7d]
belps: checks 
Mahu2021: bets 40
belps: calls 40
*** TURN *** [5s Jd 7d] [8c]
belps: checks 
Mahu2021: bets 40
belps: raises 80 to 120
Mahu2021: calls 80
*** RIVER *** [5s Jd 7d 8c] [As]
belps: bets 320 and is all-in
Mahu2021: calls 320
*** SHOW DOWN ***
belps: shows [7s 8s] (two pair, Eights and Sevens)
Mahu2021: shows [7h Qs] (a pair of Sevens)
belps collected 1040 from pot
*** SUMMARY ***
Total pot 1040 | Rake 0 
Board [5s Jd 7d 8c As]
Seat 1: Mahu2021 (button) (small blind) showed [7h Qs] and lost with a pair of Sevens
Seat 2: belps (big blind) showed [7s 8s] and won (1040) with two pair, Eights and Sevens



PokerStars Hand #250499199508: Tournament #3754446957, $1.84+$0.16 USD Hold'em No Limit - Level III (20/40) - 2024/05/14 21:21:27 CET [2024/05/14 15:21:27 ET]
Table '3754446957 1' 3-max Seat #2 is the button
Seat 1: Mahu2021 (460 in chips) 
Seat 2: belps (1040 in chips) 
belps: posts small blind 20
Mahu2021: posts big blind 40
*** HOLE CARDS ***
Dealt to Mahu2021 [As Td]
belps: calls 20
Mahu2021: raises 420 to 460 and is all-in
belps: folds 
Uncalled bet (420) returned to Mahu2021
Mahu2021 collected 80 from pot
Mahu2021: doesn't show hand 
*** SUMMARY ***
Total pot 80 | Rake 0 
Seat 1: Mahu2021 (big blind) collected (80)
Seat 2: belps (button) (small blind) folded before Flop



PokerStars Hand #250499202785: Tournament #3754446957, $1.84+$0.16 USD Hold'em No Limit - Level III (20/40) - 2024/05/14 21:21:37 CET [2024/05/14 15:21:37 ET]
Table '3754446957 1' 3-max Seat #1 is the button
Seat 1: Mahu2021 (500 in chips) 
Seat 2: belps (1000 in chips) 
Mahu2021: posts small blind 20
belps: posts big blind 40
*** HOLE CARDS ***
Dealt to Mahu2021 [8s 4h]
Mahu2021: folds 
Uncalled bet (20) returned to belps
belps collected 40 from pot
*** SUMMARY ***
Total pot 40 | Rake 0 
Seat 1: Mahu2021 (button) (small blind) folded before Flop
Seat 2: belps (big blind) collected (40)



PokerStars Hand #250499204396: Tournament #3754446957, $1.84+$0.16 USD Hold'em No Limit - Level III (20/40) - 2024/05/14 21:21:41 CET [2024/05/14 15:21:41 ET]
Table '3754446957 1' 3-max Seat #2 is the button
Seat 1: Mahu2021 (480 in chips) 
Seat 2: belps (1020 in chips) 
belps: posts small blind 20
Mahu2021: posts big blind 40
*** HOLE CARDS ***
Dealt to Mahu2021 [4c Jd]
belps: calls 20
Mahu2021: checks 
*** FLOP *** [5s 7d 6s]
Mahu2021: checks 
belps: checks 
*** TURN *** [5s 7d 6s] [Ad]
Mahu2021: checks 
belps: checks 
*** RIVER *** [5s 7d 6s Ad] [4h]
Mahu2021: bets 80
belps: folds 
Uncalled bet (80) returned to Mahu2021
Mahu2021 collected 80 from pot
Mahu2021: doesn't show hand 
*** SUMMARY ***
Total pot 80 | Rake 0 
Board [5s 7d 6s Ad 4h]
Seat 1: Mahu2021 (big blind) collected (80)
Seat 2: belps (button) (small blind) folded on the River



PokerStars Hand #250499210132: Tournament #3754446957, $1.84+$0.16 USD Hold'em No Limit - Level III (20/40) - 2024/05/14 21:21:57 CET [2024/05/14 15:21:57 ET]
Table '3754446957 1' 3-max Seat #1 is the button
Seat 1: Mahu2021 (520 in chips) 
Seat 2: belps (980 in chips) 
Mahu2021: posts small blind 20
belps: posts big blind 40
*** HOLE CARDS ***
Dealt to Mahu2021 [Kc 4h]
Mahu2021: raises 40 to 80
belps: raises 900 to 980 and is all-in
Mahu2021: folds 
Uncalled bet (900) returned to belps
belps collected 160 from pot
*** SUMMARY ***
Total pot 160 | Rake 0 
Seat 1: Mahu2021 (button) (small blind) folded before Flop
Seat 2: belps (big blind) collected (160)



PokerStars Hand #250499213229: Tournament #3754446957, $1.84+$0.16 USD Hold'em No Limit - Level III (20/40) - 2024/05/14 21:22:05 CET [2024/05/14 15:22:05 ET]
Table '3754446957 1' 3-max Seat #2 is the button
Seat 1: Mahu2021 (440 in chips) 
Seat 2: belps (1060 in chips) 
belps: posts small blind 20
Mahu2021: posts big blind 40
*** HOLE CARDS ***
Dealt to Mahu2021 [Jd Jc]
belps: calls 20
Mahu2021: raises 400 to 440 and is all-in
belps: folds 
Uncalled bet (400) returned to Mahu2021
Mahu2021 collected 80 from pot
Mahu2021: doesn't show hand 
*** SUMMARY ***
Total pot 80 | Rake 0 
Seat 1: Mahu2021 (big blind) collected (80)
Seat 2: belps (button) (small blind) folded before Flop



PokerStars Hand #250499215889: Tournament #3754446957, $1.84+$0.16 USD Hold'em No Limit - Level III (20/40) - 2024/05/14 21:22:12 CET [2024/05/14 15:22:12 ET]
Table '3754446957 1' 3-max Seat #1 is the button
Seat 1: Mahu2021 (480 in chips) 
Seat 2: belps (1020 in chips) 
Mahu2021: posts small blind 20
belps: posts big blind 40
*** HOLE CARDS ***
Dealt to Mahu2021 [Ah 6s]
Mahu2021: raises 440 to 480 and is all-in
belps: calls 440
*** FLOP *** [4h 3c 7c]
*** TURN *** [4h 3c 7c] [Kc]
*** RIVER *** [4h 3c 7c Kc] [4c]
*** SHOW DOWN ***
belps: shows [Jh Kd] (two pair, Kings and Fours)
Mahu2021: shows [Ah 6s] (a pair of Fours)
belps collected 960 from pot
Mahu2021 finished the tournament in 2nd place
belps wins the tournament and receives $8.00 - congratulations!
*** SUMMARY ***
Total pot 960 | Rake 0 
Board [4h 3c 7c Kc 4c]
Seat 1: Mahu2021 (button) (small blind) showed [Ah 6s] and lost with a pair of Fours
Seat 2: belps (big blind) showed [Jh Kd] and won (960) with two pair, Kings and Fours



