PokerStars Hand #253075227037: Tournament #3815854482, $1.84+$0.16 USD Hold'em No Limit - Level I (10/20) - 2024/10/24 6:24:16 CET [2024/10/24 0:24:16 ET]
Table '3815854482 1' 3-max Seat #1 is the button
Seat 1: rodrigo9916060 (500 in chips) 
Seat 2: Mahu2021 (500 in chips) 
Seat 3: EDU_BUD (500 in chips) 
Mahu2021: posts small blind 10
EDU_BUD: posts big blind 20
*** HOLE CARDS ***
Dealt to Mahu2021 [8s 3d]
rodrigo9916060: folds 
Mahu2021: folds 
Uncalled bet (10) returned to EDU_BUD
EDU_BUD collected 20 from pot
*** SUMMARY ***
Total pot 20 | Rake 0 
Seat 1: rodrigo9916060 (button) folded before Flop (didn't bet)
Seat 2: Mahu2021 (small blind) folded before Flop
Seat 3: EDU_BUD (big blind) collected (20)



PokerStars Hand #253075227597: Tournament #3815854482, $1.84+$0.16 USD Hold'em No Limit - Level I (10/20) - 2024/10/24 6:24:22 CET [2024/10/24 0:24:22 ET]
Table '3815854482 1' 3-max Seat #2 is the button
Seat 1: rodrigo9916060 (500 in chips) 
Seat 2: Mahu2021 (490 in chips) 
Seat 3: EDU_BUD (510 in chips) 
EDU_BUD: posts small blind 10
rodrigo9916060: posts big blind 20
*** HOLE CARDS ***
Dealt to Mahu2021 [Tc 9s]
Mahu2021: folds 
EDU_BUD: raises 20 to 40
rodrigo9916060: folds 
Uncalled bet (20) returned to EDU_BUD
EDU_BUD collected 40 from pot
*** SUMMARY ***
Total pot 40 | Rake 0 
Seat 1: rodrigo9916060 (big blind) folded before Flop
Seat 2: Mahu2021 (button) folded before Flop (didn't bet)
Seat 3: EDU_BUD (small blind) collected (40)



PokerStars Hand #253075228884: Tournament #3815854482, $1.84+$0.16 USD Hold'em No Limit - Level I (10/20) - 2024/10/24 6:24:36 CET [2024/10/24 0:24:36 ET]
Table '3815854482 1' 3-max Seat #3 is the button
Seat 1: rodrigo9916060 (480 in chips) 
Seat 2: Mahu2021 (490 in chips) 
Seat 3: EDU_BUD (530 in chips) 
rodrigo9916060: posts small blind 10
Mahu2021: posts big blind 20
*** HOLE CARDS ***
Dealt to Mahu2021 [7d 6h]
EDU_BUD: raises 20 to 40
rodrigo9916060: raises 440 to 480 and is all-in
Mahu2021: folds 
EDU_BUD: calls 440
*** FLOP *** [Jh 6s 3d]
*** TURN *** [Jh 6s 3d] [Qd]
*** RIVER *** [Jh 6s 3d Qd] [Kd]
*** SHOW DOWN ***
rodrigo9916060: shows [5h 5s] (a pair of Fives)
EDU_BUD: shows [Ac Jd] (a pair of Jacks)
EDU_BUD collected 980 from pot
rodrigo9916060 finished the tournament in 3rd place
*** SUMMARY ***
Total pot 980 | Rake 0 
Board [Jh 6s 3d Qd Kd]
Seat 1: rodrigo9916060 (small blind) showed [5h 5s] and lost with a pair of Fives
Seat 2: Mahu2021 (big blind) folded before Flop
Seat 3: EDU_BUD (button) showed [Ac Jd] and won (980) with a pair of Jacks



PokerStars Hand #253075231612: Tournament #3815854482, $1.84+$0.16 USD Hold'em No Limit - Level I (10/20) - 2024/10/24 6:25:05 CET [2024/10/24 0:25:05 ET]
Table '3815854482 1' 3-max Seat #2 is the button
Seat 2: Mahu2021 (470 in chips) 
Seat 3: EDU_BUD (1030 in chips) 
Mahu2021: posts small blind 10
EDU_BUD: posts big blind 20
*** HOLE CARDS ***
Dealt to Mahu2021 [Jh 6s]
Mahu2021: calls 10
EDU_BUD: raises 40 to 60
Mahu2021: folds 
Uncalled bet (40) returned to EDU_BUD
EDU_BUD collected 40 from pot
*** SUMMARY ***
Total pot 40 | Rake 0 
Seat 2: Mahu2021 (button) (small blind) folded before Flop
Seat 3: EDU_BUD (big blind) collected (40)



PokerStars Hand #253075232424: Tournament #3815854482, $1.84+$0.16 USD Hold'em No Limit - Level I (10/20) - 2024/10/24 6:25:14 CET [2024/10/24 0:25:14 ET]
Table '3815854482 1' 3-max Seat #3 is the button
Seat 2: Mahu2021 (450 in chips) 
Seat 3: EDU_BUD (1050 in chips) 
EDU_BUD: posts small blind 10
Mahu2021: posts big blind 20
*** HOLE CARDS ***
Dealt to Mahu2021 [8h As]
EDU_BUD: raises 20 to 40
Mahu2021: raises 410 to 450 and is all-in
EDU_BUD: folds 
Uncalled bet (410) returned to Mahu2021
Mahu2021 collected 80 from pot
Mahu2021: doesn't show hand 
*** SUMMARY ***
Total pot 80 | Rake 0 
Seat 2: Mahu2021 (big blind) collected (80)
Seat 3: EDU_BUD (button) (small blind) folded before Flop



PokerStars Hand #253075233363: Tournament #3815854482, $1.84+$0.16 USD Hold'em No Limit - Level I (10/20) - 2024/10/24 6:25:24 CET [2024/10/24 0:25:24 ET]
Table '3815854482 1' 3-max Seat #2 is the button
Seat 2: Mahu2021 (490 in chips) 
Seat 3: EDU_BUD (1010 in chips) 
Mahu2021: posts small blind 10
EDU_BUD: posts big blind 20
*** HOLE CARDS ***
Dealt to Mahu2021 [3c 5s]
Mahu2021: folds 
Uncalled bet (10) returned to EDU_BUD
EDU_BUD collected 20 from pot
*** SUMMARY ***
Total pot 20 | Rake 0 
Seat 2: Mahu2021 (button) (small blind) folded before Flop
Seat 3: EDU_BUD (big blind) collected (20)



PokerStars Hand #253075233801: Tournament #3815854482, $1.84+$0.16 USD Hold'em No Limit - Level I (10/20) - 2024/10/24 6:25:29 CET [2024/10/24 0:25:29 ET]
Table '3815854482 1' 3-max Seat #3 is the button
Seat 2: Mahu2021 (480 in chips) 
Seat 3: EDU_BUD (1020 in chips) 
EDU_BUD: posts small blind 10
Mahu2021: posts big blind 20
*** HOLE CARDS ***
Dealt to Mahu2021 [Ad Jc]
EDU_BUD: raises 20 to 40
Mahu2021: raises 440 to 480 and is all-in
EDU_BUD: folds 
Uncalled bet (440) returned to Mahu2021
Mahu2021 collected 80 from pot
Mahu2021: doesn't show hand 
*** SUMMARY ***
Total pot 80 | Rake 0 
Seat 2: Mahu2021 (big blind) collected (80)
Seat 3: EDU_BUD (button) (small blind) folded before Flop



PokerStars Hand #253075234707: Tournament #3815854482, $1.84+$0.16 USD Hold'em No Limit - Level I (10/20) - 2024/10/24 6:25:39 CET [2024/10/24 0:25:39 ET]
Table '3815854482 1' 3-max Seat #2 is the button
Seat 2: Mahu2021 (520 in chips) 
Seat 3: EDU_BUD (980 in chips) 
Mahu2021: posts small blind 10
EDU_BUD: posts big blind 20
*** HOLE CARDS ***
Dealt to Mahu2021 [9h 7s]
Mahu2021: folds 
Uncalled bet (10) returned to EDU_BUD
EDU_BUD collected 20 from pot
*** SUMMARY ***
Total pot 20 | Rake 0 
Seat 2: Mahu2021 (button) (small blind) folded before Flop
Seat 3: EDU_BUD (big blind) collected (20)



PokerStars Hand #253075235165: Tournament #3815854482, $1.84+$0.16 USD Hold'em No Limit - Level I (10/20) - 2024/10/24 6:25:44 CET [2024/10/24 0:25:44 ET]
Table '3815854482 1' 3-max Seat #3 is the button
Seat 2: Mahu2021 (510 in chips) 
Seat 3: EDU_BUD (990 in chips) 
EDU_BUD: posts small blind 10
Mahu2021: posts big blind 20
*** HOLE CARDS ***
Dealt to Mahu2021 [5c Qc]
EDU_BUD: raises 20 to 40
Mahu2021: calls 20
*** FLOP *** [Kh Kc Ks]
Mahu2021: checks 
EDU_BUD: checks 
*** TURN *** [Kh Kc Ks] [2h]
Mahu2021: checks 
EDU_BUD: checks 
*** RIVER *** [Kh Kc Ks 2h] [9s]
Mahu2021: checks 
EDU_BUD: bets 60
Mahu2021: calls 60
*** SHOW DOWN ***
EDU_BUD: shows [2d Kd] (four of a kind, Kings)
Mahu2021: mucks hand 
EDU_BUD collected 200 from pot
*** SUMMARY ***
Total pot 200 | Rake 0 
Board [Kh Kc Ks 2h 9s]
Seat 2: Mahu2021 (big blind) mucked [5c Qc]
Seat 3: EDU_BUD (button) (small blind) showed [2d Kd] and won (200) with four of a kind, Kings



PokerStars Hand #253075236744: Tournament #3815854482, $1.84+$0.16 USD Hold'em No Limit - Level I (10/20) - 2024/10/24 6:26:01 CET [2024/10/24 0:26:01 ET]
Table '3815854482 1' 3-max Seat #2 is the button
Seat 2: Mahu2021 (410 in chips) 
Seat 3: EDU_BUD (1090 in chips) 
Mahu2021: posts small blind 10
EDU_BUD: posts big blind 20
*** HOLE CARDS ***
Dealt to Mahu2021 [Kd Tc]
Mahu2021: raises 20 to 40
EDU_BUD: calls 20
*** FLOP *** [7h 9s 2c]
EDU_BUD: checks 
Mahu2021: checks 
*** TURN *** [7h 9s 2c] [4d]
EDU_BUD: checks 
Mahu2021: checks 
*** RIVER *** [7h 9s 2c 4d] [Ts]
EDU_BUD: checks 
Mahu2021: bets 80
EDU_BUD: calls 80
*** SHOW DOWN ***
Mahu2021: shows [Kd Tc] (a pair of Tens)
EDU_BUD: mucks hand 
Mahu2021 collected 240 from pot
*** SUMMARY ***
Total pot 240 | Rake 0 
Board [7h 9s 2c 4d Ts]
Seat 2: Mahu2021 (button) (small blind) showed [Kd Tc] and won (240) with a pair of Tens
Seat 3: EDU_BUD (big blind) mucked [2h Ad]



PokerStars Hand #253075239154: Tournament #3815854482, $1.84+$0.16 USD Hold'em No Limit - Level I (10/20) - 2024/10/24 6:26:27 CET [2024/10/24 0:26:27 ET]
Table '3815854482 1' 3-max Seat #3 is the button
Seat 2: Mahu2021 (530 in chips) 
Seat 3: EDU_BUD (970 in chips) 
EDU_BUD: posts small blind 10
Mahu2021: posts big blind 20
*** HOLE CARDS ***
Dealt to Mahu2021 [5d 5c]
EDU_BUD: raises 20 to 40
Mahu2021: calls 20
*** FLOP *** [2d 7s 9h]
Mahu2021: checks 
EDU_BUD: checks 
*** TURN *** [2d 7s 9h] [8s]
Mahu2021: checks 
EDU_BUD: bets 40
Mahu2021: folds 
Uncalled bet (40) returned to EDU_BUD
EDU_BUD collected 80 from pot
*** SUMMARY ***
Total pot 80 | Rake 0 
Board [2d 7s 9h 8s]
Seat 2: Mahu2021 (big blind) folded on the Turn
Seat 3: EDU_BUD (button) (small blind) collected (80)



PokerStars Hand #253075240486: Tournament #3815854482, $1.84+$0.16 USD Hold'em No Limit - Level I (10/20) - 2024/10/24 6:26:42 CET [2024/10/24 0:26:42 ET]
Table '3815854482 1' 3-max Seat #2 is the button
Seat 2: Mahu2021 (490 in chips) 
Seat 3: EDU_BUD (1010 in chips) 
Mahu2021: posts small blind 10
EDU_BUD: posts big blind 20
*** HOLE CARDS ***
Dealt to Mahu2021 [Qd Jd]
Mahu2021: raises 20 to 40
EDU_BUD: calls 20
*** FLOP *** [3d Tc 2d]
EDU_BUD: checks 
Mahu2021: bets 40
EDU_BUD: raises 40 to 80
Mahu2021: calls 40
*** TURN *** [3d Tc 2d] [Ac]
EDU_BUD: checks 
Mahu2021: checks 
*** RIVER *** [3d Tc 2d Ac] [9s]
EDU_BUD: bets 120
Mahu2021: folds 
Uncalled bet (120) returned to EDU_BUD
EDU_BUD collected 240 from pot
*** SUMMARY ***
Total pot 240 | Rake 0 
Board [3d Tc 2d Ac 9s]
Seat 2: Mahu2021 (button) (small blind) folded on the River
Seat 3: EDU_BUD (big blind) collected (240)



PokerStars Hand #253075242434: Tournament #3815854482, $1.84+$0.16 USD Hold'em No Limit - Level I (10/20) - 2024/10/24 6:27:04 CET [2024/10/24 0:27:04 ET]
Table '3815854482 1' 3-max Seat #3 is the button
Seat 2: Mahu2021 (370 in chips) 
Seat 3: EDU_BUD (1130 in chips) 
EDU_BUD: posts small blind 10
Mahu2021: posts big blind 20
*** HOLE CARDS ***
Dealt to Mahu2021 [Js Qc]
EDU_BUD: raises 20 to 40
Mahu2021: raises 330 to 370 and is all-in
EDU_BUD: calls 330
*** FLOP *** [Jc Ac 6d]
*** TURN *** [Jc Ac 6d] [2d]
*** RIVER *** [Jc Ac 6d 2d] [7d]
*** SHOW DOWN ***
Mahu2021: shows [Js Qc] (a pair of Jacks)
EDU_BUD: shows [Kd As] (a pair of Aces)
EDU_BUD collected 740 from pot
Mahu2021 finished the tournament in 2nd place
EDU_BUD wins the tournament and receives $6.00 - congratulations!
*** SUMMARY ***
Total pot 740 | Rake 0 
Board [Jc Ac 6d 2d 7d]
Seat 2: Mahu2021 (big blind) showed [Js Qc] and lost with a pair of Jacks
Seat 3: EDU_BUD (button) (small blind) showed [Kd As] and won (740) with a pair of Aces



