PokerStars Hand #252990413968: Tournament #3813419815, $1.84+$0.16 USD Hold'em No Limit - Level I (10/20) - 2024/10/18 21:07:45 CET [2024/10/18 15:07:45 ET]
Table '3813419815 1' 3-max Seat #1 is the button
Seat 1: Voriviko (500 in chips) 
Seat 2: tigerek73 (500 in chips) 
Seat 3: Mahu2021 (500 in chips) 
tigerek73: posts small blind 10
Mahu2021: posts big blind 20
*** HOLE CARDS ***
Dealt to Mahu2021 [6d 8d]
Voriviko: calls 20
tigerek73: folds 
Mahu2021: checks 
*** FLOP *** [Td Kh 4s]
Mahu2021: checks 
Voriviko: bets 20
Mahu2021: folds 
Uncalled bet (20) returned to Voriviko
Voriviko collected 50 from pot
Voriviko: doesn't show hand 
*** SUMMARY ***
Total pot 50 | Rake 0 
Board [Td Kh 4s]
Seat 1: Voriviko (button) collected (50)
Seat 2: tigerek73 (small blind) folded before Flop
Seat 3: Mahu2021 (big blind) folded on the Flop



PokerStars Hand #252990417956: Tournament #3813419815, $1.84+$0.16 USD Hold'em No Limit - Level I (10/20) - 2024/10/18 21:07:59 CET [2024/10/18 15:07:59 ET]
Table '3813419815 1' 3-max Seat #2 is the button
Seat 1: Voriviko (530 in chips) 
Seat 2: tigerek73 (490 in chips) 
Seat 3: Mahu2021 (480 in chips) 
Mahu2021: posts small blind 10
Voriviko: posts big blind 20
*** HOLE CARDS ***
Dealt to Mahu2021 [Ad 6h]
tigerek73: folds 
Mahu2021: raises 20 to 40
Voriviko: folds 
Uncalled bet (20) returned to Mahu2021
Mahu2021 collected 40 from pot
Mahu2021: doesn't show hand 
*** SUMMARY ***
Total pot 40 | Rake 0 
Seat 1: Voriviko (big blind) folded before Flop
Seat 2: tigerek73 (button) folded before Flop (didn't bet)
Seat 3: Mahu2021 (small blind) collected (40)



PokerStars Hand #252990422909: Tournament #3813419815, $1.84+$0.16 USD Hold'em No Limit - Level I (10/20) - 2024/10/18 21:08:15 CET [2024/10/18 15:08:15 ET]
Table '3813419815 1' 3-max Seat #3 is the button
Seat 1: Voriviko (510 in chips) 
Seat 2: tigerek73 (490 in chips) 
Seat 3: Mahu2021 (500 in chips) 
Voriviko: posts small blind 10
tigerek73: posts big blind 20
*** HOLE CARDS ***
Dealt to Mahu2021 [8c 2c]
Mahu2021: folds 
Voriviko: calls 10
tigerek73: checks 
*** FLOP *** [Qh 5h 4h]
Voriviko: checks 
tigerek73: bets 20
Voriviko: folds 
Uncalled bet (20) returned to tigerek73
tigerek73 collected 40 from pot
tigerek73: doesn't show hand 
*** SUMMARY ***
Total pot 40 | Rake 0 
Board [Qh 5h 4h]
Seat 1: Voriviko (small blind) folded on the Flop
Seat 2: tigerek73 (big blind) collected (40)
Seat 3: Mahu2021 (button) folded before Flop (didn't bet)



PokerStars Hand #252990431307: Tournament #3813419815, $1.84+$0.16 USD Hold'em No Limit - Level I (10/20) - 2024/10/18 21:08:44 CET [2024/10/18 15:08:44 ET]
Table '3813419815 1' 3-max Seat #1 is the button
Seat 1: Voriviko (490 in chips) 
Seat 2: tigerek73 (510 in chips) 
Seat 3: Mahu2021 (500 in chips) 
tigerek73: posts small blind 10
Mahu2021: posts big blind 20
*** HOLE CARDS ***
Dealt to Mahu2021 [Kc 8d]
Voriviko: calls 20
tigerek73: folds 
Mahu2021: checks 
*** FLOP *** [Qc 5h 8h]
Mahu2021: checks 
Voriviko: checks 
*** TURN *** [Qc 5h 8h] [Qs]
Mahu2021: bets 20
Voriviko: calls 20
*** RIVER *** [Qc 5h 8h Qs] [9d]
Mahu2021: bets 20
Voriviko: folds 
Uncalled bet (20) returned to Mahu2021
Mahu2021 collected 90 from pot
Mahu2021: doesn't show hand 
*** SUMMARY ***
Total pot 90 | Rake 0 
Board [Qc 5h 8h Qs 9d]
Seat 1: Voriviko (button) folded on the River
Seat 2: tigerek73 (small blind) folded before Flop
Seat 3: Mahu2021 (big blind) collected (90)



PokerStars Hand #252990435995: Tournament #3813419815, $1.84+$0.16 USD Hold'em No Limit - Level I (10/20) - 2024/10/18 21:08:59 CET [2024/10/18 15:08:59 ET]
Table '3813419815 1' 3-max Seat #2 is the button
Seat 1: Voriviko (450 in chips) 
Seat 2: tigerek73 (500 in chips) 
Seat 3: Mahu2021 (550 in chips) 
Mahu2021: posts small blind 10
Voriviko: posts big blind 20
*** HOLE CARDS ***
Dealt to Mahu2021 [Qh As]
tigerek73: folds 
Mahu2021: raises 40 to 60
Voriviko: calls 40
*** FLOP *** [9d Ts 8c]
Mahu2021: checks 
Voriviko: checks 
*** TURN *** [9d Ts 8c] [Ah]
Mahu2021: bets 40
Voriviko: calls 40
*** RIVER *** [9d Ts 8c Ah] [9c]
Mahu2021: bets 40
Voriviko: folds 
Uncalled bet (40) returned to Mahu2021
Mahu2021 collected 200 from pot
Mahu2021: doesn't show hand 
*** SUMMARY ***
Total pot 200 | Rake 0 
Board [9d Ts 8c Ah 9c]
Seat 1: Voriviko (big blind) folded on the River
Seat 2: tigerek73 (button) folded before Flop (didn't bet)
Seat 3: Mahu2021 (small blind) collected (200)



PokerStars Hand #252990444063: Tournament #3813419815, $1.84+$0.16 USD Hold'em No Limit - Level I (10/20) - 2024/10/18 21:09:27 CET [2024/10/18 15:09:27 ET]
Table '3813419815 1' 3-max Seat #3 is the button
Seat 1: Voriviko (350 in chips) 
Seat 2: tigerek73 (500 in chips) 
Seat 3: Mahu2021 (650 in chips) 
Voriviko: posts small blind 10
tigerek73: posts big blind 20
*** HOLE CARDS ***
Dealt to Mahu2021 [Ts As]
Mahu2021: raises 20 to 40
Voriviko: calls 30
tigerek73: calls 20
*** FLOP *** [Ad 7d 5s]
Voriviko: checks 
tigerek73: checks 
Mahu2021: bets 80
Voriviko: folds 
tigerek73: folds 
Uncalled bet (80) returned to Mahu2021
Mahu2021 collected 120 from pot
Mahu2021: doesn't show hand 
*** SUMMARY ***
Total pot 120 | Rake 0 
Board [Ad 7d 5s]
Seat 1: Voriviko (small blind) folded on the Flop
Seat 2: tigerek73 (big blind) folded on the Flop
Seat 3: Mahu2021 (button) collected (120)



PokerStars Hand #252990449224: Tournament #3813419815, $1.84+$0.16 USD Hold'em No Limit - Level I (10/20) - 2024/10/18 21:09:45 CET [2024/10/18 15:09:45 ET]
Table '3813419815 1' 3-max Seat #1 is the button
Seat 1: Voriviko (310 in chips) 
Seat 2: tigerek73 (460 in chips) 
Seat 3: Mahu2021 (730 in chips) 
tigerek73: posts small blind 10
Mahu2021: posts big blind 20
*** HOLE CARDS ***
Dealt to Mahu2021 [4s 3h]
Voriviko: calls 20
tigerek73: calls 10
Mahu2021: checks 
*** FLOP *** [8h Kc Qs]
tigerek73: checks 
Mahu2021: checks 
Voriviko: checks 
*** TURN *** [8h Kc Qs] [8d]
tigerek73: checks 
Mahu2021: checks 
Voriviko: checks 
*** RIVER *** [8h Kc Qs 8d] [Kd]
tigerek73: checks 
Mahu2021: checks 
Voriviko: bets 20
tigerek73: calls 20
Mahu2021: folds 
*** SHOW DOWN ***
Voriviko: shows [Qd Ad] (two pair, Kings and Queens)
tigerek73: mucks hand 
Voriviko collected 100 from pot
*** SUMMARY ***
Total pot 100 | Rake 0 
Board [8h Kc Qs 8d Kd]
Seat 1: Voriviko (button) showed [Qd Ad] and won (100) with two pair, Kings and Queens
Seat 2: tigerek73 (small blind) mucked [9h Td]
Seat 3: Mahu2021 (big blind) folded on the River



PokerStars Hand #252990459955: Tournament #3813419815, $1.84+$0.16 USD Hold'em No Limit - Level II (15/30) - 2024/10/18 21:10:21 CET [2024/10/18 15:10:21 ET]
Table '3813419815 1' 3-max Seat #2 is the button
Seat 1: Voriviko (370 in chips) 
Seat 2: tigerek73 (420 in chips) 
Seat 3: Mahu2021 (710 in chips) 
Mahu2021: posts small blind 15
Voriviko: posts big blind 30
*** HOLE CARDS ***
Dealt to Mahu2021 [Th Ah]
tigerek73: folds 
Mahu2021: raises 30 to 60
Voriviko: folds 
Uncalled bet (30) returned to Mahu2021
Mahu2021 collected 60 from pot
Mahu2021: doesn't show hand 
*** SUMMARY ***
Total pot 60 | Rake 0 
Seat 1: Voriviko (big blind) folded before Flop
Seat 2: tigerek73 (button) folded before Flop (didn't bet)
Seat 3: Mahu2021 (small blind) collected (60)



PokerStars Hand #252990462459: Tournament #3813419815, $1.84+$0.16 USD Hold'em No Limit - Level II (15/30) - 2024/10/18 21:10:30 CET [2024/10/18 15:10:30 ET]
Table '3813419815 1' 3-max Seat #3 is the button
Seat 1: Voriviko (340 in chips) 
Seat 2: tigerek73 (420 in chips) 
Seat 3: Mahu2021 (740 in chips) 
Voriviko: posts small blind 15
tigerek73: posts big blind 30
*** HOLE CARDS ***
Dealt to Mahu2021 [Kc 5c]
Mahu2021: raises 30 to 60
Voriviko: calls 45
tigerek73: folds 
*** FLOP *** [2d Jd 7s]
Voriviko: bets 30
Mahu2021: calls 30
*** TURN *** [2d Jd 7s] [Ac]
Voriviko: checks 
Mahu2021: checks 
*** RIVER *** [2d Jd 7s Ac] [Kd]
Voriviko: bets 30
Mahu2021: calls 30
*** SHOW DOWN ***
Voriviko: shows [6d 9d] (a flush, King high)
Mahu2021: mucks hand 
Voriviko collected 270 from pot
*** SUMMARY ***
Total pot 270 | Rake 0 
Board [2d Jd 7s Ac Kd]
Seat 1: Voriviko (small blind) showed [6d 9d] and won (270) with a flush, King high
Seat 2: tigerek73 (big blind) folded before Flop
Seat 3: Mahu2021 (button) mucked [Kc 5c]



PokerStars Hand #252990467537: Tournament #3813419815, $1.84+$0.16 USD Hold'em No Limit - Level II (15/30) - 2024/10/18 21:10:47 CET [2024/10/18 15:10:47 ET]
Table '3813419815 1' 3-max Seat #1 is the button
Seat 1: Voriviko (490 in chips) 
Seat 2: tigerek73 (390 in chips) 
Seat 3: Mahu2021 (620 in chips) 
tigerek73: posts small blind 15
Mahu2021: posts big blind 30
*** HOLE CARDS ***
Dealt to Mahu2021 [6s 5s]
Voriviko: calls 30
tigerek73: calls 15
Mahu2021: checks 
*** FLOP *** [2c 2d Kc]
tigerek73: checks 
Mahu2021: checks 
Voriviko: checks 
*** TURN *** [2c 2d Kc] [4s]
tigerek73: bets 50
Mahu2021: calls 50
Voriviko: calls 50
*** RIVER *** [2c 2d Kc 4s] [Js]
tigerek73: bets 82
Mahu2021: folds 
Voriviko: calls 82
*** SHOW DOWN ***
tigerek73: shows [3d 4d] (two pair, Fours and Deuces)
Voriviko: shows [Ts Td] (two pair, Tens and Deuces)
Voriviko collected 404 from pot
*** SUMMARY ***
Total pot 404 | Rake 0 
Board [2c 2d Kc 4s Js]
Seat 1: Voriviko (button) showed [Ts Td] and won (404) with two pair, Tens and Deuces
Seat 2: tigerek73 (small blind) showed [3d 4d] and lost with two pair, Fours and Deuces
Seat 3: Mahu2021 (big blind) folded on the River



PokerStars Hand #252990474863: Tournament #3813419815, $1.84+$0.16 USD Hold'em No Limit - Level II (15/30) - 2024/10/18 21:11:12 CET [2024/10/18 15:11:12 ET]
Table '3813419815 1' 3-max Seat #2 is the button
Seat 1: Voriviko (732 in chips) 
Seat 2: tigerek73 (228 in chips) 
Seat 3: Mahu2021 (540 in chips) 
Mahu2021: posts small blind 15
Voriviko: posts big blind 30
*** HOLE CARDS ***
Dealt to Mahu2021 [3s Qc]
tigerek73: folds 
Mahu2021: folds 
Uncalled bet (15) returned to Voriviko
Voriviko collected 30 from pot
Voriviko: doesn't show hand 
*** SUMMARY ***
Total pot 30 | Rake 0 
Seat 1: Voriviko (big blind) collected (30)
Seat 2: tigerek73 (button) folded before Flop (didn't bet)
Seat 3: Mahu2021 (small blind) folded before Flop



PokerStars Hand #252990476490: Tournament #3813419815, $1.84+$0.16 USD Hold'em No Limit - Level II (15/30) - 2024/10/18 21:11:18 CET [2024/10/18 15:11:18 ET]
Table '3813419815 1' 3-max Seat #3 is the button
Seat 1: Voriviko (747 in chips) 
Seat 2: tigerek73 (228 in chips) 
Seat 3: Mahu2021 (525 in chips) 
Voriviko: posts small blind 15
tigerek73: posts big blind 30
*** HOLE CARDS ***
Dealt to Mahu2021 [8h 6h]
Mahu2021: calls 30
Voriviko: calls 15
tigerek73: checks 
*** FLOP *** [7c Td 5c]
Voriviko: checks 
tigerek73: checks 
Mahu2021: bets 30
Voriviko: folds 
tigerek73: calls 30
*** TURN *** [7c Td 5c] [Tc]
tigerek73: checks 
Mahu2021: checks 
*** RIVER *** [7c Td 5c Tc] [6c]
tigerek73: checks 
Mahu2021: bets 60
tigerek73: calls 60
*** SHOW DOWN ***
Mahu2021: shows [8h 6h] (two pair, Tens and Sixes)
tigerek73: mucks hand 
Mahu2021 collected 270 from pot
*** SUMMARY ***
Total pot 270 | Rake 0 
Board [7c Td 5c Tc 6c]
Seat 1: Voriviko (small blind) folded on the Flop
Seat 2: tigerek73 (big blind) mucked [5s Qh]
Seat 3: Mahu2021 (button) showed [8h 6h] and won (270) with two pair, Tens and Sixes



PokerStars Hand #252990488294: Tournament #3813419815, $1.84+$0.16 USD Hold'em No Limit - Level III (20/40) - 2024/10/18 21:11:58 CET [2024/10/18 15:11:58 ET]
Table '3813419815 1' 3-max Seat #1 is the button
Seat 1: Voriviko (717 in chips) 
Seat 2: tigerek73 (108 in chips) 
Seat 3: Mahu2021 (675 in chips) 
tigerek73: posts small blind 20
Mahu2021: posts big blind 40
*** HOLE CARDS ***
Dealt to Mahu2021 [Qs 7c]
Voriviko: calls 40
tigerek73: raises 68 to 108 and is all-in
Mahu2021: folds 
Voriviko: calls 68
*** FLOP *** [Js 2d 2h]
*** TURN *** [Js 2d 2h] [7s]
*** RIVER *** [Js 2d 2h 7s] [As]
*** SHOW DOWN ***
tigerek73: shows [Ad 4d] (two pair, Aces and Deuces)
Voriviko: shows [8c 4c] (a pair of Deuces)
tigerek73 collected 256 from pot
*** SUMMARY ***
Total pot 256 | Rake 0 
Board [Js 2d 2h 7s As]
Seat 1: Voriviko (button) showed [8c 4c] and lost with a pair of Deuces
Seat 2: tigerek73 (small blind) showed [Ad 4d] and won (256) with two pair, Aces and Deuces
Seat 3: Mahu2021 (big blind) folded before Flop



PokerStars Hand #252990495972: Tournament #3813419815, $1.84+$0.16 USD Hold'em No Limit - Level III (20/40) - 2024/10/18 21:12:24 CET [2024/10/18 15:12:24 ET]
Table '3813419815 1' 3-max Seat #2 is the button
Seat 1: Voriviko (609 in chips) 
Seat 2: tigerek73 (256 in chips) 
Seat 3: Mahu2021 (635 in chips) 
Mahu2021: posts small blind 20
Voriviko: posts big blind 40
*** HOLE CARDS ***
Dealt to Mahu2021 [4c 5s]
tigerek73: folds 
Mahu2021: folds 
Uncalled bet (20) returned to Voriviko
Voriviko collected 40 from pot
Voriviko: doesn't show hand 
*** SUMMARY ***
Total pot 40 | Rake 0 
Seat 1: Voriviko (big blind) collected (40)
Seat 2: tigerek73 (button) folded before Flop (didn't bet)
Seat 3: Mahu2021 (small blind) folded before Flop



PokerStars Hand #252990497673: Tournament #3813419815, $1.84+$0.16 USD Hold'em No Limit - Level III (20/40) - 2024/10/18 21:12:29 CET [2024/10/18 15:12:29 ET]
Table '3813419815 1' 3-max Seat #3 is the button
Seat 1: Voriviko (629 in chips) 
Seat 2: tigerek73 (256 in chips) 
Seat 3: Mahu2021 (615 in chips) 
Voriviko: posts small blind 20
tigerek73: posts big blind 40
*** HOLE CARDS ***
Dealt to Mahu2021 [7h 3s]
Mahu2021: folds 
Voriviko: calls 20
tigerek73: checks 
*** FLOP *** [Jd Qc 3c]
Voriviko: checks 
tigerek73: checks 
*** TURN *** [Jd Qc 3c] [6s]
Voriviko: checks 
tigerek73: checks 
*** RIVER *** [Jd Qc 3c 6s] [2c]
Voriviko: checks 
tigerek73: checks 
*** SHOW DOWN ***
Voriviko: shows [5h 7c] (high card Queen)
tigerek73: shows [7d 9c] (high card Queen - Jack+Nine kicker)
tigerek73 collected 80 from pot
*** SUMMARY ***
Total pot 80 | Rake 0 
Board [Jd Qc 3c 6s 2c]
Seat 1: Voriviko (small blind) showed [5h 7c] and lost with high card Queen
Seat 2: tigerek73 (big blind) showed [7d 9c] and won (80) with high card Queen
Seat 3: Mahu2021 (button) folded before Flop (didn't bet)



PokerStars Hand #252990507295: Tournament #3813419815, $1.84+$0.16 USD Hold'em No Limit - Level III (20/40) - 2024/10/18 21:13:02 CET [2024/10/18 15:13:02 ET]
Table '3813419815 1' 3-max Seat #1 is the button
Seat 1: Voriviko (589 in chips) 
Seat 2: tigerek73 (296 in chips) 
Seat 3: Mahu2021 (615 in chips) 
tigerek73: posts small blind 20
Mahu2021: posts big blind 40
*** HOLE CARDS ***
Dealt to Mahu2021 [Qh Td]
Voriviko: calls 40
tigerek73: calls 20
Mahu2021: checks 
*** FLOP *** [2h As 3h]
tigerek73: checks 
Mahu2021: checks 
Voriviko: checks 
*** TURN *** [2h As 3h] [4h]
tigerek73: bets 89
Mahu2021: folds 
Voriviko: folds 
Uncalled bet (89) returned to tigerek73
tigerek73 collected 120 from pot
tigerek73: doesn't show hand 
*** SUMMARY ***
Total pot 120 | Rake 0 
Board [2h As 3h 4h]
Seat 1: Voriviko (button) folded on the Turn
Seat 2: tigerek73 (small blind) collected (120)
Seat 3: Mahu2021 (big blind) folded on the Turn



PokerStars Hand #252990513175: Tournament #3813419815, $1.84+$0.16 USD Hold'em No Limit - Level III (20/40) - 2024/10/18 21:13:22 CET [2024/10/18 15:13:22 ET]
Table '3813419815 1' 3-max Seat #2 is the button
Seat 1: Voriviko (549 in chips) 
Seat 2: tigerek73 (376 in chips) 
Seat 3: Mahu2021 (575 in chips) 
Mahu2021: posts small blind 20
Voriviko: posts big blind 40
*** HOLE CARDS ***
Dealt to Mahu2021 [Js 3d]
tigerek73: folds 
Mahu2021: folds 
Uncalled bet (20) returned to Voriviko
Voriviko collected 40 from pot
Voriviko: doesn't show hand 
*** SUMMARY ***
Total pot 40 | Rake 0 
Seat 1: Voriviko (big blind) collected (40)
Seat 2: tigerek73 (button) folded before Flop (didn't bet)
Seat 3: Mahu2021 (small blind) folded before Flop



PokerStars Hand #252990515092: Tournament #3813419815, $1.84+$0.16 USD Hold'em No Limit - Level III (20/40) - 2024/10/18 21:13:29 CET [2024/10/18 15:13:29 ET]
Table '3813419815 1' 3-max Seat #3 is the button
Seat 1: Voriviko (569 in chips) 
Seat 2: tigerek73 (376 in chips) 
Seat 3: Mahu2021 (555 in chips) 
Voriviko: posts small blind 20
tigerek73: posts big blind 40
*** HOLE CARDS ***
Dealt to Mahu2021 [Kd 6c]
Mahu2021: folds 
Voriviko: calls 20
tigerek73: checks 
*** FLOP *** [Qh Ah 7s]
Voriviko: checks 
tigerek73: checks 
*** TURN *** [Qh Ah 7s] [Qc]
Voriviko: checks 
tigerek73: checks 
*** RIVER *** [Qh Ah 7s Qc] [5h]
Voriviko: checks 
tigerek73: checks 
*** SHOW DOWN ***
Voriviko: shows [3h 8c] (a pair of Queens)
tigerek73: mucks hand 
Voriviko collected 80 from pot
*** SUMMARY ***
Total pot 80 | Rake 0 
Board [Qh Ah 7s Qc 5h]
Seat 1: Voriviko (small blind) showed [3h 8c] and won (80) with a pair of Queens
Seat 2: tigerek73 (big blind) mucked [4h 3d]
Seat 3: Mahu2021 (button) folded before Flop (didn't bet)



PokerStars Hand #252990522836: Tournament #3813419815, $1.84+$0.16 USD Hold'em No Limit - Level IV (30/60) - 2024/10/18 21:13:55 CET [2024/10/18 15:13:55 ET]
Table '3813419815 1' 3-max Seat #1 is the button
Seat 1: Voriviko (609 in chips) 
Seat 2: tigerek73 (336 in chips) 
Seat 3: Mahu2021 (555 in chips) 
tigerek73: posts small blind 30
Mahu2021: posts big blind 60
*** HOLE CARDS ***
Dealt to Mahu2021 [6h Td]
Voriviko: calls 60
tigerek73: raises 276 to 336 and is all-in
Mahu2021: folds 
Voriviko: calls 276
*** FLOP *** [8c Js Tc]
*** TURN *** [8c Js Tc] [3h]
*** RIVER *** [8c Js Tc 3h] [4s]
*** SHOW DOWN ***
tigerek73: shows [9h 9c] (a pair of Nines)
Voriviko: shows [Ad 9d] (high card Ace)
tigerek73 collected 732 from pot
*** SUMMARY ***
Total pot 732 | Rake 0 
Board [8c Js Tc 3h 4s]
Seat 1: Voriviko (button) showed [Ad 9d] and lost with high card Ace
Seat 2: tigerek73 (small blind) showed [9h 9c] and won (732) with a pair of Nines
Seat 3: Mahu2021 (big blind) folded before Flop



PokerStars Hand #252990527652: Tournament #3813419815, $1.84+$0.16 USD Hold'em No Limit - Level IV (30/60) - 2024/10/18 21:14:12 CET [2024/10/18 15:14:12 ET]
Table '3813419815 1' 3-max Seat #2 is the button
Seat 1: Voriviko (273 in chips) 
Seat 2: tigerek73 (732 in chips) 
Seat 3: Mahu2021 (495 in chips) 
Mahu2021: posts small blind 30
Voriviko: posts big blind 60
*** HOLE CARDS ***
Dealt to Mahu2021 [Jd 9c]
tigerek73: folds 
Mahu2021: calls 30
Voriviko: checks 
*** FLOP *** [5c Kc 2s]
Mahu2021: checks 
Voriviko: checks 
*** TURN *** [5c Kc 2s] [8c]
Mahu2021: checks 
Voriviko: checks 
*** RIVER *** [5c Kc 2s 8c] [Ad]
Mahu2021: checks 
Voriviko: checks 
*** SHOW DOWN ***
Mahu2021: shows [Jd 9c] (high card Ace)
Voriviko: shows [Ts 2d] (a pair of Deuces)
Voriviko collected 120 from pot
*** SUMMARY ***
Total pot 120 | Rake 0 
Board [5c Kc 2s 8c Ad]
Seat 1: Voriviko (big blind) showed [Ts 2d] and won (120) with a pair of Deuces
Seat 2: tigerek73 (button) folded before Flop (didn't bet)
Seat 3: Mahu2021 (small blind) showed [Jd 9c] and lost with high card Ace



PokerStars Hand #252990533072: Tournament #3813419815, $1.84+$0.16 USD Hold'em No Limit - Level IV (30/60) - 2024/10/18 21:14:30 CET [2024/10/18 15:14:30 ET]
Table '3813419815 1' 3-max Seat #3 is the button
Seat 1: Voriviko (333 in chips) 
Seat 2: tigerek73 (732 in chips) 
Seat 3: Mahu2021 (435 in chips) 
Voriviko: posts small blind 30
tigerek73: posts big blind 60
*** HOLE CARDS ***
Dealt to Mahu2021 [8d 8c]
Mahu2021: raises 375 to 435 and is all-in
Voriviko: folds 
tigerek73: calls 375
*** FLOP *** [2d Qd 9h]
*** TURN *** [2d Qd 9h] [7s]
*** RIVER *** [2d Qd 9h 7s] [Td]
*** SHOW DOWN ***
tigerek73: shows [6d Ac] (high card Ace)
Mahu2021: shows [8d 8c] (a pair of Eights)
Mahu2021 collected 900 from pot
*** SUMMARY ***
Total pot 900 | Rake 0 
Board [2d Qd 9h 7s Td]
Seat 1: Voriviko (small blind) folded before Flop
Seat 2: tigerek73 (big blind) showed [6d Ac] and lost with high card Ace
Seat 3: Mahu2021 (button) showed [8d 8c] and won (900) with a pair of Eights



PokerStars Hand #252990537723: Tournament #3813419815, $1.84+$0.16 USD Hold'em No Limit - Level IV (30/60) - 2024/10/18 21:14:46 CET [2024/10/18 15:14:46 ET]
Table '3813419815 1' 3-max Seat #1 is the button
Seat 1: Voriviko (303 in chips) 
Seat 2: tigerek73 (297 in chips) 
Seat 3: Mahu2021 (900 in chips) 
tigerek73: posts small blind 30
Mahu2021: posts big blind 60
*** HOLE CARDS ***
Dealt to Mahu2021 [4c Td]
Voriviko: calls 60
tigerek73: folds 
Mahu2021: checks 
*** FLOP *** [Tc 8s Ah]
Mahu2021: checks 
Voriviko: checks 
*** TURN *** [Tc 8s Ah] [9c]
Mahu2021: bets 60
Voriviko: calls 60
*** RIVER *** [Tc 8s Ah 9c] [2d]
Mahu2021: bets 60
Voriviko: folds 
Uncalled bet (60) returned to Mahu2021
Mahu2021 collected 270 from pot
Mahu2021: doesn't show hand 
*** SUMMARY ***
Total pot 270 | Rake 0 
Board [Tc 8s Ah 9c 2d]
Seat 1: Voriviko (button) folded on the River
Seat 2: tigerek73 (small blind) folded before Flop
Seat 3: Mahu2021 (big blind) collected (270)



PokerStars Hand #252990543539: Tournament #3813419815, $1.84+$0.16 USD Hold'em No Limit - Level IV (30/60) - 2024/10/18 21:15:05 CET [2024/10/18 15:15:05 ET]
Table '3813419815 1' 3-max Seat #2 is the button
Seat 1: Voriviko (183 in chips) 
Seat 2: tigerek73 (267 in chips) 
Seat 3: Mahu2021 (1050 in chips) 
Mahu2021: posts small blind 30
Voriviko: posts big blind 60
*** HOLE CARDS ***
Dealt to Mahu2021 [Jd 4c]
tigerek73: raises 207 to 267 and is all-in
Mahu2021: folds 
Voriviko: calls 123 and is all-in
Uncalled bet (84) returned to tigerek73
*** FLOP *** [4d Qd 6h]
*** TURN *** [4d Qd 6h] [5h]
*** RIVER *** [4d Qd 6h 5h] [Kd]
*** SHOW DOWN ***
Voriviko: shows [2h Js] (high card King)
tigerek73: shows [Ah Ks] (a pair of Kings)
tigerek73 collected 396 from pot
Voriviko finished the tournament in 3rd place
*** SUMMARY ***
Total pot 396 | Rake 0 
Board [4d Qd 6h 5h Kd]
Seat 1: Voriviko (big blind) showed [2h Js] and lost with high card King
Seat 2: tigerek73 (button) showed [Ah Ks] and won (396) with a pair of Kings
Seat 3: Mahu2021 (small blind) folded before Flop



PokerStars Hand #252990548582: Tournament #3813419815, $1.84+$0.16 USD Hold'em No Limit - Level IV (30/60) - 2024/10/18 21:15:22 CET [2024/10/18 15:15:22 ET]
Table '3813419815 1' 3-max Seat #3 is the button
Seat 2: tigerek73 (480 in chips) 
Seat 3: Mahu2021 (1020 in chips) 
Mahu2021: posts small blind 30
tigerek73: posts big blind 60
*** HOLE CARDS ***
Dealt to Mahu2021 [Qd 7s]
Mahu2021: calls 30
tigerek73: raises 420 to 480 and is all-in
Mahu2021: folds 
Uncalled bet (420) returned to tigerek73
tigerek73 collected 120 from pot
tigerek73: doesn't show hand 
*** SUMMARY ***
Total pot 120 | Rake 0 
Seat 2: tigerek73 (big blind) collected (120)
Seat 3: Mahu2021 (button) (small blind) folded before Flop



PokerStars Hand #252990552747: Tournament #3813419815, $1.84+$0.16 USD Hold'em No Limit - Level IV (30/60) - 2024/10/18 21:15:36 CET [2024/10/18 15:15:36 ET]
Table '3813419815 1' 3-max Seat #2 is the button
Seat 2: tigerek73 (540 in chips) 
Seat 3: Mahu2021 (960 in chips) 
tigerek73: posts small blind 30
Mahu2021: posts big blind 60
*** HOLE CARDS ***
Dealt to Mahu2021 [7s 4c]
tigerek73: folds 
Uncalled bet (30) returned to Mahu2021
Mahu2021 collected 60 from pot
Mahu2021: doesn't show hand 
*** SUMMARY ***
Total pot 60 | Rake 0 
Seat 2: tigerek73 (button) (small blind) folded before Flop
Seat 3: Mahu2021 (big blind) collected (60)



PokerStars Hand #252990554387: Tournament #3813419815, $1.84+$0.16 USD Hold'em No Limit - Level IV (30/60) - 2024/10/18 21:15:42 CET [2024/10/18 15:15:42 ET]
Table '3813419815 1' 3-max Seat #3 is the button
Seat 2: tigerek73 (510 in chips) 
Seat 3: Mahu2021 (990 in chips) 
Mahu2021: posts small blind 30
tigerek73: posts big blind 60
*** HOLE CARDS ***
Dealt to Mahu2021 [2d As]
Mahu2021: raises 60 to 120
tigerek73: raises 390 to 510 and is all-in
Mahu2021: calls 390
*** FLOP *** [Tc 6c Ah]
*** TURN *** [Tc 6c Ah] [Jd]
*** RIVER *** [Tc 6c Ah Jd] [7h]
*** SHOW DOWN ***
tigerek73: shows [Qh Ks] (a straight, Ten to Ace)
Mahu2021: shows [2d As] (a pair of Aces)
tigerek73 collected 1020 from pot
*** SUMMARY ***
Total pot 1020 | Rake 0 
Board [Tc 6c Ah Jd 7h]
Seat 2: tigerek73 (big blind) showed [Qh Ks] and won (1020) with a straight, Ten to Ace
Seat 3: Mahu2021 (button) (small blind) showed [2d As] and lost with a pair of Aces



PokerStars Hand #252990559762: Tournament #3813419815, $1.84+$0.16 USD Hold'em No Limit - Level V (40/80) - 2024/10/18 21:15:59 CET [2024/10/18 15:15:59 ET]
Table '3813419815 1' 3-max Seat #2 is the button
Seat 2: tigerek73 (1020 in chips) 
Seat 3: Mahu2021 (480 in chips) 
tigerek73: posts small blind 40
Mahu2021: posts big blind 80
*** HOLE CARDS ***
Dealt to Mahu2021 [Jd 9h]
tigerek73: calls 40
Mahu2021: checks 
*** FLOP *** [3h Jh Kc]
Mahu2021: checks 
tigerek73: checks 
*** TURN *** [3h Jh Kc] [Ah]
Mahu2021: checks 
tigerek73: checks 
*** RIVER *** [3h Jh Kc Ah] [7h]
Mahu2021: bets 160
tigerek73: raises 240 to 400
Mahu2021: calls 240 and is all-in
*** SHOW DOWN ***
tigerek73: shows [8s Th] (a flush, Ace high)
Mahu2021: shows [Jd 9h] (a flush, Ace high - lower cards)
tigerek73 collected 960 from pot
Mahu2021 finished the tournament in 2nd place
tigerek73 wins the tournament and receives $4.00 - congratulations!
*** SUMMARY ***
Total pot 960 | Rake 0 
Board [3h Jh Kc Ah 7h]
Seat 2: tigerek73 (button) (small blind) showed [8s Th] and won (960) with a flush, Ace high
Seat 3: Mahu2021 (big blind) showed [Jd 9h] and lost with a flush, Ace high



