PokerStars Hand #247028775387: Tournament #3671321651, $1.84+$0.16 USD Hold'em No Limit - Level I (10/20) - 2023/11/10 16:07:54 CET [2023/11/10 10:07:54 ET]
Table '3671321651 1' 3-max Seat #1 is the button
Seat 1: Renansouza12 (500 in chips) 
Seat 2: Awaszka (500 in chips) 
Seat 3: Mahu2021 (500 in chips) 
Awaszka: posts small blind 10
Mahu2021: posts big blind 20
*** HOLE CARDS ***
Dealt to Mahu2021 [Kc Tc]
Renansouza12: folds 
Awaszka: calls 10
Mahu2021: raises 40 to 60
Awaszka: calls 40
*** FLOP *** [Ks 7c Ah]
Awaszka: checks 
Mahu2021: checks 
*** TURN *** [Ks 7c Ah] [Kh]
Awaszka: bets 20
Mahu2021: raises 40 to 60
Awaszka: calls 40
*** RIVER *** [Ks 7c Ah Kh] [9s]
Awaszka: checks 
Mahu2021: bets 240
Awaszka: folds 
Uncalled bet (240) returned to Mahu2021
Mahu2021 collected 240 from pot
Mahu2021: doesn't show hand 
*** SUMMARY ***
Total pot 240 | Rake 0 
Board [Ks 7c Ah Kh 9s]
Seat 1: Renansouza12 (button) folded before Flop (didn't bet)
Seat 2: Awaszka (small blind) folded on the River
Seat 3: Mahu2021 (big blind) collected (240)



PokerStars Hand #247028780870: Tournament #3671321651, $1.84+$0.16 USD Hold'em No Limit - Level I (10/20) - 2023/11/10 16:08:18 CET [2023/11/10 10:08:18 ET]
Table '3671321651 1' 3-max Seat #2 is the button
Seat 1: Renansouza12 (500 in chips) 
Seat 2: Awaszka (380 in chips) 
Seat 3: Mahu2021 (620 in chips) 
Mahu2021: posts small blind 10
Renansouza12: posts big blind 20
*** HOLE CARDS ***
Dealt to Mahu2021 [Ac 4c]
Awaszka: folds 
Mahu2021: calls 10
Renansouza12: raises 40 to 60
Mahu2021: calls 40
*** FLOP *** [2d Ah 7d]
Mahu2021: checks 
Renansouza12: bets 60
Mahu2021: raises 100 to 160
Renansouza12: raises 280 to 440 and is all-in
Mahu2021: calls 280
*** TURN *** [2d Ah 7d] [Qd]
*** RIVER *** [2d Ah 7d Qd] [8d]
*** SHOW DOWN ***
Mahu2021: shows [Ac 4c] (a pair of Aces)
Renansouza12: shows [7c Js] (a pair of Sevens)
Mahu2021 collected 1000 from pot
Renansouza12 finished the tournament in 3rd place
*** SUMMARY ***
Total pot 1000 | Rake 0 
Board [2d Ah 7d Qd 8d]
Seat 1: Renansouza12 (big blind) showed [7c Js] and lost with a pair of Sevens
Seat 2: Awaszka (button) folded before Flop (didn't bet)
Seat 3: Mahu2021 (small blind) showed [Ac 4c] and won (1000) with a pair of Aces



PokerStars Hand #247028788723: Tournament #3671321651, $1.84+$0.16 USD Hold'em No Limit - Level I (10/20) - 2023/11/10 16:08:52 CET [2023/11/10 10:08:52 ET]
Table '3671321651 1' 3-max Seat #3 is the button
Seat 2: Awaszka (380 in chips) 
Seat 3: Mahu2021 (1120 in chips) 
Mahu2021: posts small blind 10
Awaszka: posts big blind 20
*** HOLE CARDS ***
Dealt to Mahu2021 [9c 3h]
Mahu2021: folds 
Uncalled bet (10) returned to Awaszka
Awaszka collected 20 from pot
*** SUMMARY ***
Total pot 20 | Rake 0 
Seat 2: Awaszka (big blind) collected (20)
Seat 3: Mahu2021 (button) (small blind) folded before Flop



PokerStars Hand #247028790044: Tournament #3671321651, $1.84+$0.16 USD Hold'em No Limit - Level I (10/20) - 2023/11/10 16:08:57 CET [2023/11/10 10:08:57 ET]
Table '3671321651 1' 3-max Seat #2 is the button
Seat 2: Awaszka (390 in chips) 
Seat 3: Mahu2021 (1110 in chips) 
Awaszka: posts small blind 10
Mahu2021: posts big blind 20
*** HOLE CARDS ***
Dealt to Mahu2021 [2c 5d]
Awaszka: calls 10
Mahu2021: checks 
*** FLOP *** [Kh 3c 9h]
Mahu2021: checks 
Awaszka: checks 
*** TURN *** [Kh 3c 9h] [Kd]
Mahu2021: checks 
Awaszka: checks 
*** RIVER *** [Kh 3c 9h Kd] [As]
Mahu2021: bets 20
Awaszka: calls 20
*** SHOW DOWN ***
Mahu2021: shows [2c 5d] (a pair of Kings)
Awaszka: shows [Qs 5c] (a pair of Kings - Ace+Queen kicker)
Awaszka collected 80 from pot
*** SUMMARY ***
Total pot 80 | Rake 0 
Board [Kh 3c 9h Kd As]
Seat 2: Awaszka (button) (small blind) showed [Qs 5c] and won (80) with a pair of Kings
Seat 3: Mahu2021 (big blind) showed [2c 5d] and lost with a pair of Kings



PokerStars Hand #247028793596: Tournament #3671321651, $1.84+$0.16 USD Hold'em No Limit - Level I (10/20) - 2023/11/10 16:09:12 CET [2023/11/10 10:09:12 ET]
Table '3671321651 1' 3-max Seat #3 is the button
Seat 2: Awaszka (430 in chips) 
Seat 3: Mahu2021 (1070 in chips) 
Mahu2021: posts small blind 10
Awaszka: posts big blind 20
*** HOLE CARDS ***
Dealt to Mahu2021 [7d 2s]
Mahu2021: folds 
Uncalled bet (10) returned to Awaszka
Awaszka collected 20 from pot
*** SUMMARY ***
Total pot 20 | Rake 0 
Seat 2: Awaszka (big blind) collected (20)
Seat 3: Mahu2021 (button) (small blind) folded before Flop



PokerStars Hand #247028794814: Tournament #3671321651, $1.84+$0.16 USD Hold'em No Limit - Level I (10/20) - 2023/11/10 16:09:17 CET [2023/11/10 10:09:17 ET]
Table '3671321651 1' 3-max Seat #2 is the button
Seat 2: Awaszka (440 in chips) 
Seat 3: Mahu2021 (1060 in chips) 
Awaszka: posts small blind 10
Mahu2021: posts big blind 20
*** HOLE CARDS ***
Dealt to Mahu2021 [Jd 7c]
Awaszka: calls 10
Mahu2021: checks 
*** FLOP *** [4d Qh Ts]
Mahu2021: checks 
Awaszka: bets 20
Mahu2021: folds 
Uncalled bet (20) returned to Awaszka
Awaszka collected 40 from pot
*** SUMMARY ***
Total pot 40 | Rake 0 
Board [4d Qh Ts]
Seat 2: Awaszka (button) (small blind) collected (40)
Seat 3: Mahu2021 (big blind) folded on the Flop



PokerStars Hand #247028797379: Tournament #3671321651, $1.84+$0.16 USD Hold'em No Limit - Level I (10/20) - 2023/11/10 16:09:28 CET [2023/11/10 10:09:28 ET]
Table '3671321651 1' 3-max Seat #3 is the button
Seat 2: Awaszka (460 in chips) 
Seat 3: Mahu2021 (1040 in chips) 
Mahu2021: posts small blind 10
Awaszka: posts big blind 20
*** HOLE CARDS ***
Dealt to Mahu2021 [4c 4h]
Mahu2021: raises 40 to 60
Awaszka: folds 
Uncalled bet (40) returned to Mahu2021
Mahu2021 collected 40 from pot
Mahu2021: doesn't show hand 
*** SUMMARY ***
Total pot 40 | Rake 0 
Seat 2: Awaszka (big blind) folded before Flop
Seat 3: Mahu2021 (button) (small blind) collected (40)



PokerStars Hand #247028798995: Tournament #3671321651, $1.84+$0.16 USD Hold'em No Limit - Level I (10/20) - 2023/11/10 16:09:35 CET [2023/11/10 10:09:35 ET]
Table '3671321651 1' 3-max Seat #2 is the button
Seat 2: Awaszka (440 in chips) 
Seat 3: Mahu2021 (1060 in chips) 
Awaszka: posts small blind 10
Mahu2021: posts big blind 20
*** HOLE CARDS ***
Dealt to Mahu2021 [7c 5d]
Awaszka: calls 10
Mahu2021: checks 
*** FLOP *** [2d Ac Jh]
Mahu2021: checks 
Awaszka: bets 20
Mahu2021: folds 
Uncalled bet (20) returned to Awaszka
Awaszka collected 40 from pot
*** SUMMARY ***
Total pot 40 | Rake 0 
Board [2d Ac Jh]
Seat 2: Awaszka (button) (small blind) collected (40)
Seat 3: Mahu2021 (big blind) folded on the Flop



PokerStars Hand #247028801473: Tournament #3671321651, $1.84+$0.16 USD Hold'em No Limit - Level I (10/20) - 2023/11/10 16:09:45 CET [2023/11/10 10:09:45 ET]
Table '3671321651 1' 3-max Seat #3 is the button
Seat 2: Awaszka (460 in chips) 
Seat 3: Mahu2021 (1040 in chips) 
Mahu2021: posts small blind 10
Awaszka: posts big blind 20
*** HOLE CARDS ***
Dealt to Mahu2021 [Js 4s]
Mahu2021: raises 20 to 40
Awaszka: calls 20
*** FLOP *** [3d 9s 8d]
Awaszka: checks 
Mahu2021: checks 
*** TURN *** [3d 9s 8d] [8s]
Awaszka: checks 
Mahu2021: bets 60
Awaszka: folds 
Uncalled bet (60) returned to Mahu2021
Mahu2021 collected 80 from pot
Mahu2021: doesn't show hand 
*** SUMMARY ***
Total pot 80 | Rake 0 
Board [3d 9s 8d 8s]
Seat 2: Awaszka (big blind) folded on the Turn
Seat 3: Mahu2021 (button) (small blind) collected (80)



PokerStars Hand #247028804825: Tournament #3671321651, $1.84+$0.16 USD Hold'em No Limit - Level I (10/20) - 2023/11/10 16:10:00 CET [2023/11/10 10:10:00 ET]
Table '3671321651 1' 3-max Seat #2 is the button
Seat 2: Awaszka (420 in chips) 
Seat 3: Mahu2021 (1080 in chips) 
Awaszka: posts small blind 10
Mahu2021: posts big blind 20
*** HOLE CARDS ***
Dealt to Mahu2021 [4s 8d]
Awaszka: calls 10
Mahu2021: checks 
*** FLOP *** [3h Kd 6d]
Mahu2021: checks 
Awaszka: bets 20
Mahu2021: folds 
Uncalled bet (20) returned to Awaszka
Awaszka collected 40 from pot
*** SUMMARY ***
Total pot 40 | Rake 0 
Board [3h Kd 6d]
Seat 2: Awaszka (button) (small blind) collected (40)
Seat 3: Mahu2021 (big blind) folded on the Flop



PokerStars Hand #247028807292: Tournament #3671321651, $1.84+$0.16 USD Hold'em No Limit - Level I (10/20) - 2023/11/10 16:10:11 CET [2023/11/10 10:10:11 ET]
Table '3671321651 1' 3-max Seat #3 is the button
Seat 2: Awaszka (440 in chips) 
Seat 3: Mahu2021 (1060 in chips) 
Mahu2021: posts small blind 10
Awaszka: posts big blind 20
*** HOLE CARDS ***
Dealt to Mahu2021 [2h 5d]
Mahu2021: folds 
Uncalled bet (10) returned to Awaszka
Awaszka collected 20 from pot
*** SUMMARY ***
Total pot 20 | Rake 0 
Seat 2: Awaszka (big blind) collected (20)
Seat 3: Mahu2021 (button) (small blind) folded before Flop



PokerStars Hand #247028808288: Tournament #3671321651, $1.84+$0.16 USD Hold'em No Limit - Level I (10/20) - 2023/11/10 16:10:15 CET [2023/11/10 10:10:15 ET]
Table '3671321651 1' 3-max Seat #2 is the button
Seat 2: Awaszka (450 in chips) 
Seat 3: Mahu2021 (1050 in chips) 
Awaszka: posts small blind 10
Mahu2021: posts big blind 20
*** HOLE CARDS ***
Dealt to Mahu2021 [4h 9c]
Awaszka: calls 10
Mahu2021: checks 
*** FLOP *** [Td Kh 5d]
Mahu2021: checks 
Awaszka: checks 
*** TURN *** [Td Kh 5d] [Kd]
Mahu2021: checks 
Awaszka: checks 
*** RIVER *** [Td Kh 5d Kd] [6h]
Mahu2021: checks 
Awaszka: checks 
*** SHOW DOWN ***
Mahu2021: shows [4h 9c] (a pair of Kings)
Awaszka: shows [7c Ad] (a pair of Kings - Ace kicker)
Awaszka collected 40 from pot
*** SUMMARY ***
Total pot 40 | Rake 0 
Board [Td Kh 5d Kd 6h]
Seat 2: Awaszka (button) (small blind) showed [7c Ad] and won (40) with a pair of Kings
Seat 3: Mahu2021 (big blind) showed [4h 9c] and lost with a pair of Kings



PokerStars Hand #247028811598: Tournament #3671321651, $1.84+$0.16 USD Hold'em No Limit - Level I (10/20) - 2023/11/10 16:10:29 CET [2023/11/10 10:10:29 ET]
Table '3671321651 1' 3-max Seat #3 is the button
Seat 2: Awaszka (470 in chips) 
Seat 3: Mahu2021 (1030 in chips) 
Mahu2021: posts small blind 10
Awaszka: posts big blind 20
*** HOLE CARDS ***
Dealt to Mahu2021 [7d 2c]
Mahu2021: folds 
Uncalled bet (10) returned to Awaszka
Awaszka collected 20 from pot
*** SUMMARY ***
Total pot 20 | Rake 0 
Seat 2: Awaszka (big blind) collected (20)
Seat 3: Mahu2021 (button) (small blind) folded before Flop



PokerStars Hand #247028812644: Tournament #3671321651, $1.84+$0.16 USD Hold'em No Limit - Level I (10/20) - 2023/11/10 16:10:34 CET [2023/11/10 10:10:34 ET]
Table '3671321651 1' 3-max Seat #2 is the button
Seat 2: Awaszka (480 in chips) 
Seat 3: Mahu2021 (1020 in chips) 
Awaszka: posts small blind 10
Mahu2021: posts big blind 20
*** HOLE CARDS ***
Dealt to Mahu2021 [As Kc]
Awaszka: calls 10
Mahu2021: raises 40 to 60
Awaszka: calls 40
*** FLOP *** [4d 8c 5d]
Mahu2021: bets 60
Awaszka: raises 60 to 120
Mahu2021: calls 60
*** TURN *** [4d 8c 5d] [Ad]
Mahu2021: bets 840 and is all-in
Awaszka: calls 300 and is all-in
Uncalled bet (540) returned to Mahu2021
*** RIVER *** [4d 8c 5d Ad] [3c]
*** SHOW DOWN ***
Mahu2021: shows [As Kc] (a pair of Aces)
Awaszka: shows [6h 7d] (a straight, Four to Eight)
Awaszka collected 960 from pot
*** SUMMARY ***
Total pot 960 | Rake 0 
Board [4d 8c 5d Ad 3c]
Seat 2: Awaszka (button) (small blind) showed [6h 7d] and won (960) with a straight, Four to Eight
Seat 3: Mahu2021 (big blind) showed [As Kc] and lost with a pair of Aces



PokerStars Hand #247028818410: Tournament #3671321651, $1.84+$0.16 USD Hold'em No Limit - Level II (15/30) - 2023/11/10 16:10:59 CET [2023/11/10 10:10:59 ET]
Table '3671321651 1' 3-max Seat #3 is the button
Seat 2: Awaszka (960 in chips) 
Seat 3: Mahu2021 (540 in chips) 
Mahu2021: posts small blind 15
Awaszka: posts big blind 30
*** HOLE CARDS ***
Dealt to Mahu2021 [7c 2s]
Mahu2021: folds 
Uncalled bet (15) returned to Awaszka
Awaszka collected 30 from pot
*** SUMMARY ***
Total pot 30 | Rake 0 
Seat 2: Awaszka (big blind) collected (30)
Seat 3: Mahu2021 (button) (small blind) folded before Flop



PokerStars Hand #247028819637: Tournament #3671321651, $1.84+$0.16 USD Hold'em No Limit - Level II (15/30) - 2023/11/10 16:11:04 CET [2023/11/10 10:11:04 ET]
Table '3671321651 1' 3-max Seat #2 is the button
Seat 2: Awaszka (975 in chips) 
Seat 3: Mahu2021 (525 in chips) 
Awaszka: posts small blind 15
Mahu2021: posts big blind 30
*** HOLE CARDS ***
Dealt to Mahu2021 [6h 9h]
Awaszka: calls 15
Mahu2021: checks 
*** FLOP *** [As 6s 7d]
Mahu2021: bets 30
Awaszka: calls 30
*** TURN *** [As 6s 7d] [2h]
Mahu2021: bets 30
Awaszka: calls 30
*** RIVER *** [As 6s 7d 2h] [3s]
Mahu2021: bets 435 and is all-in
Awaszka: folds 
Uncalled bet (435) returned to Mahu2021
Mahu2021 collected 180 from pot
Mahu2021: doesn't show hand 
*** SUMMARY ***
Total pot 180 | Rake 0 
Board [As 6s 7d 2h 3s]
Seat 2: Awaszka (button) (small blind) folded on the River
Seat 3: Mahu2021 (big blind) collected (180)



PokerStars Hand #247028823305: Tournament #3671321651, $1.84+$0.16 USD Hold'em No Limit - Level II (15/30) - 2023/11/10 16:11:20 CET [2023/11/10 10:11:20 ET]
Table '3671321651 1' 3-max Seat #3 is the button
Seat 2: Awaszka (885 in chips) 
Seat 3: Mahu2021 (615 in chips) 
Mahu2021: posts small blind 15
Awaszka: posts big blind 30
*** HOLE CARDS ***
Dealt to Mahu2021 [9d 2d]
Mahu2021: calls 15
Awaszka: checks 
*** FLOP *** [Ad Th Jd]
Awaszka: checks 
Mahu2021: bets 30
Awaszka: calls 30
*** TURN *** [Ad Th Jd] [Qs]
Awaszka: checks 
Mahu2021: bets 30
Awaszka: calls 30
*** RIVER *** [Ad Th Jd Qs] [Tc]
Awaszka: checks 
Mahu2021: checks 
*** SHOW DOWN ***
Awaszka: shows [Qh Jh] (two pair, Queens and Jacks)
Mahu2021: mucks hand 
Awaszka collected 180 from pot
*** SUMMARY ***
Total pot 180 | Rake 0 
Board [Ad Th Jd Qs Tc]
Seat 2: Awaszka (big blind) showed [Qh Jh] and won (180) with two pair, Queens and Jacks
Seat 3: Mahu2021 (button) (small blind) mucked [9d 2d]



PokerStars Hand #247028827920: Tournament #3671321651, $1.84+$0.16 USD Hold'em No Limit - Level II (15/30) - 2023/11/10 16:11:40 CET [2023/11/10 10:11:40 ET]
Table '3671321651 1' 3-max Seat #2 is the button
Seat 2: Awaszka (975 in chips) 
Seat 3: Mahu2021 (525 in chips) 
Awaszka: posts small blind 15
Mahu2021: posts big blind 30
*** HOLE CARDS ***
Dealt to Mahu2021 [7c 2c]
Awaszka: calls 15
Mahu2021: checks 
*** FLOP *** [6d 2h Kh]
Mahu2021: bets 495 and is all-in
Awaszka: folds 
Uncalled bet (495) returned to Mahu2021
Mahu2021 collected 60 from pot
Mahu2021: doesn't show hand 
*** SUMMARY ***
Total pot 60 | Rake 0 
Board [6d 2h Kh]
Seat 2: Awaszka (button) (small blind) folded on the Flop
Seat 3: Mahu2021 (big blind) collected (60)



PokerStars Hand #247028830188: Tournament #3671321651, $1.84+$0.16 USD Hold'em No Limit - Level II (15/30) - 2023/11/10 16:11:49 CET [2023/11/10 10:11:49 ET]
Table '3671321651 1' 3-max Seat #3 is the button
Seat 2: Awaszka (945 in chips) 
Seat 3: Mahu2021 (555 in chips) 
Mahu2021: posts small blind 15
Awaszka: posts big blind 30
*** HOLE CARDS ***
Dealt to Mahu2021 [4d 8c]
Mahu2021: folds 
Uncalled bet (15) returned to Awaszka
Awaszka collected 30 from pot
*** SUMMARY ***
Total pot 30 | Rake 0 
Seat 2: Awaszka (big blind) collected (30)
Seat 3: Mahu2021 (button) (small blind) folded before Flop



PokerStars Hand #247028831282: Tournament #3671321651, $1.84+$0.16 USD Hold'em No Limit - Level II (15/30) - 2023/11/10 16:11:54 CET [2023/11/10 10:11:54 ET]
Table '3671321651 1' 3-max Seat #2 is the button
Seat 2: Awaszka (960 in chips) 
Seat 3: Mahu2021 (540 in chips) 
Awaszka: posts small blind 15
Mahu2021: posts big blind 30
*** HOLE CARDS ***
Dealt to Mahu2021 [2h 8h]
Awaszka: calls 15
Mahu2021: checks 
*** FLOP *** [Jh Ts 9c]
Mahu2021: checks 
Awaszka: bets 30
Mahu2021: calls 30
*** TURN *** [Jh Ts 9c] [9h]
Mahu2021: checks 
Awaszka: bets 60
Mahu2021: calls 60
*** RIVER *** [Jh Ts 9c 9h] [6s]
Mahu2021: checks 
Awaszka: bets 90
Mahu2021: folds 
Uncalled bet (90) returned to Awaszka
Awaszka collected 240 from pot
*** SUMMARY ***
Total pot 240 | Rake 0 
Board [Jh Ts 9c 9h 6s]
Seat 2: Awaszka (button) (small blind) collected (240)
Seat 3: Mahu2021 (big blind) folded on the River



PokerStars Hand #247028835354: Tournament #3671321651, $1.84+$0.16 USD Hold'em No Limit - Level II (15/30) - 2023/11/10 16:12:11 CET [2023/11/10 10:12:11 ET]
Table '3671321651 1' 3-max Seat #3 is the button
Seat 2: Awaszka (1080 in chips) 
Seat 3: Mahu2021 (420 in chips) 
Mahu2021: posts small blind 15
Awaszka: posts big blind 30
*** HOLE CARDS ***
Dealt to Mahu2021 [Td 2s]
Mahu2021: folds 
Uncalled bet (15) returned to Awaszka
Awaszka collected 30 from pot
*** SUMMARY ***
Total pot 30 | Rake 0 
Seat 2: Awaszka (big blind) collected (30)
Seat 3: Mahu2021 (button) (small blind) folded before Flop



PokerStars Hand #247028836563: Tournament #3671321651, $1.84+$0.16 USD Hold'em No Limit - Level II (15/30) - 2023/11/10 16:12:16 CET [2023/11/10 10:12:16 ET]
Table '3671321651 1' 3-max Seat #2 is the button
Seat 2: Awaszka (1095 in chips) 
Seat 3: Mahu2021 (405 in chips) 
Awaszka: posts small blind 15
Mahu2021: posts big blind 30
*** HOLE CARDS ***
Dealt to Mahu2021 [2d 5s]
Awaszka: raises 30 to 60
Mahu2021: folds 
Uncalled bet (30) returned to Awaszka
Awaszka collected 60 from pot
*** SUMMARY ***
Total pot 60 | Rake 0 
Seat 2: Awaszka (button) (small blind) collected (60)
Seat 3: Mahu2021 (big blind) folded before Flop



PokerStars Hand #247028837559: Tournament #3671321651, $1.84+$0.16 USD Hold'em No Limit - Level II (15/30) - 2023/11/10 16:12:20 CET [2023/11/10 10:12:20 ET]
Table '3671321651 1' 3-max Seat #3 is the button
Seat 2: Awaszka (1125 in chips) 
Seat 3: Mahu2021 (375 in chips) 
Mahu2021: posts small blind 15
Awaszka: posts big blind 30
*** HOLE CARDS ***
Dealt to Mahu2021 [As 3d]
Mahu2021: calls 15
Awaszka: checks 
*** FLOP *** [Tc 2d 4s]
Awaszka: checks 
Mahu2021: bets 30
Awaszka: folds 
Uncalled bet (30) returned to Mahu2021
Mahu2021 collected 60 from pot
Mahu2021: doesn't show hand 
*** SUMMARY ***
Total pot 60 | Rake 0 
Board [Tc 2d 4s]
Seat 2: Awaszka (big blind) folded on the Flop
Seat 3: Mahu2021 (button) (small blind) collected (60)



PokerStars Hand #247028840310: Tournament #3671321651, $1.84+$0.16 USD Hold'em No Limit - Level II (15/30) - 2023/11/10 16:12:32 CET [2023/11/10 10:12:32 ET]
Table '3671321651 1' 3-max Seat #2 is the button
Seat 2: Awaszka (1095 in chips) 
Seat 3: Mahu2021 (405 in chips) 
Awaszka: posts small blind 15
Mahu2021: posts big blind 30
*** HOLE CARDS ***
Dealt to Mahu2021 [4d 7d]
Awaszka: calls 15
Mahu2021: checks 
*** FLOP *** [5c Ah 2d]
Mahu2021: checks 
Awaszka: bets 30
Mahu2021: calls 30
*** TURN *** [5c Ah 2d] [Jc]
Mahu2021: checks 
Awaszka: bets 30
Mahu2021: calls 30
*** RIVER *** [5c Ah 2d Jc] [Th]
Mahu2021: checks 
Awaszka: bets 30
Mahu2021: folds 
Uncalled bet (30) returned to Awaszka
Awaszka collected 180 from pot
*** SUMMARY ***
Total pot 180 | Rake 0 
Board [5c Ah 2d Jc Th]
Seat 2: Awaszka (button) (small blind) collected (180)
Seat 3: Mahu2021 (big blind) folded on the River



PokerStars Hand #247028844517: Tournament #3671321651, $1.84+$0.16 USD Hold'em No Limit - Level II (15/30) - 2023/11/10 16:12:50 CET [2023/11/10 10:12:50 ET]
Table '3671321651 1' 3-max Seat #3 is the button
Seat 2: Awaszka (1185 in chips) 
Seat 3: Mahu2021 (315 in chips) 
Mahu2021: posts small blind 15
Awaszka: posts big blind 30
*** HOLE CARDS ***
Dealt to Mahu2021 [Qs 3s]
Mahu2021: raises 285 to 315 and is all-in
Awaszka: folds 
Uncalled bet (285) returned to Mahu2021
Mahu2021 collected 60 from pot
Mahu2021: doesn't show hand 
*** SUMMARY ***
Total pot 60 | Rake 0 
Seat 2: Awaszka (big blind) folded before Flop
Seat 3: Mahu2021 (button) (small blind) collected (60)



PokerStars Hand #247028846101: Tournament #3671321651, $1.84+$0.16 USD Hold'em No Limit - Level II (15/30) - 2023/11/10 16:12:56 CET [2023/11/10 10:12:56 ET]
Table '3671321651 1' 3-max Seat #2 is the button
Seat 2: Awaszka (1155 in chips) 
Seat 3: Mahu2021 (345 in chips) 
Awaszka: posts small blind 15
Mahu2021: posts big blind 30
*** HOLE CARDS ***
Dealt to Mahu2021 [2d Qs]
Awaszka: calls 15
Mahu2021: checks 
*** FLOP *** [3d 7s 4c]
Mahu2021: checks 
Awaszka: checks 
*** TURN *** [3d 7s 4c] [7c]
Mahu2021: checks 
Awaszka: bets 30
Mahu2021: folds 
Uncalled bet (30) returned to Awaszka
Awaszka collected 60 from pot
*** SUMMARY ***
Total pot 60 | Rake 0 
Board [3d 7s 4c 7c]
Seat 2: Awaszka (button) (small blind) collected (60)
Seat 3: Mahu2021 (big blind) folded on the Turn



PokerStars Hand #247028848834: Tournament #3671321651, $1.84+$0.16 USD Hold'em No Limit - Level II (15/30) - 2023/11/10 16:13:08 CET [2023/11/10 10:13:08 ET]
Table '3671321651 1' 3-max Seat #3 is the button
Seat 2: Awaszka (1185 in chips) 
Seat 3: Mahu2021 (315 in chips) 
Mahu2021: posts small blind 15
Awaszka: posts big blind 30
*** HOLE CARDS ***
Dealt to Mahu2021 [2h 4h]
Mahu2021: calls 15
Awaszka: checks 
*** FLOP *** [Kc Kh 2s]
Awaszka: checks 
Mahu2021: bets 285 and is all-in
Awaszka: folds 
Uncalled bet (285) returned to Mahu2021
Mahu2021 collected 60 from pot
Mahu2021: doesn't show hand 
*** SUMMARY ***
Total pot 60 | Rake 0 
Board [Kc Kh 2s]
Seat 2: Awaszka (big blind) folded on the Flop
Seat 3: Mahu2021 (button) (small blind) collected (60)



PokerStars Hand #247028851343: Tournament #3671321651, $1.84+$0.16 USD Hold'em No Limit - Level II (15/30) - 2023/11/10 16:13:18 CET [2023/11/10 10:13:18 ET]
Table '3671321651 1' 3-max Seat #2 is the button
Seat 2: Awaszka (1155 in chips) 
Seat 3: Mahu2021 (345 in chips) 
Awaszka: posts small blind 15
Mahu2021: posts big blind 30
*** HOLE CARDS ***
Dealt to Mahu2021 [8c Qh]
Awaszka: calls 15
Mahu2021: checks 
*** FLOP *** [3h 5d 6h]
Mahu2021: checks 
Awaszka: checks 
*** TURN *** [3h 5d 6h] [5c]
Mahu2021: checks 
Awaszka: bets 30
Mahu2021: calls 30
*** RIVER *** [3h 5d 6h 5c] [4h]
Mahu2021: checks 
Awaszka: bets 30
Mahu2021: folds 
Uncalled bet (30) returned to Awaszka
Awaszka collected 120 from pot
*** SUMMARY ***
Total pot 120 | Rake 0 
Board [3h 5d 6h 5c 4h]
Seat 2: Awaszka (button) (small blind) collected (120)
Seat 3: Mahu2021 (big blind) folded on the River



PokerStars Hand #247028854789: Tournament #3671321651, $1.84+$0.16 USD Hold'em No Limit - Level II (15/30) - 2023/11/10 16:13:33 CET [2023/11/10 10:13:33 ET]
Table '3671321651 1' 3-max Seat #3 is the button
Seat 2: Awaszka (1215 in chips) 
Seat 3: Mahu2021 (285 in chips) 
Mahu2021: posts small blind 15
Awaszka: posts big blind 30
*** HOLE CARDS ***
Dealt to Mahu2021 [Th 5h]
Mahu2021: folds 
Uncalled bet (15) returned to Awaszka
Awaszka collected 30 from pot
*** SUMMARY ***
Total pot 30 | Rake 0 
Seat 2: Awaszka (big blind) collected (30)
Seat 3: Mahu2021 (button) (small blind) folded before Flop



PokerStars Hand #247028855807: Tournament #3671321651, $1.84+$0.16 USD Hold'em No Limit - Level II (15/30) - 2023/11/10 16:13:37 CET [2023/11/10 10:13:37 ET]
Table '3671321651 1' 3-max Seat #2 is the button
Seat 2: Awaszka (1230 in chips) 
Seat 3: Mahu2021 (270 in chips) 
Awaszka: posts small blind 15
Mahu2021: posts big blind 30
*** HOLE CARDS ***
Dealt to Mahu2021 [3h Kd]
Awaszka: calls 15
Mahu2021: raises 240 to 270 and is all-in
Awaszka: folds 
Uncalled bet (240) returned to Mahu2021
Mahu2021 collected 60 from pot
Mahu2021: doesn't show hand 
*** SUMMARY ***
Total pot 60 | Rake 0 
Seat 2: Awaszka (button) (small blind) folded before Flop
Seat 3: Mahu2021 (big blind) collected (60)



PokerStars Hand #247028857534: Tournament #3671321651, $1.84+$0.16 USD Hold'em No Limit - Level II (15/30) - 2023/11/10 16:13:45 CET [2023/11/10 10:13:45 ET]
Table '3671321651 1' 3-max Seat #3 is the button
Seat 2: Awaszka (1200 in chips) 
Seat 3: Mahu2021 (300 in chips) 
Mahu2021: posts small blind 15
Awaszka: posts big blind 30
*** HOLE CARDS ***
Dealt to Mahu2021 [8s 9d]
Mahu2021: calls 15
Awaszka: checks 
*** FLOP *** [9h Ah Jh]
Awaszka: checks 
Mahu2021: bets 270 and is all-in
Awaszka: calls 270
*** TURN *** [9h Ah Jh] [Ks]
*** RIVER *** [9h Ah Jh Ks] [2d]
*** SHOW DOWN ***
Awaszka: shows [2s 9s] (two pair, Nines and Deuces)
Mahu2021: shows [8s 9d] (a pair of Nines)
Awaszka collected 600 from pot
Mahu2021 finished the tournament in 2nd place
Awaszka wins the tournament and receives $6.00 - congratulations!
*** SUMMARY ***
Total pot 600 | Rake 0 
Board [9h Ah Jh Ks 2d]
Seat 2: Awaszka (big blind) showed [2s 9s] and won (600) with two pair, Nines and Deuces
Seat 3: Mahu2021 (button) (small blind) showed [8s 9d] and lost with a pair of Nines



