PokerStars Hand #248412385187: Tournament #3704359446, $1.84+$0.16 USD Hold'em No Limit - Level I (10/20) - 2024/01/21 17:44:10 CET [2024/01/21 11:44:10 ET]
Table '3704359446 1' 3-max Seat #1 is the button
Seat 1: Mahu2021 (500 in chips) 
Seat 2: high speed 65 (500 in chips) 
Seat 3: SeveralAA (500 in chips) 
high speed 65: posts small blind 10
SeveralAA: posts big blind 20
*** HOLE CARDS ***
Dealt to Mahu2021 [As Th]
Mahu2021: raises 20 to 40
high speed 65: raises 460 to 500 and is all-in
SeveralAA: folds 
Mahu2021: calls 460 and is all-in
*** FLOP *** [4d 3c 2d]
*** TURN *** [4d 3c 2d] [Qc]
*** RIVER *** [4d 3c 2d Qc] [2c]
*** SHOW DOWN ***
high speed 65: shows [Ad 5s] (a straight, Ace to Five)
Mahu2021: shows [As Th] (a pair of Deuces)
high speed 65 collected 1020 from pot
Mahu2021 finished the tournament in 3rd place
*** SUMMARY ***
Total pot 1020 | Rake 0 
Board [4d 3c 2d Qc 2c]
Seat 1: Mahu2021 (button) showed [As Th] and lost with a pair of Deuces
Seat 2: high speed 65 (small blind) showed [Ad 5s] and won (1020) with a straight, Ace to Five
Seat 3: SeveralAA (big blind) folded before Flop



