PokerStars Hand #246335033934: Tournament #3653619992, $9.30+$0.70 USD Hold'em No Limit - Level I (10/20) - 2023/10/03 23:29:24 CET [2023/10/03 17:29:24 ET]
Table '3653619992 1' 3-max Seat #1 is the button
Seat 1: gp motos (500 in chips) 
Seat 2: LudasMatyika (500 in chips) 
Seat 3: Mahu2021 (500 in chips) 
LudasMatyika: posts small blind 10
Mahu2021: posts big blind 20
*** HOLE CARDS ***
Dealt to Mahu2021 [Kh 2d]
gp motos: folds 
LudasMatyika: raises 40 to 60
Mahu2021: folds 
Uncalled bet (40) returned to LudasMatyika
LudasMatyika collected 40 from pot
LudasMatyika: doesn't show hand 
*** SUMMARY ***
Total pot 40 | Rake 0 
Seat 1: gp motos (button) folded before Flop (didn't bet)
Seat 2: LudasMatyika (small blind) collected (40)
Seat 3: Mahu2021 (big blind) folded before Flop



PokerStars Hand #246335040524: Tournament #3653619992, $9.30+$0.70 USD Hold'em No Limit - Level I (10/20) - 2023/10/03 23:29:42 CET [2023/10/03 17:29:42 ET]
Table '3653619992 1' 3-max Seat #2 is the button
Seat 1: gp motos (500 in chips) 
Seat 2: LudasMatyika (520 in chips) 
Seat 3: Mahu2021 (480 in chips) 
Mahu2021: posts small blind 10
gp motos: posts big blind 20
*** HOLE CARDS ***
Dealt to Mahu2021 [6c 9c]
LudasMatyika: raises 20 to 40
Mahu2021: calls 30
gp motos: raises 460 to 500 and is all-in
LudasMatyika: folds 
Mahu2021: folds 
Uncalled bet (460) returned to gp motos
gp motos collected 120 from pot
gp motos: doesn't show hand 
*** SUMMARY ***
Total pot 120 | Rake 0 
Seat 1: gp motos (big blind) collected (120)
Seat 2: LudasMatyika (button) folded before Flop
Seat 3: Mahu2021 (small blind) folded before Flop



PokerStars Hand #246335045004: Tournament #3653619992, $9.30+$0.70 USD Hold'em No Limit - Level I (10/20) - 2023/10/03 23:29:55 CET [2023/10/03 17:29:55 ET]
Table '3653619992 1' 3-max Seat #3 is the button
Seat 1: gp motos (580 in chips) 
Seat 2: LudasMatyika (480 in chips) 
Seat 3: Mahu2021 (440 in chips) 
gp motos: posts small blind 10
LudasMatyika: posts big blind 20
*** HOLE CARDS ***
Dealt to Mahu2021 [Jc Tc]
Mahu2021: raises 20 to 40
gp motos: folds 
LudasMatyika: raises 440 to 480 and is all-in
Mahu2021: folds 
Uncalled bet (440) returned to LudasMatyika
LudasMatyika collected 90 from pot
LudasMatyika: doesn't show hand 
*** SUMMARY ***
Total pot 90 | Rake 0 
Seat 1: gp motos (small blind) folded before Flop
Seat 2: LudasMatyika (big blind) collected (90)
Seat 3: Mahu2021 (button) folded before Flop



PokerStars Hand #246335049670: Tournament #3653619992, $9.30+$0.70 USD Hold'em No Limit - Level I (10/20) - 2023/10/03 23:30:08 CET [2023/10/03 17:30:08 ET]
Table '3653619992 1' 3-max Seat #1 is the button
Seat 1: gp motos (570 in chips) 
Seat 2: LudasMatyika (530 in chips) 
Seat 3: Mahu2021 (400 in chips) 
LudasMatyika: posts small blind 10
Mahu2021: posts big blind 20
*** HOLE CARDS ***
Dealt to Mahu2021 [4d 7h]
gp motos: calls 20
LudasMatyika: calls 10
Mahu2021: checks 
*** FLOP *** [5c 3h As]
LudasMatyika: checks 
Mahu2021: checks 
gp motos: bets 20
LudasMatyika: folds 
Mahu2021: raises 100 to 120
gp motos: folds 
Uncalled bet (100) returned to Mahu2021
Mahu2021 collected 100 from pot
Mahu2021: doesn't show hand 
*** SUMMARY ***
Total pot 100 | Rake 0 
Board [5c 3h As]
Seat 1: gp motos (button) folded on the Flop
Seat 2: LudasMatyika (small blind) folded on the Flop
Seat 3: Mahu2021 (big blind) collected (100)



PokerStars Hand #246335058421: Tournament #3653619992, $9.30+$0.70 USD Hold'em No Limit - Level I (10/20) - 2023/10/03 23:30:33 CET [2023/10/03 17:30:33 ET]
Table '3653619992 1' 3-max Seat #2 is the button
Seat 1: gp motos (530 in chips) 
Seat 2: LudasMatyika (510 in chips) 
Seat 3: Mahu2021 (460 in chips) 
Mahu2021: posts small blind 10
gp motos: posts big blind 20
*** HOLE CARDS ***
Dealt to Mahu2021 [Kh 2h]
LudasMatyika: folds 
Mahu2021: calls 10
gp motos: raises 30 to 50
Mahu2021: calls 30
*** FLOP *** [8s Kc 5c]
Mahu2021: checks 
gp motos: checks 
*** TURN *** [8s Kc 5c] [9s]
Mahu2021: bets 100
gp motos: calls 100
*** RIVER *** [8s Kc 5c 9s] [7c]
Mahu2021: checks 
gp motos: bets 180
Mahu2021: calls 180
*** SHOW DOWN ***
gp motos: shows [As 6s] (a straight, Five to Nine)
Mahu2021: mucks hand 
gp motos collected 660 from pot
*** SUMMARY ***
Total pot 660 | Rake 0 
Board [8s Kc 5c 9s 7c]
Seat 1: gp motos (big blind) showed [As 6s] and won (660) with a straight, Five to Nine
Seat 2: LudasMatyika (button) folded before Flop (didn't bet)
Seat 3: Mahu2021 (small blind) mucked [Kh 2h]



PokerStars Hand #246335070888: Tournament #3653619992, $9.30+$0.70 USD Hold'em No Limit - Level I (10/20) - 2023/10/03 23:31:09 CET [2023/10/03 17:31:09 ET]
Table '3653619992 1' 3-max Seat #3 is the button
Seat 1: gp motos (860 in chips) 
Seat 2: LudasMatyika (510 in chips) 
Seat 3: Mahu2021 (130 in chips) 
gp motos: posts small blind 10
LudasMatyika: posts big blind 20
*** HOLE CARDS ***
Dealt to Mahu2021 [4c Js]
Mahu2021: folds 
gp motos: raises 30 to 50
LudasMatyika: calls 30
*** FLOP *** [6d Ah Kh]
gp motos: bets 60
LudasMatyika: folds 
Uncalled bet (60) returned to gp motos
gp motos collected 100 from pot
gp motos: doesn't show hand 
*** SUMMARY ***
Total pot 100 | Rake 0 
Board [6d Ah Kh]
Seat 1: gp motos (small blind) collected (100)
Seat 2: LudasMatyika (big blind) folded on the Flop
Seat 3: Mahu2021 (button) folded before Flop (didn't bet)



PokerStars Hand #246335078728: Tournament #3653619992, $9.30+$0.70 USD Hold'em No Limit - Level II (15/30) - 2023/10/03 23:31:31 CET [2023/10/03 17:31:31 ET]
Table '3653619992 1' 3-max Seat #1 is the button
Seat 1: gp motos (910 in chips) 
Seat 2: LudasMatyika (460 in chips) 
Seat 3: Mahu2021 (130 in chips) 
LudasMatyika: posts small blind 15
Mahu2021: posts big blind 30
*** HOLE CARDS ***
Dealt to Mahu2021 [6d Jd]
gp motos: folds 
LudasMatyika: raises 430 to 460 and is all-in
Mahu2021: calls 100 and is all-in
Uncalled bet (330) returned to LudasMatyika
*** FLOP *** [Ts As 9h]
*** TURN *** [Ts As 9h] [3s]
*** RIVER *** [Ts As 9h 3s] [5d]
*** SHOW DOWN ***
LudasMatyika: shows [3c Td] (two pair, Tens and Threes)
Mahu2021: shows [6d Jd] (high card Ace)
LudasMatyika collected 260 from pot
Mahu2021 finished the tournament in 3rd place
*** SUMMARY ***
Total pot 260 | Rake 0 
Board [Ts As 9h 3s 5d]
Seat 1: gp motos (button) folded before Flop (didn't bet)
Seat 2: LudasMatyika (small blind) showed [3c Td] and won (260) with two pair, Tens and Threes
Seat 3: Mahu2021 (big blind) showed [6d Jd] and lost with high card Ace



