PokerStars Zoom Hand #255150827546:  Hold'em No Limit ($0.05/$0.10) - 2025/03/05 16:54:27 CET [2025/03/05 10:54:27 ET]
Table 'Aludra' 6-max Seat #1 is the button
Seat 1: JDYOLL ($10 in chips) 
Seat 2: strashilisht ($17.52 in chips) 
Seat 3: Mahu2021 ($10 in chips) 
Seat 4: JWRm8 ($11.22 in chips) 
Seat 5: vasi0908 ($5 in chips) 
Seat 6: kSam44 ($11 in chips) 
strashilisht: posts small blind $0.05
Mahu2021: posts big blind $0.10
*** HOLE CARDS ***
Dealt to Mahu2021 [6c Kd]
JWRm8: folds 
vasi0908: folds 
kSam44: raises $0.20 to $0.30
JDYOLL: folds 
strashilisht: folds 
Mahu2021: folds 
Uncalled bet ($0.20) returned to kSam44
kSam44 collected $0.25 from pot
kSam44: doesn't show hand 
*** SUMMARY ***
Total pot $0.25 | Rake $0 
Seat 1: JDYOLL (button) folded before Flop (didn't bet)
Seat 2: strashilisht (small blind) folded before Flop
Seat 3: Mahu2021 (big blind) folded before Flop
Seat 4: JWRm8 folded before Flop (didn't bet)
Seat 5: vasi0908 folded before Flop (didn't bet)
Seat 6: kSam44 collected ($0.25)



PokerStars Zoom Hand #255150829078:  Hold'em No Limit ($0.05/$0.10) - 2025/03/05 16:54:34 CET [2025/03/05 10:54:34 ET]
Table 'Aludra' 6-max Seat #1 is the button
Seat 1: doctornicola ($19.19 in chips) 
Seat 2: Mahu2021 ($9.90 in chips) 
Seat 3: frogz69 ($19.89 in chips) 
Seat 4: ukcarlos ($12.25 in chips) 
Seat 5: koribut ($10.61 in chips) 
Seat 6: niukissimitro_k ($12.78 in chips) 
Mahu2021: posts small blind $0.05
frogz69: posts big blind $0.10
*** HOLE CARDS ***
Dealt to Mahu2021 [7s 6s]
ukcarlos: folds 
koribut: raises $0.15 to $0.25
niukissimitro_k: calls $0.25
doctornicola: folds 
Mahu2021: calls $0.20
frogz69: folds 
*** FLOP *** [6c Qc Tc]
Mahu2021: checks 
koribut: checks 
niukissimitro_k: bets $0.81
Mahu2021: folds 
koribut: folds 
Uncalled bet ($0.81) returned to niukissimitro_k
niukissimitro_k collected $0.81 from pot
niukissimitro_k: doesn't show hand 
*** SUMMARY ***
Total pot $0.85 | Rake $0.04 
Board [6c Qc Tc]
Seat 1: doctornicola (button) folded before Flop (didn't bet)
Seat 2: Mahu2021 (small blind) folded on the Flop
Seat 3: frogz69 (big blind) folded before Flop
Seat 4: ukcarlos folded before Flop (didn't bet)
Seat 5: koribut folded on the Flop
Seat 6: niukissimitro_k collected ($0.81)



PokerStars Zoom Hand #255150833939:  Hold'em No Limit ($0.05/$0.10) - 2025/03/05 16:54:59 CET [2025/03/05 10:54:59 ET]
Table 'Aludra' 6-max Seat #1 is the button
Seat 1: Mahu2021 ($9.65 in chips) 
Seat 2: Daramarr ($12.02 in chips) 
Seat 3: milleke1979 ($7.94 in chips) 
Seat 4: KGralu ($6.54 in chips) 
Seat 5: Britniysosni ($22.90 in chips) 
Seat 6: investor2ne1 ($13.18 in chips) 
Daramarr: posts small blind $0.05
milleke1979: posts big blind $0.10
*** HOLE CARDS ***
Dealt to Mahu2021 [5h 4s]
KGralu: folds 
Britniysosni: folds 
investor2ne1: folds 
Mahu2021: folds 
Daramarr: folds 
Uncalled bet ($0.05) returned to milleke1979
milleke1979 collected $0.10 from pot
milleke1979: doesn't show hand 
*** SUMMARY ***
Total pot $0.10 | Rake $0 
Seat 1: Mahu2021 (button) folded before Flop (didn't bet)
Seat 2: Daramarr (small blind) folded before Flop
Seat 3: milleke1979 (big blind) collected ($0.10)
Seat 4: KGralu folded before Flop (didn't bet)
Seat 5: Britniysosni folded before Flop (didn't bet)
Seat 6: investor2ne1 folded before Flop (didn't bet)



PokerStars Zoom Hand #255150836748:  Hold'em No Limit ($0.05/$0.10) - 2025/03/05 16:55:16 CET [2025/03/05 10:55:16 ET]
Table 'Aludra' 6-max Seat #1 is the button
Seat 1: iudicus ($10 in chips) 
Seat 2: Bur1k ($7.54 in chips) 
Seat 3: kjmrc ($22.64 in chips) 
Seat 4: Always Thx ($10.63 in chips) 
Seat 5: acd_045 ($10 in chips) 
Seat 6: Mahu2021 ($9.60 in chips) 
Bur1k: posts small blind $0.05
kjmrc: posts big blind $0.10
*** HOLE CARDS ***
Dealt to Mahu2021 [8d As]
Always Thx: folds 
acd_045: folds 
Mahu2021: folds 
iudicus: folds 
Bur1k: raises $0.15 to $0.25
kjmrc: folds 
Uncalled bet ($0.15) returned to Bur1k
Bur1k collected $0.20 from pot
Bur1k: doesn't show hand 
*** SUMMARY ***
Total pot $0.20 | Rake $0 
Seat 1: iudicus (button) folded before Flop (didn't bet)
Seat 2: Bur1k (small blind) collected ($0.20)
Seat 3: kjmrc (big blind) folded before Flop
Seat 4: Always Thx folded before Flop (didn't bet)
Seat 5: acd_045 folded before Flop (didn't bet)
Seat 6: Mahu2021 folded before Flop (didn't bet)



PokerStars Zoom Hand #255150835579:  Hold'em No Limit ($0.05/$0.10) - 2025/03/05 16:55:08 CET [2025/03/05 10:55:08 ET]
Table 'Aludra' 6-max Seat #1 is the button
Seat 1: calum101 ($15.51 in chips) 
Seat 2: Windows 21xp ($10 in chips) 
Seat 3: koribut ($10.65 in chips) 
Seat 4: Mahu2021 ($9.65 in chips) 
Seat 5: Bur1k ($5.82 in chips) 
Seat 6: JWRm8 ($11.07 in chips) 
Windows 21xp: posts small blind $0.05
koribut: posts big blind $0.10
*** HOLE CARDS ***
Dealt to Mahu2021 [5h 8s]
Mahu2021: folds 
Bur1k: folds 
JWRm8: raises $0.15 to $0.25
calum101: folds 
Windows 21xp: folds 
koribut: raises $0.75 to $1
JWRm8: folds 
Uncalled bet ($0.75) returned to koribut
koribut collected $0.55 from pot
koribut: doesn't show hand 
*** SUMMARY ***
Total pot $0.55 | Rake $0 
Seat 1: calum101 (button) folded before Flop (didn't bet)
Seat 2: Windows 21xp (small blind) folded before Flop
Seat 3: koribut (big blind) collected ($0.55)
Seat 4: Mahu2021 folded before Flop (didn't bet)
Seat 5: Bur1k folded before Flop (didn't bet)
Seat 6: JWRm8 folded before Flop



PokerStars Zoom Hand #255150834931:  Hold'em No Limit ($0.05/$0.10) - 2025/03/05 16:55:04 CET [2025/03/05 10:55:04 ET]
Table 'Aludra' 6-max Seat #1 is the button
Seat 1: calum101 ($15.51 in chips) 
Seat 2: looser00091 ($17.15 in chips) 
Seat 3: DripFlex ($6 in chips) 
Seat 4: czaja99 ($10.33 in chips) 
Seat 5: DanC996 ($10.10 in chips) 
Seat 6: Mahu2021 ($9.65 in chips) 
looser00091: posts small blind $0.05
DripFlex: posts big blind $0.10
*** HOLE CARDS ***
Dealt to Mahu2021 [3c 7h]
czaja99: folds 
DanC996: raises $0.12 to $0.22
Mahu2021: folds 
calum101: folds 
looser00091: folds 
DripFlex: calls $0.12
*** FLOP *** [9s 3d Qc]
DripFlex: bets $0.10
DanC996: raises $0.32 to $0.42
DripFlex: calls $0.32
*** TURN *** [9s 3d Qc] [5c]
DripFlex: bets $0.10
DanC996: raises $0.90 to $1
DripFlex: calls $0.90
*** RIVER *** [9s 3d Qc 5c] [Jd]
DripFlex: checks 
DanC996: checks 
*** SHOW DOWN ***
DripFlex: shows [Ad Qs] (a pair of Queens)
DanC996: mucks hand 
DripFlex collected $3.14 from pot
*** SUMMARY ***
Total pot $3.33 | Rake $0.19 
Board [9s 3d Qc 5c Jd]
Seat 1: calum101 (button) folded before Flop (didn't bet)
Seat 2: looser00091 (small blind) folded before Flop
Seat 3: DripFlex (big blind) showed [Ad Qs] and won ($3.14) with a pair of Queens
Seat 4: czaja99 folded before Flop (didn't bet)
Seat 5: DanC996 mucked [9d Ah]
Seat 6: Mahu2021 folded before Flop (didn't bet)



PokerStars Zoom Hand #255150836162:  Hold'em No Limit ($0.05/$0.10) - 2025/03/05 16:55:12 CET [2025/03/05 10:55:12 ET]
Table 'Aludra' 6-max Seat #1 is the button
Seat 1: kjmrc ($22.64 in chips) 
Seat 2: Mahu2021 ($9.65 in chips) 
Seat 3: crysjuhyan ($10.99 in chips) 
Seat 4: N|ghtm@r3 94 ($12.03 in chips) 
Seat 5: czaja99 ($12.51 in chips) 
Seat 6: WTF-OMG-TY ($6.94 in chips) 
Mahu2021: posts small blind $0.05
crysjuhyan: posts big blind $0.10
*** HOLE CARDS ***
Dealt to Mahu2021 [8h 2s]
N|ghtm@r3 94: raises $0.16 to $0.26
czaja99: folds 
WTF-OMG-TY: calls $0.26
kjmrc: folds 
Mahu2021: folds 
crysjuhyan: calls $0.16
*** FLOP *** [Kc 3d 6d]
crysjuhyan: bets $0.40
N|ghtm@r3 94: folds 
WTF-OMG-TY: calls $0.40
*** TURN *** [Kc 3d 6d] [Kh]
crysjuhyan: bets $0.40
WTF-OMG-TY: calls $0.40
*** RIVER *** [Kc 3d 6d Kh] [5s]
crysjuhyan: bets $0.90
WTF-OMG-TY: folds 
Uncalled bet ($0.90) returned to crysjuhyan
crysjuhyan collected $2.32 from pot
crysjuhyan: doesn't show hand 
*** SUMMARY ***
Total pot $2.43 | Rake $0.11 
Board [Kc 3d 6d Kh 5s]
Seat 1: kjmrc (button) folded before Flop (didn't bet)
Seat 2: Mahu2021 (small blind) folded before Flop
Seat 3: crysjuhyan (big blind) collected ($2.32)
Seat 4: N|ghtm@r3 94 folded on the Flop
Seat 5: czaja99 folded before Flop (didn't bet)
Seat 6: WTF-OMG-TY folded on the River



PokerStars Zoom Hand #255150837527:  Hold'em No Limit ($0.05/$0.10) - 2025/03/05 16:55:21 CET [2025/03/05 10:55:21 ET]
Table 'Aludra' 6-max Seat #1 is the button
Seat 1: czaja99 ($12.51 in chips) 
Seat 2: investor2ne1 ($13.18 in chips) 
Seat 3: Mahu2021 ($9.60 in chips) 
Seat 4: acd_045 ($10 in chips) 
Seat 5: JDYOLL ($13.64 in chips) 
Seat 6: Bamblbi2G ($4.42 in chips) 
investor2ne1: posts small blind $0.05
Mahu2021: posts big blind $0.10
*** HOLE CARDS ***
Dealt to Mahu2021 [8s Ts]
acd_045: folds 
JDYOLL: folds 
Bamblbi2G: raises $0.10 to $0.20
czaja99: folds 
investor2ne1: folds 
Mahu2021: calls $0.10
*** FLOP *** [4d Kd Tc]
Mahu2021: checks 
Bamblbi2G: bets $0.22
Mahu2021: calls $0.22
*** TURN *** [4d Kd Tc] [3h]
Mahu2021: checks 
Bamblbi2G: checks 
*** RIVER *** [4d Kd Tc 3h] [Kh]
Mahu2021: bets $0.85
Bamblbi2G: folds 
Uncalled bet ($0.85) returned to Mahu2021
Mahu2021 collected $0.85 from pot
Mahu2021: doesn't show hand 
*** SUMMARY ***
Total pot $0.89 | Rake $0.04 
Board [4d Kd Tc 3h Kh]
Seat 1: czaja99 (button) folded before Flop (didn't bet)
Seat 2: investor2ne1 (small blind) folded before Flop
Seat 3: Mahu2021 (big blind) collected ($0.85)
Seat 4: acd_045 folded before Flop (didn't bet)
Seat 5: JDYOLL folded before Flop (didn't bet)
Seat 6: Bamblbi2G folded on the River



PokerStars Zoom Hand #255150846853:  Hold'em No Limit ($0.05/$0.10) - 2025/03/05 16:56:23 CET [2025/03/05 10:56:23 ET]
Table 'Aludra' 6-max Seat #1 is the button
Seat 1: vicegoodman ($10 in chips) 
Seat 2: maxjenics ($10.10 in chips) 
Seat 3: Mahu2021 ($9.98 in chips) 
Seat 4: IVERNMAN ($10.55 in chips) 
Seat 5: Gremalcan2020 ($10.85 in chips) 
Seat 6: sorser111 ($5.13 in chips) 
maxjenics: posts small blind $0.05
Mahu2021: posts big blind $0.10
*** HOLE CARDS ***
Dealt to Mahu2021 [3s Kc]
IVERNMAN: folds 
Gremalcan2020: folds 
sorser111: folds 
vicegoodman: raises $0.15 to $0.25
maxjenics: folds 
Mahu2021: folds 
Uncalled bet ($0.15) returned to vicegoodman
vicegoodman collected $0.25 from pot
vicegoodman: doesn't show hand 
*** SUMMARY ***
Total pot $0.25 | Rake $0 
Seat 1: vicegoodman (button) collected ($0.25)
Seat 2: maxjenics (small blind) folded before Flop
Seat 3: Mahu2021 (big blind) folded before Flop
Seat 4: IVERNMAN folded before Flop (didn't bet)
Seat 5: Gremalcan2020 folded before Flop (didn't bet)
Seat 6: sorser111 folded before Flop (didn't bet)



PokerStars Zoom Hand #255150844579:  Hold'em No Limit ($0.05/$0.10) - 2025/03/05 16:56:08 CET [2025/03/05 10:56:08 ET]
Table 'Aludra' 6-max Seat #1 is the button
Seat 1: JWRm8 ($10.67 in chips) 
Seat 2: iudicus ($10 in chips) 
Seat 3: mrDredlexa ($18.92 in chips) 
Seat 4: JDYOLL ($14.14 in chips) 
Seat 5: Mahu2021 ($10.03 in chips) 
Seat 6: pls4betme_now ($10 in chips) 
iudicus: posts small blind $0.05
mrDredlexa: posts big blind $0.10
*** HOLE CARDS ***
Dealt to Mahu2021 [7d Jh]
JDYOLL: folds 
Mahu2021: folds 
pls4betme_now: folds 
JWRm8: folds 
iudicus: raises $0.30 to $0.40
mrDredlexa: folds 
Uncalled bet ($0.30) returned to iudicus
iudicus collected $0.20 from pot
iudicus: doesn't show hand 
*** SUMMARY ***
Total pot $0.20 | Rake $0 
Seat 1: JWRm8 (button) folded before Flop (didn't bet)
Seat 2: iudicus (small blind) collected ($0.20)
Seat 3: mrDredlexa (big blind) folded before Flop
Seat 4: JDYOLL folded before Flop (didn't bet)
Seat 5: Mahu2021 folded before Flop (didn't bet)
Seat 6: pls4betme_now folded before Flop (didn't bet)



PokerStars Zoom Hand #255150845896:  Hold'em No Limit ($0.05/$0.10) - 2025/03/05 16:56:17 CET [2025/03/05 10:56:17 ET]
Table 'Aludra' 6-max Seat #1 is the button
Seat 1: sorser111 ($5.13 in chips) 
Seat 2: Mahu2021 ($10.03 in chips) 
Seat 3: Thunder155 ($10.59 in chips) 
Seat 4: IVERNMAN ($10.88 in chips) 
Seat 5: Always Thx ($10 in chips) 
Seat 6: acd_045 ($12.72 in chips) 
Mahu2021: posts small blind $0.05
Thunder155: posts big blind $0.10
*** HOLE CARDS ***
Dealt to Mahu2021 [9c 4s]
IVERNMAN: folds 
Always Thx: raises $0.15 to $0.25
acd_045: raises $0.55 to $0.80
sorser111: folds 
Mahu2021: folds 
Thunder155: folds 
Always Thx: raises $1.40 to $2.20
acd_045: folds 
Uncalled bet ($1.40) returned to Always Thx
Always Thx collected $1.75 from pot
Always Thx: doesn't show hand 
*** SUMMARY ***
Total pot $1.75 | Rake $0 
Seat 1: sorser111 (button) folded before Flop (didn't bet)
Seat 2: Mahu2021 (small blind) folded before Flop
Seat 3: Thunder155 (big blind) folded before Flop
Seat 4: IVERNMAN folded before Flop (didn't bet)
Seat 5: Always Thx collected ($1.75)
Seat 6: acd_045 folded before Flop



PokerStars Zoom Hand #255150848274:  Hold'em No Limit ($0.05/$0.10) - 2025/03/05 16:56:32 CET [2025/03/05 10:56:32 ET]
Table 'Aludra' 6-max Seat #1 is the button
Seat 1: looser00091 ($12.92 in chips) 
Seat 2: aaasss422 ($11.86 in chips) 
Seat 3: reaffiliate ($9.85 in chips) 
Seat 4: czaja99 ($12.36 in chips) 
Seat 5: Mahu2021 ($9.88 in chips) 
Seat 6: calum101 ($15.26 in chips) 
aaasss422: posts small blind $0.05
reaffiliate: posts big blind $0.10
*** HOLE CARDS ***
Dealt to Mahu2021 [3s 5d]
czaja99: raises $0.10 to $0.20
Mahu2021: folds 
calum101: folds 
looser00091: folds 
aaasss422: folds 
reaffiliate: folds 
Uncalled bet ($0.10) returned to czaja99
czaja99 collected $0.25 from pot
czaja99: doesn't show hand 
*** SUMMARY ***
Total pot $0.25 | Rake $0 
Seat 1: looser00091 (button) folded before Flop (didn't bet)
Seat 2: aaasss422 (small blind) folded before Flop
Seat 3: reaffiliate (big blind) folded before Flop
Seat 4: czaja99 collected ($0.25)
Seat 5: Mahu2021 folded before Flop (didn't bet)
Seat 6: calum101 folded before Flop (didn't bet)



PokerStars Zoom Hand #255150844089:  Hold'em No Limit ($0.05/$0.10) - 2025/03/05 16:56:05 CET [2025/03/05 10:56:05 ET]
Table 'Aludra' 6-max Seat #1 is the button
Seat 1: Mahu2021 ($10.03 in chips) 
Seat 2: acd_045 ($12.77 in chips) 
Seat 3: milleke1979 ($7.57 in chips) 
Seat 4: Magoya8 ($10.05 in chips) 
Seat 5: looser00091 ($17 in chips) 
Seat 6: investor2ne1 ($13.13 in chips) 
acd_045: posts small blind $0.05
milleke1979: posts big blind $0.10
*** HOLE CARDS ***
Dealt to Mahu2021 [3d 5s]
Magoya8: raises $0.15 to $0.25
looser00091: folds 
investor2ne1: calls $0.25
Mahu2021: folds 
acd_045: folds 
milleke1979: folds 
*** FLOP *** [Qs Qh 3c]
Magoya8: bets $0.19
investor2ne1: raises $0.21 to $0.40
Magoya8: calls $0.21
*** TURN *** [Qs Qh 3c] [8s]
Magoya8: checks 
investor2ne1: bets $0.69
Magoya8: calls $0.69
*** RIVER *** [Qs Qh 3c 8s] [Jh]
Magoya8: checks 
investor2ne1: checks 
*** SHOW DOWN ***
Magoya8: shows [Jc Qc] (a full house, Queens full of Jacks)
investor2ne1: mucks hand 
Magoya8 collected $2.70 from pot
*** SUMMARY ***
Total pot $2.83 | Rake $0.13 
Board [Qs Qh 3c 8s Jh]
Seat 1: Mahu2021 (button) folded before Flop (didn't bet)
Seat 2: acd_045 (small blind) folded before Flop
Seat 3: milleke1979 (big blind) folded before Flop
Seat 4: Magoya8 showed [Jc Qc] and won ($2.70) with a full house, Queens full of Jacks
Seat 5: looser00091 folded before Flop (didn't bet)
Seat 6: investor2ne1 mucked [7h 7s]



PokerStars Zoom Hand #255150848974:  Hold'em No Limit ($0.05/$0.10) - 2025/03/05 16:56:37 CET [2025/03/05 10:56:37 ET]
Table 'Aludra' 6-max Seat #1 is the button
Seat 1: Mahu2021 ($9.88 in chips) 
Seat 2: WTF-OMG-TY ($14.83 in chips) 
Seat 3: IVERNMAN ($10.55 in chips) 
Seat 4: iron b-man ($10.35 in chips) 
Seat 5: Always Thx ($23 in chips) 
Seat 6: acd_045 ($10.10 in chips) 
WTF-OMG-TY: posts small blind $0.05
IVERNMAN: posts big blind $0.10
*** HOLE CARDS ***
Dealt to Mahu2021 [9h As]
iron b-man: folds 
Always Thx: folds 
acd_045: raises $0.15 to $0.25
Mahu2021: calls $0.25
WTF-OMG-TY: folds 
IVERNMAN: folds 
*** FLOP *** [Ah Ac 4c]
acd_045: checks 
Mahu2021: bets $0.20
acd_045: calls $0.20
*** TURN *** [Ah Ac 4c] [Tc]
acd_045: checks 
Mahu2021: bets $0.20
acd_045: calls $0.20
*** RIVER *** [Ah Ac 4c Tc] [3s]
acd_045: checks 
Mahu2021: bets $1.38
acd_045: folds 
Uncalled bet ($1.38) returned to Mahu2021
Mahu2021 collected $1.38 from pot
Mahu2021: doesn't show hand 
*** SUMMARY ***
Total pot $1.45 | Rake $0.07 
Board [Ah Ac 4c Tc 3s]
Seat 1: Mahu2021 (button) collected ($1.38)
Seat 2: WTF-OMG-TY (small blind) folded before Flop
Seat 3: IVERNMAN (big blind) folded before Flop
Seat 4: iron b-man folded before Flop (didn't bet)
Seat 5: Always Thx folded before Flop (didn't bet)
Seat 6: acd_045 folded on the River



PokerStars Zoom Hand #255150845291:  Hold'em No Limit ($0.05/$0.10) - 2025/03/05 16:56:13 CET [2025/03/05 10:56:13 ET]
Table 'Aludra' 6-max Seat #1 is the button
Seat 1: Kadjadaniell ($9.52 in chips) 
Seat 2: Bur1k ($6.16 in chips) 
Seat 3: looser00091 ($17 in chips) 
Seat 4: Mahu2021 ($10.03 in chips) 
Seat 5: maxjenics ($10.10 in chips) 
Seat 6: IVERNMAN ($10.88 in chips) 
Bur1k: posts small blind $0.05
looser00091: posts big blind $0.10
*** HOLE CARDS ***
Dealt to Mahu2021 [6c Ks]
Mahu2021: folds 
maxjenics: folds 
IVERNMAN: folds 
Kadjadaniell: raises $0.10 to $0.20
Bur1k: folds 
looser00091: calls $0.10
*** FLOP *** [Qc 5d Js]
looser00091: checks 
Kadjadaniell: bets $0.20
looser00091: calls $0.20
*** TURN *** [Qc 5d Js] [9c]
looser00091: checks 
Kadjadaniell: checks 
*** RIVER *** [Qc 5d Js 9c] [Ac]
looser00091: checks 
Kadjadaniell: bets $0.41
looser00091: raises $0.79 to $1.20
Kadjadaniell: folds 
Uncalled bet ($0.79) returned to looser00091
looser00091 collected $1.59 from pot
looser00091: doesn't show hand 
*** SUMMARY ***
Total pot $1.67 | Rake $0.08 
Board [Qc 5d Js 9c Ac]
Seat 1: Kadjadaniell (button) folded on the River
Seat 2: Bur1k (small blind) folded before Flop
Seat 3: looser00091 (big blind) collected ($1.59)
Seat 4: Mahu2021 folded before Flop (didn't bet)
Seat 5: maxjenics folded before Flop (didn't bet)
Seat 6: IVERNMAN folded before Flop (didn't bet)



