PokerStars Hand #242971017829: Tournament #3574244606, $0.92+$0.08 USD Hold'em No Limit - Level I (10/20) - 2023/04/08 22:55:12 CET [2023/04/08 16:55:12 ET]
Table '3574244606 1' 3-max Seat #1 is the button
Seat 1: Hopey2123 (500 in chips) 
Seat 2: Mahu2021 (500 in chips) 
Seat 3: slapikura (500 in chips) 
Mahu2021: posts small blind 10
slapikura: posts big blind 20
*** HOLE CARDS ***
Dealt to Mahu2021 [3s Ac]
Hopey2123: folds 
Mahu2021: calls 10
slapikura: checks 
*** FLOP *** [Kc Qd Jc]
Mahu2021: checks 
slapikura: bets 20
Mahu2021: calls 20
*** TURN *** [Kc Qd Jc] [2c]
Mahu2021: checks 
slapikura: checks 
*** RIVER *** [Kc Qd Jc 2c] [5s]
Mahu2021: bets 40
slapikura: folds 
Uncalled bet (40) returned to Mahu2021
Mahu2021 collected 80 from pot
Mahu2021: doesn't show hand 
*** SUMMARY ***
Total pot 80 | Rake 0 
Board [Kc Qd Jc 2c 5s]
Seat 1: Hopey2123 (button) folded before Flop (didn't bet)
Seat 2: Mahu2021 (small blind) collected (80)
Seat 3: slapikura (big blind) folded on the River



PokerStars Hand #242971022395: Tournament #3574244606, $0.92+$0.08 USD Hold'em No Limit - Level I (10/20) - 2023/04/08 22:55:29 CET [2023/04/08 16:55:29 ET]
Table '3574244606 1' 3-max Seat #2 is the button
Seat 1: Hopey2123 (500 in chips) 
Seat 2: Mahu2021 (540 in chips) 
Seat 3: slapikura (460 in chips) 
slapikura: posts small blind 10
Hopey2123: posts big blind 20
*** HOLE CARDS ***
Dealt to Mahu2021 [Qh 5h]
Mahu2021: calls 20
slapikura: folds 
Hopey2123: checks 
*** FLOP *** [5s Qd 2d]
Hopey2123: checks 
Mahu2021: checks 
*** TURN *** [5s Qd 2d] [6h]
Hopey2123: checks 
Mahu2021: checks 
*** RIVER *** [5s Qd 2d 6h] [8d]
Hopey2123: checks 
Mahu2021: bets 40
Hopey2123: folds 
Uncalled bet (40) returned to Mahu2021
Mahu2021 collected 50 from pot
Mahu2021: doesn't show hand 
*** SUMMARY ***
Total pot 50 | Rake 0 
Board [5s Qd 2d 6h 8d]
Seat 1: Hopey2123 (big blind) folded on the River
Seat 2: Mahu2021 (button) collected (50)
Seat 3: slapikura (small blind) folded before Flop



PokerStars Hand #242971028864: Tournament #3574244606, $0.92+$0.08 USD Hold'em No Limit - Level I (10/20) - 2023/04/08 22:55:53 CET [2023/04/08 16:55:53 ET]
Table '3574244606 1' 3-max Seat #3 is the button
Seat 1: Hopey2123 (480 in chips) 
Seat 2: Mahu2021 (570 in chips) 
Seat 3: slapikura (450 in chips) 
Hopey2123: posts small blind 10
Mahu2021: posts big blind 20
*** HOLE CARDS ***
Dealt to Mahu2021 [Qh 2d]
slapikura: folds 
Hopey2123: folds 
Uncalled bet (10) returned to Mahu2021
Mahu2021 collected 20 from pot
Mahu2021: doesn't show hand 
*** SUMMARY ***
Total pot 20 | Rake 0 
Seat 1: Hopey2123 (small blind) folded before Flop
Seat 2: Mahu2021 (big blind) collected (20)
Seat 3: slapikura (button) folded before Flop (didn't bet)



PokerStars Hand #242971031343: Tournament #3574244606, $0.92+$0.08 USD Hold'em No Limit - Level I (10/20) - 2023/04/08 22:56:02 CET [2023/04/08 16:56:02 ET]
Table '3574244606 1' 3-max Seat #1 is the button
Seat 1: Hopey2123 (470 in chips) 
Seat 2: Mahu2021 (580 in chips) 
Seat 3: slapikura (450 in chips) 
Mahu2021: posts small blind 10
slapikura: posts big blind 20
*** HOLE CARDS ***
Dealt to Mahu2021 [8h As]
Hopey2123: folds 
Mahu2021: calls 10
slapikura: checks 
*** FLOP *** [2c 8s Ks]
Mahu2021: checks 
slapikura: bets 31
Mahu2021: calls 31
*** TURN *** [2c 8s Ks] [Ad]
Mahu2021: checks 
slapikura: bets 51
Mahu2021: raises 478 to 529 and is all-in
slapikura: folds 
Uncalled bet (478) returned to Mahu2021
Mahu2021 collected 204 from pot
Mahu2021: doesn't show hand 
*** SUMMARY ***
Total pot 204 | Rake 0 
Board [2c 8s Ks Ad]
Seat 1: Hopey2123 (button) folded before Flop (didn't bet)
Seat 2: Mahu2021 (small blind) collected (204)
Seat 3: slapikura (big blind) folded on the Turn



PokerStars Hand #242971039914: Tournament #3574244606, $0.92+$0.08 USD Hold'em No Limit - Level I (10/20) - 2023/04/08 22:56:33 CET [2023/04/08 16:56:33 ET]
Table '3574244606 1' 3-max Seat #2 is the button
Seat 1: Hopey2123 (470 in chips) 
Seat 2: Mahu2021 (682 in chips) 
Seat 3: slapikura (348 in chips) 
slapikura: posts small blind 10
Hopey2123: posts big blind 20
*** HOLE CARDS ***
Dealt to Mahu2021 [Ad 2h]
Mahu2021: calls 20
slapikura: calls 10
Hopey2123: checks 
*** FLOP *** [5s 8c Ts]
slapikura: bets 46
Hopey2123: folds 
Mahu2021: folds 
Uncalled bet (46) returned to slapikura
slapikura collected 60 from pot
slapikura: doesn't show hand 
*** SUMMARY ***
Total pot 60 | Rake 0 
Board [5s 8c Ts]
Seat 1: Hopey2123 (big blind) folded on the Flop
Seat 2: Mahu2021 (button) folded on the Flop
Seat 3: slapikura (small blind) collected (60)



PokerStars Hand #242971044724: Tournament #3574244606, $0.92+$0.08 USD Hold'em No Limit - Level I (10/20) - 2023/04/08 22:56:50 CET [2023/04/08 16:56:50 ET]
Table '3574244606 1' 3-max Seat #3 is the button
Seat 1: Hopey2123 (450 in chips) 
Seat 2: Mahu2021 (662 in chips) 
Seat 3: slapikura (388 in chips) 
Hopey2123: posts small blind 10
Mahu2021: posts big blind 20
*** HOLE CARDS ***
Dealt to Mahu2021 [6s 9s]
slapikura: folds 
Hopey2123: calls 10
Mahu2021: checks 
*** FLOP *** [5h 4c Td]
Hopey2123: checks 
Mahu2021: checks 
*** TURN *** [5h 4c Td] [Ac]
Hopey2123: checks 
Mahu2021: checks 
*** RIVER *** [5h 4c Td Ac] [Ts]
Hopey2123: checks 
Mahu2021: checks 
*** SHOW DOWN ***
Hopey2123: shows [5d Qd] (two pair, Tens and Fives)
Mahu2021: mucks hand 
Hopey2123 collected 40 from pot
*** SUMMARY ***
Total pot 40 | Rake 0 
Board [5h 4c Td Ac Ts]
Seat 1: Hopey2123 (small blind) showed [5d Qd] and won (40) with two pair, Tens and Fives
Seat 2: Mahu2021 (big blind) mucked [6s 9s]
Seat 3: slapikura (button) folded before Flop (didn't bet)



PokerStars Hand #242971052963: Tournament #3574244606, $0.92+$0.08 USD Hold'em No Limit - Level I (10/20) - 2023/04/08 22:57:20 CET [2023/04/08 16:57:20 ET]
Table '3574244606 1' 3-max Seat #1 is the button
Seat 1: Hopey2123 (470 in chips) 
Seat 2: Mahu2021 (642 in chips) 
Seat 3: slapikura (388 in chips) 
Mahu2021: posts small blind 10
slapikura: posts big blind 20
*** HOLE CARDS ***
Dealt to Mahu2021 [7d 9h]
Hopey2123: folds 
Mahu2021: folds 
Uncalled bet (10) returned to slapikura
slapikura collected 20 from pot
slapikura: doesn't show hand 
*** SUMMARY ***
Total pot 20 | Rake 0 
Seat 1: Hopey2123 (button) folded before Flop (didn't bet)
Seat 2: Mahu2021 (small blind) folded before Flop
Seat 3: slapikura (big blind) collected (20)



PokerStars Hand #242971054622: Tournament #3574244606, $0.92+$0.08 USD Hold'em No Limit - Level I (10/20) - 2023/04/08 22:57:26 CET [2023/04/08 16:57:26 ET]
Table '3574244606 1' 3-max Seat #2 is the button
Seat 1: Hopey2123 (470 in chips) 
Seat 2: Mahu2021 (632 in chips) 
Seat 3: slapikura (398 in chips) 
slapikura: posts small blind 10
Hopey2123: posts big blind 20
*** HOLE CARDS ***
Dealt to Mahu2021 [4h Ac]
Mahu2021: calls 20
slapikura: calls 10
Hopey2123: checks 
*** FLOP *** [3h Td 3d]
slapikura: checks 
Hopey2123: checks 
Mahu2021: bets 20
slapikura: folds 
Hopey2123: folds 
Uncalled bet (20) returned to Mahu2021
Mahu2021 collected 60 from pot
Mahu2021: doesn't show hand 
*** SUMMARY ***
Total pot 60 | Rake 0 
Board [3h Td 3d]
Seat 1: Hopey2123 (big blind) folded on the Flop
Seat 2: Mahu2021 (button) collected (60)
Seat 3: slapikura (small blind) folded on the Flop



PokerStars Hand #242971060178: Tournament #3574244606, $0.92+$0.08 USD Hold'em No Limit - Level I (10/20) - 2023/04/08 22:57:46 CET [2023/04/08 16:57:46 ET]
Table '3574244606 1' 3-max Seat #3 is the button
Seat 1: Hopey2123 (450 in chips) 
Seat 2: Mahu2021 (672 in chips) 
Seat 3: slapikura (378 in chips) 
Hopey2123: posts small blind 10
Mahu2021: posts big blind 20
*** HOLE CARDS ***
Dealt to Mahu2021 [2s 3h]
slapikura: folds 
Hopey2123: calls 10
Mahu2021: checks 
*** FLOP *** [7h Jd 3s]
Hopey2123: checks 
Mahu2021: checks 
*** TURN *** [7h Jd 3s] [Jh]
Hopey2123: checks 
Mahu2021: bets 20
Hopey2123: calls 20
*** RIVER *** [7h Jd 3s Jh] [Td]
Hopey2123: checks 
Mahu2021: checks 
*** SHOW DOWN ***
Hopey2123: shows [Qh Kh] (a pair of Jacks)
Mahu2021: shows [2s 3h] (two pair, Jacks and Threes)
Mahu2021 collected 80 from pot
*** SUMMARY ***
Total pot 80 | Rake 0 
Board [7h Jd 3s Jh Td]
Seat 1: Hopey2123 (small blind) showed [Qh Kh] and lost with a pair of Jacks
Seat 2: Mahu2021 (big blind) showed [2s 3h] and won (80) with two pair, Jacks and Threes
Seat 3: slapikura (button) folded before Flop (didn't bet)



PokerStars Hand #242971066668: Tournament #3574244606, $0.92+$0.08 USD Hold'em No Limit - Level I (10/20) - 2023/04/08 22:58:10 CET [2023/04/08 16:58:10 ET]
Table '3574244606 1' 3-max Seat #1 is the button
Seat 1: Hopey2123 (410 in chips) 
Seat 2: Mahu2021 (712 in chips) 
Seat 3: slapikura (378 in chips) 
Mahu2021: posts small blind 10
slapikura: posts big blind 20
*** HOLE CARDS ***
Dealt to Mahu2021 [4h 8s]
Hopey2123: folds 
Mahu2021: folds 
Uncalled bet (10) returned to slapikura
slapikura collected 20 from pot
slapikura: doesn't show hand 
*** SUMMARY ***
Total pot 20 | Rake 0 
Seat 1: Hopey2123 (button) folded before Flop (didn't bet)
Seat 2: Mahu2021 (small blind) folded before Flop
Seat 3: slapikura (big blind) collected (20)



PokerStars Hand #242971069482: Tournament #3574244606, $0.92+$0.08 USD Hold'em No Limit - Level II (15/30) - 2023/04/08 22:58:20 CET [2023/04/08 16:58:20 ET]
Table '3574244606 1' 3-max Seat #2 is the button
Seat 1: Hopey2123 (410 in chips) 
Seat 2: Mahu2021 (702 in chips) 
Seat 3: slapikura (388 in chips) 
slapikura: posts small blind 15
Hopey2123: posts big blind 30
*** HOLE CARDS ***
Dealt to Mahu2021 [3c 7d]
Mahu2021: folds 
slapikura: calls 15
Hopey2123: checks 
*** FLOP *** [8h 7s 3h]
slapikura: checks 
Hopey2123: checks 
*** TURN *** [8h 7s 3h] [6c]
slapikura: checks 
Hopey2123: checks 
*** RIVER *** [8h 7s 3h 6c] [Kc]
slapikura: checks 
Hopey2123: checks 
*** SHOW DOWN ***
slapikura: shows [2s 5c] (high card King)
Hopey2123: shows [Kd As] (a pair of Kings)
Hopey2123 collected 60 from pot
*** SUMMARY ***
Total pot 60 | Rake 0 
Board [8h 7s 3h 6c Kc]
Seat 1: Hopey2123 (big blind) showed [Kd As] and won (60) with a pair of Kings
Seat 2: Mahu2021 (button) folded before Flop (didn't bet)
Seat 3: slapikura (small blind) showed [2s 5c] and lost with high card King



PokerStars Hand #242971075700: Tournament #3574244606, $0.92+$0.08 USD Hold'em No Limit - Level II (15/30) - 2023/04/08 22:58:42 CET [2023/04/08 16:58:42 ET]
Table '3574244606 1' 3-max Seat #3 is the button
Seat 1: Hopey2123 (440 in chips) 
Seat 2: Mahu2021 (702 in chips) 
Seat 3: slapikura (358 in chips) 
Hopey2123: posts small blind 15
Mahu2021: posts big blind 30
*** HOLE CARDS ***
Dealt to Mahu2021 [5h 3s]
slapikura: raises 30 to 60
Hopey2123: calls 45
Mahu2021: calls 30
*** FLOP *** [Ad 9c As]
Hopey2123: checks 
Mahu2021: checks 
slapikura: bets 59
Hopey2123: calls 59
Mahu2021: folds 
*** TURN *** [Ad 9c As] [Tc]
Hopey2123: checks 
slapikura: checks 
*** RIVER *** [Ad 9c As Tc] [5d]
Hopey2123: checks 
slapikura: checks 
*** SHOW DOWN ***
Hopey2123: shows [4s 4h] (two pair, Aces and Fours)
slapikura: mucks hand 
Hopey2123 collected 298 from pot
*** SUMMARY ***
Total pot 298 | Rake 0 
Board [Ad 9c As Tc 5d]
Seat 1: Hopey2123 (small blind) showed [4s 4h] and won (298) with two pair, Aces and Fours
Seat 2: Mahu2021 (big blind) folded on the Flop
Seat 3: slapikura (button) mucked [Qd Jc]



PokerStars Hand #242971084387: Tournament #3574244606, $0.92+$0.08 USD Hold'em No Limit - Level II (15/30) - 2023/04/08 22:59:13 CET [2023/04/08 16:59:13 ET]
Table '3574244606 1' 3-max Seat #1 is the button
Seat 1: Hopey2123 (619 in chips) 
Seat 2: Mahu2021 (642 in chips) 
Seat 3: slapikura (239 in chips) 
Mahu2021: posts small blind 15
slapikura: posts big blind 30
*** HOLE CARDS ***
Dealt to Mahu2021 [2s As]
Hopey2123: calls 30
Mahu2021: calls 15
slapikura: checks 
*** FLOP *** [Th 2h 6d]
Mahu2021: checks 
slapikura: checks 
Hopey2123: checks 
*** TURN *** [Th 2h 6d] [7h]
Mahu2021: checks 
slapikura: checks 
Hopey2123: checks 
*** RIVER *** [Th 2h 6d 7h] [8h]
Mahu2021: checks 
slapikura: checks 
Hopey2123: checks 
*** SHOW DOWN ***
Mahu2021: shows [2s As] (a pair of Deuces)
slapikura: mucks hand 
Hopey2123: mucks hand 
Mahu2021 collected 90 from pot
*** SUMMARY ***
Total pot 90 | Rake 0 
Board [Th 2h 6d 7h 8h]
Seat 1: Hopey2123 (button) mucked [Jd 5d]
Seat 2: Mahu2021 (small blind) showed [2s As] and won (90) with a pair of Deuces
Seat 3: slapikura (big blind) mucked [2d Jc]



PokerStars Hand #242971093854: Tournament #3574244606, $0.92+$0.08 USD Hold'em No Limit - Level II (15/30) - 2023/04/08 22:59:47 CET [2023/04/08 16:59:47 ET]
Table '3574244606 1' 3-max Seat #2 is the button
Seat 1: Hopey2123 (589 in chips) 
Seat 2: Mahu2021 (702 in chips) 
Seat 3: slapikura (209 in chips) 
slapikura: posts small blind 15
Hopey2123: posts big blind 30
*** HOLE CARDS ***
Dealt to Mahu2021 [9c 4h]
Mahu2021: folds 
slapikura: raises 179 to 209 and is all-in
Hopey2123: folds 
Uncalled bet (179) returned to slapikura
slapikura collected 60 from pot
slapikura: doesn't show hand 
*** SUMMARY ***
Total pot 60 | Rake 0 
Seat 1: Hopey2123 (big blind) folded before Flop
Seat 2: Mahu2021 (button) folded before Flop (didn't bet)
Seat 3: slapikura (small blind) collected (60)



PokerStars Hand #242971096167: Tournament #3574244606, $0.92+$0.08 USD Hold'em No Limit - Level II (15/30) - 2023/04/08 22:59:55 CET [2023/04/08 16:59:55 ET]
Table '3574244606 1' 3-max Seat #3 is the button
Seat 1: Hopey2123 (559 in chips) 
Seat 2: Mahu2021 (702 in chips) 
Seat 3: slapikura (239 in chips) 
Hopey2123: posts small blind 15
Mahu2021: posts big blind 30
*** HOLE CARDS ***
Dealt to Mahu2021 [7c 8s]
slapikura: raises 209 to 239 and is all-in
Hopey2123: folds 
Mahu2021: folds 
Uncalled bet (209) returned to slapikura
slapikura collected 75 from pot
slapikura: doesn't show hand 
*** SUMMARY ***
Total pot 75 | Rake 0 
Seat 1: Hopey2123 (small blind) folded before Flop
Seat 2: Mahu2021 (big blind) folded before Flop
Seat 3: slapikura (button) collected (75)



PokerStars Hand #242971098146: Tournament #3574244606, $0.92+$0.08 USD Hold'em No Limit - Level II (15/30) - 2023/04/08 23:00:02 CET [2023/04/08 17:00:02 ET]
Table '3574244606 1' 3-max Seat #1 is the button
Seat 1: Hopey2123 (544 in chips) 
Seat 2: Mahu2021 (672 in chips) 
Seat 3: slapikura (284 in chips) 
Mahu2021: posts small blind 15
slapikura: posts big blind 30
*** HOLE CARDS ***
Dealt to Mahu2021 [4h 4d]
Hopey2123: folds 
Mahu2021: raises 642 to 672 and is all-in
slapikura: folds 
Uncalled bet (642) returned to Mahu2021
Mahu2021 collected 60 from pot
Mahu2021: doesn't show hand 
*** SUMMARY ***
Total pot 60 | Rake 0 
Seat 1: Hopey2123 (button) folded before Flop (didn't bet)
Seat 2: Mahu2021 (small blind) collected (60)
Seat 3: slapikura (big blind) folded before Flop



PokerStars Hand #242971100862: Tournament #3574244606, $0.92+$0.08 USD Hold'em No Limit - Level II (15/30) - 2023/04/08 23:00:12 CET [2023/04/08 17:00:12 ET]
Table '3574244606 1' 3-max Seat #2 is the button
Seat 1: Hopey2123 (544 in chips) 
Seat 2: Mahu2021 (702 in chips) 
Seat 3: slapikura (254 in chips) 
slapikura: posts small blind 15
Hopey2123: posts big blind 30
*** HOLE CARDS ***
Dealt to Mahu2021 [Qc 7h]
Mahu2021: folds 
slapikura: folds 
Uncalled bet (15) returned to Hopey2123
Hopey2123 collected 30 from pot
*** SUMMARY ***
Total pot 30 | Rake 0 
Seat 1: Hopey2123 (big blind) collected (30)
Seat 2: Mahu2021 (button) folded before Flop (didn't bet)
Seat 3: slapikura (small blind) folded before Flop



PokerStars Hand #242971102916: Tournament #3574244606, $0.92+$0.08 USD Hold'em No Limit - Level II (15/30) - 2023/04/08 23:00:19 CET [2023/04/08 17:00:19 ET]
Table '3574244606 1' 3-max Seat #3 is the button
Seat 1: Hopey2123 (559 in chips) 
Seat 2: Mahu2021 (702 in chips) 
Seat 3: slapikura (239 in chips) 
Hopey2123: posts small blind 15
Mahu2021: posts big blind 30
*** HOLE CARDS ***
Dealt to Mahu2021 [6h 5d]
slapikura: folds 
Hopey2123: calls 15
Mahu2021: checks 
*** FLOP *** [Js 8c 4d]
Hopey2123: checks 
Mahu2021: checks 
*** TURN *** [Js 8c 4d] [3c]
Hopey2123: checks 
Mahu2021: bets 60
Hopey2123: calls 60
*** RIVER *** [Js 8c 4d 3c] [8h]
Hopey2123: bets 469 and is all-in
Mahu2021: folds 
Uncalled bet (469) returned to Hopey2123
Hopey2123 collected 180 from pot
*** SUMMARY ***
Total pot 180 | Rake 0 
Board [Js 8c 4d 3c 8h]
Seat 1: Hopey2123 (small blind) collected (180)
Seat 2: Mahu2021 (big blind) folded on the River
Seat 3: slapikura (button) folded before Flop (didn't bet)



PokerStars Hand #242971110787: Tournament #3574244606, $0.92+$0.08 USD Hold'em No Limit - Level II (15/30) - 2023/04/08 23:00:45 CET [2023/04/08 17:00:45 ET]
Table '3574244606 1' 3-max Seat #1 is the button
Seat 1: Hopey2123 (649 in chips) 
Seat 2: Mahu2021 (612 in chips) 
Seat 3: slapikura (239 in chips) 
Mahu2021: posts small blind 15
slapikura: posts big blind 30
*** HOLE CARDS ***
Dealt to Mahu2021 [Td 4s]
Hopey2123: calls 30
Mahu2021: folds 
slapikura: checks 
*** FLOP *** [2h 6c 7c]
slapikura: checks 
Hopey2123: checks 
*** TURN *** [2h 6c 7c] [9d]
slapikura: checks 
Hopey2123: checks 
*** RIVER *** [2h 6c 7c 9d] [Jc]
slapikura: checks 
Hopey2123: checks 
*** SHOW DOWN ***
slapikura: shows [Qc 6h] (a pair of Sixes)
Hopey2123: shows [6s Js] (two pair, Jacks and Sixes)
Hopey2123 collected 75 from pot
*** SUMMARY ***
Total pot 75 | Rake 0 
Board [2h 6c 7c 9d Jc]
Seat 1: Hopey2123 (button) showed [6s Js] and won (75) with two pair, Jacks and Sixes
Seat 2: Mahu2021 (small blind) folded before Flop
Seat 3: slapikura (big blind) showed [Qc 6h] and lost with a pair of Sixes



PokerStars Hand #242971121205: Tournament #3574244606, $0.92+$0.08 USD Hold'em No Limit - Level III (20/40) - 2023/04/08 23:01:17 CET [2023/04/08 17:01:17 ET]
Table '3574244606 1' 3-max Seat #2 is the button
Seat 1: Hopey2123 (694 in chips) 
Seat 2: Mahu2021 (597 in chips) 
Seat 3: slapikura (209 in chips) 
slapikura: posts small blind 20
Hopey2123: posts big blind 40
*** HOLE CARDS ***
Dealt to Mahu2021 [8d Th]
Mahu2021: folds 
slapikura: calls 20
Hopey2123: checks 
*** FLOP *** [5s Js 6h]
slapikura: bets 40
Hopey2123: folds 
Uncalled bet (40) returned to slapikura
slapikura collected 80 from pot
slapikura: doesn't show hand 
*** SUMMARY ***
Total pot 80 | Rake 0 
Board [5s Js 6h]
Seat 1: Hopey2123 (big blind) folded on the Flop
Seat 2: Mahu2021 (button) folded before Flop (didn't bet)
Seat 3: slapikura (small blind) collected (80)



PokerStars Hand #242971126335: Tournament #3574244606, $0.92+$0.08 USD Hold'em No Limit - Level III (20/40) - 2023/04/08 23:01:32 CET [2023/04/08 17:01:32 ET]
Table '3574244606 1' 3-max Seat #3 is the button
Seat 1: Hopey2123 (654 in chips) 
Seat 2: Mahu2021 (597 in chips) 
Seat 3: slapikura (249 in chips) 
Hopey2123: posts small blind 20
Mahu2021: posts big blind 40
*** HOLE CARDS ***
Dealt to Mahu2021 [Ad 3c]
slapikura: folds 
Hopey2123: folds 
Uncalled bet (20) returned to Mahu2021
Mahu2021 collected 40 from pot
Mahu2021: doesn't show hand 
*** SUMMARY ***
Total pot 40 | Rake 0 
Seat 1: Hopey2123 (small blind) folded before Flop
Seat 2: Mahu2021 (big blind) collected (40)
Seat 3: slapikura (button) folded before Flop (didn't bet)



PokerStars Hand #242971128682: Tournament #3574244606, $0.92+$0.08 USD Hold'em No Limit - Level III (20/40) - 2023/04/08 23:01:38 CET [2023/04/08 17:01:38 ET]
Table '3574244606 1' 3-max Seat #1 is the button
Seat 1: Hopey2123 (634 in chips) 
Seat 2: Mahu2021 (617 in chips) 
Seat 3: slapikura (249 in chips) 
Mahu2021: posts small blind 20
slapikura: posts big blind 40
*** HOLE CARDS ***
Dealt to Mahu2021 [6d 2c]
Hopey2123: folds 
Mahu2021: folds 
Uncalled bet (20) returned to slapikura
slapikura collected 40 from pot
slapikura: doesn't show hand 
*** SUMMARY ***
Total pot 40 | Rake 0 
Seat 1: Hopey2123 (button) folded before Flop (didn't bet)
Seat 2: Mahu2021 (small blind) folded before Flop
Seat 3: slapikura (big blind) collected (40)



PokerStars Hand #242971130434: Tournament #3574244606, $0.92+$0.08 USD Hold'em No Limit - Level III (20/40) - 2023/04/08 23:01:43 CET [2023/04/08 17:01:43 ET]
Table '3574244606 1' 3-max Seat #2 is the button
Seat 1: Hopey2123 (634 in chips) 
Seat 2: Mahu2021 (597 in chips) 
Seat 3: slapikura (269 in chips) 
slapikura: posts small blind 20
Hopey2123: posts big blind 40
*** HOLE CARDS ***
Dealt to Mahu2021 [4d 7d]
Mahu2021: folds 
slapikura: raises 229 to 269 and is all-in
Hopey2123: folds 
Uncalled bet (229) returned to slapikura
slapikura collected 80 from pot
slapikura: doesn't show hand 
*** SUMMARY ***
Total pot 80 | Rake 0 
Seat 1: Hopey2123 (big blind) folded before Flop
Seat 2: Mahu2021 (button) folded before Flop (didn't bet)
Seat 3: slapikura (small blind) collected (80)



PokerStars Hand #242971138399: Tournament #3574244606, $0.92+$0.08 USD Hold'em No Limit - Level III (20/40) - 2023/04/08 23:02:03 CET [2023/04/08 17:02:03 ET]
Table '3574244606 1' 3-max Seat #3 is the button
Seat 1: Hopey2123 (594 in chips) 
Seat 2: Mahu2021 (597 in chips) 
Seat 3: slapikura (309 in chips) 
Hopey2123: posts small blind 20
Mahu2021: posts big blind 40
*** HOLE CARDS ***
Dealt to Mahu2021 [5c Th]
slapikura: folds 
Hopey2123: calls 20
Mahu2021: checks 
*** FLOP *** [5s 9h 3s]
Hopey2123: checks 
Mahu2021: bets 40
Hopey2123: calls 40
*** TURN *** [5s 9h 3s] [7d]
Hopey2123: checks 
Mahu2021: checks 
*** RIVER *** [5s 9h 3s 7d] [8s]
Hopey2123: bets 360
Mahu2021: folds 
Uncalled bet (360) returned to Hopey2123
Hopey2123 collected 160 from pot
*** SUMMARY ***
Total pot 160 | Rake 0 
Board [5s 9h 3s 7d 8s]
Seat 1: Hopey2123 (small blind) collected (160)
Seat 2: Mahu2021 (big blind) folded on the River
Seat 3: slapikura (button) folded before Flop (didn't bet)



PokerStars Hand #242971145593: Tournament #3574244606, $0.92+$0.08 USD Hold'em No Limit - Level III (20/40) - 2023/04/08 23:02:22 CET [2023/04/08 17:02:22 ET]
Table '3574244606 1' 3-max Seat #1 is the button
Seat 1: Hopey2123 (674 in chips) 
Seat 2: Mahu2021 (517 in chips) 
Seat 3: slapikura (309 in chips) 
Mahu2021: posts small blind 20
slapikura: posts big blind 40
*** HOLE CARDS ***
Dealt to Mahu2021 [6s 9c]
Hopey2123: calls 40
Mahu2021: calls 20
slapikura: checks 
*** FLOP *** [2h Qd 8s]
Mahu2021: checks 
slapikura: checks 
Hopey2123: checks 
*** TURN *** [2h Qd 8s] [Kh]
Mahu2021: checks 
slapikura: checks 
Hopey2123: checks 
*** RIVER *** [2h Qd 8s Kh] [2s]
Mahu2021: checks 
slapikura: bets 120
Hopey2123: calls 120
Mahu2021: folds 
*** SHOW DOWN ***
slapikura: shows [2c Ts] (three of a kind, Deuces)
Hopey2123: mucks hand 
slapikura collected 360 from pot
*** SUMMARY ***
Total pot 360 | Rake 0 
Board [2h Qd 8s Kh 2s]
Seat 1: Hopey2123 (button) mucked [4c Kc]
Seat 2: Mahu2021 (small blind) folded on the River
Seat 3: slapikura (big blind) showed [2c Ts] and won (360) with three of a kind, Deuces



PokerStars Hand #242971154624: Tournament #3574244606, $0.92+$0.08 USD Hold'em No Limit - Level III (20/40) - 2023/04/08 23:02:46 CET [2023/04/08 17:02:46 ET]
Table '3574244606 1' 3-max Seat #2 is the button
Seat 1: Hopey2123 (514 in chips) 
Seat 2: Mahu2021 (477 in chips) 
Seat 3: slapikura (509 in chips) 
slapikura: posts small blind 20
Hopey2123: posts big blind 40
*** HOLE CARDS ***
Dealt to Mahu2021 [Jd Qs]
Mahu2021: calls 40
slapikura: calls 20
Hopey2123: checks 
*** FLOP *** [7c Kc Tc]
slapikura: checks 
Hopey2123: checks 
Mahu2021: bets 120
slapikura: folds 
Hopey2123: folds 
Uncalled bet (120) returned to Mahu2021
Mahu2021 collected 120 from pot
Mahu2021: doesn't show hand 
*** SUMMARY ***
Total pot 120 | Rake 0 
Board [7c Kc Tc]
Seat 1: Hopey2123 (big blind) folded on the Flop
Seat 2: Mahu2021 (button) collected (120)
Seat 3: slapikura (small blind) folded on the Flop



PokerStars Hand #242971161694: Tournament #3574244606, $0.92+$0.08 USD Hold'em No Limit - Level III (20/40) - 2023/04/08 23:03:04 CET [2023/04/08 17:03:04 ET]
Table '3574244606 1' 3-max Seat #3 is the button
Seat 1: Hopey2123 (474 in chips) 
Seat 2: Mahu2021 (557 in chips) 
Seat 3: slapikura (469 in chips) 
Hopey2123: posts small blind 20
Mahu2021: posts big blind 40
*** HOLE CARDS ***
Dealt to Mahu2021 [8h 6s]
slapikura: folds 
Hopey2123: calls 20
Mahu2021: checks 
*** FLOP *** [2d 5h 7s]
Hopey2123: checks 
Mahu2021: bets 80
Hopey2123: raises 354 to 434 and is all-in
Mahu2021: calls 354
*** TURN *** [2d 5h 7s] [5d]
*** RIVER *** [2d 5h 7s 5d] [8s]
*** SHOW DOWN ***
Hopey2123: shows [7d Jd] (two pair, Sevens and Fives)
Mahu2021: shows [8h 6s] (two pair, Eights and Fives)
Mahu2021 collected 948 from pot
Hopey2123 finished the tournament in 3rd place
*** SUMMARY ***
Total pot 948 | Rake 0 
Board [2d 5h 7s 5d 8s]
Seat 1: Hopey2123 (small blind) showed [7d Jd] and lost with two pair, Sevens and Fives
Seat 2: Mahu2021 (big blind) showed [8h 6s] and won (948) with two pair, Eights and Fives
Seat 3: slapikura (button) folded before Flop (didn't bet)



PokerStars Hand #242971174022: Tournament #3574244606, $0.92+$0.08 USD Hold'em No Limit - Level III (20/40) - 2023/04/08 23:03:35 CET [2023/04/08 17:03:35 ET]
Table '3574244606 1' 3-max Seat #2 is the button
Seat 2: Mahu2021 (1031 in chips) 
Seat 3: slapikura (469 in chips) 
Mahu2021: posts small blind 20
slapikura: posts big blind 40
*** HOLE CARDS ***
Dealt to Mahu2021 [8s 2c]
Mahu2021: folds 
Uncalled bet (20) returned to slapikura
slapikura collected 40 from pot
slapikura: doesn't show hand 
*** SUMMARY ***
Total pot 40 | Rake 0 
Seat 2: Mahu2021 (button) (small blind) folded before Flop
Seat 3: slapikura (big blind) collected (40)



PokerStars Hand #242971175842: Tournament #3574244606, $0.92+$0.08 USD Hold'em No Limit - Level III (20/40) - 2023/04/08 23:03:40 CET [2023/04/08 17:03:40 ET]
Table '3574244606 1' 3-max Seat #3 is the button
Seat 2: Mahu2021 (1011 in chips) 
Seat 3: slapikura (489 in chips) 
slapikura: posts small blind 20
Mahu2021: posts big blind 40
*** HOLE CARDS ***
Dealt to Mahu2021 [Jd 9s]
slapikura: raises 449 to 489 and is all-in
Mahu2021: folds 
Uncalled bet (449) returned to slapikura
slapikura collected 80 from pot
slapikura: doesn't show hand 
*** SUMMARY ***
Total pot 80 | Rake 0 
Seat 2: Mahu2021 (big blind) folded before Flop
Seat 3: slapikura (button) (small blind) collected (80)



PokerStars Hand #242971179631: Tournament #3574244606, $0.92+$0.08 USD Hold'em No Limit - Level III (20/40) - 2023/04/08 23:03:49 CET [2023/04/08 17:03:49 ET]
Table '3574244606 1' 3-max Seat #2 is the button
Seat 2: Mahu2021 (971 in chips) 
Seat 3: slapikura (529 in chips) 
Mahu2021: posts small blind 20
slapikura: posts big blind 40
*** HOLE CARDS ***
Dealt to Mahu2021 [8c 3s]
Mahu2021: folds 
Uncalled bet (20) returned to slapikura
slapikura collected 40 from pot
slapikura: doesn't show hand 
*** SUMMARY ***
Total pot 40 | Rake 0 
Seat 2: Mahu2021 (button) (small blind) folded before Flop
Seat 3: slapikura (big blind) collected (40)



PokerStars Hand #242971181389: Tournament #3574244606, $0.92+$0.08 USD Hold'em No Limit - Level III (20/40) - 2023/04/08 23:03:54 CET [2023/04/08 17:03:54 ET]
Table '3574244606 1' 3-max Seat #3 is the button
Seat 2: Mahu2021 (951 in chips) 
Seat 3: slapikura (549 in chips) 
slapikura: posts small blind 20
Mahu2021: posts big blind 40
*** HOLE CARDS ***
Dealt to Mahu2021 [9s Qh]
slapikura: folds 
Uncalled bet (20) returned to Mahu2021
Mahu2021 collected 40 from pot
Mahu2021: doesn't show hand 
*** SUMMARY ***
Total pot 40 | Rake 0 
Seat 2: Mahu2021 (big blind) collected (40)
Seat 3: slapikura (button) (small blind) folded before Flop



PokerStars Hand #242971183890: Tournament #3574244606, $0.92+$0.08 USD Hold'em No Limit - Level III (20/40) - 2023/04/08 23:04:00 CET [2023/04/08 17:04:00 ET]
Table '3574244606 1' 3-max Seat #2 is the button
Seat 2: Mahu2021 (971 in chips) 
Seat 3: slapikura (529 in chips) 
Mahu2021: posts small blind 20
slapikura: posts big blind 40
*** HOLE CARDS ***
Dealt to Mahu2021 [Jh 3d]
Mahu2021: calls 20
slapikura: checks 
*** FLOP *** [9d 6c 3c]
slapikura: checks 
Mahu2021: bets 40
slapikura: calls 40
*** TURN *** [9d 6c 3c] [8d]
slapikura: checks 
Mahu2021: checks 
*** RIVER *** [9d 6c 3c 8d] [7d]
slapikura: bets 40
Mahu2021: calls 40
*** SHOW DOWN ***
slapikura: shows [5h Th] (a straight, Six to Ten)
Mahu2021: mucks hand 
slapikura collected 240 from pot
*** SUMMARY ***
Total pot 240 | Rake 0 
Board [9d 6c 3c 8d 7d]
Seat 2: Mahu2021 (button) (small blind) mucked [Jh 3d]
Seat 3: slapikura (big blind) showed [5h Th] and won (240) with a straight, Six to Ten



PokerStars Hand #242971192926: Tournament #3574244606, $0.92+$0.08 USD Hold'em No Limit - Level IV (30/60) - 2023/04/08 23:04:24 CET [2023/04/08 17:04:24 ET]
Table '3574244606 1' 3-max Seat #3 is the button
Seat 2: Mahu2021 (851 in chips) 
Seat 3: slapikura (649 in chips) 
slapikura: posts small blind 30
Mahu2021: posts big blind 60
*** HOLE CARDS ***
Dealt to Mahu2021 [Js 4c]
slapikura: folds 
Uncalled bet (30) returned to Mahu2021
Mahu2021 collected 60 from pot
Mahu2021: doesn't show hand 
*** SUMMARY ***
Total pot 60 | Rake 0 
Seat 2: Mahu2021 (big blind) collected (60)
Seat 3: slapikura (button) (small blind) folded before Flop



PokerStars Hand #242971194615: Tournament #3574244606, $0.92+$0.08 USD Hold'em No Limit - Level IV (30/60) - 2023/04/08 23:04:28 CET [2023/04/08 17:04:28 ET]
Table '3574244606 1' 3-max Seat #2 is the button
Seat 2: Mahu2021 (881 in chips) 
Seat 3: slapikura (619 in chips) 
Mahu2021: posts small blind 30
slapikura: posts big blind 60
*** HOLE CARDS ***
Dealt to Mahu2021 [4h 9c]
Mahu2021: folds 
Uncalled bet (30) returned to slapikura
slapikura collected 60 from pot
slapikura: doesn't show hand 
*** SUMMARY ***
Total pot 60 | Rake 0 
Seat 2: Mahu2021 (button) (small blind) folded before Flop
Seat 3: slapikura (big blind) collected (60)



PokerStars Hand #242971196484: Tournament #3574244606, $0.92+$0.08 USD Hold'em No Limit - Level IV (30/60) - 2023/04/08 23:04:33 CET [2023/04/08 17:04:33 ET]
Table '3574244606 1' 3-max Seat #3 is the button
Seat 2: Mahu2021 (851 in chips) 
Seat 3: slapikura (649 in chips) 
slapikura: posts small blind 30
Mahu2021: posts big blind 60
*** HOLE CARDS ***
Dealt to Mahu2021 [2c 8s]
slapikura: folds 
Uncalled bet (30) returned to Mahu2021
Mahu2021 collected 60 from pot
Mahu2021: doesn't show hand 
*** SUMMARY ***
Total pot 60 | Rake 0 
Seat 2: Mahu2021 (big blind) collected (60)
Seat 3: slapikura (button) (small blind) folded before Flop



PokerStars Hand #242971198455: Tournament #3574244606, $0.92+$0.08 USD Hold'em No Limit - Level IV (30/60) - 2023/04/08 23:04:37 CET [2023/04/08 17:04:37 ET]
Table '3574244606 1' 3-max Seat #2 is the button
Seat 2: Mahu2021 (881 in chips) 
Seat 3: slapikura (619 in chips) 
Mahu2021: posts small blind 30
slapikura: posts big blind 60
*** HOLE CARDS ***
Dealt to Mahu2021 [9s 3h]
Mahu2021: folds 
Uncalled bet (30) returned to slapikura
slapikura collected 60 from pot
slapikura: doesn't show hand 
*** SUMMARY ***
Total pot 60 | Rake 0 
Seat 2: Mahu2021 (button) (small blind) folded before Flop
Seat 3: slapikura (big blind) collected (60)



PokerStars Hand #242971200217: Tournament #3574244606, $0.92+$0.08 USD Hold'em No Limit - Level IV (30/60) - 2023/04/08 23:04:42 CET [2023/04/08 17:04:42 ET]
Table '3574244606 1' 3-max Seat #3 is the button
Seat 2: Mahu2021 (851 in chips) 
Seat 3: slapikura (649 in chips) 
slapikura: posts small blind 30
Mahu2021: posts big blind 60
*** HOLE CARDS ***
Dealt to Mahu2021 [5c 6d]
slapikura: calls 30
Mahu2021: checks 
*** FLOP *** [7c 9d Jh]
Mahu2021: checks 
slapikura: bets 60
Mahu2021: calls 60
*** TURN *** [7c 9d Jh] [2h]
Mahu2021: checks 
slapikura: checks 
*** RIVER *** [7c 9d Jh 2h] [9c]
Mahu2021: checks 
slapikura: checks 
*** SHOW DOWN ***
Mahu2021: shows [5c 6d] (a pair of Nines)
slapikura: shows [4d Qs] (a pair of Nines - Queen kicker)
slapikura collected 240 from pot
*** SUMMARY ***
Total pot 240 | Rake 0 
Board [7c 9d Jh 2h 9c]
Seat 2: Mahu2021 (big blind) showed [5c 6d] and lost with a pair of Nines
Seat 3: slapikura (button) (small blind) showed [4d Qs] and won (240) with a pair of Nines



PokerStars Hand #242971209713: Tournament #3574244606, $0.92+$0.08 USD Hold'em No Limit - Level IV (30/60) - 2023/04/08 23:05:06 CET [2023/04/08 17:05:06 ET]
Table '3574244606 1' 3-max Seat #2 is the button
Seat 2: Mahu2021 (731 in chips) 
Seat 3: slapikura (769 in chips) 
Mahu2021: posts small blind 30
slapikura: posts big blind 60
*** HOLE CARDS ***
Dealt to Mahu2021 [6c 5d]
Mahu2021: calls 30
slapikura: checks 
*** FLOP *** [Ac Qs Ah]
slapikura: checks 
Mahu2021: bets 60
slapikura: folds 
Uncalled bet (60) returned to Mahu2021
Mahu2021 collected 120 from pot
Mahu2021: doesn't show hand 
*** SUMMARY ***
Total pot 120 | Rake 0 
Board [Ac Qs Ah]
Seat 2: Mahu2021 (button) (small blind) collected (120)
Seat 3: slapikura (big blind) folded on the Flop



PokerStars Hand #242971217580: Tournament #3574244606, $0.92+$0.08 USD Hold'em No Limit - Level IV (30/60) - 2023/04/08 23:05:26 CET [2023/04/08 17:05:26 ET]
Table '3574244606 1' 3-max Seat #3 is the button
Seat 2: Mahu2021 (791 in chips) 
Seat 3: slapikura (709 in chips) 
slapikura: posts small blind 30
Mahu2021: posts big blind 60
*** HOLE CARDS ***
Dealt to Mahu2021 [5s Jh]
slapikura: calls 30
Mahu2021: checks 
*** FLOP *** [Kd 2c Qd]
Mahu2021: checks 
slapikura: bets 60
Mahu2021: folds 
Uncalled bet (60) returned to slapikura
slapikura collected 120 from pot
slapikura: doesn't show hand 
*** SUMMARY ***
Total pot 120 | Rake 0 
Board [Kd 2c Qd]
Seat 2: Mahu2021 (big blind) folded on the Flop
Seat 3: slapikura (button) (small blind) collected (120)



PokerStars Hand #242971222399: Tournament #3574244606, $0.92+$0.08 USD Hold'em No Limit - Level IV (30/60) - 2023/04/08 23:05:39 CET [2023/04/08 17:05:39 ET]
Table '3574244606 1' 3-max Seat #2 is the button
Seat 2: Mahu2021 (731 in chips) 
Seat 3: slapikura (769 in chips) 
Mahu2021: posts small blind 30
slapikura: posts big blind 60
*** HOLE CARDS ***
Dealt to Mahu2021 [8c 4d]
Mahu2021: folds 
Uncalled bet (30) returned to slapikura
slapikura collected 60 from pot
slapikura: doesn't show hand 
*** SUMMARY ***
Total pot 60 | Rake 0 
Seat 2: Mahu2021 (button) (small blind) folded before Flop
Seat 3: slapikura (big blind) collected (60)



PokerStars Hand #242971224232: Tournament #3574244606, $0.92+$0.08 USD Hold'em No Limit - Level IV (30/60) - 2023/04/08 23:05:43 CET [2023/04/08 17:05:43 ET]
Table '3574244606 1' 3-max Seat #3 is the button
Seat 2: Mahu2021 (701 in chips) 
Seat 3: slapikura (799 in chips) 
slapikura: posts small blind 30
Mahu2021: posts big blind 60
*** HOLE CARDS ***
Dealt to Mahu2021 [7d 3d]
slapikura: raises 60 to 120
Mahu2021: folds 
Uncalled bet (60) returned to slapikura
slapikura collected 120 from pot
slapikura: doesn't show hand 
*** SUMMARY ***
Total pot 120 | Rake 0 
Seat 2: Mahu2021 (big blind) folded before Flop
Seat 3: slapikura (button) (small blind) collected (120)



PokerStars Hand #242971228247: Tournament #3574244606, $0.92+$0.08 USD Hold'em No Limit - Level IV (30/60) - 2023/04/08 23:05:53 CET [2023/04/08 17:05:53 ET]
Table '3574244606 1' 3-max Seat #2 is the button
Seat 2: Mahu2021 (641 in chips) 
Seat 3: slapikura (859 in chips) 
Mahu2021: posts small blind 30
slapikura: posts big blind 60
*** HOLE CARDS ***
Dealt to Mahu2021 [6s 5d]
Mahu2021: folds 
Uncalled bet (30) returned to slapikura
slapikura collected 60 from pot
slapikura: doesn't show hand 
*** SUMMARY ***
Total pot 60 | Rake 0 
Seat 2: Mahu2021 (button) (small blind) folded before Flop
Seat 3: slapikura (big blind) collected (60)



PokerStars Hand #242971230049: Tournament #3574244606, $0.92+$0.08 USD Hold'em No Limit - Level IV (30/60) - 2023/04/08 23:05:58 CET [2023/04/08 17:05:58 ET]
Table '3574244606 1' 3-max Seat #3 is the button
Seat 2: Mahu2021 (611 in chips) 
Seat 3: slapikura (889 in chips) 
slapikura: posts small blind 30
Mahu2021: posts big blind 60
*** HOLE CARDS ***
Dealt to Mahu2021 [3s 4s]
slapikura: raises 829 to 889 and is all-in
Mahu2021: folds 
Uncalled bet (829) returned to slapikura
slapikura collected 120 from pot
slapikura: doesn't show hand 
*** SUMMARY ***
Total pot 120 | Rake 0 
Seat 2: Mahu2021 (big blind) folded before Flop
Seat 3: slapikura (button) (small blind) collected (120)



PokerStars Hand #242971232897: Tournament #3574244606, $0.92+$0.08 USD Hold'em No Limit - Level IV (30/60) - 2023/04/08 23:06:05 CET [2023/04/08 17:06:05 ET]
Table '3574244606 1' 3-max Seat #2 is the button
Seat 2: Mahu2021 (551 in chips) 
Seat 3: slapikura (949 in chips) 
Mahu2021: posts small blind 30
slapikura: posts big blind 60
*** HOLE CARDS ***
Dealt to Mahu2021 [4d 9h]
Mahu2021: folds 
Uncalled bet (30) returned to slapikura
slapikura collected 60 from pot
slapikura: doesn't show hand 
*** SUMMARY ***
Total pot 60 | Rake 0 
Seat 2: Mahu2021 (button) (small blind) folded before Flop
Seat 3: slapikura (big blind) collected (60)



PokerStars Hand #242971234586: Tournament #3574244606, $0.92+$0.08 USD Hold'em No Limit - Level IV (30/60) - 2023/04/08 23:06:10 CET [2023/04/08 17:06:10 ET]
Table '3574244606 1' 3-max Seat #3 is the button
Seat 2: Mahu2021 (521 in chips) 
Seat 3: slapikura (979 in chips) 
slapikura: posts small blind 30
Mahu2021: posts big blind 60
*** HOLE CARDS ***
Dealt to Mahu2021 [Th Ad]
slapikura: raises 60 to 120
Mahu2021: raises 401 to 521 and is all-in
slapikura: calls 401
*** FLOP *** [7h 9d 4c]
*** TURN *** [7h 9d 4c] [Qs]
*** RIVER *** [7h 9d 4c Qs] [7s]
*** SHOW DOWN ***
Mahu2021: shows [Th Ad] (a pair of Sevens)
slapikura: shows [Ah Qh] (two pair, Queens and Sevens)
slapikura collected 1042 from pot
Mahu2021 finished the tournament in 2nd place
slapikura wins the tournament and receives $3.00 - congratulations!
*** SUMMARY ***
Total pot 1042 | Rake 0 
Board [7h 9d 4c Qs 7s]
Seat 2: Mahu2021 (big blind) showed [Th Ad] and lost with a pair of Sevens
Seat 3: slapikura (button) (small blind) showed [Ah Qh] and won (1042) with two pair, Queens and Sevens



