PokerStars Hand #252557315387: Tournament #3803516029, $1.84+$0.16 USD Hold'em No Limit - Level I (10/20) - 2024/09/21 17:31:20 CET [2024/09/21 11:31:20 ET]
Table '3803516029 1' 3-max Seat #1 is the button
Seat 1: Mahu2021 (500 in chips) 
Seat 2: Icomad (500 in chips) 
Seat 3: PVACpb (500 in chips) 
Icomad: posts small blind 10
PVACpb: posts big blind 20
*** HOLE CARDS ***
Dealt to Mahu2021 [6s 6d]
Mahu2021: raises 480 to 500 and is all-in
Icomad: folds 
PVACpb: folds 
Uncalled bet (480) returned to Mahu2021
Mahu2021 collected 50 from pot
Mahu2021: doesn't show hand 
*** SUMMARY ***
Total pot 50 | Rake 0 
Seat 1: Mahu2021 (button) collected (50)
Seat 2: Icomad (small blind) folded before Flop
Seat 3: PVACpb (big blind) folded before Flop



PokerStars Hand #252557317326: Tournament #3803516029, $1.84+$0.16 USD Hold'em No Limit - Level I (10/20) - 2024/09/21 17:31:29 CET [2024/09/21 11:31:29 ET]
Table '3803516029 1' 3-max Seat #2 is the button
Seat 1: Mahu2021 (530 in chips) 
Seat 2: Icomad (490 in chips) 
Seat 3: PVACpb (480 in chips) 
PVACpb: posts small blind 10
Mahu2021: posts big blind 20
*** HOLE CARDS ***
Dealt to Mahu2021 [Th 8s]
Icomad: folds 
PVACpb: raises 20 to 40
Mahu2021: calls 20
*** FLOP *** [7d Kc 3d]
PVACpb: checks 
Mahu2021: checks 
*** TURN *** [7d Kc 3d] [7h]
PVACpb: checks 
Mahu2021: checks 
*** RIVER *** [7d Kc 3d 7h] [Qh]
PVACpb: checks 
Mahu2021: bets 20
PVACpb: folds 
Uncalled bet (20) returned to Mahu2021
Mahu2021 collected 80 from pot
Mahu2021: doesn't show hand 
*** SUMMARY ***
Total pot 80 | Rake 0 
Board [7d Kc 3d 7h Qh]
Seat 1: Mahu2021 (big blind) collected (80)
Seat 2: Icomad (button) folded before Flop (didn't bet)
Seat 3: PVACpb (small blind) folded on the River



PokerStars Hand #252557323918: Tournament #3803516029, $1.84+$0.16 USD Hold'em No Limit - Level I (10/20) - 2024/09/21 17:31:58 CET [2024/09/21 11:31:58 ET]
Table '3803516029 1' 3-max Seat #3 is the button
Seat 1: Mahu2021 (570 in chips) 
Seat 2: Icomad (490 in chips) 
Seat 3: PVACpb (440 in chips) 
Mahu2021: posts small blind 10
Icomad: posts big blind 20
*** HOLE CARDS ***
Dealt to Mahu2021 [7c 9c]
PVACpb: folds 
Mahu2021: calls 10
Icomad: checks 
*** FLOP *** [As 7h Ac]
Mahu2021: bets 20
Icomad: calls 20
*** TURN *** [As 7h Ac] [8s]
Mahu2021: bets 20
Icomad: calls 20
*** RIVER *** [As 7h Ac 8s] [Ts]
Mahu2021: bets 20
Icomad: calls 20
*** SHOW DOWN ***
Mahu2021: shows [7c 9c] (two pair, Aces and Sevens)
Icomad: shows [8d 7s] (two pair, Aces and Eights)
Icomad collected 160 from pot
*** SUMMARY ***
Total pot 160 | Rake 0 
Board [As 7h Ac 8s Ts]
Seat 1: Mahu2021 (small blind) showed [7c 9c] and lost with two pair, Aces and Sevens
Seat 2: Icomad (big blind) showed [8d 7s] and won (160) with two pair, Aces and Eights
Seat 3: PVACpb (button) folded before Flop (didn't bet)



PokerStars Hand #252557332216: Tournament #3803516029, $1.84+$0.16 USD Hold'em No Limit - Level I (10/20) - 2024/09/21 17:32:34 CET [2024/09/21 11:32:34 ET]
Table '3803516029 1' 3-max Seat #1 is the button
Seat 1: Mahu2021 (490 in chips) 
Seat 2: Icomad (570 in chips) 
Seat 3: PVACpb (440 in chips) 
Icomad: posts small blind 10
PVACpb: posts big blind 20
*** HOLE CARDS ***
Dealt to Mahu2021 [9c 6s]
Mahu2021: folds 
Icomad: folds 
Uncalled bet (10) returned to PVACpb
PVACpb collected 20 from pot
*** SUMMARY ***
Total pot 20 | Rake 0 
Seat 1: Mahu2021 (button) folded before Flop (didn't bet)
Seat 2: Icomad (small blind) folded before Flop
Seat 3: PVACpb (big blind) collected (20)



PokerStars Hand #252557333905: Tournament #3803516029, $1.84+$0.16 USD Hold'em No Limit - Level I (10/20) - 2024/09/21 17:32:41 CET [2024/09/21 11:32:41 ET]
Table '3803516029 1' 3-max Seat #2 is the button
Seat 1: Mahu2021 (490 in chips) 
Seat 2: Icomad (560 in chips) 
Seat 3: PVACpb (450 in chips) 
PVACpb: posts small blind 10
Mahu2021: posts big blind 20
*** HOLE CARDS ***
Dealt to Mahu2021 [2h 5d]
Icomad: raises 20 to 40
PVACpb: calls 30
Mahu2021: folds 
*** FLOP *** [9c 2s 6d]
PVACpb: bets 50
Icomad: raises 60 to 110
PVACpb: folds 
Uncalled bet (60) returned to Icomad
Icomad collected 200 from pot
Icomad: doesn't show hand 
*** SUMMARY ***
Total pot 200 | Rake 0 
Board [9c 2s 6d]
Seat 1: Mahu2021 (big blind) folded before Flop
Seat 2: Icomad (button) collected (200)
Seat 3: PVACpb (small blind) folded on the Flop



PokerStars Hand #252557339974: Tournament #3803516029, $1.84+$0.16 USD Hold'em No Limit - Level I (10/20) - 2024/09/21 17:33:08 CET [2024/09/21 11:33:08 ET]
Table '3803516029 1' 3-max Seat #3 is the button
Seat 1: Mahu2021 (470 in chips) 
Seat 2: Icomad (670 in chips) 
Seat 3: PVACpb (360 in chips) 
Mahu2021: posts small blind 10
Icomad: posts big blind 20
*** HOLE CARDS ***
Dealt to Mahu2021 [As Ac]
PVACpb: raises 20 to 40
Mahu2021: raises 430 to 470 and is all-in
Icomad: folds 
PVACpb: folds 
Uncalled bet (430) returned to Mahu2021
Mahu2021 collected 100 from pot
Mahu2021: doesn't show hand 
*** SUMMARY ***
Total pot 100 | Rake 0 
Seat 1: Mahu2021 (small blind) collected (100)
Seat 2: Icomad (big blind) folded before Flop
Seat 3: PVACpb (button) folded before Flop



PokerStars Hand #252557343858: Tournament #3803516029, $1.84+$0.16 USD Hold'em No Limit - Level II (15/30) - 2024/09/21 17:33:26 CET [2024/09/21 11:33:26 ET]
Table '3803516029 1' 3-max Seat #1 is the button
Seat 1: Mahu2021 (530 in chips) 
Seat 2: Icomad (650 in chips) 
Seat 3: PVACpb (320 in chips) 
Icomad: posts small blind 15
PVACpb: posts big blind 30
*** HOLE CARDS ***
Dealt to Mahu2021 [6s Th]
Mahu2021: folds 
Icomad: raises 30 to 60
PVACpb: calls 30
*** FLOP *** [Qc 4s Jd]
Icomad: bets 34
PVACpb: calls 34
*** TURN *** [Qc 4s Jd] [8s]
Icomad: bets 53
PVACpb: calls 53
*** RIVER *** [Qc 4s Jd 8s] [2d]
Icomad: checks 
PVACpb: checks 
*** SHOW DOWN ***
Icomad: shows [7c Js] (a pair of Jacks)
PVACpb: mucks hand 
Icomad collected 294 from pot
*** SUMMARY ***
Total pot 294 | Rake 0 
Board [Qc 4s Jd 8s 2d]
Seat 1: Mahu2021 (button) folded before Flop (didn't bet)
Seat 2: Icomad (small blind) showed [7c Js] and won (294) with a pair of Jacks
Seat 3: PVACpb (big blind) mucked [9h 8c]



PokerStars Hand #252557354955: Tournament #3803516029, $1.84+$0.16 USD Hold'em No Limit - Level II (15/30) - 2024/09/21 17:34:15 CET [2024/09/21 11:34:15 ET]
Table '3803516029 1' 3-max Seat #2 is the button
Seat 1: Mahu2021 (530 in chips) 
Seat 2: Icomad (797 in chips) 
Seat 3: PVACpb (173 in chips) 
PVACpb: posts small blind 15
Mahu2021: posts big blind 30
*** HOLE CARDS ***
Dealt to Mahu2021 [Tc 4h]
Icomad: folds 
PVACpb: raises 143 to 173 and is all-in
Mahu2021: folds 
Uncalled bet (143) returned to PVACpb
PVACpb collected 60 from pot
*** SUMMARY ***
Total pot 60 | Rake 0 
Seat 1: Mahu2021 (big blind) folded before Flop
Seat 2: Icomad (button) folded before Flop (didn't bet)
Seat 3: PVACpb (small blind) collected (60)



PokerStars Hand #252557356664: Tournament #3803516029, $1.84+$0.16 USD Hold'em No Limit - Level II (15/30) - 2024/09/21 17:34:22 CET [2024/09/21 11:34:22 ET]
Table '3803516029 1' 3-max Seat #3 is the button
Seat 1: Mahu2021 (500 in chips) 
Seat 2: Icomad (797 in chips) 
Seat 3: PVACpb (203 in chips) 
Mahu2021: posts small blind 15
Icomad: posts big blind 30
*** HOLE CARDS ***
Dealt to Mahu2021 [2h 9s]
PVACpb: folds 
Mahu2021: folds 
Uncalled bet (15) returned to Icomad
Icomad collected 30 from pot
Icomad: doesn't show hand 
*** SUMMARY ***
Total pot 30 | Rake 0 
Seat 1: Mahu2021 (small blind) folded before Flop
Seat 2: Icomad (big blind) collected (30)
Seat 3: PVACpb (button) folded before Flop (didn't bet)



PokerStars Hand #252557359522: Tournament #3803516029, $1.84+$0.16 USD Hold'em No Limit - Level II (15/30) - 2024/09/21 17:34:35 CET [2024/09/21 11:34:35 ET]
Table '3803516029 1' 3-max Seat #1 is the button
Seat 1: Mahu2021 (485 in chips) 
Seat 2: Icomad (812 in chips) 
Seat 3: PVACpb (203 in chips) 
Icomad: posts small blind 15
PVACpb: posts big blind 30
*** HOLE CARDS ***
Dealt to Mahu2021 [4d 4h]
Mahu2021: raises 30 to 60
Icomad: folds 
PVACpb: folds 
Uncalled bet (30) returned to Mahu2021
Mahu2021 collected 75 from pot
Mahu2021: doesn't show hand 
*** SUMMARY ***
Total pot 75 | Rake 0 
Seat 1: Mahu2021 (button) collected (75)
Seat 2: Icomad (small blind) folded before Flop
Seat 3: PVACpb (big blind) folded before Flop



PokerStars Hand #252557363688: Tournament #3803516029, $1.84+$0.16 USD Hold'em No Limit - Level II (15/30) - 2024/09/21 17:34:54 CET [2024/09/21 11:34:54 ET]
Table '3803516029 1' 3-max Seat #2 is the button
Seat 1: Mahu2021 (530 in chips) 
Seat 2: Icomad (797 in chips) 
Seat 3: PVACpb (173 in chips) 
PVACpb: posts small blind 15
Mahu2021: posts big blind 30
*** HOLE CARDS ***
Dealt to Mahu2021 [7c 5d]
Icomad: raises 30 to 60
PVACpb: calls 45
Mahu2021: folds 
*** FLOP *** [6c 4s 9s]
PVACpb: bets 113 and is all-in
Icomad: calls 113
*** TURN *** [6c 4s 9s] [6d]
*** RIVER *** [6c 4s 9s 6d] [5s]
*** SHOW DOWN ***
PVACpb: shows [Qs Th] (a pair of Sixes)
Icomad: shows [3h As] (a pair of Sixes - Ace kicker)
Icomad collected 376 from pot
PVACpb finished the tournament in 3rd place
*** SUMMARY ***
Total pot 376 | Rake 0 
Board [6c 4s 9s 6d 5s]
Seat 1: Mahu2021 (big blind) folded before Flop
Seat 2: Icomad (button) showed [3h As] and won (376) with a pair of Sixes
Seat 3: PVACpb (small blind) showed [Qs Th] and lost with a pair of Sixes



PokerStars Hand #252557372017: Tournament #3803516029, $1.84+$0.16 USD Hold'em No Limit - Level III (20/40) - 2024/09/21 17:35:31 CET [2024/09/21 11:35:31 ET]
Table '3803516029 1' 3-max Seat #1 is the button
Seat 1: Mahu2021 (500 in chips) 
Seat 2: Icomad (1000 in chips) 
Mahu2021: posts small blind 20
Icomad: posts big blind 40
*** HOLE CARDS ***
Dealt to Mahu2021 [4h Kh]
Mahu2021: raises 40 to 80
Icomad: folds 
Uncalled bet (40) returned to Mahu2021
Mahu2021 collected 80 from pot
Mahu2021: doesn't show hand 
*** SUMMARY ***
Total pot 80 | Rake 0 
Seat 1: Mahu2021 (button) (small blind) collected (80)
Seat 2: Icomad (big blind) folded before Flop



PokerStars Hand #252557373912: Tournament #3803516029, $1.84+$0.16 USD Hold'em No Limit - Level III (20/40) - 2024/09/21 17:35:40 CET [2024/09/21 11:35:40 ET]
Table '3803516029 1' 3-max Seat #2 is the button
Seat 1: Mahu2021 (540 in chips) 
Seat 2: Icomad (960 in chips) 
Icomad: posts small blind 20
Mahu2021: posts big blind 40
*** HOLE CARDS ***
Dealt to Mahu2021 [2h Ac]
Icomad: calls 20
Mahu2021: checks 
*** FLOP *** [Qd 5d 2s]
Mahu2021: checks 
Icomad: bets 40
Mahu2021: calls 40
*** TURN *** [Qd 5d 2s] [Jd]
Mahu2021: checks 
Icomad: checks 
*** RIVER *** [Qd 5d 2s Jd] [9c]
Mahu2021: checks 
Icomad: checks 
*** SHOW DOWN ***
Mahu2021: shows [2h Ac] (a pair of Deuces)
Icomad: shows [5h 3d] (a pair of Fives)
Icomad collected 160 from pot
*** SUMMARY ***
Total pot 160 | Rake 0 
Board [Qd 5d 2s Jd 9c]
Seat 1: Mahu2021 (big blind) showed [2h Ac] and lost with a pair of Deuces
Seat 2: Icomad (button) (small blind) showed [5h 3d] and won (160) with a pair of Fives



PokerStars Hand #252557380709: Tournament #3803516029, $1.84+$0.16 USD Hold'em No Limit - Level III (20/40) - 2024/09/21 17:36:10 CET [2024/09/21 11:36:10 ET]
Table '3803516029 1' 3-max Seat #1 is the button
Seat 1: Mahu2021 (460 in chips) 
Seat 2: Icomad (1040 in chips) 
Mahu2021: posts small blind 20
Icomad: posts big blind 40
*** HOLE CARDS ***
Dealt to Mahu2021 [8c Kc]
Mahu2021: raises 40 to 80
Icomad: raises 960 to 1040 and is all-in
Mahu2021: folds 
Uncalled bet (960) returned to Icomad
Icomad collected 160 from pot
Icomad: doesn't show hand 
*** SUMMARY ***
Total pot 160 | Rake 0 
Seat 1: Mahu2021 (button) (small blind) folded before Flop
Seat 2: Icomad (big blind) collected (160)



PokerStars Hand #252557382973: Tournament #3803516029, $1.84+$0.16 USD Hold'em No Limit - Level III (20/40) - 2024/09/21 17:36:20 CET [2024/09/21 11:36:20 ET]
Table '3803516029 1' 3-max Seat #2 is the button
Seat 1: Mahu2021 (380 in chips) 
Seat 2: Icomad (1120 in chips) 
Icomad: posts small blind 20
Mahu2021: posts big blind 40
*** HOLE CARDS ***
Dealt to Mahu2021 [Qh 3h]
Icomad: calls 20
Mahu2021: checks 
*** FLOP *** [9s 5d As]
Mahu2021: checks 
Icomad: bets 40
Mahu2021: folds 
Uncalled bet (40) returned to Icomad
Icomad collected 80 from pot
Icomad: doesn't show hand 
*** SUMMARY ***
Total pot 80 | Rake 0 
Board [9s 5d As]
Seat 1: Mahu2021 (big blind) folded on the Flop
Seat 2: Icomad (button) (small blind) collected (80)



PokerStars Hand #252557387072: Tournament #3803516029, $1.84+$0.16 USD Hold'em No Limit - Level III (20/40) - 2024/09/21 17:36:39 CET [2024/09/21 11:36:39 ET]
Table '3803516029 1' 3-max Seat #1 is the button
Seat 1: Mahu2021 (340 in chips) 
Seat 2: Icomad (1160 in chips) 
Mahu2021: posts small blind 20
Icomad: posts big blind 40
*** HOLE CARDS ***
Dealt to Mahu2021 [9c 6d]
Mahu2021: folds 
Uncalled bet (20) returned to Icomad
Icomad collected 40 from pot
Icomad: doesn't show hand 
*** SUMMARY ***
Total pot 40 | Rake 0 
Seat 1: Mahu2021 (button) (small blind) folded before Flop
Seat 2: Icomad (big blind) collected (40)



PokerStars Hand #252557388073: Tournament #3803516029, $1.84+$0.16 USD Hold'em No Limit - Level III (20/40) - 2024/09/21 17:36:43 CET [2024/09/21 11:36:43 ET]
Table '3803516029 1' 3-max Seat #2 is the button
Seat 1: Mahu2021 (320 in chips) 
Seat 2: Icomad (1180 in chips) 
Icomad: posts small blind 20
Mahu2021: posts big blind 40
*** HOLE CARDS ***
Dealt to Mahu2021 [Kh 4d]
Icomad: folds 
Uncalled bet (20) returned to Mahu2021
Mahu2021 collected 40 from pot
Mahu2021: doesn't show hand 
*** SUMMARY ***
Total pot 40 | Rake 0 
Seat 1: Mahu2021 (big blind) collected (40)
Seat 2: Icomad (button) (small blind) folded before Flop



PokerStars Hand #252557389547: Tournament #3803516029, $1.84+$0.16 USD Hold'em No Limit - Level III (20/40) - 2024/09/21 17:36:50 CET [2024/09/21 11:36:50 ET]
Table '3803516029 1' 3-max Seat #1 is the button
Seat 1: Mahu2021 (340 in chips) 
Seat 2: Icomad (1160 in chips) 
Mahu2021: posts small blind 20
Icomad: posts big blind 40
*** HOLE CARDS ***
Dealt to Mahu2021 [5s 9h]
Mahu2021: folds 
Uncalled bet (20) returned to Icomad
Icomad collected 40 from pot
Icomad: doesn't show hand 
*** SUMMARY ***
Total pot 40 | Rake 0 
Seat 1: Mahu2021 (button) (small blind) folded before Flop
Seat 2: Icomad (big blind) collected (40)



PokerStars Hand #252557390579: Tournament #3803516029, $1.84+$0.16 USD Hold'em No Limit - Level III (20/40) - 2024/09/21 17:36:54 CET [2024/09/21 11:36:54 ET]
Table '3803516029 1' 3-max Seat #2 is the button
Seat 1: Mahu2021 (320 in chips) 
Seat 2: Icomad (1180 in chips) 
Icomad: posts small blind 20
Mahu2021: posts big blind 40
*** HOLE CARDS ***
Dealt to Mahu2021 [2d 8s]
Icomad: calls 20
Mahu2021: checks 
*** FLOP *** [Js 5h 2h]
Mahu2021: checks 
Icomad: bets 40
Mahu2021: calls 40
*** TURN *** [Js 5h 2h] [6h]
Mahu2021: checks 
Icomad: checks 
*** RIVER *** [Js 5h 2h 6h] [Ts]
Mahu2021: bets 240 and is all-in
Icomad: folds 
Uncalled bet (240) returned to Mahu2021
Mahu2021 collected 160 from pot
Mahu2021: doesn't show hand 
*** SUMMARY ***
Total pot 160 | Rake 0 
Board [Js 5h 2h 6h Ts]
Seat 1: Mahu2021 (big blind) collected (160)
Seat 2: Icomad (button) (small blind) folded on the River



PokerStars Hand #252557399327: Tournament #3803516029, $1.84+$0.16 USD Hold'em No Limit - Level IV (30/60) - 2024/09/21 17:37:33 CET [2024/09/21 11:37:33 ET]
Table '3803516029 1' 3-max Seat #1 is the button
Seat 1: Mahu2021 (400 in chips) 
Seat 2: Icomad (1100 in chips) 
Mahu2021: posts small blind 30
Icomad: posts big blind 60
*** HOLE CARDS ***
Dealt to Mahu2021 [4h Jc]
Mahu2021: calls 30
Icomad: raises 1040 to 1100 and is all-in
Mahu2021: folds 
Uncalled bet (1040) returned to Icomad
Icomad collected 120 from pot
Icomad: doesn't show hand 
*** SUMMARY ***
Total pot 120 | Rake 0 
Seat 1: Mahu2021 (button) (small blind) folded before Flop
Seat 2: Icomad (big blind) collected (120)



PokerStars Hand #252557402448: Tournament #3803516029, $1.84+$0.16 USD Hold'em No Limit - Level IV (30/60) - 2024/09/21 17:37:47 CET [2024/09/21 11:37:47 ET]
Table '3803516029 1' 3-max Seat #2 is the button
Seat 1: Mahu2021 (340 in chips) 
Seat 2: Icomad (1160 in chips) 
Icomad: posts small blind 30
Mahu2021: posts big blind 60
*** HOLE CARDS ***
Dealt to Mahu2021 [8h 7h]
Icomad: raises 1100 to 1160 and is all-in
Mahu2021: folds 
Uncalled bet (1100) returned to Icomad
Icomad collected 120 from pot
Icomad: doesn't show hand 
*** SUMMARY ***
Total pot 120 | Rake 0 
Seat 1: Mahu2021 (big blind) folded before Flop
Seat 2: Icomad (button) (small blind) collected (120)



PokerStars Hand #252557404003: Tournament #3803516029, $1.84+$0.16 USD Hold'em No Limit - Level IV (30/60) - 2024/09/21 17:37:54 CET [2024/09/21 11:37:54 ET]
Table '3803516029 1' 3-max Seat #1 is the button
Seat 1: Mahu2021 (280 in chips) 
Seat 2: Icomad (1220 in chips) 
Mahu2021: posts small blind 30
Icomad: posts big blind 60
*** HOLE CARDS ***
Dealt to Mahu2021 [9d Ac]
Mahu2021: calls 30
Icomad: checks 
*** FLOP *** [6d 5d Jh]
Icomad: checks 
Mahu2021: checks 
*** TURN *** [6d 5d Jh] [2c]
Icomad: checks 
Mahu2021: checks 
*** RIVER *** [6d 5d Jh 2c] [6c]
Icomad: checks 
Mahu2021: bets 60
Icomad: calls 60
*** SHOW DOWN ***
Mahu2021: shows [9d Ac] (a pair of Sixes)
Icomad: shows [7h 2h] (two pair, Sixes and Deuces)
Icomad collected 240 from pot
*** SUMMARY ***
Total pot 240 | Rake 0 
Board [6d 5d Jh 2c 6c]
Seat 1: Mahu2021 (button) (small blind) showed [9d Ac] and lost with a pair of Sixes
Seat 2: Icomad (big blind) showed [7h 2h] and won (240) with two pair, Sixes and Deuces



PokerStars Hand #252557412991: Tournament #3803516029, $1.84+$0.16 USD Hold'em No Limit - Level IV (30/60) - 2024/09/21 17:38:34 CET [2024/09/21 11:38:34 ET]
Table '3803516029 1' 3-max Seat #2 is the button
Seat 1: Mahu2021 (160 in chips) 
Seat 2: Icomad (1340 in chips) 
Icomad: posts small blind 30
Mahu2021: posts big blind 60
*** HOLE CARDS ***
Dealt to Mahu2021 [4s 3c]
Icomad: raises 1280 to 1340 and is all-in
Mahu2021: folds 
Uncalled bet (1280) returned to Icomad
Icomad collected 120 from pot
Icomad: doesn't show hand 
*** SUMMARY ***
Total pot 120 | Rake 0 
Seat 1: Mahu2021 (big blind) folded before Flop
Seat 2: Icomad (button) (small blind) collected (120)



PokerStars Hand #252557414834: Tournament #3803516029, $1.84+$0.16 USD Hold'em No Limit - Level IV (30/60) - 2024/09/21 17:38:41 CET [2024/09/21 11:38:41 ET]
Table '3803516029 1' 3-max Seat #1 is the button
Seat 1: Mahu2021 (100 in chips) 
Seat 2: Icomad (1400 in chips) 
Mahu2021: posts small blind 30
Icomad: posts big blind 60
*** HOLE CARDS ***
Dealt to Mahu2021 [7h 8c]
Mahu2021: raises 40 to 100 and is all-in
Icomad: calls 40
*** FLOP *** [7s Kc 4s]
*** TURN *** [7s Kc 4s] [Tc]
*** RIVER *** [7s Kc 4s Tc] [Jd]
*** SHOW DOWN ***
Icomad: shows [3d Js] (a pair of Jacks)
Mahu2021: shows [7h 8c] (a pair of Sevens)
Icomad collected 200 from pot
Mahu2021 finished the tournament in 2nd place
Icomad wins the tournament and receives $4.00 - congratulations!
*** SUMMARY ***
Total pot 200 | Rake 0 
Board [7s Kc 4s Tc Jd]
Seat 1: Mahu2021 (button) (small blind) showed [7h 8c] and lost with a pair of Sevens
Seat 2: Icomad (big blind) showed [3d Js] and won (200) with a pair of Jacks



