PokerStars Hand #246752639766: Tournament #3664162199, $4.60+$0.40 USD Hold'em No Limit - Level I (10/20) - 2023/10/26 16:51:19 CET [2023/10/26 10:51:19 ET]
Table '3664162199 1' 3-max Seat #1 is the button
Seat 1: Mahu2021 (500 in chips) 
Seat 2: ybicakris (500 in chips) 
Seat 3: Piotr280688 (500 in chips) 
ybicakris: posts small blind 10
Piotr280688: posts big blind 20
*** HOLE CARDS ***
Dealt to Mahu2021 [4d Kc]
Mahu2021: folds 
ybicakris: raises 480 to 500 and is all-in
Piotr280688: calls 480 and is all-in
*** FLOP *** [Jd Js Ks]
*** TURN *** [Jd Js Ks] [3d]
*** RIVER *** [Jd Js Ks 3d] [Qd]
*** SHOW DOWN ***
ybicakris: shows [5s Ad] (a pair of Jacks)
Piotr280688: shows [6d 6s] (two pair, Jacks and Sixes)
Piotr280688 collected 1000 from pot
ybicakris finished the tournament in 3rd place
*** SUMMARY ***
Total pot 1000 | Rake 0 
Board [Jd Js Ks 3d Qd]
Seat 1: Mahu2021 (button) folded before Flop (didn't bet)
Seat 2: ybicakris (small blind) showed [5s Ad] and lost with a pair of Jacks
Seat 3: Piotr280688 (big blind) showed [6d 6s] and won (1000) with two pair, Jacks and Sixes



PokerStars Hand #246752644205: Tournament #3664162199, $4.60+$0.40 USD Hold'em No Limit - Level I (10/20) - 2023/10/26 16:51:38 CET [2023/10/26 10:51:38 ET]
Table '3664162199 1' 3-max Seat #3 is the button
Seat 1: Mahu2021 (500 in chips) 
Seat 3: Piotr280688 (1000 in chips) 
Piotr280688: posts small blind 10
Mahu2021: posts big blind 20
*** HOLE CARDS ***
Dealt to Mahu2021 [3s Ts]
Piotr280688: raises 20 to 40
Mahu2021: calls 20
*** FLOP *** [3h 5h Ks]
Mahu2021: checks 
Piotr280688: bets 26
Mahu2021: calls 26
*** TURN *** [3h 5h Ks] [7h]
Mahu2021: checks 
Piotr280688: checks 
*** RIVER *** [3h 5h Ks 7h] [Ad]
Mahu2021: checks 
Piotr280688: checks 
*** SHOW DOWN ***
Mahu2021: shows [3s Ts] (a pair of Threes)
Piotr280688: mucks hand 
Mahu2021 collected 132 from pot
*** SUMMARY ***
Total pot 132 | Rake 0 
Board [3h 5h Ks 7h Ad]
Seat 1: Mahu2021 (big blind) showed [3s Ts] and won (132) with a pair of Threes
Seat 3: Piotr280688 (button) (small blind) mucked [Td Jd]



PokerStars Hand #246752648437: Tournament #3664162199, $4.60+$0.40 USD Hold'em No Limit - Level I (10/20) - 2023/10/26 16:51:56 CET [2023/10/26 10:51:56 ET]
Table '3664162199 1' 3-max Seat #1 is the button
Seat 1: Mahu2021 (566 in chips) 
Seat 3: Piotr280688 (934 in chips) 
Mahu2021: posts small blind 10
Piotr280688: posts big blind 20
*** HOLE CARDS ***
Dealt to Mahu2021 [Ad 3s]
Mahu2021: calls 10
Piotr280688: raises 40 to 60
Mahu2021: calls 40
*** FLOP *** [Jc 5c 3c]
Piotr280688: checks 
Mahu2021: checks 
*** TURN *** [Jc 5c 3c] [Jh]
Piotr280688: bets 80
Mahu2021: calls 80
*** RIVER *** [Jc 5c 3c Jh] [Qc]
Piotr280688: bets 260
Mahu2021: folds 
Uncalled bet (260) returned to Piotr280688
Piotr280688 collected 280 from pot
Piotr280688: doesn't show hand 
*** SUMMARY ***
Total pot 280 | Rake 0 
Board [Jc 5c 3c Jh Qc]
Seat 1: Mahu2021 (button) (small blind) folded on the River
Seat 3: Piotr280688 (big blind) collected (280)



PokerStars Hand #246752654595: Tournament #3664162199, $4.60+$0.40 USD Hold'em No Limit - Level I (10/20) - 2023/10/26 16:52:22 CET [2023/10/26 10:52:22 ET]
Table '3664162199 1' 3-max Seat #3 is the button
Seat 1: Mahu2021 (426 in chips) 
Seat 3: Piotr280688 (1074 in chips) 
Piotr280688: posts small blind 10
Mahu2021: posts big blind 20
*** HOLE CARDS ***
Dealt to Mahu2021 [Jc 5h]
Piotr280688: calls 10
Mahu2021: checks 
*** FLOP *** [Js 6h Ad]
Mahu2021: checks 
Piotr280688: bets 20
Mahu2021: raises 60 to 80
Piotr280688: folds 
Uncalled bet (60) returned to Mahu2021
Mahu2021 collected 80 from pot
Mahu2021: doesn't show hand 
*** SUMMARY ***
Total pot 80 | Rake 0 
Board [Js 6h Ad]
Seat 1: Mahu2021 (big blind) collected (80)
Seat 3: Piotr280688 (button) (small blind) folded on the Flop



PokerStars Hand #246752658751: Tournament #3664162199, $4.60+$0.40 USD Hold'em No Limit - Level I (10/20) - 2023/10/26 16:52:40 CET [2023/10/26 10:52:40 ET]
Table '3664162199 1' 3-max Seat #1 is the button
Seat 1: Mahu2021 (466 in chips) 
Seat 3: Piotr280688 (1034 in chips) 
Mahu2021: posts small blind 10
Piotr280688: posts big blind 20
*** HOLE CARDS ***
Dealt to Mahu2021 [Tc Qs]
Mahu2021: calls 10
Piotr280688: raises 1014 to 1034 and is all-in
Mahu2021: folds 
Uncalled bet (1014) returned to Piotr280688
Piotr280688 collected 40 from pot
Piotr280688: doesn't show hand 
*** SUMMARY ***
Total pot 40 | Rake 0 
Seat 1: Mahu2021 (button) (small blind) folded before Flop
Seat 3: Piotr280688 (big blind) collected (40)



PokerStars Hand #246752662478: Tournament #3664162199, $4.60+$0.40 USD Hold'em No Limit - Level I (10/20) - 2023/10/26 16:52:55 CET [2023/10/26 10:52:55 ET]
Table '3664162199 1' 3-max Seat #3 is the button
Seat 1: Mahu2021 (446 in chips) 
Seat 3: Piotr280688 (1054 in chips) 
Piotr280688: posts small blind 10
Mahu2021: posts big blind 20
*** HOLE CARDS ***
Dealt to Mahu2021 [7s 9d]
Piotr280688: calls 10
Mahu2021: checks 
*** FLOP *** [7d Qd Qh]
Mahu2021: bets 426 and is all-in
Piotr280688: calls 426
*** TURN *** [7d Qd Qh] [Kh]
*** RIVER *** [7d Qd Qh Kh] [8s]
*** SHOW DOWN ***
Mahu2021: shows [7s 9d] (two pair, Queens and Sevens)
Piotr280688: shows [7c 5s] (two pair, Queens and Sevens)
Mahu2021 collected 446 from pot
Piotr280688 collected 446 from pot
*** SUMMARY ***
Total pot 892 | Rake 0 
Board [7d Qd Qh Kh 8s]
Seat 1: Mahu2021 (big blind) showed [7s 9d] and won (446) with two pair, Queens and Sevens
Seat 3: Piotr280688 (button) (small blind) showed [7c 5s] and won (446) with two pair, Queens and Sevens



PokerStars Hand #246752666040: Tournament #3664162199, $4.60+$0.40 USD Hold'em No Limit - Level I (10/20) - 2023/10/26 16:53:10 CET [2023/10/26 10:53:10 ET]
Table '3664162199 1' 3-max Seat #1 is the button
Seat 1: Mahu2021 (446 in chips) 
Seat 3: Piotr280688 (1054 in chips) 
Mahu2021: posts small blind 10
Piotr280688: posts big blind 20
*** HOLE CARDS ***
Dealt to Mahu2021 [2s Qh]
Mahu2021: folds 
Uncalled bet (10) returned to Piotr280688
Piotr280688 collected 20 from pot
Piotr280688: doesn't show hand 
*** SUMMARY ***
Total pot 20 | Rake 0 
Seat 1: Mahu2021 (button) (small blind) folded before Flop
Seat 3: Piotr280688 (big blind) collected (20)



PokerStars Hand #246752667042: Tournament #3664162199, $4.60+$0.40 USD Hold'em No Limit - Level I (10/20) - 2023/10/26 16:53:14 CET [2023/10/26 10:53:14 ET]
Table '3664162199 1' 3-max Seat #3 is the button
Seat 1: Mahu2021 (436 in chips) 
Seat 3: Piotr280688 (1064 in chips) 
Piotr280688: posts small blind 10
Mahu2021: posts big blind 20
*** HOLE CARDS ***
Dealt to Mahu2021 [Ks 9h]
Piotr280688: calls 10
Mahu2021: raises 416 to 436 and is all-in
Piotr280688: calls 416
*** FLOP *** [5c Qd 7s]
*** TURN *** [5c Qd 7s] [2d]
*** RIVER *** [5c Qd 7s 2d] [Kd]
*** SHOW DOWN ***
Mahu2021: shows [Ks 9h] (a pair of Kings)
Piotr280688: shows [Ac Ts] (high card Ace)
Mahu2021 collected 872 from pot
*** SUMMARY ***
Total pot 872 | Rake 0 
Board [5c Qd 7s 2d Kd]
Seat 1: Mahu2021 (big blind) showed [Ks 9h] and won (872) with a pair of Kings
Seat 3: Piotr280688 (button) (small blind) showed [Ac Ts] and lost with high card Ace



PokerStars Hand #246752671676: Tournament #3664162199, $4.60+$0.40 USD Hold'em No Limit - Level II (15/30) - 2023/10/26 16:53:34 CET [2023/10/26 10:53:34 ET]
Table '3664162199 1' 3-max Seat #1 is the button
Seat 1: Mahu2021 (872 in chips) 
Seat 3: Piotr280688 (628 in chips) 
Mahu2021: posts small blind 15
Piotr280688: posts big blind 30
*** HOLE CARDS ***
Dealt to Mahu2021 [6d 8s]
Mahu2021: folds 
Uncalled bet (15) returned to Piotr280688
Piotr280688 collected 30 from pot
Piotr280688: doesn't show hand 
*** SUMMARY ***
Total pot 30 | Rake 0 
Seat 1: Mahu2021 (button) (small blind) folded before Flop
Seat 3: Piotr280688 (big blind) collected (30)



PokerStars Hand #246752672745: Tournament #3664162199, $4.60+$0.40 USD Hold'em No Limit - Level II (15/30) - 2023/10/26 16:53:38 CET [2023/10/26 10:53:38 ET]
Table '3664162199 1' 3-max Seat #3 is the button
Seat 1: Mahu2021 (857 in chips) 
Seat 3: Piotr280688 (643 in chips) 
Piotr280688: posts small blind 15
Mahu2021: posts big blind 30
*** HOLE CARDS ***
Dealt to Mahu2021 [2h Tc]
Piotr280688: calls 15
Mahu2021: checks 
*** FLOP *** [7h Js Kc]
Mahu2021: checks 
Piotr280688: bets 30
Mahu2021: folds 
Uncalled bet (30) returned to Piotr280688
Piotr280688 collected 60 from pot
Piotr280688: doesn't show hand 
*** SUMMARY ***
Total pot 60 | Rake 0 
Board [7h Js Kc]
Seat 1: Mahu2021 (big blind) folded on the Flop
Seat 3: Piotr280688 (button) (small blind) collected (60)



PokerStars Hand #246752675135: Tournament #3664162199, $4.60+$0.40 USD Hold'em No Limit - Level II (15/30) - 2023/10/26 16:53:48 CET [2023/10/26 10:53:48 ET]
Table '3664162199 1' 3-max Seat #1 is the button
Seat 1: Mahu2021 (827 in chips) 
Seat 3: Piotr280688 (673 in chips) 
Mahu2021: posts small blind 15
Piotr280688: posts big blind 30
*** HOLE CARDS ***
Dealt to Mahu2021 [9s Jc]
Mahu2021: calls 15
Piotr280688: checks 
*** FLOP *** [As Qh 2s]
Piotr280688: checks 
Mahu2021: bets 30
Piotr280688: folds 
Uncalled bet (30) returned to Mahu2021
Mahu2021 collected 60 from pot
Mahu2021: doesn't show hand 
*** SUMMARY ***
Total pot 60 | Rake 0 
Board [As Qh 2s]
Seat 1: Mahu2021 (button) (small blind) collected (60)
Seat 3: Piotr280688 (big blind) folded on the Flop



PokerStars Hand #246752678405: Tournament #3664162199, $4.60+$0.40 USD Hold'em No Limit - Level II (15/30) - 2023/10/26 16:54:02 CET [2023/10/26 10:54:02 ET]
Table '3664162199 1' 3-max Seat #3 is the button
Seat 1: Mahu2021 (857 in chips) 
Seat 3: Piotr280688 (643 in chips) 
Piotr280688: posts small blind 15
Mahu2021: posts big blind 30
*** HOLE CARDS ***
Dealt to Mahu2021 [7d 3d]
Piotr280688: calls 15
Mahu2021: checks 
*** FLOP *** [6d As 4h]
Mahu2021: checks 
Piotr280688: checks 
*** TURN *** [6d As 4h] [3c]
Mahu2021: checks 
Piotr280688: checks 
*** RIVER *** [6d As 4h 3c] [6s]
Mahu2021: checks 
Piotr280688: checks 
*** SHOW DOWN ***
Mahu2021: shows [7d 3d] (two pair, Sixes and Threes)
Piotr280688: mucks hand 
Mahu2021 collected 60 from pot
*** SUMMARY ***
Total pot 60 | Rake 0 
Board [6d As 4h 3c 6s]
Seat 1: Mahu2021 (big blind) showed [7d 3d] and won (60) with two pair, Sixes and Threes
Seat 3: Piotr280688 (button) (small blind) mucked [Jc 2c]



PokerStars Hand #246752682315: Tournament #3664162199, $4.60+$0.40 USD Hold'em No Limit - Level II (15/30) - 2023/10/26 16:54:19 CET [2023/10/26 10:54:19 ET]
Table '3664162199 1' 3-max Seat #1 is the button
Seat 1: Mahu2021 (887 in chips) 
Seat 3: Piotr280688 (613 in chips) 
Mahu2021: posts small blind 15
Piotr280688: posts big blind 30
*** HOLE CARDS ***
Dealt to Mahu2021 [Jd Kd]
Mahu2021: raises 60 to 90
Piotr280688: raises 523 to 613 and is all-in
Mahu2021: calls 523
*** FLOP *** [Kc Ks 8d]
*** TURN *** [Kc Ks 8d] [4c]
*** RIVER *** [Kc Ks 8d 4c] [9d]
*** SHOW DOWN ***
Piotr280688: shows [4s Ac] (two pair, Kings and Fours)
Mahu2021: shows [Jd Kd] (three of a kind, Kings)
Mahu2021 collected 1226 from pot
Piotr280688 finished the tournament in 2nd place
Mahu2021 wins the tournament and receives $10.00 - congratulations!
*** SUMMARY ***
Total pot 1226 | Rake 0 
Board [Kc Ks 8d 4c 9d]
Seat 1: Mahu2021 (button) (small blind) showed [Jd Kd] and won (1226) with three of a kind, Kings
Seat 3: Piotr280688 (big blind) showed [4s Ac] and lost with two pair, Kings and Fours



