PokerStars Hand #244297876503: Tournament #3605089621, $0.92+$0.08 USD Hold'em No Limit - Level I (10/20) - 2023/06/16 10:55:08 CET [2023/06/16 4:55:08 ET]
Table '3605089621 1' 3-max Seat #1 is the button
Seat 1: Mahu2021 (500 in chips) 
Seat 2: singsing1608 (500 in chips) 
Seat 3: kemjatek (500 in chips) 
singsing1608: posts small blind 10
kemjatek: posts big blind 20
*** HOLE CARDS ***
Dealt to Mahu2021 [9c 3h]
Mahu2021: folds 
singsing1608: calls 10
kemjatek: raises 40 to 60
singsing1608: folds 
Uncalled bet (40) returned to kemjatek
kemjatek collected 40 from pot
kemjatek: doesn't show hand 
*** SUMMARY ***
Total pot 40 | Rake 0 
Seat 1: Mahu2021 (button) folded before Flop (didn't bet)
Seat 2: singsing1608 (small blind) folded before Flop
Seat 3: kemjatek (big blind) collected (40)



PokerStars Hand #244297877442: Tournament #3605089621, $0.92+$0.08 USD Hold'em No Limit - Level I (10/20) - 2023/06/16 10:55:18 CET [2023/06/16 4:55:18 ET]
Table '3605089621 1' 3-max Seat #2 is the button
Seat 1: Mahu2021 (500 in chips) 
Seat 2: singsing1608 (480 in chips) 
Seat 3: kemjatek (520 in chips) 
kemjatek: posts small blind 10
Mahu2021: posts big blind 20
*** HOLE CARDS ***
Dealt to Mahu2021 [7d 2h]
singsing1608: calls 20
kemjatek: calls 10
Mahu2021: checks 
*** FLOP *** [Js 8d Jh]
kemjatek: checks 
Mahu2021: checks 
singsing1608: bets 460 and is all-in
kemjatek: folds 
Mahu2021: folds 
Uncalled bet (460) returned to singsing1608
singsing1608 collected 60 from pot
*** SUMMARY ***
Total pot 60 | Rake 0 
Board [Js 8d Jh]
Seat 1: Mahu2021 (big blind) folded on the Flop
Seat 2: singsing1608 (button) collected (60)
Seat 3: kemjatek (small blind) folded on the Flop



PokerStars Hand #244297879247: Tournament #3605089621, $0.92+$0.08 USD Hold'em No Limit - Level I (10/20) - 2023/06/16 10:55:36 CET [2023/06/16 4:55:36 ET]
Table '3605089621 1' 3-max Seat #3 is the button
Seat 1: Mahu2021 (480 in chips) 
Seat 2: singsing1608 (520 in chips) 
Seat 3: kemjatek (500 in chips) 
Mahu2021: posts small blind 10
singsing1608: posts big blind 20
*** HOLE CARDS ***
Dealt to Mahu2021 [4c 5c]
kemjatek: folds 
Mahu2021: calls 10
singsing1608: raises 60 to 80
Mahu2021: calls 60
*** FLOP *** [Jc 2h 9d]
Mahu2021: checks 
singsing1608: checks 
*** TURN *** [Jc 2h 9d] [7h]
Mahu2021: checks 
singsing1608: checks 
*** RIVER *** [Jc 2h 9d 7h] [Th]
Mahu2021: checks 
singsing1608: bets 80
Mahu2021: folds 
Uncalled bet (80) returned to singsing1608
singsing1608 collected 160 from pot
*** SUMMARY ***
Total pot 160 | Rake 0 
Board [Jc 2h 9d 7h Th]
Seat 1: Mahu2021 (small blind) folded on the River
Seat 2: singsing1608 (big blind) collected (160)
Seat 3: kemjatek (button) folded before Flop (didn't bet)



PokerStars Hand #244297881700: Tournament #3605089621, $0.92+$0.08 USD Hold'em No Limit - Level I (10/20) - 2023/06/16 10:56:00 CET [2023/06/16 4:56:00 ET]
Table '3605089621 1' 3-max Seat #1 is the button
Seat 1: Mahu2021 (400 in chips) 
Seat 2: singsing1608 (600 in chips) 
Seat 3: kemjatek (500 in chips) 
singsing1608: posts small blind 10
kemjatek: posts big blind 20
*** HOLE CARDS ***
Dealt to Mahu2021 [7d 9c]
Mahu2021: folds 
singsing1608: calls 10
kemjatek: checks 
*** FLOP *** [As 3s Ac]
singsing1608: checks 
kemjatek: checks 
*** TURN *** [As 3s Ac] [5c]
singsing1608: checks 
kemjatek: checks 
*** RIVER *** [As 3s Ac 5c] [Ah]
singsing1608: bets 40
kemjatek: folds 
Uncalled bet (40) returned to singsing1608
singsing1608 collected 40 from pot
*** SUMMARY ***
Total pot 40 | Rake 0 
Board [As 3s Ac 5c Ah]
Seat 1: Mahu2021 (button) folded before Flop (didn't bet)
Seat 2: singsing1608 (small blind) collected (40)
Seat 3: kemjatek (big blind) folded on the River



PokerStars Hand #244297885218: Tournament #3605089621, $0.92+$0.08 USD Hold'em No Limit - Level I (10/20) - 2023/06/16 10:56:35 CET [2023/06/16 4:56:35 ET]
Table '3605089621 1' 3-max Seat #2 is the button
Seat 1: Mahu2021 (400 in chips) 
Seat 2: singsing1608 (620 in chips) 
Seat 3: kemjatek (480 in chips) 
kemjatek: posts small blind 10
Mahu2021: posts big blind 20
*** HOLE CARDS ***
Dealt to Mahu2021 [Ad Qs]
singsing1608: calls 20
kemjatek: folds 
Mahu2021: raises 60 to 80
singsing1608: calls 60
*** FLOP *** [7d 2d 5h]
Mahu2021: bets 320 and is all-in
singsing1608: calls 320
*** TURN *** [7d 2d 5h] [6s]
*** RIVER *** [7d 2d 5h 6s] [7c]
*** SHOW DOWN ***
Mahu2021: shows [Ad Qs] (a pair of Sevens)
singsing1608: shows [As 7h] (three of a kind, Sevens)
singsing1608 collected 810 from pot
Mahu2021 finished the tournament in 3rd place
*** SUMMARY ***
Total pot 810 | Rake 0 
Board [7d 2d 5h 6s 7c]
Seat 1: Mahu2021 (big blind) showed [Ad Qs] and lost with a pair of Sevens
Seat 2: singsing1608 (button) showed [As 7h] and won (810) with three of a kind, Sevens
Seat 3: kemjatek (small blind) folded before Flop



