PokerStars Hand #247013409324: Tournament #3669571536, $1.44+$1.50+$0.36 USD Hold'em No Limit - Level III (35/70) - 2023/11/09 19:46:27 CET [2023/11/09 13:46:27 ET]
Table '3669571536 148' 8-max Seat #2 is the button
Seat 1: SOY PATO355 (5054 in chips, $1.50 bounty) 
Seat 2: DrrrrSeidel (4930 in chips, $1.50 bounty) 
Seat 3: magnit89 (4493 in chips, $1.50 bounty) 
Seat 4: F@rmacefto (6827 in chips, $1.50 bounty) 
Seat 5: panmotyl (4973 in chips, $1.50 bounty) 
Seat 6: realivictor (4649 in chips, $1.50 bounty) 
Seat 7: RobsonDMelo (4859 in chips, $1.50 bounty) 
Seat 8: Mahu2021 (5000 in chips, $1.50 bounty) 
SOY PATO355: posts the ante 11
DrrrrSeidel: posts the ante 11
magnit89: posts the ante 11
F@rmacefto: posts the ante 11
panmotyl: posts the ante 11
realivictor: posts the ante 11
RobsonDMelo: posts the ante 11
Mahu2021: posts the ante 11
magnit89: posts small blind 35
F@rmacefto: posts big blind 70
*** HOLE CARDS ***
Dealt to Mahu2021 [8h 6d]
panmotyl: raises 70 to 140
realivictor: folds 
RobsonDMelo: folds 
Mahu2021: folds 
SOY PATO355: folds 
DrrrrSeidel: calls 140
magnit89: folds 
F@rmacefto: calls 70
*** FLOP *** [4c 3c 9d]
F@rmacefto: checks 
panmotyl: checks 
DrrrrSeidel: bets 299
F@rmacefto: calls 299
panmotyl: folds 
*** TURN *** [4c 3c 9d] [Td]
F@rmacefto: checks 
DrrrrSeidel: bets 646
F@rmacefto: calls 646
*** RIVER *** [4c 3c 9d Td] [Jd]
F@rmacefto: checks 
DrrrrSeidel: bets 1948
F@rmacefto: folds 
Uncalled bet (1948) returned to DrrrrSeidel
DrrrrSeidel collected 2433 from pot
DrrrrSeidel: doesn't show hand 
*** SUMMARY ***
Total pot 2433 | Rake 0 
Board [4c 3c 9d Td Jd]
Seat 1: SOY PATO355 folded before Flop (didn't bet)
Seat 2: DrrrrSeidel (button) collected (2433)
Seat 3: magnit89 (small blind) folded before Flop
Seat 4: F@rmacefto (big blind) folded on the River
Seat 5: panmotyl folded on the Flop
Seat 6: realivictor folded before Flop (didn't bet)
Seat 7: RobsonDMelo folded before Flop (didn't bet)
Seat 8: Mahu2021 folded before Flop (didn't bet)



PokerStars Hand #247013446401: Tournament #3669571536, $1.44+$1.50+$0.36 USD Hold'em No Limit - Level III (35/70) - 2023/11/09 19:48:15 CET [2023/11/09 13:48:15 ET]
Table '3669571536 148' 8-max Seat #3 is the button
Seat 1: SOY PATO355 (5043 in chips, $1.50 bounty) 
Seat 2: DrrrrSeidel (6267 in chips, $1.50 bounty) 
Seat 3: magnit89 (4447 in chips, $1.50 bounty) 
Seat 4: F@rmacefto (5731 in chips, $1.50 bounty) 
Seat 5: panmotyl (4822 in chips, $1.50 bounty) 
Seat 6: realivictor (4638 in chips, $1.50 bounty) 
Seat 7: RobsonDMelo (4848 in chips, $1.50 bounty) 
Seat 8: Mahu2021 (4989 in chips, $1.50 bounty) 
SOY PATO355: posts the ante 11
DrrrrSeidel: posts the ante 11
magnit89: posts the ante 11
F@rmacefto: posts the ante 11
panmotyl: posts the ante 11
realivictor: posts the ante 11
RobsonDMelo: posts the ante 11
Mahu2021: posts the ante 11
F@rmacefto: posts small blind 35
panmotyl: posts big blind 70
*** HOLE CARDS ***
Dealt to Mahu2021 [3c 6c]
realivictor: folds 
RobsonDMelo: folds 
Mahu2021: folds 
SOY PATO355: calls 70
DrrrrSeidel: folds 
magnit89: folds 
F@rmacefto: folds 
panmotyl: checks 
*** FLOP *** [Ts 2c 2h]
panmotyl: checks 
SOY PATO355: checks 
*** TURN *** [Ts 2c 2h] [Ac]
panmotyl: checks 
SOY PATO355: bets 140
panmotyl: calls 140
*** RIVER *** [Ts 2c 2h Ac] [Jh]
panmotyl: bets 342
SOY PATO355: folds 
Uncalled bet (342) returned to panmotyl
panmotyl collected 543 from pot
panmotyl: doesn't show hand 
*** SUMMARY ***
Total pot 543 | Rake 0 
Board [Ts 2c 2h Ac Jh]
Seat 1: SOY PATO355 folded on the River
Seat 2: DrrrrSeidel folded before Flop (didn't bet)
Seat 3: magnit89 (button) folded before Flop (didn't bet)
Seat 4: F@rmacefto (small blind) folded before Flop
Seat 5: panmotyl (big blind) collected (543)
Seat 6: realivictor folded before Flop (didn't bet)
Seat 7: RobsonDMelo folded before Flop (didn't bet)
Seat 8: Mahu2021 folded before Flop (didn't bet)



PokerStars Hand #247013457699: Tournament #3669571536, $1.44+$1.50+$0.36 USD Hold'em No Limit - Level III (35/70) - 2023/11/09 19:48:49 CET [2023/11/09 13:48:49 ET]
Table '3669571536 148' 8-max Seat #4 is the button
Seat 1: SOY PATO355 (4822 in chips, $1.50 bounty) 
Seat 2: DrrrrSeidel (6256 in chips, $1.50 bounty) 
Seat 3: magnit89 (4436 in chips, $1.50 bounty) 
Seat 4: F@rmacefto (5685 in chips, $1.50 bounty) 
Seat 5: panmotyl (5144 in chips, $1.50 bounty) 
Seat 6: realivictor (4627 in chips, $1.50 bounty) 
Seat 7: RobsonDMelo (4837 in chips, $1.50 bounty) 
Seat 8: Mahu2021 (4978 in chips, $1.50 bounty) 
SOY PATO355: posts the ante 11
DrrrrSeidel: posts the ante 11
magnit89: posts the ante 11
F@rmacefto: posts the ante 11
panmotyl: posts the ante 11
realivictor: posts the ante 11
RobsonDMelo: posts the ante 11
Mahu2021: posts the ante 11
panmotyl: posts small blind 35
realivictor: posts big blind 70
*** HOLE CARDS ***
Dealt to Mahu2021 [4d 5c]
RobsonDMelo: folds 
Mahu2021: folds 
SOY PATO355: folds 
DrrrrSeidel: folds 
magnit89: folds 
F@rmacefto: raises 70 to 140
panmotyl: calls 105
realivictor: calls 70
*** FLOP *** [Td Kd Qc]
panmotyl: checks 
realivictor: checks 
F@rmacefto: bets 238
panmotyl: folds 
realivictor: calls 238
*** TURN *** [Td Kd Qc] [5s]
realivictor: checks 
F@rmacefto: bets 758
realivictor: folds 
Uncalled bet (758) returned to F@rmacefto
F@rmacefto collected 984 from pot
F@rmacefto: doesn't show hand 
*** SUMMARY ***
Total pot 984 | Rake 0 
Board [Td Kd Qc 5s]
Seat 1: SOY PATO355 folded before Flop (didn't bet)
Seat 2: DrrrrSeidel folded before Flop (didn't bet)
Seat 3: magnit89 folded before Flop (didn't bet)
Seat 4: F@rmacefto (button) collected (984)
Seat 5: panmotyl (small blind) folded on the Flop
Seat 6: realivictor (big blind) folded on the Turn
Seat 7: RobsonDMelo folded before Flop (didn't bet)
Seat 8: Mahu2021 folded before Flop (didn't bet)



PokerStars Hand #247013473123: Tournament #3669571536, $1.44+$1.50+$0.36 USD Hold'em No Limit - Level III (35/70) - 2023/11/09 19:49:35 CET [2023/11/09 13:49:35 ET]
Table '3669571536 148' 8-max Seat #5 is the button
Seat 1: SOY PATO355 (4811 in chips, $1.50 bounty) 
Seat 2: DrrrrSeidel (6245 in chips, $1.50 bounty) 
Seat 3: magnit89 (4425 in chips, $1.50 bounty) 
Seat 4: F@rmacefto (6280 in chips, $1.50 bounty) 
Seat 5: panmotyl (4993 in chips, $1.50 bounty) 
Seat 6: realivictor (4238 in chips, $1.50 bounty) 
Seat 7: RobsonDMelo (4826 in chips, $1.50 bounty) 
Seat 8: Mahu2021 (4967 in chips, $1.50 bounty) 
SOY PATO355: posts the ante 11
DrrrrSeidel: posts the ante 11
magnit89: posts the ante 11
F@rmacefto: posts the ante 11
panmotyl: posts the ante 11
realivictor: posts the ante 11
RobsonDMelo: posts the ante 11
Mahu2021: posts the ante 11
realivictor: posts small blind 35
RobsonDMelo: posts big blind 70
*** HOLE CARDS ***
Dealt to Mahu2021 [Kd 5h]
Mahu2021: folds 
SOY PATO355: folds 
DrrrrSeidel: folds 
magnit89: folds 
F@rmacefto: raises 70 to 140
panmotyl: folds 
realivictor: calls 105
RobsonDMelo: calls 70
*** FLOP *** [3c 9s 9d]
realivictor: checks 
RobsonDMelo: checks 
F@rmacefto: bets 279
realivictor: folds 
RobsonDMelo: folds 
Uncalled bet (279) returned to F@rmacefto
F@rmacefto collected 508 from pot
F@rmacefto: doesn't show hand 
*** SUMMARY ***
Total pot 508 | Rake 0 
Board [3c 9s 9d]
Seat 1: SOY PATO355 folded before Flop (didn't bet)
Seat 2: DrrrrSeidel folded before Flop (didn't bet)
Seat 3: magnit89 folded before Flop (didn't bet)
Seat 4: F@rmacefto collected (508)
Seat 5: panmotyl (button) folded before Flop (didn't bet)
Seat 6: realivictor (small blind) folded on the Flop
Seat 7: RobsonDMelo (big blind) folded on the Flop
Seat 8: Mahu2021 folded before Flop (didn't bet)



PokerStars Hand #247013494923: Tournament #3669571536, $1.44+$1.50+$0.36 USD Hold'em No Limit - Level III (35/70) - 2023/11/09 19:50:39 CET [2023/11/09 13:50:39 ET]
Table '3669571536 148' 8-max Seat #6 is the button
Seat 1: SOY PATO355 (4800 in chips, $1.50 bounty) 
Seat 2: DrrrrSeidel (6234 in chips, $1.50 bounty) 
Seat 3: magnit89 (4414 in chips, $1.50 bounty) 
Seat 4: F@rmacefto (6637 in chips, $1.50 bounty) 
Seat 5: panmotyl (4982 in chips, $1.50 bounty) 
Seat 6: realivictor (4087 in chips, $1.50 bounty) 
Seat 7: RobsonDMelo (4675 in chips, $1.50 bounty) 
Seat 8: Mahu2021 (4956 in chips, $1.50 bounty) 
SOY PATO355: posts the ante 11
DrrrrSeidel: posts the ante 11
magnit89: posts the ante 11
F@rmacefto: posts the ante 11
panmotyl: posts the ante 11
realivictor: posts the ante 11
RobsonDMelo: posts the ante 11
Mahu2021: posts the ante 11
RobsonDMelo: posts small blind 35
Mahu2021: posts big blind 70
*** HOLE CARDS ***
Dealt to Mahu2021 [4s Ah]
SOY PATO355: calls 70
DrrrrSeidel: folds 
magnit89: folds 
F@rmacefto: calls 70
panmotyl: calls 70
realivictor: folds 
RobsonDMelo: calls 35
Mahu2021: checks 
*** FLOP *** [As 6s 5c]
RobsonDMelo: checks 
Mahu2021: bets 140
SOY PATO355: folds 
F@rmacefto: folds 
panmotyl: folds 
RobsonDMelo: folds 
Uncalled bet (140) returned to Mahu2021
Mahu2021 collected 438 from pot
Mahu2021: doesn't show hand 
*** SUMMARY ***
Total pot 438 | Rake 0 
Board [As 6s 5c]
Seat 1: SOY PATO355 folded on the Flop
Seat 2: DrrrrSeidel folded before Flop (didn't bet)
Seat 3: magnit89 folded before Flop (didn't bet)
Seat 4: F@rmacefto folded on the Flop
Seat 5: panmotyl folded on the Flop
Seat 6: realivictor (button) folded before Flop (didn't bet)
Seat 7: RobsonDMelo (small blind) folded on the Flop
Seat 8: Mahu2021 (big blind) collected (438)



PokerStars Hand #247013519746: Tournament #3669571536, $1.44+$1.50+$0.36 USD Hold'em No Limit - Level III (35/70) - 2023/11/09 19:51:53 CET [2023/11/09 13:51:53 ET]
Table '3669571536 148' 8-max Seat #7 is the button
Seat 1: SOY PATO355 (4719 in chips, $1.50 bounty) 
Seat 2: DrrrrSeidel (6223 in chips, $1.50 bounty) 
Seat 3: magnit89 (4403 in chips, $1.50 bounty) 
Seat 4: F@rmacefto (6556 in chips, $1.50 bounty) 
Seat 5: panmotyl (4901 in chips, $1.50 bounty) 
Seat 6: realivictor (4076 in chips, $1.50 bounty) 
Seat 7: RobsonDMelo (4594 in chips, $1.50 bounty) 
Seat 8: Mahu2021 (5313 in chips, $1.50 bounty) 
SOY PATO355: posts the ante 11
DrrrrSeidel: posts the ante 11
magnit89: posts the ante 11
F@rmacefto: posts the ante 11
panmotyl: posts the ante 11
realivictor: posts the ante 11
RobsonDMelo: posts the ante 11
Mahu2021: posts the ante 11
Mahu2021: posts small blind 35
SOY PATO355: posts big blind 70
*** HOLE CARDS ***
Dealt to Mahu2021 [Qd As]
DrrrrSeidel: folds 
magnit89: folds 
F@rmacefto: folds 
panmotyl: folds 
realivictor: folds 
RobsonDMelo: raises 70 to 140
Mahu2021: calls 105
SOY PATO355: calls 70
*** FLOP *** [6s 3d 8d]
Mahu2021: checks 
SOY PATO355: checks 
RobsonDMelo: bets 168
Mahu2021: folds 
SOY PATO355: folds 
Uncalled bet (168) returned to RobsonDMelo
RobsonDMelo collected 508 from pot
RobsonDMelo: doesn't show hand 
*** SUMMARY ***
Total pot 508 | Rake 0 
Board [6s 3d 8d]
Seat 1: SOY PATO355 (big blind) folded on the Flop
Seat 2: DrrrrSeidel folded before Flop (didn't bet)
Seat 3: magnit89 folded before Flop (didn't bet)
Seat 4: F@rmacefto folded before Flop (didn't bet)
Seat 5: panmotyl folded before Flop (didn't bet)
Seat 6: realivictor folded before Flop (didn't bet)
Seat 7: RobsonDMelo (button) collected (508)
Seat 8: Mahu2021 (small blind) folded on the Flop



PokerStars Hand #247013537568: Tournament #3669571536, $1.44+$1.50+$0.36 USD Hold'em No Limit - Level III (35/70) - 2023/11/09 19:52:45 CET [2023/11/09 13:52:45 ET]
Table '3669571536 148' 8-max Seat #8 is the button
Seat 1: SOY PATO355 (4568 in chips, $1.50 bounty) 
Seat 2: DrrrrSeidel (6212 in chips, $1.50 bounty) 
Seat 3: magnit89 (4392 in chips, $1.50 bounty) 
Seat 4: F@rmacefto (6545 in chips, $1.50 bounty) 
Seat 5: panmotyl (4890 in chips, $1.50 bounty) 
Seat 6: realivictor (4065 in chips, $1.50 bounty) 
Seat 7: RobsonDMelo (4951 in chips, $1.50 bounty) 
Seat 8: Mahu2021 (5162 in chips, $1.50 bounty) 
SOY PATO355: posts the ante 11
DrrrrSeidel: posts the ante 11
magnit89: posts the ante 11
F@rmacefto: posts the ante 11
panmotyl: posts the ante 11
realivictor: posts the ante 11
RobsonDMelo: posts the ante 11
Mahu2021: posts the ante 11
SOY PATO355: posts small blind 35
DrrrrSeidel: posts big blind 70
*** HOLE CARDS ***
Dealt to Mahu2021 [8c 6c]
magnit89: folds 
F@rmacefto: folds 
panmotyl: folds 
realivictor: folds 
RobsonDMelo: raises 70 to 140
Mahu2021: calls 140
SOY PATO355: folds 
DrrrrSeidel: calls 70
*** FLOP *** [7d Qc Kd]
DrrrrSeidel: checks 
RobsonDMelo: checks 
Mahu2021: checks 
*** TURN *** [7d Qc Kd] [Jc]
DrrrrSeidel: checks 
RobsonDMelo: bets 299
Mahu2021: calls 299
DrrrrSeidel: folds 
*** RIVER *** [7d Qc Kd Jc] [4c]
RobsonDMelo: bets 558
Mahu2021: calls 558
*** SHOW DOWN ***
RobsonDMelo: shows [Qd Ac] (a pair of Queens)
Mahu2021: shows [8c 6c] (a flush, Queen high)
Mahu2021 collected 2257 from pot
*** SUMMARY ***
Total pot 2257 | Rake 0 
Board [7d Qc Kd Jc 4c]
Seat 1: SOY PATO355 (small blind) folded before Flop
Seat 2: DrrrrSeidel (big blind) folded on the Turn
Seat 3: magnit89 folded before Flop (didn't bet)
Seat 4: F@rmacefto folded before Flop (didn't bet)
Seat 5: panmotyl folded before Flop (didn't bet)
Seat 6: realivictor folded before Flop (didn't bet)
Seat 7: RobsonDMelo showed [Qd Ac] and lost with a pair of Queens
Seat 8: Mahu2021 (button) showed [8c 6c] and won (2257) with a flush, Queen high



PokerStars Hand #247013562390: Tournament #3669571536, $1.44+$1.50+$0.36 USD Hold'em No Limit - Level III (35/70) - 2023/11/09 19:54:00 CET [2023/11/09 13:54:00 ET]
Table '3669571536 148' 8-max Seat #1 is the button
Seat 1: SOY PATO355 (4522 in chips, $1.50 bounty) 
Seat 2: DrrrrSeidel (6061 in chips, $1.50 bounty) 
Seat 3: magnit89 (4381 in chips, $1.50 bounty) 
Seat 4: F@rmacefto (6534 in chips, $1.50 bounty) 
Seat 5: panmotyl (4879 in chips, $1.50 bounty) 
Seat 6: realivictor (4054 in chips, $1.50 bounty) 
Seat 7: RobsonDMelo (3943 in chips, $1.50 bounty) 
Seat 8: Mahu2021 (6411 in chips, $1.50 bounty) 
SOY PATO355: posts the ante 11
DrrrrSeidel: posts the ante 11
magnit89: posts the ante 11
F@rmacefto: posts the ante 11
panmotyl: posts the ante 11
realivictor: posts the ante 11
RobsonDMelo: posts the ante 11
Mahu2021: posts the ante 11
DrrrrSeidel: posts small blind 35
magnit89: posts big blind 70
*** HOLE CARDS ***
Dealt to Mahu2021 [4d Qc]
F@rmacefto: folds 
panmotyl: calls 70
realivictor: folds 
RobsonDMelo: folds 
Mahu2021: folds 
SOY PATO355: folds 
DrrrrSeidel: folds 
magnit89: checks 
*** FLOP *** [9h 9d Jh]
magnit89: checks 
panmotyl: checks 
*** TURN *** [9h 9d Jh] [2c]
magnit89: checks 
panmotyl: checks 
*** RIVER *** [9h 9d Jh 2c] [As]
magnit89: checks 
panmotyl: checks 
*** SHOW DOWN ***
magnit89: shows [7d 4c] (a pair of Nines)
panmotyl: shows [Js Ts] (two pair, Jacks and Nines)
panmotyl collected 263 from pot
*** SUMMARY ***
Total pot 263 | Rake 0 
Board [9h 9d Jh 2c As]
Seat 1: SOY PATO355 (button) folded before Flop (didn't bet)
Seat 2: DrrrrSeidel (small blind) folded before Flop
Seat 3: magnit89 (big blind) showed [7d 4c] and lost with a pair of Nines
Seat 4: F@rmacefto folded before Flop (didn't bet)
Seat 5: panmotyl showed [Js Ts] and won (263) with two pair, Jacks and Nines
Seat 6: realivictor folded before Flop (didn't bet)
Seat 7: RobsonDMelo folded before Flop (didn't bet)
Seat 8: Mahu2021 folded before Flop (didn't bet)



PokerStars Hand #247013715834: Tournament #3669571536, $1.44+$1.50+$0.36 USD Hold'em No Limit - Level IV (40/80) - 2023/11/09 20:02:56 CET [2023/11/09 14:02:56 ET]
Table '3669571536 148' 8-max Seat #2 is the button
Seat 1: SOY PATO355 (4511 in chips, $1.50 bounty) 
Seat 2: DrrrrSeidel (6015 in chips, $1.50 bounty) 
Seat 3: magnit89 (4300 in chips, $1.50 bounty) 
Seat 4: F@rmacefto (6523 in chips, $1.50 bounty) 
Seat 5: panmotyl (5061 in chips, $1.50 bounty) 
Seat 6: realivictor (4043 in chips, $1.50 bounty) 
Seat 7: RobsonDMelo (3932 in chips, $1.50 bounty) 
Seat 8: Mahu2021 (6400 in chips, $1.50 bounty) 
SOY PATO355: posts the ante 12
DrrrrSeidel: posts the ante 12
magnit89: posts the ante 12
F@rmacefto: posts the ante 12
panmotyl: posts the ante 12
realivictor: posts the ante 12
RobsonDMelo: posts the ante 12
Mahu2021: posts the ante 12
magnit89: posts small blind 40
F@rmacefto: posts big blind 80
*** HOLE CARDS ***
Dealt to Mahu2021 [2d Jc]
panmotyl: folds 
realivictor: folds 
RobsonDMelo: folds 
Mahu2021: folds 
SOY PATO355: folds 
DrrrrSeidel: raises 88 to 168
magnit89: folds 
F@rmacefto: folds 
Uncalled bet (88) returned to DrrrrSeidel
DrrrrSeidel collected 296 from pot
DrrrrSeidel: doesn't show hand 
*** SUMMARY ***
Total pot 296 | Rake 0 
Seat 1: SOY PATO355 folded before Flop (didn't bet)
Seat 2: DrrrrSeidel (button) collected (296)
Seat 3: magnit89 (small blind) folded before Flop
Seat 4: F@rmacefto (big blind) folded before Flop
Seat 5: panmotyl folded before Flop (didn't bet)
Seat 6: realivictor folded before Flop (didn't bet)
Seat 7: RobsonDMelo folded before Flop (didn't bet)
Seat 8: Mahu2021 folded before Flop (didn't bet)



PokerStars Hand #247013736007: Tournament #3669571536, $1.44+$1.50+$0.36 USD Hold'em No Limit - Level IV (40/80) - 2023/11/09 20:03:56 CET [2023/11/09 14:03:56 ET]
Table '3669571536 148' 8-max Seat #3 is the button
Seat 1: SOY PATO355 (4499 in chips, $1.50 bounty) 
Seat 2: DrrrrSeidel (6219 in chips, $1.50 bounty) 
Seat 3: magnit89 (4248 in chips, $1.50 bounty) 
Seat 4: F@rmacefto (6431 in chips, $1.50 bounty) 
Seat 5: panmotyl (5049 in chips, $1.50 bounty) 
Seat 6: realivictor (4031 in chips, $1.50 bounty) 
Seat 7: RobsonDMelo (3920 in chips, $1.50 bounty) 
Seat 8: Mahu2021 (6388 in chips, $1.50 bounty) 
SOY PATO355: posts the ante 12
DrrrrSeidel: posts the ante 12
magnit89: posts the ante 12
F@rmacefto: posts the ante 12
panmotyl: posts the ante 12
realivictor: posts the ante 12
RobsonDMelo: posts the ante 12
Mahu2021: posts the ante 12
F@rmacefto: posts small blind 40
panmotyl: posts big blind 80
*** HOLE CARDS ***
Dealt to Mahu2021 [8d Ad]
realivictor: raises 80 to 160
RobsonDMelo: folds 
Mahu2021: folds 
SOY PATO355: folds 
DrrrrSeidel: folds 
magnit89: folds 
F@rmacefto: folds 
panmotyl: folds 
Uncalled bet (80) returned to realivictor
realivictor collected 296 from pot
realivictor: doesn't show hand 
*** SUMMARY ***
Total pot 296 | Rake 0 
Seat 1: SOY PATO355 folded before Flop (didn't bet)
Seat 2: DrrrrSeidel folded before Flop (didn't bet)
Seat 3: magnit89 (button) folded before Flop (didn't bet)
Seat 4: F@rmacefto (small blind) folded before Flop
Seat 5: panmotyl (big blind) folded before Flop
Seat 6: realivictor collected (296)
Seat 7: RobsonDMelo folded before Flop (didn't bet)
Seat 8: Mahu2021 folded before Flop (didn't bet)



PokerStars Hand #247013750804: Tournament #3669571536, $1.44+$1.50+$0.36 USD Hold'em No Limit - Level IV (40/80) - 2023/11/09 20:04:39 CET [2023/11/09 14:04:39 ET]
Table '3669571536 148' 8-max Seat #4 is the button
Seat 1: SOY PATO355 (4487 in chips, $1.50 bounty) 
Seat 2: DrrrrSeidel (6207 in chips, $1.50 bounty) 
Seat 3: magnit89 (4236 in chips, $1.50 bounty) 
Seat 4: F@rmacefto (6379 in chips, $1.50 bounty) 
Seat 5: panmotyl (4957 in chips, $1.50 bounty) 
Seat 6: realivictor (4235 in chips, $1.50 bounty) 
Seat 7: RobsonDMelo (3908 in chips, $1.50 bounty) 
Seat 8: Mahu2021 (6376 in chips, $1.50 bounty) 
SOY PATO355: posts the ante 12
DrrrrSeidel: posts the ante 12
magnit89: posts the ante 12
F@rmacefto: posts the ante 12
panmotyl: posts the ante 12
realivictor: posts the ante 12
RobsonDMelo: posts the ante 12
Mahu2021: posts the ante 12
panmotyl: posts small blind 40
realivictor: posts big blind 80
*** HOLE CARDS ***
Dealt to Mahu2021 [5s Jd]
RobsonDMelo: folds 
Mahu2021: folds 
SOY PATO355: folds 
DrrrrSeidel: folds 
magnit89: folds 
F@rmacefto: raises 80 to 160
panmotyl: calls 120
realivictor: folds 
*** FLOP *** [5c 8h Js]
panmotyl: checks 
F@rmacefto: bets 164
panmotyl: folds 
Uncalled bet (164) returned to F@rmacefto
F@rmacefto collected 496 from pot
F@rmacefto: doesn't show hand 
*** SUMMARY ***
Total pot 496 | Rake 0 
Board [5c 8h Js]
Seat 1: SOY PATO355 folded before Flop (didn't bet)
Seat 2: DrrrrSeidel folded before Flop (didn't bet)
Seat 3: magnit89 folded before Flop (didn't bet)
Seat 4: F@rmacefto (button) collected (496)
Seat 5: panmotyl (small blind) folded on the Flop
Seat 6: realivictor (big blind) folded before Flop
Seat 7: RobsonDMelo folded before Flop (didn't bet)
Seat 8: Mahu2021 folded before Flop (didn't bet)



PokerStars Hand #247013777225: Tournament #3669571536, $1.44+$1.50+$0.36 USD Hold'em No Limit - Level IV (40/80) - 2023/11/09 20:05:57 CET [2023/11/09 14:05:57 ET]
Table '3669571536 148' 8-max Seat #5 is the button
Seat 1: SOY PATO355 (4475 in chips, $1.50 bounty) 
Seat 2: DrrrrSeidel (6195 in chips, $1.50 bounty) 
Seat 3: magnit89 (4224 in chips, $1.50 bounty) 
Seat 4: F@rmacefto (6703 in chips, $1.50 bounty) 
Seat 5: panmotyl (4785 in chips, $1.50 bounty) 
Seat 6: realivictor (4143 in chips, $1.50 bounty) 
Seat 7: RobsonDMelo (3896 in chips, $1.50 bounty) 
Seat 8: Mahu2021 (6364 in chips, $1.50 bounty) 
SOY PATO355: posts the ante 12
DrrrrSeidel: posts the ante 12
magnit89: posts the ante 12
F@rmacefto: posts the ante 12
panmotyl: posts the ante 12
realivictor: posts the ante 12
RobsonDMelo: posts the ante 12
Mahu2021: posts the ante 12
realivictor: posts small blind 40
RobsonDMelo: posts big blind 80
*** HOLE CARDS ***
Dealt to Mahu2021 [7c 5s]
Mahu2021: folds 
SOY PATO355: folds 
DrrrrSeidel: folds 
magnit89: folds 
F@rmacefto: folds 
panmotyl: folds 
realivictor: folds 
Uncalled bet (40) returned to RobsonDMelo
RobsonDMelo collected 176 from pot
RobsonDMelo: doesn't show hand 
*** SUMMARY ***
Total pot 176 | Rake 0 
Seat 1: SOY PATO355 folded before Flop (didn't bet)
Seat 2: DrrrrSeidel folded before Flop (didn't bet)
Seat 3: magnit89 folded before Flop (didn't bet)
Seat 4: F@rmacefto folded before Flop (didn't bet)
Seat 5: panmotyl (button) folded before Flop (didn't bet)
Seat 6: realivictor (small blind) folded before Flop
Seat 7: RobsonDMelo (big blind) collected (176)
Seat 8: Mahu2021 folded before Flop (didn't bet)



PokerStars Hand #247013792272: Tournament #3669571536, $1.44+$1.50+$0.36 USD Hold'em No Limit - Level IV (40/80) - 2023/11/09 20:06:40 CET [2023/11/09 14:06:40 ET]
Table '3669571536 148' 8-max Seat #6 is the button
Seat 1: SOY PATO355 (4463 in chips, $1.50 bounty) 
Seat 2: DrrrrSeidel (6183 in chips, $1.50 bounty) 
Seat 3: magnit89 (4212 in chips, $1.50 bounty) 
Seat 4: F@rmacefto (6691 in chips, $1.50 bounty) 
Seat 5: panmotyl (4773 in chips, $1.50 bounty) 
Seat 6: realivictor (4091 in chips, $1.50 bounty) 
Seat 7: RobsonDMelo (4020 in chips, $1.50 bounty) 
Seat 8: Mahu2021 (6352 in chips, $1.50 bounty) 
SOY PATO355: posts the ante 12
DrrrrSeidel: posts the ante 12
magnit89: posts the ante 12
F@rmacefto: posts the ante 12
panmotyl: posts the ante 12
realivictor: posts the ante 12
RobsonDMelo: posts the ante 12
Mahu2021: posts the ante 12
RobsonDMelo: posts small blind 40
Mahu2021: posts big blind 80
*** HOLE CARDS ***
Dealt to Mahu2021 [4h Kh]
SOY PATO355: folds 
DrrrrSeidel: folds 
magnit89: folds 
F@rmacefto: raises 80 to 160
panmotyl: folds 
realivictor: calls 160
RobsonDMelo: folds 
Mahu2021: calls 80
*** FLOP *** [8c 6h Td]
Mahu2021: checks 
F@rmacefto: checks 
realivictor: bets 616
Mahu2021: folds 
F@rmacefto: calls 616
*** TURN *** [8c 6h Td] [3c]
F@rmacefto: checks 
realivictor: bets 3303 and is all-in
F@rmacefto: folds 
Uncalled bet (3303) returned to realivictor
realivictor collected 1848 from pot
realivictor: doesn't show hand 
*** SUMMARY ***
Total pot 1848 | Rake 0 
Board [8c 6h Td 3c]
Seat 1: SOY PATO355 folded before Flop (didn't bet)
Seat 2: DrrrrSeidel folded before Flop (didn't bet)
Seat 3: magnit89 folded before Flop (didn't bet)
Seat 4: F@rmacefto folded on the Turn
Seat 5: panmotyl folded before Flop (didn't bet)
Seat 6: realivictor (button) collected (1848)
Seat 7: RobsonDMelo (small blind) folded before Flop
Seat 8: Mahu2021 (big blind) folded on the Flop



PokerStars Hand #247013809644: Tournament #3669571536, $1.44+$1.50+$0.36 USD Hold'em No Limit - Level IV (40/80) - 2023/11/09 20:07:31 CET [2023/11/09 14:07:31 ET]
Table '3669571536 148' 8-max Seat #7 is the button
Seat 1: SOY PATO355 (4451 in chips, $1.50 bounty) 
Seat 2: DrrrrSeidel (6171 in chips, $1.50 bounty) 
Seat 3: magnit89 (4200 in chips, $1.50 bounty) 
Seat 4: F@rmacefto (5903 in chips, $1.50 bounty) 
Seat 5: panmotyl (4761 in chips, $1.50 bounty) 
Seat 6: realivictor (5151 in chips, $1.50 bounty) 
Seat 7: RobsonDMelo (3968 in chips, $1.50 bounty) 
Seat 8: Mahu2021 (6180 in chips, $1.50 bounty) 
SOY PATO355: posts the ante 12
DrrrrSeidel: posts the ante 12
magnit89: posts the ante 12
F@rmacefto: posts the ante 12
panmotyl: posts the ante 12
realivictor: posts the ante 12
RobsonDMelo: posts the ante 12
Mahu2021: posts the ante 12
Mahu2021: posts small blind 40
SOY PATO355: posts big blind 80
*** HOLE CARDS ***
Dealt to Mahu2021 [Qs 2h]
DrrrrSeidel: folds 
magnit89: folds 
F@rmacefto: folds 
panmotyl: raises 168 to 248
realivictor: folds 
RobsonDMelo: folds 
Mahu2021: folds 
SOY PATO355: folds 
Uncalled bet (168) returned to panmotyl
panmotyl collected 296 from pot
panmotyl: doesn't show hand 
*** SUMMARY ***
Total pot 296 | Rake 0 
Seat 1: SOY PATO355 (big blind) folded before Flop
Seat 2: DrrrrSeidel folded before Flop (didn't bet)
Seat 3: magnit89 folded before Flop (didn't bet)
Seat 4: F@rmacefto folded before Flop (didn't bet)
Seat 5: panmotyl collected (296)
Seat 6: realivictor folded before Flop (didn't bet)
Seat 7: RobsonDMelo (button) folded before Flop (didn't bet)
Seat 8: Mahu2021 (small blind) folded before Flop



PokerStars Hand #247013825109: Tournament #3669571536, $1.44+$1.50+$0.36 USD Hold'em No Limit - Level IV (40/80) - 2023/11/09 20:08:16 CET [2023/11/09 14:08:16 ET]
Table '3669571536 148' 8-max Seat #8 is the button
Seat 1: SOY PATO355 (4359 in chips, $1.50 bounty) 
Seat 2: DrrrrSeidel (6159 in chips, $1.50 bounty) 
Seat 3: magnit89 (4188 in chips, $1.50 bounty) 
Seat 4: F@rmacefto (5891 in chips, $1.50 bounty) 
Seat 5: panmotyl (4965 in chips, $1.50 bounty) 
Seat 6: realivictor (5139 in chips, $1.50 bounty) 
Seat 7: RobsonDMelo (3956 in chips, $1.50 bounty) 
Seat 8: Mahu2021 (6128 in chips, $1.50 bounty) 
SOY PATO355: posts the ante 12
DrrrrSeidel: posts the ante 12
magnit89: posts the ante 12
F@rmacefto: posts the ante 12
panmotyl: posts the ante 12
realivictor: posts the ante 12
RobsonDMelo: posts the ante 12
Mahu2021: posts the ante 12
SOY PATO355: posts small blind 40
DrrrrSeidel: posts big blind 80
*** HOLE CARDS ***
Dealt to Mahu2021 [As 4s]
magnit89: folds 
F@rmacefto: folds 
panmotyl: folds 
realivictor: calls 80
RobsonDMelo: folds 
Mahu2021: calls 80
SOY PATO355: calls 40
DrrrrSeidel: checks 
*** FLOP *** [Kc 3d 2h]
SOY PATO355: checks 
DrrrrSeidel: checks 
realivictor: checks 
Mahu2021: bets 160
SOY PATO355: folds 
DrrrrSeidel: calls 160
realivictor: calls 160
*** TURN *** [Kc 3d 2h] [3s]
DrrrrSeidel: checks 
realivictor: checks 
Mahu2021: checks 
*** RIVER *** [Kc 3d 2h 3s] [Ah]
DrrrrSeidel: checks 
realivictor: bets 896
Mahu2021: calls 896
DrrrrSeidel: folds 
*** SHOW DOWN ***
realivictor: shows [Ac 3c] (a full house, Threes full of Aces)
Mahu2021: mucks hand 
realivictor collected 2688 from pot
*** SUMMARY ***
Total pot 2688 | Rake 0 
Board [Kc 3d 2h 3s Ah]
Seat 1: SOY PATO355 (small blind) folded on the Flop
Seat 2: DrrrrSeidel (big blind) folded on the River
Seat 3: magnit89 folded before Flop (didn't bet)
Seat 4: F@rmacefto folded before Flop (didn't bet)
Seat 5: panmotyl folded before Flop (didn't bet)
Seat 6: realivictor showed [Ac 3c] and won (2688) with a full house, Threes full of Aces
Seat 7: RobsonDMelo folded before Flop (didn't bet)
Seat 8: Mahu2021 (button) mucked [As 4s]



PokerStars Hand #247013857391: Tournament #3669571536, $1.44+$1.50+$0.36 USD Hold'em No Limit - Level IV (40/80) - 2023/11/09 20:09:51 CET [2023/11/09 14:09:51 ET]
Table '3669571536 148' 8-max Seat #1 is the button
Seat 1: SOY PATO355 (4267 in chips, $1.50 bounty) 
Seat 2: DrrrrSeidel (5907 in chips, $1.50 bounty) 
Seat 3: magnit89 (4176 in chips, $1.50 bounty) 
Seat 4: F@rmacefto (5879 in chips, $1.50 bounty) 
Seat 5: panmotyl (4953 in chips, $1.50 bounty) 
Seat 6: realivictor (6679 in chips, $1.50 bounty) 
Seat 7: RobsonDMelo (3944 in chips, $1.50 bounty) 
Seat 8: Mahu2021 (4980 in chips, $1.50 bounty) 
SOY PATO355: posts the ante 12
DrrrrSeidel: posts the ante 12
magnit89: posts the ante 12
F@rmacefto: posts the ante 12
panmotyl: posts the ante 12
realivictor: posts the ante 12
RobsonDMelo: posts the ante 12
Mahu2021: posts the ante 12
DrrrrSeidel: posts small blind 40
magnit89: posts big blind 80
*** HOLE CARDS ***
Dealt to Mahu2021 [7s 8h]
F@rmacefto: folds 
panmotyl: raises 80 to 160
realivictor: folds 
RobsonDMelo: calls 160
Mahu2021: folds 
SOY PATO355: raises 240 to 400
DrrrrSeidel: folds 
magnit89: folds 
panmotyl: folds 
RobsonDMelo: calls 240
*** FLOP *** [3h 8s 4h]
RobsonDMelo: checks 
SOY PATO355: bets 400
RobsonDMelo: folds 
Uncalled bet (400) returned to SOY PATO355
SOY PATO355 collected 1176 from pot
SOY PATO355: doesn't show hand 
*** SUMMARY ***
Total pot 1176 | Rake 0 
Board [3h 8s 4h]
Seat 1: SOY PATO355 (button) collected (1176)
Seat 2: DrrrrSeidel (small blind) folded before Flop
Seat 3: magnit89 (big blind) folded before Flop
Seat 4: F@rmacefto folded before Flop (didn't bet)
Seat 5: panmotyl folded before Flop
Seat 6: realivictor folded before Flop (didn't bet)
Seat 7: RobsonDMelo folded on the Flop
Seat 8: Mahu2021 folded before Flop (didn't bet)



PokerStars Hand #247013880100: Tournament #3669571536, $1.44+$1.50+$0.36 USD Hold'em No Limit - Level V (45/90) - 2023/11/09 20:10:57 CET [2023/11/09 14:10:57 ET]
Table '3669571536 148' 8-max Seat #2 is the button
Seat 1: SOY PATO355 (5031 in chips, $1.50 bounty) 
Seat 2: DrrrrSeidel (5855 in chips, $1.50 bounty) 
Seat 3: magnit89 (4084 in chips, $1.50 bounty) 
Seat 4: F@rmacefto (5867 in chips, $1.50 bounty) 
Seat 5: panmotyl (4781 in chips, $1.50 bounty) 
Seat 6: realivictor (6667 in chips, $1.50 bounty) 
Seat 7: RobsonDMelo (3532 in chips, $1.50 bounty) 
Seat 8: Mahu2021 (4968 in chips, $1.50 bounty) 
SOY PATO355: posts the ante 14
DrrrrSeidel: posts the ante 14
magnit89: posts the ante 14
F@rmacefto: posts the ante 14
panmotyl: posts the ante 14
realivictor: posts the ante 14
RobsonDMelo: posts the ante 14
Mahu2021: posts the ante 14
magnit89: posts small blind 45
F@rmacefto: posts big blind 90
*** HOLE CARDS ***
Dealt to Mahu2021 [8d 7s]
panmotyl: raises 90 to 180
realivictor: folds 
RobsonDMelo: folds 
Mahu2021: folds 
SOY PATO355: folds 
DrrrrSeidel: folds 
magnit89: folds 
F@rmacefto: calls 90
*** FLOP *** [2h 3d Ad]
F@rmacefto: checks 
panmotyl: bets 196
F@rmacefto: folds 
Uncalled bet (196) returned to panmotyl
panmotyl collected 517 from pot
panmotyl: doesn't show hand 
*** SUMMARY ***
Total pot 517 | Rake 0 
Board [2h 3d Ad]
Seat 1: SOY PATO355 folded before Flop (didn't bet)
Seat 2: DrrrrSeidel (button) folded before Flop (didn't bet)
Seat 3: magnit89 (small blind) folded before Flop
Seat 4: F@rmacefto (big blind) folded on the Flop
Seat 5: panmotyl collected (517)
Seat 6: realivictor folded before Flop (didn't bet)
Seat 7: RobsonDMelo folded before Flop (didn't bet)
Seat 8: Mahu2021 folded before Flop (didn't bet)



PokerStars Hand #247013899312: Tournament #3669571536, $1.44+$1.50+$0.36 USD Hold'em No Limit - Level V (45/90) - 2023/11/09 20:11:53 CET [2023/11/09 14:11:53 ET]
Table '3669571536 148' 8-max Seat #3 is the button
Seat 1: SOY PATO355 (5017 in chips, $1.50 bounty) 
Seat 2: DrrrrSeidel (5841 in chips, $1.50 bounty) 
Seat 3: magnit89 (4025 in chips, $1.50 bounty) 
Seat 4: F@rmacefto (5673 in chips, $1.50 bounty) 
Seat 5: panmotyl (5104 in chips, $1.50 bounty) 
Seat 6: realivictor (6653 in chips, $1.50 bounty) 
Seat 7: RobsonDMelo (3518 in chips, $1.50 bounty) 
Seat 8: Mahu2021 (4954 in chips, $1.50 bounty) 
SOY PATO355: posts the ante 14
DrrrrSeidel: posts the ante 14
magnit89: posts the ante 14
F@rmacefto: posts the ante 14
panmotyl: posts the ante 14
realivictor: posts the ante 14
RobsonDMelo: posts the ante 14
Mahu2021: posts the ante 14
F@rmacefto: posts small blind 45
panmotyl: posts big blind 90
*** HOLE CARDS ***
Dealt to Mahu2021 [4s Kd]
realivictor: folds 
RobsonDMelo: folds 
Mahu2021: folds 
SOY PATO355: calls 90
DrrrrSeidel: raises 427 to 517
magnit89: folds 
F@rmacefto: folds 
panmotyl: folds 
SOY PATO355: folds 
Uncalled bet (427) returned to DrrrrSeidel
DrrrrSeidel collected 427 from pot
DrrrrSeidel: doesn't show hand 
*** SUMMARY ***
Total pot 427 | Rake 0 
Seat 1: SOY PATO355 folded before Flop
Seat 2: DrrrrSeidel collected (427)
Seat 3: magnit89 (button) folded before Flop (didn't bet)
Seat 4: F@rmacefto (small blind) folded before Flop
Seat 5: panmotyl (big blind) folded before Flop
Seat 6: realivictor folded before Flop (didn't bet)
Seat 7: RobsonDMelo folded before Flop (didn't bet)
Seat 8: Mahu2021 folded before Flop (didn't bet)



PokerStars Hand #247013915004: Tournament #3669571536, $1.44+$1.50+$0.36 USD Hold'em No Limit - Level V (45/90) - 2023/11/09 20:12:39 CET [2023/11/09 14:12:39 ET]
Table '3669571536 148' 8-max Seat #4 is the button
Seat 1: SOY PATO355 (4913 in chips, $1.50 bounty) 
Seat 2: DrrrrSeidel (6164 in chips, $1.50 bounty) 
Seat 3: magnit89 (4011 in chips, $1.50 bounty) 
Seat 4: F@rmacefto (5614 in chips, $1.50 bounty) 
Seat 5: panmotyl (5000 in chips, $1.50 bounty) 
Seat 6: realivictor (6639 in chips, $1.50 bounty) 
Seat 7: RobsonDMelo (3504 in chips, $1.50 bounty) 
Seat 8: Mahu2021 (4940 in chips, $1.50 bounty) 
SOY PATO355: posts the ante 14
DrrrrSeidel: posts the ante 14
magnit89: posts the ante 14
F@rmacefto: posts the ante 14
panmotyl: posts the ante 14
realivictor: posts the ante 14
RobsonDMelo: posts the ante 14
Mahu2021: posts the ante 14
panmotyl: posts small blind 45
realivictor: posts big blind 90
*** HOLE CARDS ***
Dealt to Mahu2021 [3c 2d]
RobsonDMelo: folds 
Mahu2021: folds 
SOY PATO355: folds 
DrrrrSeidel: folds 
magnit89: raises 99 to 189
F@rmacefto: calls 189
panmotyl: folds 
realivictor: folds 
*** FLOP *** [3d Ad 4h]
magnit89: bets 438
F@rmacefto: folds 
Uncalled bet (438) returned to magnit89
magnit89 collected 625 from pot
magnit89: doesn't show hand 
*** SUMMARY ***
Total pot 625 | Rake 0 
Board [3d Ad 4h]
Seat 1: SOY PATO355 folded before Flop (didn't bet)
Seat 2: DrrrrSeidel folded before Flop (didn't bet)
Seat 3: magnit89 collected (625)
Seat 4: F@rmacefto (button) folded on the Flop
Seat 5: panmotyl (small blind) folded before Flop
Seat 6: realivictor (big blind) folded before Flop
Seat 7: RobsonDMelo folded before Flop (didn't bet)
Seat 8: Mahu2021 folded before Flop (didn't bet)



PokerStars Hand #247013930964: Tournament #3669571536, $1.44+$1.50+$0.36 USD Hold'em No Limit - Level V (45/90) - 2023/11/09 20:13:25 CET [2023/11/09 14:13:25 ET]
Table '3669571536 148' 8-max Seat #5 is the button
Seat 1: SOY PATO355 (4899 in chips, $1.50 bounty) 
Seat 2: DrrrrSeidel (6150 in chips, $1.50 bounty) 
Seat 3: magnit89 (4433 in chips, $1.50 bounty) 
Seat 4: F@rmacefto (5411 in chips, $1.50 bounty) 
Seat 5: panmotyl (4941 in chips, $1.50 bounty) 
Seat 6: realivictor (6535 in chips, $1.50 bounty) 
Seat 7: RobsonDMelo (3490 in chips, $1.50 bounty) 
Seat 8: Mahu2021 (4926 in chips, $1.50 bounty) 
SOY PATO355: posts the ante 14
DrrrrSeidel: posts the ante 14
magnit89: posts the ante 14
F@rmacefto: posts the ante 14
panmotyl: posts the ante 14
realivictor: posts the ante 14
RobsonDMelo: posts the ante 14
Mahu2021: posts the ante 14
realivictor: posts small blind 45
RobsonDMelo: posts big blind 90
*** HOLE CARDS ***
Dealt to Mahu2021 [Js 7c]
Mahu2021: folds 
SOY PATO355: folds 
DrrrrSeidel: folds 
magnit89: folds 
F@rmacefto: folds 
panmotyl: folds 
realivictor: calls 45
RobsonDMelo: raises 450 to 540
realivictor: calls 450
*** FLOP *** [5h 4h 5c]
realivictor: checks 
RobsonDMelo: bets 2936 and is all-in
realivictor: calls 2936
*** TURN *** [5h 4h 5c] [8c]
*** RIVER *** [5h 4h 5c 8c] [Ks]
*** SHOW DOWN ***
realivictor: shows [5d 6s] (three of a kind, Fives)
RobsonDMelo: shows [Ac 2h] (a pair of Fives)
realivictor collected 7064 from pot
realivictor wins $0.75 for eliminating RobsonDMelo and their own bounty increases by $0.75 to $2.25
RobsonDMelo finished the tournament
*** SUMMARY ***
Total pot 7064 | Rake 0 
Board [5h 4h 5c 8c Ks]
Seat 1: SOY PATO355 folded before Flop (didn't bet)
Seat 2: DrrrrSeidel folded before Flop (didn't bet)
Seat 3: magnit89 folded before Flop (didn't bet)
Seat 4: F@rmacefto folded before Flop (didn't bet)
Seat 5: panmotyl (button) folded before Flop (didn't bet)
Seat 6: realivictor (small blind) showed [5d 6s] and won (7064) with three of a kind, Fives
Seat 7: RobsonDMelo (big blind) showed [Ac 2h] and lost with a pair of Fives
Seat 8: Mahu2021 folded before Flop (didn't bet)



PokerStars Hand #247013947418: Tournament #3669571536, $1.44+$1.50+$0.36 USD Hold'em No Limit - Level V (45/90) - 2023/11/09 20:14:12 CET [2023/11/09 14:14:12 ET]
Table '3669571536 148' 8-max Seat #6 is the button
Seat 1: SOY PATO355 (4885 in chips, $1.50 bounty) 
Seat 2: DrrrrSeidel (6136 in chips, $1.50 bounty) 
Seat 3: magnit89 (4419 in chips, $1.50 bounty) 
Seat 4: F@rmacefto (5397 in chips, $1.50 bounty) 
Seat 5: panmotyl (4927 in chips, $1.50 bounty) 
Seat 6: realivictor (10109 in chips, $2.25 bounty) 
Seat 8: Mahu2021 (4912 in chips, $1.50 bounty) 
SOY PATO355: posts the ante 14
DrrrrSeidel: posts the ante 14
magnit89: posts the ante 14
F@rmacefto: posts the ante 14
panmotyl: posts the ante 14
realivictor: posts the ante 14
Mahu2021: posts the ante 14
Mahu2021: posts small blind 45
SOY PATO355: posts big blind 90
*** HOLE CARDS ***
Dealt to Mahu2021 [Td 5d]
DrrrrSeidel: folds 
magnit89: raises 99 to 189
F@rmacefto: folds 
panmotyl: calls 189
realivictor: folds 
Mahu2021: folds 
SOY PATO355: folds 
*** FLOP *** [Jc 7h 9h]
magnit89: bets 428
panmotyl: folds 
Uncalled bet (428) returned to magnit89
magnit89 collected 611 from pot
magnit89: doesn't show hand 
*** SUMMARY ***
Total pot 611 | Rake 0 
Board [Jc 7h 9h]
Seat 1: SOY PATO355 (big blind) folded before Flop
Seat 2: DrrrrSeidel folded before Flop (didn't bet)
Seat 3: magnit89 collected (611)
Seat 4: F@rmacefto folded before Flop (didn't bet)
Seat 5: panmotyl folded on the Flop
Seat 6: realivictor (button) folded before Flop (didn't bet)
Seat 8: Mahu2021 (small blind) folded before Flop



PokerStars Hand #247013955844: Tournament #3669571536, $1.44+$1.50+$0.36 USD Hold'em No Limit - Level V (45/90) - 2023/11/09 20:14:36 CET [2023/11/09 14:14:36 ET]
Table '3669571536 148' 8-max Seat #8 is the button
Seat 1: SOY PATO355 (4781 in chips, $1.50 bounty) 
Seat 2: DrrrrSeidel (6122 in chips, $1.50 bounty) 
Seat 3: magnit89 (4827 in chips, $1.50 bounty) 
Seat 4: F@rmacefto (5383 in chips, $1.50 bounty) 
Seat 5: panmotyl (4724 in chips, $1.50 bounty) 
Seat 6: realivictor (10095 in chips, $2.25 bounty) 
Seat 8: Mahu2021 (4853 in chips, $1.50 bounty) 
SOY PATO355: posts the ante 14
DrrrrSeidel: posts the ante 14
magnit89: posts the ante 14
F@rmacefto: posts the ante 14
panmotyl: posts the ante 14
realivictor: posts the ante 14
Mahu2021: posts the ante 14
SOY PATO355: posts small blind 45
DrrrrSeidel: posts big blind 90
*** HOLE CARDS ***
Dealt to Mahu2021 [6c 3d]
magnit89: folds 
F@rmacefto: folds 
panmotyl: folds 
realivictor: folds 
Mahu2021: raises 90 to 180
SOY PATO355: folds 
DrrrrSeidel: calls 90
*** FLOP *** [3c Ks 2s]
DrrrrSeidel: checks 
Mahu2021: bets 180
DrrrrSeidel: folds 
Uncalled bet (180) returned to Mahu2021
Mahu2021 collected 503 from pot
Mahu2021: doesn't show hand 
*** SUMMARY ***
Total pot 503 | Rake 0 
Board [3c Ks 2s]
Seat 1: SOY PATO355 (small blind) folded before Flop
Seat 2: DrrrrSeidel (big blind) folded on the Flop
Seat 3: magnit89 folded before Flop (didn't bet)
Seat 4: F@rmacefto folded before Flop (didn't bet)
Seat 5: panmotyl folded before Flop (didn't bet)
Seat 6: realivictor folded before Flop (didn't bet)
Seat 8: Mahu2021 (button) collected (503)



PokerStars Hand #247013969987: Tournament #3669571536, $1.44+$1.50+$0.36 USD Hold'em No Limit - Level V (45/90) - 2023/11/09 20:15:15 CET [2023/11/09 14:15:15 ET]
Table '3669571536 148' 8-max Seat #1 is the button
Seat 1: SOY PATO355 (4722 in chips, $1.50 bounty) 
Seat 2: DrrrrSeidel (5928 in chips, $1.50 bounty) 
Seat 3: magnit89 (4813 in chips, $1.50 bounty) 
Seat 4: F@rmacefto (5369 in chips, $1.50 bounty) 
Seat 5: panmotyl (4710 in chips, $1.50 bounty) 
Seat 6: realivictor (10081 in chips, $2.25 bounty) 
Seat 7: silvalb66 (5000 in chips, $1.50 bounty) 
Seat 8: Mahu2021 (5162 in chips, $1.50 bounty) 
SOY PATO355: posts the ante 14
DrrrrSeidel: posts the ante 14
magnit89: posts the ante 14
F@rmacefto: posts the ante 14
panmotyl: posts the ante 14
realivictor: posts the ante 14
silvalb66: posts the ante 14
Mahu2021: posts the ante 14
DrrrrSeidel: posts small blind 45
magnit89: posts big blind 90
*** HOLE CARDS ***
Dealt to Mahu2021 [Ac Jc]
F@rmacefto: raises 90 to 180
panmotyl: calls 180
realivictor: folds 
silvalb66: folds 
Mahu2021: calls 180
SOY PATO355: folds 
DrrrrSeidel: folds 
magnit89: folds 
*** FLOP *** [3d 5d 7d]
F@rmacefto: bets 450
panmotyl: folds 
Mahu2021: folds 
Uncalled bet (450) returned to F@rmacefto
F@rmacefto collected 787 from pot
F@rmacefto: doesn't show hand 
*** SUMMARY ***
Total pot 787 | Rake 0 
Board [3d 5d 7d]
Seat 1: SOY PATO355 (button) folded before Flop (didn't bet)
Seat 2: DrrrrSeidel (small blind) folded before Flop
Seat 3: magnit89 (big blind) folded before Flop
Seat 4: F@rmacefto collected (787)
Seat 5: panmotyl folded on the Flop
Seat 6: realivictor folded before Flop (didn't bet)
Seat 7: silvalb66 folded before Flop (didn't bet)
Seat 8: Mahu2021 folded on the Flop



PokerStars Hand #247013981388: Tournament #3669571536, $1.44+$1.50+$0.36 USD Hold'em No Limit - Level V (45/90) - 2023/11/09 20:15:47 CET [2023/11/09 14:15:47 ET]
Table '3669571536 148' 8-max Seat #2 is the button
Seat 1: SOY PATO355 (4708 in chips, $1.50 bounty) 
Seat 2: DrrrrSeidel (5869 in chips, $1.50 bounty) 
Seat 3: magnit89 (4709 in chips, $1.50 bounty) 
Seat 4: F@rmacefto (5962 in chips, $1.50 bounty) 
Seat 5: panmotyl (4516 in chips, $1.50 bounty) 
Seat 6: realivictor (10067 in chips, $2.25 bounty) 
Seat 7: silvalb66 (4986 in chips, $1.50 bounty) 
Seat 8: Mahu2021 (4968 in chips, $1.50 bounty) 
SOY PATO355: posts the ante 14
DrrrrSeidel: posts the ante 14
magnit89: posts the ante 14
F@rmacefto: posts the ante 14
panmotyl: posts the ante 14
realivictor: posts the ante 14
silvalb66: posts the ante 14
Mahu2021: posts the ante 14
magnit89: posts small blind 45
F@rmacefto: posts big blind 90
*** HOLE CARDS ***
Dealt to Mahu2021 [7d 2h]
panmotyl: folds 
realivictor: folds 
silvalb66: folds 
Mahu2021: folds 
SOY PATO355: folds 
DrrrrSeidel: folds 
magnit89: folds 
Uncalled bet (45) returned to F@rmacefto
F@rmacefto collected 202 from pot
F@rmacefto: doesn't show hand 
*** SUMMARY ***
Total pot 202 | Rake 0 
Seat 1: SOY PATO355 folded before Flop (didn't bet)
Seat 2: DrrrrSeidel (button) folded before Flop (didn't bet)
Seat 3: magnit89 (small blind) folded before Flop
Seat 4: F@rmacefto (big blind) collected (202)
Seat 5: panmotyl folded before Flop (didn't bet)
Seat 6: realivictor folded before Flop (didn't bet)
Seat 7: silvalb66 folded before Flop (didn't bet)
Seat 8: Mahu2021 folded before Flop (didn't bet)



PokerStars Hand #247013987629: Tournament #3669571536, $1.44+$1.50+$0.36 USD Hold'em No Limit - Level V (45/90) - 2023/11/09 20:16:05 CET [2023/11/09 14:16:05 ET]
Table '3669571536 148' 8-max Seat #3 is the button
Seat 1: SOY PATO355 (4694 in chips, $1.50 bounty) 
Seat 2: DrrrrSeidel (5855 in chips, $1.50 bounty) 
Seat 3: magnit89 (4650 in chips, $1.50 bounty) 
Seat 4: F@rmacefto (6105 in chips, $1.50 bounty) 
Seat 5: panmotyl (4502 in chips, $1.50 bounty) 
Seat 6: realivictor (10053 in chips, $2.25 bounty) 
Seat 7: silvalb66 (4972 in chips, $1.50 bounty) 
Seat 8: Mahu2021 (4954 in chips, $1.50 bounty) 
SOY PATO355: posts the ante 14
DrrrrSeidel: posts the ante 14
magnit89: posts the ante 14
F@rmacefto: posts the ante 14
panmotyl: posts the ante 14
realivictor: posts the ante 14
silvalb66: posts the ante 14
Mahu2021: posts the ante 14
F@rmacefto: posts small blind 45
panmotyl: posts big blind 90
*** HOLE CARDS ***
Dealt to Mahu2021 [Kh 6s]
realivictor: calls 90
silvalb66: calls 90
Mahu2021: folds 
SOY PATO355: folds 
DrrrrSeidel: calls 90
magnit89: calls 90
F@rmacefto: folds 
panmotyl: checks 
*** FLOP *** [4d 4c 6d]
panmotyl: checks 
realivictor: checks 
silvalb66: bets 304
DrrrrSeidel: folds 
magnit89: raises 304 to 608
panmotyl: folds 
realivictor: folds 
silvalb66: raises 4260 to 4868 and is all-in
magnit89: folds 
Uncalled bet (4260) returned to silvalb66
silvalb66 collected 1823 from pot
*** SUMMARY ***
Total pot 1823 | Rake 0 
Board [4d 4c 6d]
Seat 1: SOY PATO355 folded before Flop (didn't bet)
Seat 2: DrrrrSeidel folded on the Flop
Seat 3: magnit89 (button) folded on the Flop
Seat 4: F@rmacefto (small blind) folded before Flop
Seat 5: panmotyl (big blind) folded on the Flop
Seat 6: realivictor folded on the Flop
Seat 7: silvalb66 collected (1823)
Seat 8: Mahu2021 folded before Flop (didn't bet)



PokerStars Hand #247014012032: Tournament #3669571536, $1.44+$1.50+$0.36 USD Hold'em No Limit - Level V (45/90) - 2023/11/09 20:17:15 CET [2023/11/09 14:17:15 ET]
Table '3669571536 148' 8-max Seat #4 is the button
Seat 1: SOY PATO355 (4680 in chips, $1.50 bounty) 
Seat 2: DrrrrSeidel (5751 in chips, $1.50 bounty) 
Seat 3: magnit89 (3938 in chips, $1.50 bounty) 
Seat 4: F@rmacefto (6046 in chips, $1.50 bounty) 
Seat 5: panmotyl (4398 in chips, $1.50 bounty) 
Seat 6: realivictor (9949 in chips, $2.25 bounty) 
Seat 7: silvalb66 (6083 in chips, $1.50 bounty) 
Seat 8: Mahu2021 (4940 in chips, $1.50 bounty) 
SOY PATO355: posts the ante 14
DrrrrSeidel: posts the ante 14
magnit89: posts the ante 14
F@rmacefto: posts the ante 14
panmotyl: posts the ante 14
realivictor: posts the ante 14
silvalb66: posts the ante 14
Mahu2021: posts the ante 14
panmotyl: posts small blind 45
realivictor: posts big blind 90
*** HOLE CARDS ***
Dealt to Mahu2021 [2h Ts]
silvalb66: folds 
Mahu2021: folds 
SOY PATO355: folds 
DrrrrSeidel: raises 99 to 189
magnit89: folds 
F@rmacefto: folds 
panmotyl: folds 
realivictor: folds 
Uncalled bet (99) returned to DrrrrSeidel
DrrrrSeidel collected 337 from pot
DrrrrSeidel: doesn't show hand 
*** SUMMARY ***
Total pot 337 | Rake 0 
Seat 1: SOY PATO355 folded before Flop (didn't bet)
Seat 2: DrrrrSeidel collected (337)
Seat 3: magnit89 folded before Flop (didn't bet)
Seat 4: F@rmacefto (button) folded before Flop (didn't bet)
Seat 5: panmotyl (small blind) folded before Flop
Seat 6: realivictor (big blind) folded before Flop
Seat 7: silvalb66 folded before Flop (didn't bet)
Seat 8: Mahu2021 folded before Flop (didn't bet)



PokerStars Hand #247014031570: Tournament #3669571536, $1.44+$1.50+$0.36 USD Hold'em No Limit - Level VI (50/100) - 2023/11/09 20:18:11 CET [2023/11/09 14:18:11 ET]
Table '3669571536 148' 8-max Seat #5 is the button
Seat 1: SOY PATO355 (4666 in chips, $1.50 bounty) 
Seat 2: DrrrrSeidel (5984 in chips, $1.50 bounty) 
Seat 3: magnit89 (3924 in chips, $1.50 bounty) 
Seat 4: F@rmacefto (6032 in chips, $1.50 bounty) 
Seat 5: panmotyl (4339 in chips, $1.50 bounty) 
Seat 6: realivictor (9845 in chips, $2.25 bounty) 
Seat 7: silvalb66 (6069 in chips, $1.50 bounty) 
Seat 8: Mahu2021 (4926 in chips, $1.50 bounty) 
SOY PATO355: posts the ante 15
DrrrrSeidel: posts the ante 15
magnit89: posts the ante 15
F@rmacefto: posts the ante 15
panmotyl: posts the ante 15
realivictor: posts the ante 15
silvalb66: posts the ante 15
Mahu2021: posts the ante 15
realivictor: posts small blind 50
silvalb66: posts big blind 100
*** HOLE CARDS ***
Dealt to Mahu2021 [Ts Ks]
Mahu2021: raises 100 to 200
SOY PATO355: calls 200
DrrrrSeidel: folds 
magnit89: raises 600 to 800
F@rmacefto: raises 5217 to 6017 and is all-in
panmotyl: folds 
realivictor: folds 
silvalb66: folds 
Mahu2021: folds 
SOY PATO355: folds 
magnit89: folds 
Uncalled bet (5217) returned to F@rmacefto
F@rmacefto collected 2270 from pot
F@rmacefto: doesn't show hand 
*** SUMMARY ***
Total pot 2270 | Rake 0 
Seat 1: SOY PATO355 folded before Flop
Seat 2: DrrrrSeidel folded before Flop (didn't bet)
Seat 3: magnit89 folded before Flop
Seat 4: F@rmacefto collected (2270)
Seat 5: panmotyl (button) folded before Flop (didn't bet)
Seat 6: realivictor (small blind) folded before Flop
Seat 7: silvalb66 (big blind) folded before Flop
Seat 8: Mahu2021 folded before Flop



PokerStars Hand #247014050822: Tournament #3669571536, $1.44+$1.50+$0.36 USD Hold'em No Limit - Level VI (50/100) - 2023/11/09 20:19:06 CET [2023/11/09 14:19:06 ET]
Table '3669571536 148' 8-max Seat #6 is the button
Seat 1: SOY PATO355 (4451 in chips, $1.50 bounty) 
Seat 2: DrrrrSeidel (5969 in chips, $1.50 bounty) 
Seat 3: magnit89 (3109 in chips, $1.50 bounty) 
Seat 4: F@rmacefto (7487 in chips, $1.50 bounty) 
Seat 5: panmotyl (4324 in chips, $1.50 bounty) 
Seat 6: realivictor (9780 in chips, $2.25 bounty) 
Seat 7: silvalb66 (5954 in chips, $1.50 bounty) 
Seat 8: Mahu2021 (4711 in chips, $1.50 bounty) 
SOY PATO355: posts the ante 15
DrrrrSeidel: posts the ante 15
magnit89: posts the ante 15
F@rmacefto: posts the ante 15
panmotyl: posts the ante 15
realivictor: posts the ante 15
silvalb66: posts the ante 15
Mahu2021: posts the ante 15
silvalb66: posts small blind 50
Mahu2021: posts big blind 100
*** HOLE CARDS ***
Dealt to Mahu2021 [4s Kd]
SOY PATO355: folds 
DrrrrSeidel: folds 
magnit89: folds 
F@rmacefto: raises 100 to 200
panmotyl: folds 
realivictor: folds 
silvalb66: calls 150
Mahu2021: calls 100
*** FLOP *** [Qd Qh 9c]
silvalb66: checks 
Mahu2021: checks 
F@rmacefto: bets 180
silvalb66: folds 
Mahu2021: folds 
Uncalled bet (180) returned to F@rmacefto
F@rmacefto collected 720 from pot
F@rmacefto: doesn't show hand 
*** SUMMARY ***
Total pot 720 | Rake 0 
Board [Qd Qh 9c]
Seat 1: SOY PATO355 folded before Flop (didn't bet)
Seat 2: DrrrrSeidel folded before Flop (didn't bet)
Seat 3: magnit89 folded before Flop (didn't bet)
Seat 4: F@rmacefto collected (720)
Seat 5: panmotyl folded before Flop (didn't bet)
Seat 6: realivictor (button) folded before Flop (didn't bet)
Seat 7: silvalb66 (small blind) folded on the Flop
Seat 8: Mahu2021 (big blind) folded on the Flop



PokerStars Hand #247014071456: Tournament #3669571536, $1.44+$1.50+$0.36 USD Hold'em No Limit - Level VI (50/100) - 2023/11/09 20:20:05 CET [2023/11/09 14:20:05 ET]
Table '3669571536 148' 8-max Seat #7 is the button
Seat 1: SOY PATO355 (4436 in chips, $1.50 bounty) 
Seat 2: DrrrrSeidel (5954 in chips, $1.50 bounty) 
Seat 3: magnit89 (3094 in chips, $1.50 bounty) 
Seat 4: F@rmacefto (7992 in chips, $1.50 bounty) 
Seat 5: panmotyl (4309 in chips, $1.50 bounty) 
Seat 6: realivictor (9765 in chips, $2.25 bounty) 
Seat 7: silvalb66 (5739 in chips, $1.50 bounty) 
Seat 8: Mahu2021 (4496 in chips, $1.50 bounty) 
SOY PATO355: posts the ante 15
DrrrrSeidel: posts the ante 15
magnit89: posts the ante 15
F@rmacefto: posts the ante 15
panmotyl: posts the ante 15
realivictor: posts the ante 15
silvalb66: posts the ante 15
Mahu2021: posts the ante 15
Mahu2021: posts small blind 50
SOY PATO355: posts big blind 100
*** HOLE CARDS ***
Dealt to Mahu2021 [3s Qs]
DrrrrSeidel: folds 
magnit89: folds 
F@rmacefto: folds 
panmotyl: calls 100
realivictor: calls 100
silvalb66: raises 570 to 670
Mahu2021: folds 
SOY PATO355: folds 
panmotyl: calls 570
realivictor: calls 570
*** FLOP *** [5h 5d Th]
panmotyl: checks 
realivictor: checks 
silvalb66: bets 1140
panmotyl: calls 1140
realivictor: folds 
*** TURN *** [5h 5d Th] [4h]
panmotyl: checks 
silvalb66: bets 3914 and is all-in
panmotyl: calls 2484 and is all-in
Uncalled bet (1430) returned to silvalb66
*** RIVER *** [5h 5d Th 4h] [2d]
*** SHOW DOWN ***
panmotyl: shows [Td Tc] (a full house, Tens full of Fives)
silvalb66: shows [Ts Qc] (two pair, Tens and Fives)
panmotyl collected 9528 from pot
*** SUMMARY ***
Total pot 9528 | Rake 0 
Board [5h 5d Th 4h 2d]
Seat 1: SOY PATO355 (big blind) folded before Flop
Seat 2: DrrrrSeidel folded before Flop (didn't bet)
Seat 3: magnit89 folded before Flop (didn't bet)
Seat 4: F@rmacefto folded before Flop (didn't bet)
Seat 5: panmotyl showed [Td Tc] and won (9528) with a full house, Tens full of Fives
Seat 6: realivictor folded on the Flop
Seat 7: silvalb66 (button) showed [Ts Qc] and lost with two pair, Tens and Fives
Seat 8: Mahu2021 (small blind) folded before Flop



PokerStars Hand #247014090791: Tournament #3669571536, $1.44+$1.50+$0.36 USD Hold'em No Limit - Level VI (50/100) - 2023/11/09 20:21:00 CET [2023/11/09 14:21:00 ET]
Table '3669571536 148' 8-max Seat #8 is the button
Seat 1: SOY PATO355 (4321 in chips, $1.50 bounty) 
Seat 2: DrrrrSeidel (5939 in chips, $1.50 bounty) 
Seat 3: magnit89 (3079 in chips, $1.50 bounty) 
Seat 4: F@rmacefto (7977 in chips, $1.50 bounty) 
Seat 5: panmotyl (9528 in chips, $1.50 bounty) 
Seat 6: realivictor (9080 in chips, $2.25 bounty) 
Seat 7: silvalb66 (1430 in chips, $1.50 bounty) 
Seat 8: Mahu2021 (4431 in chips, $1.50 bounty) 
SOY PATO355: posts the ante 15
DrrrrSeidel: posts the ante 15
magnit89: posts the ante 15
F@rmacefto: posts the ante 15
panmotyl: posts the ante 15
realivictor: posts the ante 15
silvalb66: posts the ante 15
Mahu2021: posts the ante 15
SOY PATO355: posts small blind 50
DrrrrSeidel: posts big blind 100
*** HOLE CARDS ***
Dealt to Mahu2021 [7c 2s]
magnit89: folds 
F@rmacefto: raises 100 to 200
panmotyl: folds 
realivictor: folds 
silvalb66: raises 1215 to 1415 and is all-in
Mahu2021: folds 
SOY PATO355: folds 
DrrrrSeidel: calls 1315
F@rmacefto: folds 
*** FLOP *** [6h 9h 8c]
*** TURN *** [6h 9h 8c] [7d]
*** RIVER *** [6h 9h 8c 7d] [Ts]
*** SHOW DOWN ***
DrrrrSeidel: shows [Ac Ad] (a straight, Six to Ten)
silvalb66: shows [Th 9c] (a straight, Six to Ten)
DrrrrSeidel collected 1600 from pot
silvalb66 collected 1600 from pot
*** SUMMARY ***
Total pot 3200 | Rake 0 
Board [6h 9h 8c 7d Ts]
Seat 1: SOY PATO355 (small blind) folded before Flop
Seat 2: DrrrrSeidel (big blind) showed [Ac Ad] and won (1600) with a straight, Six to Ten
Seat 3: magnit89 folded before Flop (didn't bet)
Seat 4: F@rmacefto folded before Flop
Seat 5: panmotyl folded before Flop (didn't bet)
Seat 6: realivictor folded before Flop (didn't bet)
Seat 7: silvalb66 showed [Th 9c] and won (1600) with a straight, Six to Ten
Seat 8: Mahu2021 (button) folded before Flop (didn't bet)



PokerStars Hand #247014103739: Tournament #3669571536, $1.44+$1.50+$0.36 USD Hold'em No Limit - Level VI (50/100) - 2023/11/09 20:21:37 CET [2023/11/09 14:21:37 ET]
Table '3669571536 148' 8-max Seat #1 is the button
Seat 1: SOY PATO355 (4256 in chips, $1.50 bounty) 
Seat 2: DrrrrSeidel (6109 in chips, $1.50 bounty) 
Seat 3: magnit89 (3064 in chips, $1.50 bounty) 
Seat 4: F@rmacefto (7762 in chips, $1.50 bounty) 
Seat 5: panmotyl (9513 in chips, $1.50 bounty) 
Seat 6: realivictor (9065 in chips, $2.25 bounty) 
Seat 7: silvalb66 (1600 in chips, $1.50 bounty) 
Seat 8: Mahu2021 (4416 in chips, $1.50 bounty) 
SOY PATO355: posts the ante 15
DrrrrSeidel: posts the ante 15
magnit89: posts the ante 15
F@rmacefto: posts the ante 15
panmotyl: posts the ante 15
realivictor: posts the ante 15
silvalb66: posts the ante 15
Mahu2021: posts the ante 15
DrrrrSeidel: posts small blind 50
magnit89: posts big blind 100
*** HOLE CARDS ***
Dealt to Mahu2021 [9d Qd]
F@rmacefto: folds 
panmotyl: folds 
realivictor: raises 370 to 470
silvalb66: raises 1115 to 1585 and is all-in
Mahu2021: folds 
SOY PATO355: raises 2656 to 4241 and is all-in
DrrrrSeidel: folds 
magnit89: folds 
realivictor: calls 3771
*** FLOP *** [7c 5c As]
*** TURN *** [7c 5c As] [Js]
*** RIVER *** [7c 5c As Js] [5s]
*** SHOW DOWN ***
realivictor: shows [Ks Jc] (two pair, Jacks and Fives)
SOY PATO355: shows [Kc Ac] (two pair, Aces and Fives)
SOY PATO355 collected 5312 from side pot
silvalb66: shows [Qs 7s] (a flush, Ace high)
silvalb66 collected 5025 from main pot
*** SUMMARY ***
Total pot 10337 Main pot 5025. Side pot 5312. | Rake 0 
Board [7c 5c As Js 5s]
Seat 1: SOY PATO355 (button) showed [Kc Ac] and won (5312) with two pair, Aces and Fives
Seat 2: DrrrrSeidel (small blind) folded before Flop
Seat 3: magnit89 (big blind) folded before Flop
Seat 4: F@rmacefto folded before Flop (didn't bet)
Seat 5: panmotyl folded before Flop (didn't bet)
Seat 6: realivictor showed [Ks Jc] and lost with two pair, Jacks and Fives
Seat 7: silvalb66 showed [Qs 7s] and won (5025) with a flush, Ace high
Seat 8: Mahu2021 folded before Flop (didn't bet)



PokerStars Hand #247014123435: Tournament #3669571536, $1.44+$1.50+$0.36 USD Hold'em No Limit - Level VI (50/100) - 2023/11/09 20:22:34 CET [2023/11/09 14:22:34 ET]
Table '3669571536 148' 8-max Seat #2 is the button
Seat 1: SOY PATO355 (5312 in chips, $1.50 bounty) 
Seat 2: DrrrrSeidel (6044 in chips, $1.50 bounty) 
Seat 3: magnit89 (2949 in chips, $1.50 bounty) 
Seat 4: F@rmacefto (7747 in chips, $1.50 bounty) 
Seat 5: panmotyl (9498 in chips, $1.50 bounty) 
Seat 6: realivictor (4809 in chips, $2.25 bounty) 
Seat 7: silvalb66 (5025 in chips, $1.50 bounty) 
Seat 8: Mahu2021 (4401 in chips, $1.50 bounty) 
SOY PATO355: posts the ante 15
DrrrrSeidel: posts the ante 15
magnit89: posts the ante 15
F@rmacefto: posts the ante 15
panmotyl: posts the ante 15
realivictor: posts the ante 15
silvalb66: posts the ante 15
Mahu2021: posts the ante 15
magnit89: posts small blind 50
F@rmacefto: posts big blind 100
*** HOLE CARDS ***
Dealt to Mahu2021 [9s 3h]
panmotyl: raises 100 to 200
realivictor: calls 200
silvalb66: folds 
Mahu2021: folds 
SOY PATO355: folds 
DrrrrSeidel: calls 200
magnit89: folds 
F@rmacefto: calls 100
*** FLOP *** [Ts 9d Td]
F@rmacefto: checks 
panmotyl: checks 
realivictor: checks 
DrrrrSeidel: checks 
*** TURN *** [Ts 9d Td] [Ah]
F@rmacefto: checks 
panmotyl: checks 
realivictor: checks 
DrrrrSeidel: checks 
*** RIVER *** [Ts 9d Td Ah] [9h]
F@rmacefto: checks 
panmotyl: checks 
realivictor: checks 
DrrrrSeidel: bets 5829 and is all-in
F@rmacefto: folds 
panmotyl: folds 
realivictor: folds [6d 6c]
Uncalled bet (5829) returned to DrrrrSeidel
DrrrrSeidel collected 970 from pot
DrrrrSeidel: doesn't show hand 
*** SUMMARY ***
Total pot 970 | Rake 0 
Board [Ts 9d Td Ah 9h]
Seat 1: SOY PATO355 folded before Flop (didn't bet)
Seat 2: DrrrrSeidel (button) collected (970)
Seat 3: magnit89 (small blind) folded before Flop
Seat 4: F@rmacefto (big blind) folded on the River
Seat 5: panmotyl folded on the River
Seat 6: realivictor folded on the River
Seat 7: silvalb66 folded before Flop (didn't bet)
Seat 8: Mahu2021 folded before Flop (didn't bet)



PokerStars Hand #247014149133: Tournament #3669571536, $1.44+$1.50+$0.36 USD Hold'em No Limit - Level VI (50/100) - 2023/11/09 20:23:47 CET [2023/11/09 14:23:47 ET]
Table '3669571536 148' 8-max Seat #3 is the button
Seat 1: SOY PATO355 (5297 in chips, $1.50 bounty) 
Seat 2: DrrrrSeidel (6799 in chips, $1.50 bounty) 
Seat 3: magnit89 (2884 in chips, $1.50 bounty) 
Seat 4: F@rmacefto (7532 in chips, $1.50 bounty) 
Seat 5: panmotyl (9283 in chips, $1.50 bounty) 
Seat 6: realivictor (4594 in chips, $2.25 bounty) 
Seat 7: silvalb66 (5010 in chips, $1.50 bounty) 
Seat 8: Mahu2021 (4386 in chips, $1.50 bounty) 
SOY PATO355: posts the ante 15
DrrrrSeidel: posts the ante 15
magnit89: posts the ante 15
F@rmacefto: posts the ante 15
panmotyl: posts the ante 15
realivictor: posts the ante 15
silvalb66: posts the ante 15
Mahu2021: posts the ante 15
F@rmacefto: posts small blind 50
panmotyl: posts big blind 100
*** HOLE CARDS ***
Dealt to Mahu2021 [6s 4s]
realivictor: calls 100
silvalb66: folds 
Mahu2021: calls 100
SOY PATO355: folds 
DrrrrSeidel: folds 
magnit89: folds 
F@rmacefto: calls 50
panmotyl: checks 
*** FLOP *** [Jc Qc Kc]
F@rmacefto: checks 
panmotyl: checks 
realivictor: checks 
Mahu2021: checks 
*** TURN *** [Jc Qc Kc] [Th]
F@rmacefto: bets 400
panmotyl: folds 
realivictor: folds 
Mahu2021: folds 
Uncalled bet (400) returned to F@rmacefto
F@rmacefto collected 520 from pot
F@rmacefto: doesn't show hand 
*** SUMMARY ***
Total pot 520 | Rake 0 
Board [Jc Qc Kc Th]
Seat 1: SOY PATO355 folded before Flop (didn't bet)
Seat 2: DrrrrSeidel folded before Flop (didn't bet)
Seat 3: magnit89 (button) folded before Flop (didn't bet)
Seat 4: F@rmacefto (small blind) collected (520)
Seat 5: panmotyl (big blind) folded on the Turn
Seat 6: realivictor folded on the Turn
Seat 7: silvalb66 folded before Flop (didn't bet)
Seat 8: Mahu2021 folded on the Turn



PokerStars Hand #247014174619: Tournament #3669571536, $1.44+$1.50+$0.36 USD Hold'em No Limit - Level VI (50/100) - 2023/11/09 20:25:00 CET [2023/11/09 14:25:00 ET]
Table '3669571536 148' 8-max Seat #4 is the button
Seat 1: SOY PATO355 (5282 in chips, $1.50 bounty) 
Seat 2: DrrrrSeidel (6784 in chips, $1.50 bounty) 
Seat 3: magnit89 (2869 in chips, $1.50 bounty) 
Seat 4: F@rmacefto (7937 in chips, $1.50 bounty) 
Seat 5: panmotyl (9168 in chips, $1.50 bounty) 
Seat 6: realivictor (4479 in chips, $2.25 bounty) 
Seat 7: silvalb66 (4995 in chips, $1.50 bounty) 
Seat 8: Mahu2021 (4271 in chips, $1.50 bounty) 
SOY PATO355: posts the ante 15
DrrrrSeidel: posts the ante 15
magnit89: posts the ante 15
F@rmacefto: posts the ante 15
panmotyl: posts the ante 15
realivictor: posts the ante 15
silvalb66: posts the ante 15
Mahu2021: posts the ante 15
panmotyl: posts small blind 50
realivictor: posts big blind 100
*** HOLE CARDS ***
Dealt to Mahu2021 [Jh 3d]
silvalb66: folds 
Mahu2021: folds 
SOY PATO355: raises 100 to 200
DrrrrSeidel: calls 200
magnit89: folds 
F@rmacefto: folds 
panmotyl: folds 
realivictor: folds 
*** FLOP *** [Th Qh Qd]
SOY PATO355: checks 
DrrrrSeidel: bets 221
SOY PATO355: calls 221
*** TURN *** [Th Qh Qd] [9c]
SOY PATO355: checks 
DrrrrSeidel: bets 754
SOY PATO355: folds 
Uncalled bet (754) returned to DrrrrSeidel
DrrrrSeidel collected 1112 from pot
DrrrrSeidel: doesn't show hand 
*** SUMMARY ***
Total pot 1112 | Rake 0 
Board [Th Qh Qd 9c]
Seat 1: SOY PATO355 folded on the Turn
Seat 2: DrrrrSeidel collected (1112)
Seat 3: magnit89 folded before Flop (didn't bet)
Seat 4: F@rmacefto (button) folded before Flop (didn't bet)
Seat 5: panmotyl (small blind) folded before Flop
Seat 6: realivictor (big blind) folded before Flop
Seat 7: silvalb66 folded before Flop (didn't bet)
Seat 8: Mahu2021 folded before Flop (didn't bet)



PokerStars Hand #247014196802: Tournament #3669571536, $1.44+$1.50+$0.36 USD Hold'em No Limit - Level VII (60/120) - 2023/11/09 20:26:02 CET [2023/11/09 14:26:02 ET]
Table '3669571536 148' 8-max Seat #5 is the button
Seat 1: SOY PATO355 (4846 in chips, $1.50 bounty) 
Seat 2: DrrrrSeidel (7460 in chips, $1.50 bounty) 
Seat 3: magnit89 (2854 in chips, $1.50 bounty) 
Seat 4: F@rmacefto (7922 in chips, $1.50 bounty) 
Seat 5: panmotyl (9103 in chips, $1.50 bounty) 
Seat 6: realivictor (4364 in chips, $2.25 bounty) 
Seat 7: silvalb66 (4980 in chips, $1.50 bounty) 
Seat 8: Mahu2021 (4256 in chips, $1.50 bounty) 
SOY PATO355: posts the ante 18
DrrrrSeidel: posts the ante 18
magnit89: posts the ante 18
F@rmacefto: posts the ante 18
panmotyl: posts the ante 18
realivictor: posts the ante 18
silvalb66: posts the ante 18
Mahu2021: posts the ante 18
realivictor: posts small blind 60
silvalb66: posts big blind 120
*** HOLE CARDS ***
Dealt to Mahu2021 [6s 4s]
Mahu2021: calls 120
SOY PATO355: calls 120
DrrrrSeidel: folds 
magnit89: folds 
F@rmacefto: folds 
panmotyl: folds 
realivictor: folds 
silvalb66: raises 4842 to 4962 and is all-in
Mahu2021: folds 
SOY PATO355: folds 
Uncalled bet (4842) returned to silvalb66
silvalb66 collected 564 from pot
*** SUMMARY ***
Total pot 564 | Rake 0 
Seat 1: SOY PATO355 folded before Flop
Seat 2: DrrrrSeidel folded before Flop (didn't bet)
Seat 3: magnit89 folded before Flop (didn't bet)
Seat 4: F@rmacefto folded before Flop (didn't bet)
Seat 5: panmotyl (button) folded before Flop (didn't bet)
Seat 6: realivictor (small blind) folded before Flop
Seat 7: silvalb66 (big blind) collected (564)
Seat 8: Mahu2021 folded before Flop



PokerStars Hand #247014209982: Tournament #3669571536, $1.44+$1.50+$0.36 USD Hold'em No Limit - Level VII (60/120) - 2023/11/09 20:26:40 CET [2023/11/09 14:26:40 ET]
Table '3669571536 148' 8-max Seat #6 is the button
Seat 2: DrrrrSeidel (7442 in chips, $1.50 bounty) 
Seat 3: magnit89 (2836 in chips, $1.50 bounty) 
Seat 4: F@rmacefto (7904 in chips, $1.50 bounty) 
Seat 5: panmotyl (9085 in chips, $1.50 bounty) 
Seat 6: realivictor (4286 in chips, $2.25 bounty) 
Seat 7: silvalb66 (5406 in chips, $1.50 bounty) 
Seat 8: Mahu2021 (4118 in chips, $1.50 bounty) 
DrrrrSeidel: posts the ante 18
magnit89: posts the ante 18
F@rmacefto: posts the ante 18
panmotyl: posts the ante 18
realivictor: posts the ante 18
silvalb66: posts the ante 18
Mahu2021: posts the ante 18
silvalb66: posts small blind 60
Mahu2021: posts big blind 120
*** HOLE CARDS ***
Dealt to Mahu2021 [3h 5c]
DrrrrSeidel: folds 
magnit89: folds 
F@rmacefto: raises 120 to 240
panmotyl: folds 
realivictor: folds 
silvalb66: folds 
Mahu2021: calls 120
*** FLOP *** [4h 4s 7c]
Mahu2021: checks 
F@rmacefto: bets 167
Mahu2021: raises 3693 to 3860 and is all-in
F@rmacefto: calls 3693
*** TURN *** [4h 4s 7c] [9h]
*** RIVER *** [4h 4s 7c 9h] [9d]
*** SHOW DOWN ***
Mahu2021: shows [3h 5c] (two pair, Nines and Fours)
F@rmacefto: shows [7d Ad] (two pair, Nines and Sevens)
F@rmacefto collected 8386 from pot
F@rmacefto wins $0.75 for eliminating Mahu2021 and their own bounty increases by $0.75 to $2.25
Mahu2021 finished the tournament
*** SUMMARY ***
Total pot 8386 | Rake 0 
Board [4h 4s 7c 9h 9d]
Seat 2: DrrrrSeidel folded before Flop (didn't bet)
Seat 3: magnit89 folded before Flop (didn't bet)
Seat 4: F@rmacefto showed [7d Ad] and won (8386) with two pair, Nines and Sevens
Seat 5: panmotyl folded before Flop (didn't bet)
Seat 6: realivictor (button) folded before Flop (didn't bet)
Seat 7: silvalb66 (small blind) folded before Flop
Seat 8: Mahu2021 (big blind) showed [3h 5c] and lost with two pair, Nines and Fours



