PokerStars Hand #242897140557: Tournament #3572487791, $0.92+$0.08 USD Hold'em No Limit - Level I (10/20) - 2023/04/05 10:53:40 CET [2023/04/05 4:53:40 ET]
Table '3572487791 1' 3-max Seat #1 is the button
Seat 1: Yalchin28888 (500 in chips) 
Seat 2: jackpot875 (500 in chips) 
Seat 3: Mahu2021 (500 in chips) 
jackpot875: posts small blind 10
Mahu2021: posts big blind 20
*** HOLE CARDS ***
Dealt to Mahu2021 [Ks Th]
Yalchin28888: folds 
jackpot875: calls 10
Mahu2021: checks 
*** FLOP *** [Qc 3c 7c]
jackpot875: checks 
Mahu2021: checks 
*** TURN *** [Qc 3c 7c] [Qs]
jackpot875: checks 
Mahu2021: checks 
*** RIVER *** [Qc 3c 7c Qs] [8d]
jackpot875: checks 
Mahu2021: checks 
*** SHOW DOWN ***
jackpot875: shows [5h 4s] (a pair of Queens)
Mahu2021: shows [Ks Th] (a pair of Queens - King kicker)
Mahu2021 collected 40 from pot
*** SUMMARY ***
Total pot 40 | Rake 0 
Board [Qc 3c 7c Qs 8d]
Seat 1: Yalchin28888 (button) folded before Flop (didn't bet)
Seat 2: jackpot875 (small blind) showed [5h 4s] and lost with a pair of Queens
Seat 3: Mahu2021 (big blind) showed [Ks Th] and won (40) with a pair of Queens



PokerStars Hand #242897144440: Tournament #3572487791, $0.92+$0.08 USD Hold'em No Limit - Level I (10/20) - 2023/04/05 10:54:09 CET [2023/04/05 4:54:09 ET]
Table '3572487791 1' 3-max Seat #2 is the button
Seat 1: Yalchin28888 (500 in chips) 
Seat 2: jackpot875 (480 in chips) 
Seat 3: Mahu2021 (520 in chips) 
Mahu2021: posts small blind 10
Yalchin28888: posts big blind 20
*** HOLE CARDS ***
Dealt to Mahu2021 [Kd 7s]
jackpot875: folds 
Mahu2021: calls 10
Yalchin28888: checks 
*** FLOP *** [Qd 6h Qs]
Mahu2021: bets 20
Yalchin28888: folds 
Uncalled bet (20) returned to Mahu2021
Mahu2021 collected 40 from pot
Mahu2021: doesn't show hand 
*** SUMMARY ***
Total pot 40 | Rake 0 
Board [Qd 6h Qs]
Seat 1: Yalchin28888 (big blind) folded on the Flop
Seat 2: jackpot875 (button) folded before Flop (didn't bet)
Seat 3: Mahu2021 (small blind) collected (40)



PokerStars Hand #242897146688: Tournament #3572487791, $0.92+$0.08 USD Hold'em No Limit - Level I (10/20) - 2023/04/05 10:54:25 CET [2023/04/05 4:54:25 ET]
Table '3572487791 1' 3-max Seat #3 is the button
Seat 1: Yalchin28888 (480 in chips) 
Seat 2: jackpot875 (480 in chips) 
Seat 3: Mahu2021 (540 in chips) 
Yalchin28888: posts small blind 10
jackpot875: posts big blind 20
*** HOLE CARDS ***
Dealt to Mahu2021 [Jd Jc]
Mahu2021: raises 520 to 540 and is all-in
Yalchin28888: folds 
jackpot875: folds 
Uncalled bet (520) returned to Mahu2021
Mahu2021 collected 50 from pot
Mahu2021: doesn't show hand 
*** SUMMARY ***
Total pot 50 | Rake 0 
Seat 1: Yalchin28888 (small blind) folded before Flop
Seat 2: jackpot875 (big blind) folded before Flop
Seat 3: Mahu2021 (button) collected (50)



PokerStars Hand #242897149126: Tournament #3572487791, $0.92+$0.08 USD Hold'em No Limit - Level I (10/20) - 2023/04/05 10:54:43 CET [2023/04/05 4:54:43 ET]
Table '3572487791 1' 3-max Seat #1 is the button
Seat 1: Yalchin28888 (470 in chips) 
Seat 2: jackpot875 (460 in chips) 
Seat 3: Mahu2021 (570 in chips) 
jackpot875: posts small blind 10
Mahu2021: posts big blind 20
*** HOLE CARDS ***
Dealt to Mahu2021 [Qd Jh]
Yalchin28888: raises 450 to 470 and is all-in
jackpot875: folds 
Mahu2021: folds 
Uncalled bet (450) returned to Yalchin28888
Yalchin28888 collected 50 from pot
*** SUMMARY ***
Total pot 50 | Rake 0 
Seat 1: Yalchin28888 (button) collected (50)
Seat 2: jackpot875 (small blind) folded before Flop
Seat 3: Mahu2021 (big blind) folded before Flop



PokerStars Hand #242897150239: Tournament #3572487791, $0.92+$0.08 USD Hold'em No Limit - Level I (10/20) - 2023/04/05 10:54:51 CET [2023/04/05 4:54:51 ET]
Table '3572487791 1' 3-max Seat #2 is the button
Seat 1: Yalchin28888 (500 in chips) 
Seat 2: jackpot875 (450 in chips) 
Seat 3: Mahu2021 (550 in chips) 
Mahu2021: posts small blind 10
Yalchin28888: posts big blind 20
*** HOLE CARDS ***
Dealt to Mahu2021 [4h 6s]
jackpot875: folds 
Mahu2021: calls 10
Yalchin28888: checks 
*** FLOP *** [Kc 2h 2s]
Mahu2021: checks 
Yalchin28888: bets 40
Mahu2021: folds 
Uncalled bet (40) returned to Yalchin28888
Yalchin28888 collected 40 from pot
*** SUMMARY ***
Total pot 40 | Rake 0 
Board [Kc 2h 2s]
Seat 1: Yalchin28888 (big blind) collected (40)
Seat 2: jackpot875 (button) folded before Flop (didn't bet)
Seat 3: Mahu2021 (small blind) folded on the Flop



PokerStars Hand #242897152449: Tournament #3572487791, $0.92+$0.08 USD Hold'em No Limit - Level I (10/20) - 2023/04/05 10:55:08 CET [2023/04/05 4:55:08 ET]
Table '3572487791 1' 3-max Seat #3 is the button
Seat 1: Yalchin28888 (520 in chips) 
Seat 2: jackpot875 (450 in chips) 
Seat 3: Mahu2021 (530 in chips) 
Yalchin28888: posts small blind 10
jackpot875: posts big blind 20
*** HOLE CARDS ***
Dealt to Mahu2021 [6s 2s]
Mahu2021: folds 
Yalchin28888: raises 40 to 60
jackpot875: calls 40
*** FLOP *** [4h 5c 5s]
Yalchin28888: bets 60
jackpot875: calls 60
*** TURN *** [4h 5c 5s] [Qs]
Yalchin28888: bets 80
jackpot875: raises 250 to 330 and is all-in
Yalchin28888: folds 
Uncalled bet (250) returned to jackpot875
jackpot875 collected 400 from pot
*** SUMMARY ***
Total pot 400 | Rake 0 
Board [4h 5c 5s Qs]
Seat 1: Yalchin28888 (small blind) folded on the Turn
Seat 2: jackpot875 (big blind) collected (400)
Seat 3: Mahu2021 (button) folded before Flop (didn't bet)



PokerStars Hand #242897155078: Tournament #3572487791, $0.92+$0.08 USD Hold'em No Limit - Level I (10/20) - 2023/04/05 10:55:30 CET [2023/04/05 4:55:30 ET]
Table '3572487791 1' 3-max Seat #1 is the button
Seat 1: Yalchin28888 (320 in chips) 
Seat 2: jackpot875 (650 in chips) 
Seat 3: Mahu2021 (530 in chips) 
jackpot875: posts small blind 10
Mahu2021: posts big blind 20
*** HOLE CARDS ***
Dealt to Mahu2021 [4h 9c]
Yalchin28888: calls 20
jackpot875: calls 10
Mahu2021: checks 
*** FLOP *** [8d Th 6d]
jackpot875: checks 
Mahu2021: checks 
Yalchin28888: checks 
*** TURN *** [8d Th 6d] [9d]
jackpot875: checks 
Mahu2021: bets 20
Yalchin28888: folds 
jackpot875: folds 
Uncalled bet (20) returned to Mahu2021
Mahu2021 collected 60 from pot
Mahu2021: doesn't show hand 
*** SUMMARY ***
Total pot 60 | Rake 0 
Board [8d Th 6d 9d]
Seat 1: Yalchin28888 (button) folded on the Turn
Seat 2: jackpot875 (small blind) folded on the Turn
Seat 3: Mahu2021 (big blind) collected (60)



PokerStars Hand #242897158163: Tournament #3572487791, $0.92+$0.08 USD Hold'em No Limit - Level II (15/30) - 2023/04/05 10:55:56 CET [2023/04/05 4:55:56 ET]
Table '3572487791 1' 3-max Seat #2 is the button
Seat 1: Yalchin28888 (300 in chips) 
Seat 2: jackpot875 (630 in chips) 
Seat 3: Mahu2021 (570 in chips) 
Mahu2021: posts small blind 15
Yalchin28888: posts big blind 30
*** HOLE CARDS ***
Dealt to Mahu2021 [Tc 9c]
jackpot875: raises 60 to 90
Mahu2021: calls 75
Yalchin28888: raises 210 to 300 and is all-in
jackpot875: calls 210
Mahu2021: folds 
*** FLOP *** [Jc 6c Ad]
*** TURN *** [Jc 6c Ad] [5c]
*** RIVER *** [Jc 6c Ad 5c] [6d]
*** SHOW DOWN ***
Yalchin28888: shows [7d Jd] (two pair, Jacks and Sixes)
jackpot875: shows [Ks 4s] (a pair of Sixes)
Yalchin28888 collected 690 from pot
*** SUMMARY ***
Total pot 690 | Rake 0 
Board [Jc 6c Ad 5c 6d]
Seat 1: Yalchin28888 (big blind) showed [7d Jd] and won (690) with two pair, Jacks and Sixes
Seat 2: jackpot875 (button) showed [Ks 4s] and lost with a pair of Sixes
Seat 3: Mahu2021 (small blind) folded before Flop



PokerStars Hand #242897160388: Tournament #3572487791, $0.92+$0.08 USD Hold'em No Limit - Level II (15/30) - 2023/04/05 10:56:15 CET [2023/04/05 4:56:15 ET]
Table '3572487791 1' 3-max Seat #3 is the button
Seat 1: Yalchin28888 (690 in chips) 
Seat 2: jackpot875 (330 in chips) 
Seat 3: Mahu2021 (480 in chips) 
Yalchin28888: posts small blind 15
jackpot875: posts big blind 30
*** HOLE CARDS ***
Dealt to Mahu2021 [6c 8h]
Mahu2021: folds 
Yalchin28888: raises 30 to 60
jackpot875: calls 30
*** FLOP *** [2h 4c Ah]
Yalchin28888: bets 90
jackpot875: folds 
Uncalled bet (90) returned to Yalchin28888
Yalchin28888 collected 120 from pot
*** SUMMARY ***
Total pot 120 | Rake 0 
Board [2h 4c Ah]
Seat 1: Yalchin28888 (small blind) collected (120)
Seat 2: jackpot875 (big blind) folded on the Flop
Seat 3: Mahu2021 (button) folded before Flop (didn't bet)



PokerStars Hand #242897161695: Tournament #3572487791, $0.92+$0.08 USD Hold'em No Limit - Level II (15/30) - 2023/04/05 10:56:26 CET [2023/04/05 4:56:26 ET]
Table '3572487791 1' 3-max Seat #1 is the button
Seat 1: Yalchin28888 (750 in chips) 
Seat 2: jackpot875 (270 in chips) 
Seat 3: Mahu2021 (480 in chips) 
jackpot875: posts small blind 15
Mahu2021: posts big blind 30
*** HOLE CARDS ***
Dealt to Mahu2021 [3c Tc]
Yalchin28888: calls 30
jackpot875: calls 15
Mahu2021: checks 
*** FLOP *** [2h 6d 8d]
jackpot875: checks 
Mahu2021: checks 
Yalchin28888: bets 30
jackpot875: raises 210 to 240 and is all-in
Mahu2021: folds 
Yalchin28888: calls 210
*** TURN *** [2h 6d 8d] [Qs]
*** RIVER *** [2h 6d 8d Qs] [7h]
*** SHOW DOWN ***
jackpot875: shows [8h 5d] (a pair of Eights)
Yalchin28888: shows [4s 6c] (a pair of Sixes)
jackpot875 collected 570 from pot
*** SUMMARY ***
Total pot 570 | Rake 0 
Board [2h 6d 8d Qs 7h]
Seat 1: Yalchin28888 (button) showed [4s 6c] and lost with a pair of Sixes
Seat 2: jackpot875 (small blind) showed [8h 5d] and won (570) with a pair of Eights
Seat 3: Mahu2021 (big blind) folded on the Flop



PokerStars Hand #242897164268: Tournament #3572487791, $0.92+$0.08 USD Hold'em No Limit - Level II (15/30) - 2023/04/05 10:56:48 CET [2023/04/05 4:56:48 ET]
Table '3572487791 1' 3-max Seat #2 is the button
Seat 1: Yalchin28888 (480 in chips) 
Seat 2: jackpot875 (570 in chips) 
Seat 3: Mahu2021 (450 in chips) 
Mahu2021: posts small blind 15
Yalchin28888: posts big blind 30
*** HOLE CARDS ***
Dealt to Mahu2021 [3h 9d]
jackpot875: calls 30
Mahu2021: folds 
Yalchin28888: raises 75 to 105
jackpot875: calls 75
*** FLOP *** [6d Kd Kh]
Yalchin28888: bets 120
jackpot875: folds 
Uncalled bet (120) returned to Yalchin28888
Yalchin28888 collected 225 from pot
*** SUMMARY ***
Total pot 225 | Rake 0 
Board [6d Kd Kh]
Seat 1: Yalchin28888 (big blind) collected (225)
Seat 2: jackpot875 (button) folded on the Flop
Seat 3: Mahu2021 (small blind) folded before Flop



PokerStars Hand #242897165960: Tournament #3572487791, $0.92+$0.08 USD Hold'em No Limit - Level II (15/30) - 2023/04/05 10:57:02 CET [2023/04/05 4:57:02 ET]
Table '3572487791 1' 3-max Seat #3 is the button
Seat 1: Yalchin28888 (600 in chips) 
Seat 2: jackpot875 (465 in chips) 
Seat 3: Mahu2021 (435 in chips) 
Yalchin28888: posts small blind 15
jackpot875: posts big blind 30
*** HOLE CARDS ***
Dealt to Mahu2021 [8s Jd]
Mahu2021: folds 
Yalchin28888: calls 15
jackpot875: checks 
*** FLOP *** [2h Kd 7c]
Yalchin28888: bets 90
jackpot875: calls 90
*** TURN *** [2h Kd 7c] [4s]
Yalchin28888: bets 90
jackpot875: raises 90 to 180
Yalchin28888: calls 90
*** RIVER *** [2h Kd 7c 4s] [Ks]
Yalchin28888: checks 
jackpot875: checks 
*** SHOW DOWN ***
Yalchin28888: shows [7s Th] (two pair, Kings and Sevens)
jackpot875: mucks hand 
Yalchin28888 collected 600 from pot
*** SUMMARY ***
Total pot 600 | Rake 0 
Board [2h Kd 7c 4s Ks]
Seat 1: Yalchin28888 (small blind) showed [7s Th] and won (600) with two pair, Kings and Sevens
Seat 2: jackpot875 (big blind) mucked [4h 2d]
Seat 3: Mahu2021 (button) folded before Flop (didn't bet)



PokerStars Hand #242897169007: Tournament #3572487791, $0.92+$0.08 USD Hold'em No Limit - Level II (15/30) - 2023/04/05 10:57:28 CET [2023/04/05 4:57:28 ET]
Table '3572487791 1' 3-max Seat #1 is the button
Seat 1: Yalchin28888 (900 in chips) 
Seat 2: jackpot875 (165 in chips) 
Seat 3: Mahu2021 (435 in chips) 
jackpot875: posts small blind 15
Mahu2021: posts big blind 30
*** HOLE CARDS ***
Dealt to Mahu2021 [9c 5c]
Yalchin28888: calls 30
jackpot875: raises 135 to 165 and is all-in
Mahu2021: folds 
Yalchin28888: calls 135
*** FLOP *** [Js Qs 2c]
*** TURN *** [Js Qs 2c] [9d]
*** RIVER *** [Js Qs 2c 9d] [3d]
*** SHOW DOWN ***
jackpot875: shows [Ac 7s] (high card Ace)
Yalchin28888: shows [8d 5s] (high card Queen)
jackpot875 collected 360 from pot
*** SUMMARY ***
Total pot 360 | Rake 0 
Board [Js Qs 2c 9d 3d]
Seat 1: Yalchin28888 (button) showed [8d 5s] and lost with high card Queen
Seat 2: jackpot875 (small blind) showed [Ac 7s] and won (360) with high card Ace
Seat 3: Mahu2021 (big blind) folded before Flop



PokerStars Hand #242897172257: Tournament #3572487791, $0.92+$0.08 USD Hold'em No Limit - Level III (20/40) - 2023/04/05 10:57:55 CET [2023/04/05 4:57:55 ET]
Table '3572487791 1' 3-max Seat #2 is the button
Seat 1: Yalchin28888 (735 in chips) 
Seat 2: jackpot875 (360 in chips) 
Seat 3: Mahu2021 (405 in chips) 
Mahu2021: posts small blind 20
Yalchin28888: posts big blind 40
*** HOLE CARDS ***
Dealt to Mahu2021 [6h 2h]
jackpot875: raises 320 to 360 and is all-in
Mahu2021: folds 
Yalchin28888: calls 320
*** FLOP *** [9s Qd Th]
*** TURN *** [9s Qd Th] [2d]
*** RIVER *** [9s Qd Th 2d] [3s]
*** SHOW DOWN ***
Yalchin28888: shows [Jd 7h] (high card Queen)
jackpot875: shows [As Js] (high card Ace)
jackpot875 collected 740 from pot
*** SUMMARY ***
Total pot 740 | Rake 0 
Board [9s Qd Th 2d 3s]
Seat 1: Yalchin28888 (big blind) showed [Jd 7h] and lost with high card Queen
Seat 2: jackpot875 (button) showed [As Js] and won (740) with high card Ace
Seat 3: Mahu2021 (small blind) folded before Flop



PokerStars Hand #242897174044: Tournament #3572487791, $0.92+$0.08 USD Hold'em No Limit - Level III (20/40) - 2023/04/05 10:58:10 CET [2023/04/05 4:58:10 ET]
Table '3572487791 1' 3-max Seat #3 is the button
Seat 1: Yalchin28888 (375 in chips) 
Seat 2: jackpot875 (740 in chips) 
Seat 3: Mahu2021 (385 in chips) 
Yalchin28888: posts small blind 20
jackpot875: posts big blind 40
*** HOLE CARDS ***
Dealt to Mahu2021 [3h 5h]
Mahu2021: folds 
Yalchin28888: raises 335 to 375 and is all-in
jackpot875: calls 335
*** FLOP *** [7c Ks Qd]
*** TURN *** [7c Ks Qd] [Jh]
*** RIVER *** [7c Ks Qd Jh] [9c]
*** SHOW DOWN ***
Yalchin28888: shows [9s Td] (a straight, Nine to King)
jackpot875: shows [Kc 4s] (a pair of Kings)
Yalchin28888 collected 750 from pot
*** SUMMARY ***
Total pot 750 | Rake 0 
Board [7c Ks Qd Jh 9c]
Seat 1: Yalchin28888 (small blind) showed [9s Td] and won (750) with a straight, Nine to King
Seat 2: jackpot875 (big blind) showed [Kc 4s] and lost with a pair of Kings
Seat 3: Mahu2021 (button) folded before Flop (didn't bet)



PokerStars Hand #242897176025: Tournament #3572487791, $0.92+$0.08 USD Hold'em No Limit - Level III (20/40) - 2023/04/05 10:58:27 CET [2023/04/05 4:58:27 ET]
Table '3572487791 1' 3-max Seat #1 is the button
Seat 1: Yalchin28888 (750 in chips) 
Seat 2: jackpot875 (365 in chips) 
Seat 3: Mahu2021 (385 in chips) 
jackpot875: posts small blind 20
Mahu2021: posts big blind 40
*** HOLE CARDS ***
Dealt to Mahu2021 [Ks 4c]
Yalchin28888: folds 
jackpot875: raises 325 to 365 and is all-in
Mahu2021: calls 325
*** FLOP *** [7h 4d Jd]
*** TURN *** [7h 4d Jd] [Jc]
*** RIVER *** [7h 4d Jd Jc] [6h]
*** SHOW DOWN ***
jackpot875: shows [Qc Ts] (a pair of Jacks)
Mahu2021: shows [Ks 4c] (two pair, Jacks and Fours)
Mahu2021 collected 730 from pot
jackpot875 finished the tournament in 3rd place
*** SUMMARY ***
Total pot 730 | Rake 0 
Board [7h 4d Jd Jc 6h]
Seat 1: Yalchin28888 (button) folded before Flop (didn't bet)
Seat 2: jackpot875 (small blind) showed [Qc Ts] and lost with a pair of Jacks
Seat 3: Mahu2021 (big blind) showed [Ks 4c] and won (730) with two pair, Jacks and Fours



PokerStars Hand #242897178994: Tournament #3572487791, $0.92+$0.08 USD Hold'em No Limit - Level III (20/40) - 2023/04/05 10:58:52 CET [2023/04/05 4:58:52 ET]
Table '3572487791 1' 3-max Seat #3 is the button
Seat 1: Yalchin28888 (750 in chips) 
Seat 3: Mahu2021 (750 in chips) 
Mahu2021: posts small blind 20
Yalchin28888: posts big blind 40
*** HOLE CARDS ***
Dealt to Mahu2021 [Jc Js]
Mahu2021: raises 710 to 750 and is all-in
Yalchin28888: calls 710 and is all-in
*** FLOP *** [9h Th 2d]
*** TURN *** [9h Th 2d] [5h]
*** RIVER *** [9h Th 2d 5h] [Kd]
*** SHOW DOWN ***
Yalchin28888: shows [7c Kh] (a pair of Kings)
Mahu2021: shows [Jc Js] (a pair of Jacks)
Yalchin28888 collected 1500 from pot
Mahu2021 finished the tournament in 2nd place
Yalchin28888 wins the tournament and receives $2.00 - congratulations!
*** SUMMARY ***
Total pot 1500 | Rake 0 
Board [9h Th 2d 5h Kd]
Seat 1: Yalchin28888 (big blind) showed [7c Kh] and won (1500) with a pair of Kings
Seat 3: Mahu2021 (button) (small blind) showed [Jc Js] and lost with a pair of Jacks



