PokerStars Hand #248815332446: Tournament #3714250220, $1.84+$0.16 USD Hold'em No Limit - Level I (10/20) - 2024/02/11 11:59:10 CET [2024/02/11 5:59:10 ET]
Table '3714250220 1' 3-max Seat #1 is the button
Seat 1: UcheKan (500 in chips) 
Seat 2: Mahu2021 (500 in chips) 
Seat 3: Daider (500 in chips) 
Mahu2021: posts small blind 10
Daider: posts big blind 20
*** HOLE CARDS ***
Dealt to Mahu2021 [7s Jh]
UcheKan: raises 20 to 40
Mahu2021: folds 
Daider: calls 20
*** FLOP *** [2c Js 8h]
Daider: checks 
UcheKan: checks 
*** TURN *** [2c Js 8h] [Ks]
Daider: checks 
UcheKan: checks 
*** RIVER *** [2c Js 8h Ks] [Qc]
Daider: bets 40
UcheKan: folds 
Uncalled bet (40) returned to Daider
Daider collected 90 from pot
*** SUMMARY ***
Total pot 90 | Rake 0 
Board [2c Js 8h Ks Qc]
Seat 1: UcheKan (button) folded on the River
Seat 2: Mahu2021 (small blind) folded before Flop
Seat 3: Daider (big blind) collected (90)



PokerStars Hand #248815337364: Tournament #3714250220, $1.84+$0.16 USD Hold'em No Limit - Level I (10/20) - 2024/02/11 11:59:45 CET [2024/02/11 5:59:45 ET]
Table '3714250220 1' 3-max Seat #2 is the button
Seat 1: UcheKan (460 in chips) 
Seat 2: Mahu2021 (490 in chips) 
Seat 3: Daider (550 in chips) 
Daider: posts small blind 10
UcheKan: posts big blind 20
*** HOLE CARDS ***
Dealt to Mahu2021 [Td 7d]
Mahu2021: folds 
Daider: calls 10
UcheKan: raises 40 to 60
Daider: folds 
Uncalled bet (40) returned to UcheKan
UcheKan collected 40 from pot
UcheKan: doesn't show hand 
*** SUMMARY ***
Total pot 40 | Rake 0 
Seat 1: UcheKan (big blind) collected (40)
Seat 2: Mahu2021 (button) folded before Flop (didn't bet)
Seat 3: Daider (small blind) folded before Flop



PokerStars Hand #248815339387: Tournament #3714250220, $1.84+$0.16 USD Hold'em No Limit - Level I (10/20) - 2024/02/11 11:59:59 CET [2024/02/11 5:59:59 ET]
Table '3714250220 1' 3-max Seat #3 is the button
Seat 1: UcheKan (480 in chips) 
Seat 2: Mahu2021 (490 in chips) 
Seat 3: Daider (530 in chips) 
UcheKan: posts small blind 10
Mahu2021: posts big blind 20
*** HOLE CARDS ***
Dealt to Mahu2021 [5c 5s]
Daider: calls 20
UcheKan: raises 40 to 60
Mahu2021: calls 40
Daider: calls 40
*** FLOP *** [3h 2h Kh]
UcheKan: bets 60
Mahu2021: folds 
Daider: folds 
Uncalled bet (60) returned to UcheKan
UcheKan collected 180 from pot
UcheKan: doesn't show hand 
*** SUMMARY ***
Total pot 180 | Rake 0 
Board [3h 2h Kh]
Seat 1: UcheKan (small blind) collected (180)
Seat 2: Mahu2021 (big blind) folded on the Flop
Seat 3: Daider (button) folded on the Flop



PokerStars Hand #248815343465: Tournament #3714250220, $1.84+$0.16 USD Hold'em No Limit - Level I (10/20) - 2024/02/11 12:00:26 CET [2024/02/11 6:00:26 ET]
Table '3714250220 1' 3-max Seat #1 is the button
Seat 1: UcheKan (600 in chips) 
Seat 2: Mahu2021 (430 in chips) 
Seat 3: Daider (470 in chips) 
Mahu2021: posts small blind 10
Daider: posts big blind 20
*** HOLE CARDS ***
Dealt to Mahu2021 [2s 8s]
UcheKan: raises 40 to 60
Mahu2021: folds 
Daider: folds 
Uncalled bet (40) returned to UcheKan
UcheKan collected 50 from pot
UcheKan: doesn't show hand 
*** SUMMARY ***
Total pot 50 | Rake 0 
Seat 1: UcheKan (button) collected (50)
Seat 2: Mahu2021 (small blind) folded before Flop
Seat 3: Daider (big blind) folded before Flop



PokerStars Hand #248815344314: Tournament #3714250220, $1.84+$0.16 USD Hold'em No Limit - Level I (10/20) - 2024/02/11 12:00:32 CET [2024/02/11 6:00:32 ET]
Table '3714250220 1' 3-max Seat #2 is the button
Seat 1: UcheKan (630 in chips) 
Seat 2: Mahu2021 (420 in chips) 
Seat 3: Daider (450 in chips) 
Daider: posts small blind 10
UcheKan: posts big blind 20
*** HOLE CARDS ***
Dealt to Mahu2021 [Kh 3d]
Mahu2021: folds 
Daider: calls 10
UcheKan: raises 40 to 60
Daider: folds 
Uncalled bet (40) returned to UcheKan
UcheKan collected 40 from pot
UcheKan: doesn't show hand 
*** SUMMARY ***
Total pot 40 | Rake 0 
Seat 1: UcheKan (big blind) collected (40)
Seat 2: Mahu2021 (button) folded before Flop (didn't bet)
Seat 3: Daider (small blind) folded before Flop



PokerStars Hand #248815347282: Tournament #3714250220, $1.84+$0.16 USD Hold'em No Limit - Level I (10/20) - 2024/02/11 12:00:51 CET [2024/02/11 6:00:51 ET]
Table '3714250220 1' 3-max Seat #3 is the button
Seat 1: UcheKan (650 in chips) 
Seat 2: Mahu2021 (420 in chips) 
Seat 3: Daider (430 in chips) 
UcheKan: posts small blind 10
Mahu2021: posts big blind 20
*** HOLE CARDS ***
Dealt to Mahu2021 [5s 4s]
Daider: folds 
UcheKan: raises 40 to 60
Mahu2021: calls 40
*** FLOP *** [2h Qd 6s]
UcheKan: bets 80
Mahu2021: folds 
Uncalled bet (80) returned to UcheKan
UcheKan collected 120 from pot
UcheKan: doesn't show hand 
*** SUMMARY ***
Total pot 120 | Rake 0 
Board [2h Qd 6s]
Seat 1: UcheKan (small blind) collected (120)
Seat 2: Mahu2021 (big blind) folded on the Flop
Seat 3: Daider (button) folded before Flop (didn't bet)



PokerStars Hand #248815349440: Tournament #3714250220, $1.84+$0.16 USD Hold'em No Limit - Level I (10/20) - 2024/02/11 12:01:04 CET [2024/02/11 6:01:04 ET]
Table '3714250220 1' 3-max Seat #1 is the button
Seat 1: UcheKan (710 in chips) 
Seat 2: Mahu2021 (360 in chips) 
Seat 3: Daider (430 in chips) 
Mahu2021: posts small blind 10
Daider: posts big blind 20
*** HOLE CARDS ***
Dealt to Mahu2021 [5s 8c]
UcheKan: raises 40 to 60
Mahu2021: folds 
Daider: folds 
Uncalled bet (40) returned to UcheKan
UcheKan collected 50 from pot
UcheKan: doesn't show hand 
*** SUMMARY ***
Total pot 50 | Rake 0 
Seat 1: UcheKan (button) collected (50)
Seat 2: Mahu2021 (small blind) folded before Flop
Seat 3: Daider (big blind) folded before Flop



PokerStars Hand #248815350692: Tournament #3714250220, $1.84+$0.16 USD Hold'em No Limit - Level I (10/20) - 2024/02/11 12:01:12 CET [2024/02/11 6:01:12 ET]
Table '3714250220 1' 3-max Seat #2 is the button
Seat 1: UcheKan (740 in chips) 
Seat 2: Mahu2021 (350 in chips) 
Seat 3: Daider (410 in chips) 
Daider: posts small blind 10
UcheKan: posts big blind 20
*** HOLE CARDS ***
Dealt to Mahu2021 [8h Td]
Mahu2021: folds 
Daider: folds 
Uncalled bet (10) returned to UcheKan
UcheKan collected 20 from pot
UcheKan: doesn't show hand 
*** SUMMARY ***
Total pot 20 | Rake 0 
Seat 1: UcheKan (big blind) collected (20)
Seat 2: Mahu2021 (button) folded before Flop (didn't bet)
Seat 3: Daider (small blind) folded before Flop



PokerStars Hand #248815351848: Tournament #3714250220, $1.84+$0.16 USD Hold'em No Limit - Level I (10/20) - 2024/02/11 12:01:18 CET [2024/02/11 6:01:18 ET]
Table '3714250220 1' 3-max Seat #3 is the button
Seat 1: UcheKan (750 in chips) 
Seat 2: Mahu2021 (350 in chips) 
Seat 3: Daider (400 in chips) 
UcheKan: posts small blind 10
Mahu2021: posts big blind 20
*** HOLE CARDS ***
Dealt to Mahu2021 [Ks 8d]
Daider: calls 20
UcheKan: raises 40 to 60
Mahu2021: raises 290 to 350 and is all-in
Daider: folds 
UcheKan: folds 
Uncalled bet (290) returned to Mahu2021
Mahu2021 collected 140 from pot
Mahu2021: doesn't show hand 
*** SUMMARY ***
Total pot 140 | Rake 0 
Seat 1: UcheKan (small blind) folded before Flop
Seat 2: Mahu2021 (big blind) collected (140)
Seat 3: Daider (button) folded before Flop



PokerStars Hand #248815353544: Tournament #3714250220, $1.84+$0.16 USD Hold'em No Limit - Level I (10/20) - 2024/02/11 12:01:29 CET [2024/02/11 6:01:29 ET]
Table '3714250220 1' 3-max Seat #1 is the button
Seat 1: UcheKan (690 in chips) 
Seat 2: Mahu2021 (430 in chips) 
Seat 3: Daider (380 in chips) 
Mahu2021: posts small blind 10
Daider: posts big blind 20
*** HOLE CARDS ***
Dealt to Mahu2021 [6s 6h]
UcheKan: raises 40 to 60
Mahu2021: raises 370 to 430 and is all-in
Daider: folds 
UcheKan: calls 370
*** FLOP *** [Kd 5c 3c]
*** TURN *** [Kd 5c 3c] [4h]
*** RIVER *** [Kd 5c 3c 4h] [5h]
*** SHOW DOWN ***
Mahu2021: shows [6s 6h] (two pair, Sixes and Fives)
UcheKan: shows [8s 8c] (two pair, Eights and Fives)
UcheKan collected 880 from pot
Mahu2021 finished the tournament in 3rd place
*** SUMMARY ***
Total pot 880 | Rake 0 
Board [Kd 5c 3c 4h 5h]
Seat 1: UcheKan (button) showed [8s 8c] and won (880) with two pair, Eights and Fives
Seat 2: Mahu2021 (small blind) showed [6s 6h] and lost with two pair, Sixes and Fives
Seat 3: Daider (big blind) folded before Flop



