PokerStars Hand #253002430697: Tournament #3813720440, $1.84+$0.16 USD Hold'em No Limit - Level I (10/20) - 2024/10/19 16:59:28 CET [2024/10/19 10:59:28 ET]
Table '3813720440 1' 3-max Seat #1 is the button
Seat 1: Mahu2021 (500 in chips) 
Seat 2: fredall91 (500 in chips) 
Seat 3: Toma2605342 (500 in chips) 
fredall91: posts small blind 10
Toma2605342: posts big blind 20
*** HOLE CARDS ***
Dealt to Mahu2021 [Td 5d]
Mahu2021: folds 
fredall91: calls 10
Toma2605342: raises 40 to 60
fredall91: calls 40
*** FLOP *** [Kd Qc Ks]
fredall91: checks 
Toma2605342: checks 
*** TURN *** [Kd Qc Ks] [Js]
fredall91: bets 440 and is all-in
Toma2605342: calls 440 and is all-in
*** RIVER *** [Kd Qc Ks Js] [9s]
*** SHOW DOWN ***
fredall91: shows [5h Jc] (two pair, Kings and Jacks)
Toma2605342: shows [Ts 9c] (a straight, Nine to King)
Toma2605342 collected 1000 from pot
fredall91 finished the tournament in 3rd place
*** SUMMARY ***
Total pot 1000 | Rake 0 
Board [Kd Qc Ks Js 9s]
Seat 1: Mahu2021 (button) folded before Flop (didn't bet)
Seat 2: fredall91 (small blind) showed [5h Jc] and lost with two pair, Kings and Jacks
Seat 3: Toma2605342 (big blind) showed [Ts 9c] and won (1000) with a straight, Nine to King



PokerStars Hand #253002437169: Tournament #3813720440, $1.84+$0.16 USD Hold'em No Limit - Level I (10/20) - 2024/10/19 17:00:07 CET [2024/10/19 11:00:07 ET]
Table '3813720440 1' 3-max Seat #3 is the button
Seat 1: Mahu2021 (500 in chips) 
Seat 3: Toma2605342 (1000 in chips) 
Toma2605342: posts small blind 10
Mahu2021: posts big blind 20
*** HOLE CARDS ***
Dealt to Mahu2021 [Ah 9s]
Toma2605342: raises 20 to 40
Mahu2021: calls 20
*** FLOP *** [3d Kc Th]
Mahu2021: checks 
Toma2605342: bets 20
Mahu2021: calls 20
*** TURN *** [3d Kc Th] [5s]
Mahu2021: checks 
Toma2605342: bets 20
Mahu2021: calls 20
*** RIVER *** [3d Kc Th 5s] [3c]
Mahu2021: bets 160
Toma2605342: folds 
Uncalled bet (160) returned to Mahu2021
Mahu2021 collected 160 from pot
Mahu2021: doesn't show hand 
*** SUMMARY ***
Total pot 160 | Rake 0 
Board [3d Kc Th 5s 3c]
Seat 1: Mahu2021 (big blind) collected (160)
Seat 3: Toma2605342 (button) (small blind) folded on the River



PokerStars Hand #253002440652: Tournament #3813720440, $1.84+$0.16 USD Hold'em No Limit - Level I (10/20) - 2024/10/19 17:00:27 CET [2024/10/19 11:00:27 ET]
Table '3813720440 1' 3-max Seat #1 is the button
Seat 1: Mahu2021 (580 in chips) 
Seat 3: Toma2605342 (920 in chips) 
Mahu2021: posts small blind 10
Toma2605342: posts big blind 20
*** HOLE CARDS ***
Dealt to Mahu2021 [4s 5d]
Mahu2021: calls 10
Toma2605342: raises 40 to 60
Mahu2021: folds 
Uncalled bet (40) returned to Toma2605342
Toma2605342 collected 40 from pot
Toma2605342: doesn't show hand 
*** SUMMARY ***
Total pot 40 | Rake 0 
Seat 1: Mahu2021 (button) (small blind) folded before Flop
Seat 3: Toma2605342 (big blind) collected (40)



PokerStars Hand #253002442245: Tournament #3813720440, $1.84+$0.16 USD Hold'em No Limit - Level I (10/20) - 2024/10/19 17:00:36 CET [2024/10/19 11:00:36 ET]
Table '3813720440 1' 3-max Seat #3 is the button
Seat 1: Mahu2021 (560 in chips) 
Seat 3: Toma2605342 (940 in chips) 
Toma2605342: posts small blind 10
Mahu2021: posts big blind 20
*** HOLE CARDS ***
Dealt to Mahu2021 [5s 7c]
Toma2605342: folds 
Uncalled bet (10) returned to Mahu2021
Mahu2021 collected 20 from pot
Mahu2021: doesn't show hand 
*** SUMMARY ***
Total pot 20 | Rake 0 
Seat 1: Mahu2021 (big blind) collected (20)
Seat 3: Toma2605342 (button) (small blind) folded before Flop



PokerStars Hand #253002443178: Tournament #3813720440, $1.84+$0.16 USD Hold'em No Limit - Level I (10/20) - 2024/10/19 17:00:41 CET [2024/10/19 11:00:41 ET]
Table '3813720440 1' 3-max Seat #1 is the button
Seat 1: Mahu2021 (570 in chips) 
Seat 3: Toma2605342 (930 in chips) 
Mahu2021: posts small blind 10
Toma2605342: posts big blind 20
*** HOLE CARDS ***
Dealt to Mahu2021 [2h 5c]
Mahu2021: folds 
Uncalled bet (10) returned to Toma2605342
Toma2605342 collected 20 from pot
Toma2605342: doesn't show hand 
*** SUMMARY ***
Total pot 20 | Rake 0 
Seat 1: Mahu2021 (button) (small blind) folded before Flop
Seat 3: Toma2605342 (big blind) collected (20)



PokerStars Hand #253002443879: Tournament #3813720440, $1.84+$0.16 USD Hold'em No Limit - Level I (10/20) - 2024/10/19 17:00:45 CET [2024/10/19 11:00:45 ET]
Table '3813720440 1' 3-max Seat #3 is the button
Seat 1: Mahu2021 (560 in chips) 
Seat 3: Toma2605342 (940 in chips) 
Toma2605342: posts small blind 10
Mahu2021: posts big blind 20
*** HOLE CARDS ***
Dealt to Mahu2021 [2d 3c]
Toma2605342: raises 20 to 40
Mahu2021: folds 
Uncalled bet (20) returned to Toma2605342
Toma2605342 collected 40 from pot
Toma2605342: doesn't show hand 
*** SUMMARY ***
Total pot 40 | Rake 0 
Seat 1: Mahu2021 (big blind) folded before Flop
Seat 3: Toma2605342 (button) (small blind) collected (40)



PokerStars Hand #253002445045: Tournament #3813720440, $1.84+$0.16 USD Hold'em No Limit - Level I (10/20) - 2024/10/19 17:00:51 CET [2024/10/19 11:00:51 ET]
Table '3813720440 1' 3-max Seat #1 is the button
Seat 1: Mahu2021 (540 in chips) 
Seat 3: Toma2605342 (960 in chips) 
Mahu2021: posts small blind 10
Toma2605342: posts big blind 20
*** HOLE CARDS ***
Dealt to Mahu2021 [Td 9d]
Mahu2021: raises 20 to 40
Toma2605342: calls 20
*** FLOP *** [6d Kh 9c]
Toma2605342: checks 
Mahu2021: bets 40
Toma2605342: calls 40
*** TURN *** [6d Kh 9c] [7s]
Toma2605342: checks 
Mahu2021: checks 
*** RIVER *** [6d Kh 9c 7s] [Tc]
Toma2605342: bets 160
Mahu2021: calls 160
*** SHOW DOWN ***
Toma2605342: shows [Th 8c] (a straight, Six to Ten)
Mahu2021: mucks hand 
Toma2605342 collected 480 from pot
*** SUMMARY ***
Total pot 480 | Rake 0 
Board [6d Kh 9c 7s Tc]
Seat 1: Mahu2021 (button) (small blind) mucked [Td 9d]
Seat 3: Toma2605342 (big blind) showed [Th 8c] and won (480) with a straight, Six to Ten



PokerStars Hand #253002448893: Tournament #3813720440, $1.84+$0.16 USD Hold'em No Limit - Level I (10/20) - 2024/10/19 17:01:10 CET [2024/10/19 11:01:10 ET]
Table '3813720440 1' 3-max Seat #3 is the button
Seat 1: Mahu2021 (300 in chips) 
Seat 3: Toma2605342 (1200 in chips) 
Toma2605342: posts small blind 10
Mahu2021: posts big blind 20
*** HOLE CARDS ***
Dealt to Mahu2021 [3c 4h]
Toma2605342: folds 
Uncalled bet (10) returned to Mahu2021
Mahu2021 collected 20 from pot
Mahu2021: doesn't show hand 
*** SUMMARY ***
Total pot 20 | Rake 0 
Seat 1: Mahu2021 (big blind) collected (20)
Seat 3: Toma2605342 (button) (small blind) folded before Flop



PokerStars Hand #253002449975: Tournament #3813720440, $1.84+$0.16 USD Hold'em No Limit - Level I (10/20) - 2024/10/19 17:01:15 CET [2024/10/19 11:01:15 ET]
Table '3813720440 1' 3-max Seat #1 is the button
Seat 1: Mahu2021 (310 in chips) 
Seat 3: Toma2605342 (1190 in chips) 
Mahu2021: posts small blind 10
Toma2605342: posts big blind 20
*** HOLE CARDS ***
Dealt to Mahu2021 [4s 2s]
Mahu2021: calls 10
Toma2605342: checks 
*** FLOP *** [8s 5h 2c]
Toma2605342: checks 
Mahu2021: bets 20
Toma2605342: calls 20
*** TURN *** [8s 5h 2c] [Jc]
Toma2605342: checks 
Mahu2021: checks 
*** RIVER *** [8s 5h 2c Jc] [Ac]
Toma2605342: checks 
Mahu2021: bets 80
Toma2605342: folds 
Uncalled bet (80) returned to Mahu2021
Mahu2021 collected 80 from pot
Mahu2021: doesn't show hand 
*** SUMMARY ***
Total pot 80 | Rake 0 
Board [8s 5h 2c Jc Ac]
Seat 1: Mahu2021 (button) (small blind) collected (80)
Seat 3: Toma2605342 (big blind) folded on the River



PokerStars Hand #253002454312: Tournament #3813720440, $1.84+$0.16 USD Hold'em No Limit - Level II (15/30) - 2024/10/19 17:01:36 CET [2024/10/19 11:01:36 ET]
Table '3813720440 1' 3-max Seat #3 is the button
Seat 1: Mahu2021 (350 in chips) 
Seat 3: Toma2605342 (1150 in chips) 
Toma2605342: posts small blind 15
Mahu2021: posts big blind 30
*** HOLE CARDS ***
Dealt to Mahu2021 [4s 7c]
Toma2605342: calls 15
Mahu2021: checks 
*** FLOP *** [Kd 3h 3d]
Mahu2021: checks 
Toma2605342: checks 
*** TURN *** [Kd 3h 3d] [Qc]
Mahu2021: checks 
Toma2605342: bets 30
Mahu2021: folds 
Uncalled bet (30) returned to Toma2605342
Toma2605342 collected 60 from pot
Toma2605342: doesn't show hand 
*** SUMMARY ***
Total pot 60 | Rake 0 
Board [Kd 3h 3d Qc]
Seat 1: Mahu2021 (big blind) folded on the Turn
Seat 3: Toma2605342 (button) (small blind) collected (60)



PokerStars Hand #253002457180: Tournament #3813720440, $1.84+$0.16 USD Hold'em No Limit - Level II (15/30) - 2024/10/19 17:01:49 CET [2024/10/19 11:01:49 ET]
Table '3813720440 1' 3-max Seat #1 is the button
Seat 1: Mahu2021 (320 in chips) 
Seat 3: Toma2605342 (1180 in chips) 
Mahu2021: posts small blind 15
Toma2605342: posts big blind 30
*** HOLE CARDS ***
Dealt to Mahu2021 [4h Qd]
Mahu2021: calls 15
Toma2605342: checks 
*** FLOP *** [2c Td 9c]
Toma2605342: checks 
Mahu2021: checks 
*** TURN *** [2c Td 9c] [Qh]
Toma2605342: checks 
Mahu2021: bets 30
Toma2605342: folds 
Uncalled bet (30) returned to Mahu2021
Mahu2021 collected 60 from pot
Mahu2021: doesn't show hand 
*** SUMMARY ***
Total pot 60 | Rake 0 
Board [2c Td 9c Qh]
Seat 1: Mahu2021 (button) (small blind) collected (60)
Seat 3: Toma2605342 (big blind) folded on the Turn



PokerStars Hand #253002461603: Tournament #3813720440, $1.84+$0.16 USD Hold'em No Limit - Level II (15/30) - 2024/10/19 17:02:10 CET [2024/10/19 11:02:10 ET]
Table '3813720440 1' 3-max Seat #3 is the button
Seat 1: Mahu2021 (350 in chips) 
Seat 3: Toma2605342 (1150 in chips) 
Toma2605342: posts small blind 15
Mahu2021: posts big blind 30
*** HOLE CARDS ***
Dealt to Mahu2021 [4h Ac]
Toma2605342: calls 15
Mahu2021: raises 320 to 350 and is all-in
Toma2605342: folds 
Uncalled bet (320) returned to Mahu2021
Mahu2021 collected 60 from pot
Mahu2021: doesn't show hand 
*** SUMMARY ***
Total pot 60 | Rake 0 
Seat 1: Mahu2021 (big blind) collected (60)
Seat 3: Toma2605342 (button) (small blind) folded before Flop



PokerStars Hand #253002463982: Tournament #3813720440, $1.84+$0.16 USD Hold'em No Limit - Level II (15/30) - 2024/10/19 17:02:20 CET [2024/10/19 11:02:20 ET]
Table '3813720440 1' 3-max Seat #1 is the button
Seat 1: Mahu2021 (380 in chips) 
Seat 3: Toma2605342 (1120 in chips) 
Mahu2021: posts small blind 15
Toma2605342: posts big blind 30
*** HOLE CARDS ***
Dealt to Mahu2021 [4s Ah]
Mahu2021: calls 15
Toma2605342: checks 
*** FLOP *** [9s 6d 6c]
Toma2605342: checks 
Mahu2021: checks 
*** TURN *** [9s 6d 6c] [7d]
Toma2605342: bets 60
Mahu2021: folds 
Uncalled bet (60) returned to Toma2605342
Toma2605342 collected 60 from pot
Toma2605342: doesn't show hand 
*** SUMMARY ***
Total pot 60 | Rake 0 
Board [9s 6d 6c 7d]
Seat 1: Mahu2021 (button) (small blind) folded on the Turn
Seat 3: Toma2605342 (big blind) collected (60)



PokerStars Hand #253002468606: Tournament #3813720440, $1.84+$0.16 USD Hold'em No Limit - Level II (15/30) - 2024/10/19 17:02:42 CET [2024/10/19 11:02:42 ET]
Table '3813720440 1' 3-max Seat #3 is the button
Seat 1: Mahu2021 (350 in chips) 
Seat 3: Toma2605342 (1150 in chips) 
Toma2605342: posts small blind 15
Mahu2021: posts big blind 30
*** HOLE CARDS ***
Dealt to Mahu2021 [8h Kh]
Toma2605342: raises 60 to 90
Mahu2021: calls 60
*** FLOP *** [Th Js Qc]
Mahu2021: checks 
Toma2605342: bets 90
Mahu2021: calls 90
*** TURN *** [Th Js Qc] [2h]
Mahu2021: checks 
Toma2605342: bets 180
Mahu2021: calls 170 and is all-in
Uncalled bet (10) returned to Toma2605342
*** RIVER *** [Th Js Qc 2h] [3h]
*** SHOW DOWN ***
Mahu2021: shows [8h Kh] (a flush, King high)
Toma2605342: shows [Ad Qd] (a pair of Queens)
Mahu2021 collected 700 from pot
*** SUMMARY ***
Total pot 700 | Rake 0 
Board [Th Js Qc 2h 3h]
Seat 1: Mahu2021 (big blind) showed [8h Kh] and won (700) with a flush, King high
Seat 3: Toma2605342 (button) (small blind) showed [Ad Qd] and lost with a pair of Queens



PokerStars Hand #253002473439: Tournament #3813720440, $1.84+$0.16 USD Hold'em No Limit - Level II (15/30) - 2024/10/19 17:03:04 CET [2024/10/19 11:03:04 ET]
Table '3813720440 1' 3-max Seat #1 is the button
Seat 1: Mahu2021 (700 in chips) 
Seat 3: Toma2605342 (800 in chips) 
Mahu2021: posts small blind 15
Toma2605342: posts big blind 30
*** HOLE CARDS ***
Dealt to Mahu2021 [4s 5c]
Mahu2021: folds 
Uncalled bet (15) returned to Toma2605342
Toma2605342 collected 30 from pot
Toma2605342: doesn't show hand 
*** SUMMARY ***
Total pot 30 | Rake 0 
Seat 1: Mahu2021 (button) (small blind) folded before Flop
Seat 3: Toma2605342 (big blind) collected (30)



PokerStars Hand #253002474357: Tournament #3813720440, $1.84+$0.16 USD Hold'em No Limit - Level II (15/30) - 2024/10/19 17:03:08 CET [2024/10/19 11:03:08 ET]
Table '3813720440 1' 3-max Seat #3 is the button
Seat 1: Mahu2021 (685 in chips) 
Seat 3: Toma2605342 (815 in chips) 
Toma2605342: posts small blind 15
Mahu2021: posts big blind 30
*** HOLE CARDS ***
Dealt to Mahu2021 [Js 6c]
Toma2605342: raises 30 to 60
Mahu2021: calls 30
*** FLOP *** [2h Jc 8d]
Mahu2021: bets 60
Toma2605342: calls 60
*** TURN *** [2h Jc 8d] [Th]
Mahu2021: checks 
Toma2605342: checks 
*** RIVER *** [2h Jc 8d Th] [3h]
Mahu2021: bets 60
Toma2605342: calls 60
*** SHOW DOWN ***
Mahu2021: shows [Js 6c] (a pair of Jacks)
Toma2605342: mucks hand 
Mahu2021 collected 360 from pot
*** SUMMARY ***
Total pot 360 | Rake 0 
Board [2h Jc 8d Th 3h]
Seat 1: Mahu2021 (big blind) showed [Js 6c] and won (360) with a pair of Jacks
Seat 3: Toma2605342 (button) (small blind) mucked [8c 9h]



PokerStars Hand #253002478723: Tournament #3813720440, $1.84+$0.16 USD Hold'em No Limit - Level II (15/30) - 2024/10/19 17:03:28 CET [2024/10/19 11:03:28 ET]
Table '3813720440 1' 3-max Seat #1 is the button
Seat 1: Mahu2021 (865 in chips) 
Seat 3: Toma2605342 (635 in chips) 
Mahu2021: posts small blind 15
Toma2605342: posts big blind 30
*** HOLE CARDS ***
Dealt to Mahu2021 [6s 4s]
Mahu2021: calls 15
Toma2605342: checks 
*** FLOP *** [Th 4d Ac]
Toma2605342: checks 
Mahu2021: checks 
*** TURN *** [Th 4d Ac] [8c]
Toma2605342: bets 60
Mahu2021: folds 
Uncalled bet (60) returned to Toma2605342
Toma2605342 collected 60 from pot
Toma2605342: doesn't show hand 
*** SUMMARY ***
Total pot 60 | Rake 0 
Board [Th 4d Ac 8c]
Seat 1: Mahu2021 (button) (small blind) folded on the Turn
Seat 3: Toma2605342 (big blind) collected (60)



PokerStars Hand #253002482710: Tournament #3813720440, $1.84+$0.16 USD Hold'em No Limit - Level III (20/40) - 2024/10/19 17:03:46 CET [2024/10/19 11:03:46 ET]
Table '3813720440 1' 3-max Seat #3 is the button
Seat 1: Mahu2021 (835 in chips) 
Seat 3: Toma2605342 (665 in chips) 
Toma2605342: posts small blind 20
Mahu2021: posts big blind 40
*** HOLE CARDS ***
Dealt to Mahu2021 [Qh 4s]
Toma2605342: calls 20
Mahu2021: checks 
*** FLOP *** [5c 6h 3d]
Mahu2021: bets 40
Toma2605342: calls 40
*** TURN *** [5c 6h 3d] [2c]
Mahu2021: bets 40
Toma2605342: calls 40
*** RIVER *** [5c 6h 3d 2c] [7s]
Mahu2021: bets 240
Toma2605342: folds 
Uncalled bet (240) returned to Mahu2021
Mahu2021 collected 240 from pot
Mahu2021: doesn't show hand 
*** SUMMARY ***
Total pot 240 | Rake 0 
Board [5c 6h 3d 2c 7s]
Seat 1: Mahu2021 (big blind) collected (240)
Seat 3: Toma2605342 (button) (small blind) folded on the River



PokerStars Hand #253002487286: Tournament #3813720440, $1.84+$0.16 USD Hold'em No Limit - Level III (20/40) - 2024/10/19 17:04:06 CET [2024/10/19 11:04:06 ET]
Table '3813720440 1' 3-max Seat #1 is the button
Seat 1: Mahu2021 (955 in chips) 
Seat 3: Toma2605342 (545 in chips) 
Mahu2021: posts small blind 20
Toma2605342: posts big blind 40
*** HOLE CARDS ***
Dealt to Mahu2021 [6h 8d]
Mahu2021: calls 20
Toma2605342: raises 40 to 80
Mahu2021: folds 
Uncalled bet (40) returned to Toma2605342
Toma2605342 collected 80 from pot
Toma2605342: doesn't show hand 
*** SUMMARY ***
Total pot 80 | Rake 0 
Seat 1: Mahu2021 (button) (small blind) folded before Flop
Seat 3: Toma2605342 (big blind) collected (80)



PokerStars Hand #253002488858: Tournament #3813720440, $1.84+$0.16 USD Hold'em No Limit - Level III (20/40) - 2024/10/19 17:04:14 CET [2024/10/19 11:04:14 ET]
Table '3813720440 1' 3-max Seat #3 is the button
Seat 1: Mahu2021 (915 in chips) 
Seat 3: Toma2605342 (585 in chips) 
Toma2605342: posts small blind 20
Mahu2021: posts big blind 40
*** HOLE CARDS ***
Dealt to Mahu2021 [3c 6d]
Toma2605342: raises 80 to 120
Mahu2021: folds 
Uncalled bet (80) returned to Toma2605342
Toma2605342 collected 80 from pot
Toma2605342: doesn't show hand 
*** SUMMARY ***
Total pot 80 | Rake 0 
Seat 1: Mahu2021 (big blind) folded before Flop
Seat 3: Toma2605342 (button) (small blind) collected (80)



PokerStars Hand #253002490479: Tournament #3813720440, $1.84+$0.16 USD Hold'em No Limit - Level III (20/40) - 2024/10/19 17:04:21 CET [2024/10/19 11:04:21 ET]
Table '3813720440 1' 3-max Seat #1 is the button
Seat 1: Mahu2021 (875 in chips) 
Seat 3: Toma2605342 (625 in chips) 
Mahu2021: posts small blind 20
Toma2605342: posts big blind 40
*** HOLE CARDS ***
Dealt to Mahu2021 [8d Qc]
Mahu2021: calls 20
Toma2605342: checks 
*** FLOP *** [3c Ad Ts]
Toma2605342: checks 
Mahu2021: checks 
*** TURN *** [3c Ad Ts] [5c]
Toma2605342: bets 40
Mahu2021: folds 
Uncalled bet (40) returned to Toma2605342
Toma2605342 collected 80 from pot
Toma2605342: doesn't show hand 
*** SUMMARY ***
Total pot 80 | Rake 0 
Board [3c Ad Ts 5c]
Seat 1: Mahu2021 (button) (small blind) folded on the Turn
Seat 3: Toma2605342 (big blind) collected (80)



PokerStars Hand #253002493276: Tournament #3813720440, $1.84+$0.16 USD Hold'em No Limit - Level III (20/40) - 2024/10/19 17:04:34 CET [2024/10/19 11:04:34 ET]
Table '3813720440 1' 3-max Seat #3 is the button
Seat 1: Mahu2021 (835 in chips) 
Seat 3: Toma2605342 (665 in chips) 
Toma2605342: posts small blind 20
Mahu2021: posts big blind 40
*** HOLE CARDS ***
Dealt to Mahu2021 [Ac 2s]
Toma2605342: raises 80 to 120
Mahu2021: calls 80
*** FLOP *** [7c Kh 7h]
Mahu2021: checks 
Toma2605342: checks 
*** TURN *** [7c Kh 7h] [7d]
Mahu2021: bets 80
Toma2605342: calls 80
*** RIVER *** [7c Kh 7h 7d] [4h]
Mahu2021: checks 
Toma2605342: checks 
*** SHOW DOWN ***
Mahu2021: shows [Ac 2s] (three of a kind, Sevens)
Toma2605342: shows [5s Ah] (three of a kind, Sevens)
Mahu2021 collected 200 from pot
Toma2605342 collected 200 from pot
*** SUMMARY ***
Total pot 400 | Rake 0 
Board [7c Kh 7h 7d 4h]
Seat 1: Mahu2021 (big blind) showed [Ac 2s] and won (200) with three of a kind, Sevens
Seat 3: Toma2605342 (button) (small blind) showed [5s Ah] and won (200) with three of a kind, Sevens



PokerStars Hand #253002498146: Tournament #3813720440, $1.84+$0.16 USD Hold'em No Limit - Level III (20/40) - 2024/10/19 17:04:56 CET [2024/10/19 11:04:56 ET]
Table '3813720440 1' 3-max Seat #1 is the button
Seat 1: Mahu2021 (835 in chips) 
Seat 3: Toma2605342 (665 in chips) 
Mahu2021: posts small blind 20
Toma2605342: posts big blind 40
*** HOLE CARDS ***
Dealt to Mahu2021 [Jh Th]
Mahu2021: raises 40 to 80
Toma2605342: folds 
Uncalled bet (40) returned to Mahu2021
Mahu2021 collected 80 from pot
Mahu2021: doesn't show hand 
*** SUMMARY ***
Total pot 80 | Rake 0 
Seat 1: Mahu2021 (button) (small blind) collected (80)
Seat 3: Toma2605342 (big blind) folded before Flop



PokerStars Hand #253002499343: Tournament #3813720440, $1.84+$0.16 USD Hold'em No Limit - Level III (20/40) - 2024/10/19 17:05:01 CET [2024/10/19 11:05:01 ET]
Table '3813720440 1' 3-max Seat #3 is the button
Seat 1: Mahu2021 (875 in chips) 
Seat 3: Toma2605342 (625 in chips) 
Toma2605342: posts small blind 20
Mahu2021: posts big blind 40
*** HOLE CARDS ***
Dealt to Mahu2021 [Kh Jc]
Toma2605342: raises 40 to 80
Mahu2021: calls 40
*** FLOP *** [Ts Td Jh]
Mahu2021: bets 80
Toma2605342: calls 80
*** TURN *** [Ts Td Jh] [5s]
Mahu2021: bets 715 and is all-in
Toma2605342: calls 465 and is all-in
Uncalled bet (250) returned to Mahu2021
*** RIVER *** [Ts Td Jh 5s] [Qh]
*** SHOW DOWN ***
Mahu2021: shows [Kh Jc] (two pair, Jacks and Tens)
Toma2605342: shows [Tc 8d] (three of a kind, Tens)
Toma2605342 collected 1250 from pot
*** SUMMARY ***
Total pot 1250 | Rake 0 
Board [Ts Td Jh 5s Qh]
Seat 1: Mahu2021 (big blind) showed [Kh Jc] and lost with two pair, Jacks and Tens
Seat 3: Toma2605342 (button) (small blind) showed [Tc 8d] and won (1250) with three of a kind, Tens



PokerStars Hand #253002504434: Tournament #3813720440, $1.84+$0.16 USD Hold'em No Limit - Level III (20/40) - 2024/10/19 17:05:25 CET [2024/10/19 11:05:25 ET]
Table '3813720440 1' 3-max Seat #1 is the button
Seat 1: Mahu2021 (250 in chips) 
Seat 3: Toma2605342 (1250 in chips) 
Mahu2021: posts small blind 20
Toma2605342: posts big blind 40
*** HOLE CARDS ***
Dealt to Mahu2021 [Tc 7s]
Mahu2021: folds 
Uncalled bet (20) returned to Toma2605342
Toma2605342 collected 40 from pot
Toma2605342: doesn't show hand 
*** SUMMARY ***
Total pot 40 | Rake 0 
Seat 1: Mahu2021 (button) (small blind) folded before Flop
Seat 3: Toma2605342 (big blind) collected (40)



PokerStars Hand #253002505301: Tournament #3813720440, $1.84+$0.16 USD Hold'em No Limit - Level III (20/40) - 2024/10/19 17:05:29 CET [2024/10/19 11:05:29 ET]
Table '3813720440 1' 3-max Seat #3 is the button
Seat 1: Mahu2021 (230 in chips) 
Seat 3: Toma2605342 (1270 in chips) 
Toma2605342: posts small blind 20
Mahu2021: posts big blind 40
*** HOLE CARDS ***
Dealt to Mahu2021 [Kc 7c]
Toma2605342: raises 80 to 120
Mahu2021: raises 110 to 230 and is all-in
Toma2605342: calls 110
*** FLOP *** [Ac 7d 6h]
*** TURN *** [Ac 7d 6h] [3d]
*** RIVER *** [Ac 7d 6h 3d] [7h]
*** SHOW DOWN ***
Mahu2021: shows [Kc 7c] (three of a kind, Sevens)
Toma2605342: shows [Ah 3h] (two pair, Aces and Sevens)
Mahu2021 collected 460 from pot
*** SUMMARY ***
Total pot 460 | Rake 0 
Board [Ac 7d 6h 3d 7h]
Seat 1: Mahu2021 (big blind) showed [Kc 7c] and won (460) with three of a kind, Sevens
Seat 3: Toma2605342 (button) (small blind) showed [Ah 3h] and lost with two pair, Aces and Sevens



PokerStars Hand #253002509785: Tournament #3813720440, $1.84+$0.16 USD Hold'em No Limit - Level IV (30/60) - 2024/10/19 17:05:49 CET [2024/10/19 11:05:49 ET]
Table '3813720440 1' 3-max Seat #1 is the button
Seat 1: Mahu2021 (460 in chips) 
Seat 3: Toma2605342 (1040 in chips) 
Mahu2021: posts small blind 30
Toma2605342: posts big blind 60
*** HOLE CARDS ***
Dealt to Mahu2021 [Jh 8c]
Mahu2021: calls 30
Toma2605342: checks 
*** FLOP *** [9d 5s 5d]
Toma2605342: checks 
Mahu2021: checks 
*** TURN *** [9d 5s 5d] [Qd]
Toma2605342: bets 60
Mahu2021: folds 
Uncalled bet (60) returned to Toma2605342
Toma2605342 collected 120 from pot
Toma2605342: doesn't show hand 
*** SUMMARY ***
Total pot 120 | Rake 0 
Board [9d 5s 5d Qd]
Seat 1: Mahu2021 (button) (small blind) folded on the Turn
Seat 3: Toma2605342 (big blind) collected (120)



PokerStars Hand #253002512746: Tournament #3813720440, $1.84+$0.16 USD Hold'em No Limit - Level IV (30/60) - 2024/10/19 17:06:02 CET [2024/10/19 11:06:02 ET]
Table '3813720440 1' 3-max Seat #3 is the button
Seat 1: Mahu2021 (400 in chips) 
Seat 3: Toma2605342 (1100 in chips) 
Toma2605342: posts small blind 30
Mahu2021: posts big blind 60
*** HOLE CARDS ***
Dealt to Mahu2021 [Ah Ts]
Toma2605342: raises 60 to 120
Mahu2021: raises 280 to 400 and is all-in
Toma2605342: calls 280
*** FLOP *** [5h 9h 6s]
*** TURN *** [5h 9h 6s] [Js]
*** RIVER *** [5h 9h 6s Js] [5c]
*** SHOW DOWN ***
Mahu2021: shows [Ah Ts] (a pair of Fives)
Toma2605342: shows [Jd 8d] (two pair, Jacks and Fives)
Toma2605342 collected 800 from pot
Mahu2021 finished the tournament in 2nd place
Toma2605342 wins the tournament and receives $4.00 - congratulations!
*** SUMMARY ***
Total pot 800 | Rake 0 
Board [5h 9h 6s Js 5c]
Seat 1: Mahu2021 (big blind) showed [Ah Ts] and lost with a pair of Fives
Seat 3: Toma2605342 (button) (small blind) showed [Jd 8d] and won (800) with two pair, Jacks and Fives



