PokerStars Hand #248000390152: Tournament #3694650374, $1.84+$0.16 USD Hold'em No Limit - Level I (10/20) - 2024/01/01 19:09:44 CET [2024/01/01 13:09:44 ET]
Table '3694650374 1' 3-max Seat #1 is the button
Seat 1: Mahu2021 (500 in chips) 
Seat 2: Play555999 (500 in chips) 
Seat 3: darlanz558 (500 in chips) 
Play555999: posts small blind 10
darlanz558: posts big blind 20
*** HOLE CARDS ***
Dealt to Mahu2021 [6c 4d]
Mahu2021: folds 
Play555999: folds 
Uncalled bet (10) returned to darlanz558
darlanz558 collected 20 from pot
darlanz558: doesn't show hand 
*** SUMMARY ***
Total pot 20 | Rake 0 
Seat 1: Mahu2021 (button) folded before Flop (didn't bet)
Seat 2: Play555999 (small blind) folded before Flop
Seat 3: darlanz558 (big blind) collected (20)



PokerStars Hand #248000392440: Tournament #3694650374, $1.84+$0.16 USD Hold'em No Limit - Level I (10/20) - 2024/01/01 19:09:51 CET [2024/01/01 13:09:51 ET]
Table '3694650374 1' 3-max Seat #2 is the button
Seat 1: Mahu2021 (500 in chips) 
Seat 2: Play555999 (490 in chips) 
Seat 3: darlanz558 (510 in chips) 
darlanz558: posts small blind 10
Mahu2021: posts big blind 20
*** HOLE CARDS ***
Dealt to Mahu2021 [9d Tc]
Play555999: calls 20
darlanz558: calls 10
Mahu2021: checks 
*** FLOP *** [9c Jd Kh]
darlanz558: checks 
Mahu2021: bets 20
Play555999: calls 20
darlanz558: calls 20
*** TURN *** [9c Jd Kh] [3h]
darlanz558: checks 
Mahu2021: checks 
Play555999: checks 
*** RIVER *** [9c Jd Kh 3h] [2s]
darlanz558: checks 
Mahu2021: checks 
Play555999: bets 120
darlanz558: folds 
Mahu2021: folds 
Uncalled bet (120) returned to Play555999
Play555999 collected 120 from pot
Play555999: doesn't show hand 
*** SUMMARY ***
Total pot 120 | Rake 0 
Board [9c Jd Kh 3h 2s]
Seat 1: Mahu2021 (big blind) folded on the River
Seat 2: Play555999 (button) collected (120)
Seat 3: darlanz558 (small blind) folded on the River



PokerStars Hand #248000408196: Tournament #3694650374, $1.84+$0.16 USD Hold'em No Limit - Level I (10/20) - 2024/01/01 19:10:35 CET [2024/01/01 13:10:35 ET]
Table '3694650374 1' 3-max Seat #3 is the button
Seat 1: Mahu2021 (460 in chips) 
Seat 2: Play555999 (570 in chips) 
Seat 3: darlanz558 (470 in chips) 
Mahu2021: posts small blind 10
Play555999: posts big blind 20
*** HOLE CARDS ***
Dealt to Mahu2021 [4c 3s]
darlanz558: folds 
Mahu2021: calls 10
Play555999: checks 
*** FLOP *** [4s Ac Kh]
Mahu2021: checks 
Play555999: checks 
*** TURN *** [4s Ac Kh] [As]
Mahu2021: bets 20
Play555999: folds 
Uncalled bet (20) returned to Mahu2021
Mahu2021 collected 40 from pot
Mahu2021: doesn't show hand 
*** SUMMARY ***
Total pot 40 | Rake 0 
Board [4s Ac Kh As]
Seat 1: Mahu2021 (small blind) collected (40)
Seat 2: Play555999 (big blind) folded on the Turn
Seat 3: darlanz558 (button) folded before Flop (didn't bet)



PokerStars Hand #248000412979: Tournament #3694650374, $1.84+$0.16 USD Hold'em No Limit - Level I (10/20) - 2024/01/01 19:10:48 CET [2024/01/01 13:10:48 ET]
Table '3694650374 1' 3-max Seat #1 is the button
Seat 1: Mahu2021 (480 in chips) 
Seat 2: Play555999 (550 in chips) 
Seat 3: darlanz558 (470 in chips) 
Play555999: posts small blind 10
darlanz558: posts big blind 20
*** HOLE CARDS ***
Dealt to Mahu2021 [5s 9s]
Mahu2021: folds 
Play555999: calls 10
darlanz558: checks 
*** FLOP *** [7d As 3d]
Play555999: bets 20
darlanz558: folds 
Uncalled bet (20) returned to Play555999
Play555999 collected 40 from pot
Play555999: doesn't show hand 
*** SUMMARY ***
Total pot 40 | Rake 0 
Board [7d As 3d]
Seat 1: Mahu2021 (button) folded before Flop (didn't bet)
Seat 2: Play555999 (small blind) collected (40)
Seat 3: darlanz558 (big blind) folded on the Flop



PokerStars Hand #248000423408: Tournament #3694650374, $1.84+$0.16 USD Hold'em No Limit - Level I (10/20) - 2024/01/01 19:11:17 CET [2024/01/01 13:11:17 ET]
Table '3694650374 1' 3-max Seat #2 is the button
Seat 1: Mahu2021 (480 in chips) 
Seat 2: Play555999 (570 in chips) 
Seat 3: darlanz558 (450 in chips) 
darlanz558: posts small blind 10
Mahu2021: posts big blind 20
*** HOLE CARDS ***
Dealt to Mahu2021 [5c 5d]
Play555999: folds 
darlanz558: calls 10
Mahu2021: checks 
*** FLOP *** [Js 2d Jh]
darlanz558: checks 
Mahu2021: bets 20
darlanz558: folds 
Uncalled bet (20) returned to Mahu2021
Mahu2021 collected 40 from pot
Mahu2021: doesn't show hand 
*** SUMMARY ***
Total pot 40 | Rake 0 
Board [Js 2d Jh]
Seat 1: Mahu2021 (big blind) collected (40)
Seat 2: Play555999 (button) folded before Flop (didn't bet)
Seat 3: darlanz558 (small blind) folded on the Flop



PokerStars Hand #248000427605: Tournament #3694650374, $1.84+$0.16 USD Hold'em No Limit - Level I (10/20) - 2024/01/01 19:11:29 CET [2024/01/01 13:11:29 ET]
Table '3694650374 1' 3-max Seat #3 is the button
Seat 1: Mahu2021 (500 in chips) 
Seat 2: Play555999 (570 in chips) 
Seat 3: darlanz558 (430 in chips) 
Mahu2021: posts small blind 10
Play555999: posts big blind 20
*** HOLE CARDS ***
Dealt to Mahu2021 [9h 4d]
darlanz558: calls 20
Mahu2021: folds 
Play555999: checks 
*** FLOP *** [Js Jc Qh]
Play555999: checks 
darlanz558: checks 
*** TURN *** [Js Jc Qh] [5c]
Play555999: checks 
darlanz558: bets 40
Play555999: folds 
Uncalled bet (40) returned to darlanz558
darlanz558 collected 50 from pot
darlanz558: doesn't show hand 
*** SUMMARY ***
Total pot 50 | Rake 0 
Board [Js Jc Qh 5c]
Seat 1: Mahu2021 (small blind) folded before Flop
Seat 2: Play555999 (big blind) folded on the Turn
Seat 3: darlanz558 (button) collected (50)



PokerStars Hand #248000435532: Tournament #3694650374, $1.84+$0.16 USD Hold'em No Limit - Level II (15/30) - 2024/01/01 19:11:51 CET [2024/01/01 13:11:51 ET]
Table '3694650374 1' 3-max Seat #1 is the button
Seat 1: Mahu2021 (490 in chips) 
Seat 2: Play555999 (550 in chips) 
Seat 3: darlanz558 (460 in chips) 
Play555999: posts small blind 15
darlanz558: posts big blind 30
*** HOLE CARDS ***
Dealt to Mahu2021 [Th 9c]
Mahu2021: calls 30
Play555999: raises 520 to 550 and is all-in
darlanz558: folds 
Mahu2021: folds 
Uncalled bet (520) returned to Play555999
Play555999 collected 90 from pot
Play555999: doesn't show hand 
*** SUMMARY ***
Total pot 90 | Rake 0 
Seat 1: Mahu2021 (button) folded before Flop
Seat 2: Play555999 (small blind) collected (90)
Seat 3: darlanz558 (big blind) folded before Flop



PokerStars Hand #248000438548: Tournament #3694650374, $1.84+$0.16 USD Hold'em No Limit - Level II (15/30) - 2024/01/01 19:12:00 CET [2024/01/01 13:12:00 ET]
Table '3694650374 1' 3-max Seat #2 is the button
Seat 1: Mahu2021 (460 in chips) 
Seat 2: Play555999 (610 in chips) 
Seat 3: darlanz558 (430 in chips) 
darlanz558: posts small blind 15
Mahu2021: posts big blind 30
*** HOLE CARDS ***
Dealt to Mahu2021 [Js 5d]
Play555999: folds 
darlanz558: raises 30 to 60
Mahu2021: folds 
Uncalled bet (30) returned to darlanz558
darlanz558 collected 60 from pot
darlanz558: doesn't show hand 
*** SUMMARY ***
Total pot 60 | Rake 0 
Seat 1: Mahu2021 (big blind) folded before Flop
Seat 2: Play555999 (button) folded before Flop (didn't bet)
Seat 3: darlanz558 (small blind) collected (60)



PokerStars Hand #248000445223: Tournament #3694650374, $1.84+$0.16 USD Hold'em No Limit - Level II (15/30) - 2024/01/01 19:12:18 CET [2024/01/01 13:12:18 ET]
Table '3694650374 1' 3-max Seat #3 is the button
Seat 1: Mahu2021 (430 in chips) 
Seat 2: Play555999 (610 in chips) 
Seat 3: darlanz558 (460 in chips) 
Mahu2021: posts small blind 15
Play555999: posts big blind 30
*** HOLE CARDS ***
Dealt to Mahu2021 [9h 5d]
darlanz558: folds 
Mahu2021: folds 
Uncalled bet (15) returned to Play555999
Play555999 collected 30 from pot
Play555999: doesn't show hand 
*** SUMMARY ***
Total pot 30 | Rake 0 
Seat 1: Mahu2021 (small blind) folded before Flop
Seat 2: Play555999 (big blind) collected (30)
Seat 3: darlanz558 (button) folded before Flop (didn't bet)



PokerStars Hand #248000447032: Tournament #3694650374, $1.84+$0.16 USD Hold'em No Limit - Level II (15/30) - 2024/01/01 19:12:23 CET [2024/01/01 13:12:23 ET]
Table '3694650374 1' 3-max Seat #1 is the button
Seat 1: Mahu2021 (415 in chips) 
Seat 2: Play555999 (625 in chips) 
Seat 3: darlanz558 (460 in chips) 
Play555999: posts small blind 15
darlanz558: posts big blind 30
*** HOLE CARDS ***
Dealt to Mahu2021 [3d 7s]
Mahu2021: folds 
Play555999: raises 30 to 60
darlanz558: calls 30
*** FLOP *** [Jd 4s 2c]
Play555999: bets 60
darlanz558: folds 
Uncalled bet (60) returned to Play555999
Play555999 collected 120 from pot
Play555999: doesn't show hand 
*** SUMMARY ***
Total pot 120 | Rake 0 
Board [Jd 4s 2c]
Seat 1: Mahu2021 (button) folded before Flop (didn't bet)
Seat 2: Play555999 (small blind) collected (120)
Seat 3: darlanz558 (big blind) folded on the Flop



PokerStars Hand #248000451887: Tournament #3694650374, $1.84+$0.16 USD Hold'em No Limit - Level II (15/30) - 2024/01/01 19:12:37 CET [2024/01/01 13:12:37 ET]
Table '3694650374 1' 3-max Seat #2 is the button
Seat 1: Mahu2021 (415 in chips) 
Seat 2: Play555999 (685 in chips) 
Seat 3: darlanz558 (400 in chips) 
darlanz558: posts small blind 15
Mahu2021: posts big blind 30
*** HOLE CARDS ***
Dealt to Mahu2021 [6h Kh]
Play555999: folds 
darlanz558: calls 15
Mahu2021: checks 
*** FLOP *** [9d 3s 3h]
darlanz558: bets 30
Mahu2021: calls 30
*** TURN *** [9d 3s 3h] [8h]
darlanz558: bets 30
Mahu2021: calls 30
*** RIVER *** [9d 3s 3h 8h] [6c]
darlanz558: bets 30
Mahu2021: calls 30
*** SHOW DOWN ***
darlanz558: shows [As 2c] (a pair of Threes)
Mahu2021: shows [6h Kh] (two pair, Sixes and Threes)
Mahu2021 collected 240 from pot
*** SUMMARY ***
Total pot 240 | Rake 0 
Board [9d 3s 3h 8h 6c]
Seat 1: Mahu2021 (big blind) showed [6h Kh] and won (240) with two pair, Sixes and Threes
Seat 2: Play555999 (button) folded before Flop (didn't bet)
Seat 3: darlanz558 (small blind) showed [As 2c] and lost with a pair of Threes



PokerStars Hand #248000460139: Tournament #3694650374, $1.84+$0.16 USD Hold'em No Limit - Level II (15/30) - 2024/01/01 19:13:00 CET [2024/01/01 13:13:00 ET]
Table '3694650374 1' 3-max Seat #3 is the button
Seat 1: Mahu2021 (535 in chips) 
Seat 2: Play555999 (685 in chips) 
Seat 3: darlanz558 (280 in chips) 
Mahu2021: posts small blind 15
Play555999: posts big blind 30
*** HOLE CARDS ***
Dealt to Mahu2021 [3h 6s]
darlanz558: folds 
Mahu2021: calls 15
Play555999: checks 
*** FLOP *** [5h Jc 6h]
Mahu2021: bets 30
Play555999: calls 30
*** TURN *** [5h Jc 6h] [3s]
Mahu2021: bets 30
Play555999: calls 30
*** RIVER *** [5h Jc 6h 3s] [9h]
Mahu2021: bets 60
Play555999: calls 60
*** SHOW DOWN ***
Mahu2021: shows [3h 6s] (two pair, Sixes and Threes)
Play555999: mucks hand 
Mahu2021 collected 300 from pot
*** SUMMARY ***
Total pot 300 | Rake 0 
Board [5h Jc 6h 3s 9h]
Seat 1: Mahu2021 (small blind) showed [3h 6s] and won (300) with two pair, Sixes and Threes
Seat 2: Play555999 (big blind) mucked [8s 5c]
Seat 3: darlanz558 (button) folded before Flop (didn't bet)



PokerStars Hand #248000473825: Tournament #3694650374, $1.84+$0.16 USD Hold'em No Limit - Level II (15/30) - 2024/01/01 19:13:38 CET [2024/01/01 13:13:38 ET]
Table '3694650374 1' 3-max Seat #1 is the button
Seat 1: Mahu2021 (685 in chips) 
Seat 2: Play555999 (535 in chips) 
Seat 3: darlanz558 (280 in chips) 
Play555999: posts small blind 15
darlanz558: posts big blind 30
*** HOLE CARDS ***
Dealt to Mahu2021 [9s 2s]
Mahu2021: folds 
Play555999: folds 
Uncalled bet (15) returned to darlanz558
darlanz558 collected 30 from pot
darlanz558: doesn't show hand 
*** SUMMARY ***
Total pot 30 | Rake 0 
Seat 1: Mahu2021 (button) folded before Flop (didn't bet)
Seat 2: Play555999 (small blind) folded before Flop
Seat 3: darlanz558 (big blind) collected (30)



PokerStars Hand #248000476321: Tournament #3694650374, $1.84+$0.16 USD Hold'em No Limit - Level II (15/30) - 2024/01/01 19:13:45 CET [2024/01/01 13:13:45 ET]
Table '3694650374 1' 3-max Seat #2 is the button
Seat 1: Mahu2021 (685 in chips) 
Seat 2: Play555999 (520 in chips) 
Seat 3: darlanz558 (295 in chips) 
darlanz558: posts small blind 15
Mahu2021: posts big blind 30
*** HOLE CARDS ***
Dealt to Mahu2021 [Ac As]
Play555999: calls 30
darlanz558: calls 15
Mahu2021: raises 655 to 685 and is all-in
Play555999: folds 
darlanz558: folds 
Uncalled bet (655) returned to Mahu2021
Mahu2021 collected 90 from pot
Mahu2021: doesn't show hand 
*** SUMMARY ***
Total pot 90 | Rake 0 
Seat 1: Mahu2021 (big blind) collected (90)
Seat 2: Play555999 (button) folded before Flop
Seat 3: darlanz558 (small blind) folded before Flop



PokerStars Hand #248000485913: Tournament #3694650374, $1.84+$0.16 USD Hold'em No Limit - Level III (20/40) - 2024/01/01 19:14:12 CET [2024/01/01 13:14:12 ET]
Table '3694650374 1' 3-max Seat #3 is the button
Seat 1: Mahu2021 (745 in chips) 
Seat 2: Play555999 (490 in chips) 
Seat 3: darlanz558 (265 in chips) 
Mahu2021: posts small blind 20
Play555999: posts big blind 40
*** HOLE CARDS ***
Dealt to Mahu2021 [5h Js]
darlanz558: folds 
Mahu2021: calls 20
Play555999: checks 
*** FLOP *** [4s 8c Tc]
Mahu2021: checks 
Play555999: bets 40
Mahu2021: folds 
Uncalled bet (40) returned to Play555999
Play555999 collected 80 from pot
Play555999: doesn't show hand 
*** SUMMARY ***
Total pot 80 | Rake 0 
Board [4s 8c Tc]
Seat 1: Mahu2021 (small blind) folded on the Flop
Seat 2: Play555999 (big blind) collected (80)
Seat 3: darlanz558 (button) folded before Flop (didn't bet)



PokerStars Hand #248000490995: Tournament #3694650374, $1.84+$0.16 USD Hold'em No Limit - Level III (20/40) - 2024/01/01 19:14:26 CET [2024/01/01 13:14:26 ET]
Table '3694650374 1' 3-max Seat #1 is the button
Seat 1: Mahu2021 (705 in chips) 
Seat 2: Play555999 (530 in chips) 
Seat 3: darlanz558 (265 in chips) 
Play555999: posts small blind 20
darlanz558: posts big blind 40
*** HOLE CARDS ***
Dealt to Mahu2021 [5d 2d]
Mahu2021: calls 40
Play555999: calls 20
darlanz558: checks 
*** FLOP *** [2c Kh Qh]
Play555999: checks 
darlanz558: checks 
Mahu2021: bets 40
Play555999: raises 450 to 490 and is all-in
darlanz558: folds 
Mahu2021: folds 
Uncalled bet (450) returned to Play555999
Play555999 collected 200 from pot
Play555999: doesn't show hand 
*** SUMMARY ***
Total pot 200 | Rake 0 
Board [2c Kh Qh]
Seat 1: Mahu2021 (button) folded on the Flop
Seat 2: Play555999 (small blind) collected (200)
Seat 3: darlanz558 (big blind) folded on the Flop



PokerStars Hand #248000497839: Tournament #3694650374, $1.84+$0.16 USD Hold'em No Limit - Level III (20/40) - 2024/01/01 19:14:46 CET [2024/01/01 13:14:46 ET]
Table '3694650374 1' 3-max Seat #2 is the button
Seat 1: Mahu2021 (625 in chips) 
Seat 2: Play555999 (650 in chips) 
Seat 3: darlanz558 (225 in chips) 
darlanz558: posts small blind 20
Mahu2021: posts big blind 40
*** HOLE CARDS ***
Dealt to Mahu2021 [2c 9s]
Play555999: folds 
darlanz558: calls 20
Mahu2021: checks 
*** FLOP *** [6d Ac Jd]
darlanz558: checks 
Mahu2021: bets 40
darlanz558: calls 40
*** TURN *** [6d Ac Jd] [2h]
darlanz558: bets 40
Mahu2021: calls 40
*** RIVER *** [6d Ac Jd 2h] [8s]
darlanz558: bets 105 and is all-in
Mahu2021: calls 105
*** SHOW DOWN ***
darlanz558: shows [Th Ad] (a pair of Aces)
Mahu2021: shows [2c 9s] (a pair of Deuces)
darlanz558 collected 450 from pot
*** SUMMARY ***
Total pot 450 | Rake 0 
Board [6d Ac Jd 2h 8s]
Seat 1: Mahu2021 (big blind) showed [2c 9s] and lost with a pair of Deuces
Seat 2: Play555999 (button) folded before Flop (didn't bet)
Seat 3: darlanz558 (small blind) showed [Th Ad] and won (450) with a pair of Aces



PokerStars Hand #248000506928: Tournament #3694650374, $1.84+$0.16 USD Hold'em No Limit - Level III (20/40) - 2024/01/01 19:15:10 CET [2024/01/01 13:15:10 ET]
Table '3694650374 1' 3-max Seat #3 is the button
Seat 1: Mahu2021 (400 in chips) 
Seat 2: Play555999 (650 in chips) 
Seat 3: darlanz558 (450 in chips) 
Mahu2021: posts small blind 20
Play555999: posts big blind 40
*** HOLE CARDS ***
Dealt to Mahu2021 [2c Kc]
darlanz558: calls 40
Mahu2021: calls 20
Play555999: checks 
*** FLOP *** [7h Kh 2h]
Mahu2021: bets 40
Play555999: folds 
darlanz558: calls 40
*** TURN *** [7h Kh 2h] [Td]
Mahu2021: bets 320 and is all-in
darlanz558: calls 320
*** RIVER *** [7h Kh 2h Td] [6c]
*** SHOW DOWN ***
Mahu2021: shows [2c Kc] (two pair, Kings and Deuces)
darlanz558: shows [4h Th] (a flush, King high)
darlanz558 collected 840 from pot
Mahu2021 finished the tournament in 3rd place
*** SUMMARY ***
Total pot 840 | Rake 0 
Board [7h Kh 2h Td 6c]
Seat 1: Mahu2021 (small blind) showed [2c Kc] and lost with two pair, Kings and Deuces
Seat 2: Play555999 (big blind) folded on the Flop
Seat 3: darlanz558 (button) showed [4h Th] and won (840) with a flush, King high



