PokerStars Hand #244551153605: Tournament #3610930406, $0.92+$0.08 USD Hold'em No Limit - Level I (10/20) - 2023/06/30 22:00:28 CET [2023/06/30 16:00:28 ET]
Table '3610930406 1' 3-max Seat #1 is the button
Seat 1: carlim_itba (500 in chips) 
Seat 2: cbrooknewfie (500 in chips) 
Seat 3: Mahu2021 (500 in chips) 
cbrooknewfie: posts small blind 10
Mahu2021: posts big blind 20
*** HOLE CARDS ***
Dealt to Mahu2021 [Qs 4h]
carlim_itba: raises 50 to 70
cbrooknewfie: calls 60
Mahu2021: folds 
*** FLOP *** [2h Jh 3c]
cbrooknewfie: checks 
carlim_itba: bets 160
cbrooknewfie: folds 
Uncalled bet (160) returned to carlim_itba
carlim_itba collected 160 from pot
*** SUMMARY ***
Total pot 160 | Rake 0 
Board [2h Jh 3c]
Seat 1: carlim_itba (button) collected (160)
Seat 2: cbrooknewfie (small blind) folded on the Flop
Seat 3: Mahu2021 (big blind) folded before Flop



PokerStars Hand #244551158368: Tournament #3610930406, $0.92+$0.08 USD Hold'em No Limit - Level I (10/20) - 2023/06/30 22:00:46 CET [2023/06/30 16:00:46 ET]
Table '3610930406 1' 3-max Seat #2 is the button
Seat 1: carlim_itba (590 in chips) 
Seat 2: cbrooknewfie (430 in chips) 
Seat 3: Mahu2021 (480 in chips) 
Mahu2021: posts small blind 10
carlim_itba: posts big blind 20
*** HOLE CARDS ***
Dealt to Mahu2021 [7c Qd]
cbrooknewfie: raises 20 to 40
Mahu2021: folds 
carlim_itba: calls 20
*** FLOP *** [3s 5s Qs]
carlim_itba: checks 
cbrooknewfie: checks 
*** TURN *** [3s 5s Qs] [Ts]
carlim_itba: checks 
cbrooknewfie: checks 
*** RIVER *** [3s 5s Qs Ts] [Ad]
carlim_itba: checks 
cbrooknewfie: bets 40
carlim_itba: calls 40
*** SHOW DOWN ***
cbrooknewfie: shows [Kh 2h] (high card Ace)
carlim_itba: shows [8c Th] (a pair of Tens)
carlim_itba collected 170 from pot
*** SUMMARY ***
Total pot 170 | Rake 0 
Board [3s 5s Qs Ts Ad]
Seat 1: carlim_itba (big blind) showed [8c Th] and won (170) with a pair of Tens
Seat 2: cbrooknewfie (button) showed [Kh 2h] and lost with high card Ace
Seat 3: Mahu2021 (small blind) folded before Flop



PokerStars Hand #244551164228: Tournament #3610930406, $0.92+$0.08 USD Hold'em No Limit - Level I (10/20) - 2023/06/30 22:01:07 CET [2023/06/30 16:01:07 ET]
Table '3610930406 1' 3-max Seat #3 is the button
Seat 1: carlim_itba (680 in chips) 
Seat 2: cbrooknewfie (350 in chips) 
Seat 3: Mahu2021 (470 in chips) 
carlim_itba: posts small blind 10
cbrooknewfie: posts big blind 20
*** HOLE CARDS ***
Dealt to Mahu2021 [6h Tc]
Mahu2021: folds 
carlim_itba: folds 
Uncalled bet (10) returned to cbrooknewfie
cbrooknewfie collected 20 from pot
*** SUMMARY ***
Total pot 20 | Rake 0 
Seat 1: carlim_itba (small blind) folded before Flop
Seat 2: cbrooknewfie (big blind) collected (20)
Seat 3: Mahu2021 (button) folded before Flop (didn't bet)



PokerStars Hand #244551166041: Tournament #3610930406, $0.92+$0.08 USD Hold'em No Limit - Level I (10/20) - 2023/06/30 22:01:13 CET [2023/06/30 16:01:13 ET]
Table '3610930406 1' 3-max Seat #1 is the button
Seat 1: carlim_itba (670 in chips) 
Seat 2: cbrooknewfie (360 in chips) 
Seat 3: Mahu2021 (470 in chips) 
cbrooknewfie: posts small blind 10
Mahu2021: posts big blind 20
*** HOLE CARDS ***
Dealt to Mahu2021 [3h 7h]
carlim_itba: folds 
cbrooknewfie: calls 10
Mahu2021: checks 
*** FLOP *** [8c 5d 3s]
cbrooknewfie: bets 20
Mahu2021: calls 20
*** TURN *** [8c 5d 3s] [Ts]
cbrooknewfie: bets 20
Mahu2021: calls 20
*** RIVER *** [8c 5d 3s Ts] [8h]
cbrooknewfie: bets 20
Mahu2021: calls 20
*** SHOW DOWN ***
cbrooknewfie: shows [2c 5c] (two pair, Eights and Fives)
Mahu2021: mucks hand 
cbrooknewfie collected 160 from pot
*** SUMMARY ***
Total pot 160 | Rake 0 
Board [8c 5d 3s Ts 8h]
Seat 1: carlim_itba (button) folded before Flop (didn't bet)
Seat 2: cbrooknewfie (small blind) showed [2c 5c] and won (160) with two pair, Eights and Fives
Seat 3: Mahu2021 (big blind) mucked [3h 7h]



PokerStars Hand #244551171399: Tournament #3610930406, $0.92+$0.08 USD Hold'em No Limit - Level I (10/20) - 2023/06/30 22:01:30 CET [2023/06/30 16:01:30 ET]
Table '3610930406 1' 3-max Seat #2 is the button
Seat 1: carlim_itba (670 in chips) 
Seat 2: cbrooknewfie (440 in chips) 
Seat 3: Mahu2021 (390 in chips) 
Mahu2021: posts small blind 10
carlim_itba: posts big blind 20
*** HOLE CARDS ***
Dealt to Mahu2021 [5d 5h]
cbrooknewfie: calls 20
Mahu2021: raises 370 to 390 and is all-in
carlim_itba: folds 
cbrooknewfie: calls 370
*** FLOP *** [6d 5c 9c]
*** TURN *** [6d 5c 9c] [2d]
*** RIVER *** [6d 5c 9c 2d] [Jd]
*** SHOW DOWN ***
Mahu2021: shows [5d 5h] (three of a kind, Fives)
cbrooknewfie: shows [4c 8h] (high card Jack)
Mahu2021 collected 800 from pot
*** SUMMARY ***
Total pot 800 | Rake 0 
Board [6d 5c 9c 2d Jd]
Seat 1: carlim_itba (big blind) folded before Flop
Seat 2: cbrooknewfie (button) showed [4c 8h] and lost with high card Jack
Seat 3: Mahu2021 (small blind) showed [5d 5h] and won (800) with three of a kind, Fives



PokerStars Hand #244551176173: Tournament #3610930406, $0.92+$0.08 USD Hold'em No Limit - Level I (10/20) - 2023/06/30 22:01:46 CET [2023/06/30 16:01:46 ET]
Table '3610930406 1' 3-max Seat #3 is the button
Seat 1: carlim_itba (650 in chips) 
Seat 2: cbrooknewfie (50 in chips) 
Seat 3: Mahu2021 (800 in chips) 
carlim_itba: posts small blind 10
cbrooknewfie: posts big blind 20
*** HOLE CARDS ***
Dealt to Mahu2021 [8d 8s]
Mahu2021: raises 40 to 60
carlim_itba: calls 50
cbrooknewfie: calls 30 and is all-in
*** FLOP *** [4c 5s 2h]
carlim_itba: checks 
Mahu2021: bets 60
carlim_itba: folds 
Uncalled bet (60) returned to Mahu2021
*** TURN *** [4c 5s 2h] [7h]
*** RIVER *** [4c 5s 2h 7h] [Td]
*** SHOW DOWN ***
Mahu2021: shows [8d 8s] (a pair of Eights)
Mahu2021 collected 20 from side pot
cbrooknewfie: shows [7d 6c] (a pair of Sevens)
Mahu2021 collected 150 from main pot
cbrooknewfie finished the tournament in 3rd place
*** SUMMARY ***
Total pot 170 Main pot 150. Side pot 20. | Rake 0 
Board [4c 5s 2h 7h Td]
Seat 1: carlim_itba (small blind) folded on the Flop
Seat 2: cbrooknewfie (big blind) showed [7d 6c] and lost with a pair of Sevens
Seat 3: Mahu2021 (button) showed [8d 8s] and won (170) with a pair of Eights



PokerStars Hand #244551184301: Tournament #3610930406, $0.92+$0.08 USD Hold'em No Limit - Level I (10/20) - 2023/06/30 22:02:12 CET [2023/06/30 16:02:12 ET]
Table '3610930406 1' 3-max Seat #1 is the button
Seat 1: carlim_itba (590 in chips) 
Seat 3: Mahu2021 (910 in chips) 
carlim_itba: posts small blind 10
Mahu2021: posts big blind 20
*** HOLE CARDS ***
Dealt to Mahu2021 [Jh 7d]
carlim_itba: raises 20 to 40
Mahu2021: calls 20
*** FLOP *** [Qh Th Ts]
Mahu2021: checks 
carlim_itba: checks 
*** TURN *** [Qh Th Ts] [9s]
Mahu2021: bets 40
carlim_itba: calls 40
*** RIVER *** [Qh Th Ts 9s] [8s]
Mahu2021: bets 830 and is all-in
carlim_itba: folds 
Uncalled bet (830) returned to Mahu2021
Mahu2021 collected 160 from pot
Mahu2021: doesn't show hand 
*** SUMMARY ***
Total pot 160 | Rake 0 
Board [Qh Th Ts 9s 8s]
Seat 1: carlim_itba (button) (small blind) folded on the River
Seat 3: Mahu2021 (big blind) collected (160)



PokerStars Hand #244551192633: Tournament #3610930406, $0.92+$0.08 USD Hold'em No Limit - Level II (15/30) - 2023/06/30 22:02:38 CET [2023/06/30 16:02:38 ET]
Table '3610930406 1' 3-max Seat #3 is the button
Seat 1: carlim_itba (510 in chips) 
Seat 3: Mahu2021 (990 in chips) 
Mahu2021: posts small blind 15
carlim_itba: posts big blind 30
*** HOLE CARDS ***
Dealt to Mahu2021 [4s Jh]
Mahu2021: calls 15
carlim_itba: raises 60 to 90
Mahu2021: folds 
Uncalled bet (60) returned to carlim_itba
carlim_itba collected 60 from pot
*** SUMMARY ***
Total pot 60 | Rake 0 
Seat 1: carlim_itba (big blind) collected (60)
Seat 3: Mahu2021 (button) (small blind) folded before Flop



PokerStars Hand #244551195706: Tournament #3610930406, $0.92+$0.08 USD Hold'em No Limit - Level II (15/30) - 2023/06/30 22:02:48 CET [2023/06/30 16:02:48 ET]
Table '3610930406 1' 3-max Seat #1 is the button
Seat 1: carlim_itba (540 in chips) 
Seat 3: Mahu2021 (960 in chips) 
carlim_itba: posts small blind 15
Mahu2021: posts big blind 30
*** HOLE CARDS ***
Dealt to Mahu2021 [3d 6h]
carlim_itba: raises 60 to 90
Mahu2021: folds 
Uncalled bet (60) returned to carlim_itba
carlim_itba collected 60 from pot
*** SUMMARY ***
Total pot 60 | Rake 0 
Seat 1: carlim_itba (button) (small blind) collected (60)
Seat 3: Mahu2021 (big blind) folded before Flop



PokerStars Hand #244551198294: Tournament #3610930406, $0.92+$0.08 USD Hold'em No Limit - Level II (15/30) - 2023/06/30 22:02:55 CET [2023/06/30 16:02:55 ET]
Table '3610930406 1' 3-max Seat #3 is the button
Seat 1: carlim_itba (570 in chips) 
Seat 3: Mahu2021 (930 in chips) 
Mahu2021: posts small blind 15
carlim_itba: posts big blind 30
*** HOLE CARDS ***
Dealt to Mahu2021 [Js Jc]
Mahu2021: calls 15
carlim_itba: raises 540 to 570 and is all-in
Mahu2021: calls 540
*** FLOP *** [Qc 4s Ts]
*** TURN *** [Qc 4s Ts] [9h]
*** RIVER *** [Qc 4s Ts 9h] [2d]
*** SHOW DOWN ***
carlim_itba: shows [6h 6c] (a pair of Sixes)
Mahu2021: shows [Js Jc] (a pair of Jacks)
Mahu2021 collected 1140 from pot
carlim_itba finished the tournament in 2nd place
Mahu2021 wins the tournament and receives $2.00 - congratulations!
*** SUMMARY ***
Total pot 1140 | Rake 0 
Board [Qc 4s Ts 9h 2d]
Seat 1: carlim_itba (big blind) showed [6h 6c] and lost with a pair of Sixes
Seat 3: Mahu2021 (button) (small blind) showed [Js Jc] and won (1140) with a pair of Jacks



