PokerStars Hand #255091632418: Tournament #3864255895, $0.46+$0.04 USD Hold'em No Limit - Level I (10/20) - 2025/03/01 19:22:21 CET [2025/03/01 13:22:21 ET]
Table '3864255895 1' 3-max Seat #1 is the button
Seat 1: JohanSL12 (500 in chips) 
Seat 2: Mahu2021 (500 in chips) 
Seat 3: tibcsyke2 (500 in chips) 
Mahu2021: posts small blind 10
tibcsyke2: posts big blind 20
*** HOLE CARDS ***
Dealt to Mahu2021 [8s Tc]
JohanSL12: folds 
Mahu2021: folds 
Uncalled bet (10) returned to tibcsyke2
tibcsyke2 collected 20 from pot
*** SUMMARY ***
Total pot 20 | Rake 0 
Seat 1: JohanSL12 (button) folded before Flop (didn't bet)
Seat 2: Mahu2021 (small blind) folded before Flop
Seat 3: tibcsyke2 (big blind) collected (20)



PokerStars Hand #255091633887: Tournament #3864255895, $0.46+$0.04 USD Hold'em No Limit - Level I (10/20) - 2025/03/01 19:22:27 CET [2025/03/01 13:22:27 ET]
Table '3864255895 1' 3-max Seat #2 is the button
Seat 1: JohanSL12 (500 in chips) 
Seat 2: Mahu2021 (490 in chips) 
Seat 3: tibcsyke2 (510 in chips) 
tibcsyke2: posts small blind 10
JohanSL12: posts big blind 20
*** HOLE CARDS ***
Dealt to Mahu2021 [3s Ad]
Mahu2021: folds 
tibcsyke2: calls 10
JohanSL12: raises 20 to 40
tibcsyke2: calls 20
*** FLOP *** [5d 2d Qc]
tibcsyke2: checks 
JohanSL12: bets 40
tibcsyke2: calls 40
*** TURN *** [5d 2d Qc] [Jd]
tibcsyke2: checks 
JohanSL12: bets 60
tibcsyke2: calls 60
*** RIVER *** [5d 2d Qc Jd] [6c]
tibcsyke2: checks 
JohanSL12: checks 
*** SHOW DOWN ***
tibcsyke2: shows [8h Td] (high card Queen)
JohanSL12: shows [2c 2s] (three of a kind, Deuces)
JohanSL12 collected 280 from pot
*** SUMMARY ***
Total pot 280 | Rake 0 
Board [5d 2d Qc Jd 6c]
Seat 1: JohanSL12 (big blind) showed [2c 2s] and won (280) with three of a kind, Deuces
Seat 2: Mahu2021 (button) folded before Flop (didn't bet)
Seat 3: tibcsyke2 (small blind) showed [8h Td] and lost with high card Queen



PokerStars Hand #255091642387: Tournament #3864255895, $0.46+$0.04 USD Hold'em No Limit - Level I (10/20) - 2025/03/01 19:22:58 CET [2025/03/01 13:22:58 ET]
Table '3864255895 1' 3-max Seat #3 is the button
Seat 1: JohanSL12 (640 in chips) 
Seat 2: Mahu2021 (490 in chips) 
Seat 3: tibcsyke2 (370 in chips) 
JohanSL12: posts small blind 10
Mahu2021: posts big blind 20
*** HOLE CARDS ***
Dealt to Mahu2021 [8c 7c]
tibcsyke2: raises 20 to 40
JohanSL12: folds 
Mahu2021: calls 20
*** FLOP *** [9h 6s 4d]
Mahu2021: checks 
tibcsyke2: checks 
*** TURN *** [9h 6s 4d] [Kh]
Mahu2021: checks 
tibcsyke2: checks 
*** RIVER *** [9h 6s 4d Kh] [Ts]
Mahu2021: bets 90
tibcsyke2: calls 90
*** SHOW DOWN ***
Mahu2021: shows [8c 7c] (a straight, Six to Ten)
tibcsyke2: mucks hand 
Mahu2021 collected 270 from pot
*** SUMMARY ***
Total pot 270 | Rake 0 
Board [9h 6s 4d Kh Ts]
Seat 1: JohanSL12 (small blind) folded before Flop
Seat 2: Mahu2021 (big blind) showed [8c 7c] and won (270) with a straight, Six to Ten
Seat 3: tibcsyke2 (button) mucked [4c Tc]



PokerStars Hand #255091649593: Tournament #3864255895, $0.46+$0.04 USD Hold'em No Limit - Level I (10/20) - 2025/03/01 19:23:25 CET [2025/03/01 13:23:25 ET]
Table '3864255895 1' 3-max Seat #1 is the button
Seat 1: JohanSL12 (630 in chips) 
Seat 2: Mahu2021 (630 in chips) 
Seat 3: tibcsyke2 (240 in chips) 
Mahu2021: posts small blind 10
tibcsyke2: posts big blind 20
*** HOLE CARDS ***
Dealt to Mahu2021 [5h 7d]
JohanSL12: calls 20
Mahu2021: folds 
tibcsyke2: checks 
*** FLOP *** [Ts As 7s]
tibcsyke2: checks 
JohanSL12: bets 40
tibcsyke2: calls 40
*** TURN *** [Ts As 7s] [Ks]
tibcsyke2: checks 
JohanSL12: checks 
*** RIVER *** [Ts As 7s Ks] [7c]
tibcsyke2: checks 
JohanSL12: checks 
*** SHOW DOWN ***
tibcsyke2: shows [Jh 9c] (a pair of Sevens)
JohanSL12: shows [Ad 2c] (two pair, Aces and Sevens)
JohanSL12 collected 130 from pot
*** SUMMARY ***
Total pot 130 | Rake 0 
Board [Ts As 7s Ks 7c]
Seat 1: JohanSL12 (button) showed [Ad 2c] and won (130) with two pair, Aces and Sevens
Seat 2: Mahu2021 (small blind) folded before Flop
Seat 3: tibcsyke2 (big blind) showed [Jh 9c] and lost with a pair of Sevens



PokerStars Hand #255091657405: Tournament #3864255895, $0.46+$0.04 USD Hold'em No Limit - Level I (10/20) - 2025/03/01 19:23:54 CET [2025/03/01 13:23:54 ET]
Table '3864255895 1' 3-max Seat #2 is the button
Seat 1: JohanSL12 (700 in chips) 
Seat 2: Mahu2021 (620 in chips) 
Seat 3: tibcsyke2 (180 in chips) 
tibcsyke2: posts small blind 10
JohanSL12: posts big blind 20
*** HOLE CARDS ***
Dealt to Mahu2021 [2c 4h]
Mahu2021: folds 
tibcsyke2: calls 10
JohanSL12: checks 
*** FLOP *** [Jd 7d 4c]
tibcsyke2: checks 
JohanSL12: checks 
*** TURN *** [Jd 7d 4c] [Js]
tibcsyke2: checks 
JohanSL12: checks 
*** RIVER *** [Jd 7d 4c Js] [8d]
tibcsyke2: bets 160 and is all-in
JohanSL12: folds 
Uncalled bet (160) returned to tibcsyke2
tibcsyke2 collected 40 from pot
*** SUMMARY ***
Total pot 40 | Rake 0 
Board [Jd 7d 4c Js 8d]
Seat 1: JohanSL12 (big blind) folded on the River
Seat 2: Mahu2021 (button) folded before Flop (didn't bet)
Seat 3: tibcsyke2 (small blind) collected (40)



PokerStars Hand #255091670617: Tournament #3864255895, $0.46+$0.04 USD Hold'em No Limit - Level II (15/30) - 2025/03/01 19:24:43 CET [2025/03/01 13:24:43 ET]
Table '3864255895 1' 3-max Seat #3 is the button
Seat 1: JohanSL12 (680 in chips) 
Seat 2: Mahu2021 (620 in chips) 
Seat 3: tibcsyke2 (200 in chips) 
JohanSL12: posts small blind 15
Mahu2021: posts big blind 30
*** HOLE CARDS ***
Dealt to Mahu2021 [3s 2s]
tibcsyke2: calls 30
JohanSL12: folds 
Mahu2021: checks 
*** FLOP *** [9s 5s Kd]
Mahu2021: checks 
tibcsyke2: bets 30
Mahu2021: calls 30
*** TURN *** [9s 5s Kd] [4h]
Mahu2021: checks 
tibcsyke2: checks 
*** RIVER *** [9s 5s Kd 4h] [4c]
Mahu2021: bets 60
tibcsyke2: calls 60
*** SHOW DOWN ***
Mahu2021: shows [3s 2s] (a pair of Fours)
tibcsyke2: shows [Ks Td] (two pair, Kings and Fours)
tibcsyke2 collected 255 from pot
*** SUMMARY ***
Total pot 255 | Rake 0 
Board [9s 5s Kd 4h 4c]
Seat 1: JohanSL12 (small blind) folded before Flop
Seat 2: Mahu2021 (big blind) showed [3s 2s] and lost with a pair of Fours
Seat 3: tibcsyke2 (button) showed [Ks Td] and won (255) with two pair, Kings and Fours



PokerStars Hand #255091678470: Tournament #3864255895, $0.46+$0.04 USD Hold'em No Limit - Level II (15/30) - 2025/03/01 19:25:13 CET [2025/03/01 13:25:13 ET]
Table '3864255895 1' 3-max Seat #1 is the button
Seat 1: JohanSL12 (665 in chips) 
Seat 2: Mahu2021 (500 in chips) 
Seat 3: tibcsyke2 (335 in chips) 
Mahu2021: posts small blind 15
tibcsyke2: posts big blind 30
*** HOLE CARDS ***
Dealt to Mahu2021 [Tc Kh]
JohanSL12: calls 30
Mahu2021: calls 15
tibcsyke2: checks 
*** FLOP *** [4s Td As]
Mahu2021: checks 
tibcsyke2: checks 
JohanSL12: checks 
*** TURN *** [4s Td As] [Qh]
Mahu2021: bets 60
tibcsyke2: calls 60
JohanSL12: calls 60
*** RIVER *** [4s Td As Qh] [Js]
Mahu2021: bets 150
tibcsyke2: calls 150
JohanSL12: raises 150 to 300
Mahu2021: raises 110 to 410 and is all-in
tibcsyke2: calls 95 and is all-in
JohanSL12: calls 110
*** SHOW DOWN ***
Mahu2021: shows [Tc Kh] (a straight, Ten to Ace)
JohanSL12: shows [2s 5s] (a flush, Ace high)
JohanSL12 collected 330 from side pot
tibcsyke2: shows [Qc 6h] (a pair of Queens)
JohanSL12 collected 1005 from main pot
Mahu2021 finished the tournament in 2nd place
tibcsyke2 finished the tournament in 3rd place
JohanSL12 wins the tournament - congratulations!
JohanSL12 wins a '$1.00 Power Path Step 2 Ticket' ticket
*** SUMMARY ***
Total pot 1335 Main pot 1005. Side pot 330. | Rake 0 
Board [4s Td As Qh Js]
Seat 1: JohanSL12 (button) showed [2s 5s] and won (1335) with a flush, Ace high
Seat 2: Mahu2021 (small blind) showed [Tc Kh] and lost with a straight, Ten to Ace
Seat 3: tibcsyke2 (big blind) showed [Qc 6h] and lost with a pair of Queens



