PokerStars Hand #254779428185: Tournament #3856946519, $0.46+$0.04 USD Hold'em No Limit - Level I (10/20) - 2025/02/09 9:15:58 CET [2025/02/09 3:15:58 ET]
Table '3856946519 1' 3-max Seat #1 is the button
Seat 1: Mahu2021 (500 in chips) 
Seat 2: Wwislan (500 in chips) 
Seat 3: cai3000 (500 in chips) 
Wwislan: posts small blind 10
cai3000: posts big blind 20
*** HOLE CARDS ***
Dealt to Mahu2021 [Ts 3d]
Mahu2021: folds 
Wwislan: folds 
Uncalled bet (10) returned to cai3000
cai3000 collected 20 from pot
*** SUMMARY ***
Total pot 20 | Rake 0 
Seat 1: Mahu2021 (button) folded before Flop (didn't bet)
Seat 2: Wwislan (small blind) folded before Flop
Seat 3: cai3000 (big blind) collected (20)



PokerStars Hand #254779428986: Tournament #3856946519, $0.46+$0.04 USD Hold'em No Limit - Level I (10/20) - 2025/02/09 9:16:07 CET [2025/02/09 3:16:07 ET]
Table '3856946519 1' 3-max Seat #2 is the button
Seat 1: Mahu2021 (500 in chips) 
Seat 2: Wwislan (490 in chips) 
Seat 3: cai3000 (510 in chips) 
cai3000: posts small blind 10
Mahu2021: posts big blind 20
*** HOLE CARDS ***
Dealt to Mahu2021 [Kc Js]
Wwislan: folds 
cai3000: raises 490 to 510 and is all-in
Mahu2021: calls 480 and is all-in
Uncalled bet (10) returned to cai3000
*** FLOP *** [Td As 4d]
*** TURN *** [Td As 4d] [Qc]
*** RIVER *** [Td As 4d Qc] [Qh]
*** SHOW DOWN ***
cai3000: shows [Qd 7c] (three of a kind, Queens)
Mahu2021: shows [Kc Js] (a straight, Ten to Ace)
Mahu2021 collected 1000 from pot
*** SUMMARY ***
Total pot 1000 | Rake 0 
Board [Td As 4d Qc Qh]
Seat 1: Mahu2021 (big blind) showed [Kc Js] and won (1000) with a straight, Ten to Ace
Seat 2: Wwislan (button) folded before Flop (didn't bet)
Seat 3: cai3000 (small blind) showed [Qd 7c] and lost with three of a kind, Queens



PokerStars Hand #254779430362: Tournament #3856946519, $0.46+$0.04 USD Hold'em No Limit - Level I (10/20) - 2025/02/09 9:16:23 CET [2025/02/09 3:16:23 ET]
Table '3856946519 1' 3-max Seat #3 is the button
Seat 1: Mahu2021 (1000 in chips) 
Seat 2: Wwislan (490 in chips) 
Seat 3: cai3000 (10 in chips) 
Mahu2021: posts small blind 10
Wwislan: posts big blind 20
*** HOLE CARDS ***
Dealt to Mahu2021 [Td Th]
cai3000: calls 10 and is all-in
Mahu2021: calls 10
Wwislan: checks 
*** FLOP *** [6d 8c Kd]
Mahu2021: checks 
Wwislan: checks 
*** TURN *** [6d 8c Kd] [Tc]
Mahu2021: bets 40
Wwislan: calls 40
*** RIVER *** [6d 8c Kd Tc] [2s]
Mahu2021: bets 130
Wwislan: folds 
Uncalled bet (130) returned to Mahu2021
*** SHOW DOWN ***
Mahu2021: shows [Td Th] (three of a kind, Tens)
Mahu2021 collected 100 from side pot
cai3000: shows [9d Jd] (high card King)
Mahu2021 collected 30 from main pot
cai3000 finished the tournament in 3rd place
*** SUMMARY ***
Total pot 130 Main pot 30. Side pot 100. | Rake 0 
Board [6d 8c Kd Tc 2s]
Seat 1: Mahu2021 (small blind) showed [Td Th] and won (130) with three of a kind, Tens
Seat 2: Wwislan (big blind) folded on the River
Seat 3: cai3000 (button) showed [9d Jd] and lost with high card King



PokerStars Hand #254779433340: Tournament #3856946519, $0.46+$0.04 USD Hold'em No Limit - Level I (10/20) - 2025/02/09 9:16:55 CET [2025/02/09 3:16:55 ET]
Table '3856946519 1' 3-max Seat #2 is the button
Seat 1: Mahu2021 (1070 in chips) 
Seat 2: Wwislan (430 in chips) 
Wwislan: posts small blind 10
Mahu2021: posts big blind 20
*** HOLE CARDS ***
Dealt to Mahu2021 [Ks 3d]
Wwislan: calls 10
Mahu2021: checks 
*** FLOP *** [7h 4c Ac]
Mahu2021: checks 
Wwislan: checks 
*** TURN *** [7h 4c Ac] [Qc]
Mahu2021: checks 
Wwislan: checks 
*** RIVER *** [7h 4c Ac Qc] [8s]
Mahu2021: checks 
Wwislan: checks 
*** SHOW DOWN ***
Mahu2021: shows [Ks 3d] (high card Ace)
Wwislan: shows [5c 8h] (a pair of Eights)
Wwislan collected 40 from pot
*** SUMMARY ***
Total pot 40 | Rake 0 
Board [7h 4c Ac Qc 8s]
Seat 1: Mahu2021 (big blind) showed [Ks 3d] and lost with high card Ace
Seat 2: Wwislan (button) (small blind) showed [5c 8h] and won (40) with a pair of Eights



PokerStars Hand #254779435094: Tournament #3856946519, $0.46+$0.04 USD Hold'em No Limit - Level I (10/20) - 2025/02/09 9:17:14 CET [2025/02/09 3:17:14 ET]
Table '3856946519 1' 3-max Seat #1 is the button
Seat 1: Mahu2021 (1050 in chips) 
Seat 2: Wwislan (450 in chips) 
Mahu2021: posts small blind 10
Wwislan: posts big blind 20
*** HOLE CARDS ***
Dealt to Mahu2021 [2d Qh]
Mahu2021: calls 10
Wwislan: checks 
*** FLOP *** [Qc 9h 2c]
Wwislan: checks 
Mahu2021: bets 20
Wwislan: calls 20
*** TURN *** [Qc 9h 2c] [8c]
Wwislan: checks 
Mahu2021: checks 
*** RIVER *** [Qc 9h 2c 8c] [3s]
Wwislan: checks 
Mahu2021: bets 80
Wwislan: folds 
Uncalled bet (80) returned to Mahu2021
Mahu2021 collected 80 from pot
Mahu2021: doesn't show hand 
*** SUMMARY ***
Total pot 80 | Rake 0 
Board [Qc 9h 2c 8c 3s]
Seat 1: Mahu2021 (button) (small blind) collected (80)
Seat 2: Wwislan (big blind) folded on the River



PokerStars Hand #254779438680: Tournament #3856946519, $0.46+$0.04 USD Hold'em No Limit - Level I (10/20) - 2025/02/09 9:17:55 CET [2025/02/09 3:17:55 ET]
Table '3856946519 1' 3-max Seat #2 is the button
Seat 1: Mahu2021 (1090 in chips) 
Seat 2: Wwislan (410 in chips) 
Wwislan: posts small blind 10
Mahu2021: posts big blind 20
*** HOLE CARDS ***
Dealt to Mahu2021 [3h 6h]
Wwislan: calls 10
Mahu2021: checks 
*** FLOP *** [4h Ac As]
Mahu2021: checks 
Wwislan: checks 
*** TURN *** [4h Ac As] [8d]
Mahu2021: checks 
Wwislan: checks 
*** RIVER *** [4h Ac As 8d] [4c]
Mahu2021: checks 
Wwislan: checks 
*** SHOW DOWN ***
Mahu2021: shows [3h 6h] (two pair, Aces and Fours)
Wwislan: shows [7d Th] (two pair, Aces and Fours - Ten kicker)
Wwislan collected 40 from pot
*** SUMMARY ***
Total pot 40 | Rake 0 
Board [4h Ac As 8d 4c]
Seat 1: Mahu2021 (big blind) showed [3h 6h] and lost with two pair, Aces and Fours
Seat 2: Wwislan (button) (small blind) showed [7d Th] and won (40) with two pair, Aces and Fours



PokerStars Hand #254779441085: Tournament #3856946519, $0.46+$0.04 USD Hold'em No Limit - Level II (15/30) - 2025/02/09 9:18:22 CET [2025/02/09 3:18:22 ET]
Table '3856946519 1' 3-max Seat #1 is the button
Seat 1: Mahu2021 (1070 in chips) 
Seat 2: Wwislan (430 in chips) 
Mahu2021: posts small blind 15
Wwislan: posts big blind 30
*** HOLE CARDS ***
Dealt to Mahu2021 [5d 5s]
Mahu2021: raises 1040 to 1070 and is all-in
Wwislan: folds 
Uncalled bet (1040) returned to Mahu2021
Mahu2021 collected 60 from pot
Mahu2021: doesn't show hand 
*** SUMMARY ***
Total pot 60 | Rake 0 
Seat 1: Mahu2021 (button) (small blind) collected (60)
Seat 2: Wwislan (big blind) folded before Flop



PokerStars Hand #254779441920: Tournament #3856946519, $0.46+$0.04 USD Hold'em No Limit - Level II (15/30) - 2025/02/09 9:18:32 CET [2025/02/09 3:18:32 ET]
Table '3856946519 1' 3-max Seat #2 is the button
Seat 1: Mahu2021 (1100 in chips) 
Seat 2: Wwislan (400 in chips) 
Wwislan: posts small blind 15
Mahu2021: posts big blind 30
*** HOLE CARDS ***
Dealt to Mahu2021 [7s 5h]
Wwislan: calls 15
Mahu2021: checks 
*** FLOP *** [Js Ts 7h]
Mahu2021: checks 
Wwislan: bets 30
Mahu2021: folds 
Uncalled bet (30) returned to Wwislan
Wwislan collected 60 from pot
Wwislan: doesn't show hand 
*** SUMMARY ***
Total pot 60 | Rake 0 
Board [Js Ts 7h]
Seat 1: Mahu2021 (big blind) folded on the Flop
Seat 2: Wwislan (button) (small blind) collected (60)



PokerStars Hand #254779443135: Tournament #3856946519, $0.46+$0.04 USD Hold'em No Limit - Level II (15/30) - 2025/02/09 9:18:45 CET [2025/02/09 3:18:45 ET]
Table '3856946519 1' 3-max Seat #1 is the button
Seat 1: Mahu2021 (1070 in chips) 
Seat 2: Wwislan (430 in chips) 
Mahu2021: posts small blind 15
Wwislan: posts big blind 30
*** HOLE CARDS ***
Dealt to Mahu2021 [9s Ah]
Mahu2021: raises 30 to 60
Wwislan: calls 30
*** FLOP *** [5d 4d 7s]
Wwislan: checks 
Mahu2021: checks 
*** TURN *** [5d 4d 7s] [2d]
Wwislan: bets 370 and is all-in
Mahu2021: folds 
Uncalled bet (370) returned to Wwislan
Wwislan collected 120 from pot
Wwislan: doesn't show hand 
*** SUMMARY ***
Total pot 120 | Rake 0 
Board [5d 4d 7s 2d]
Seat 1: Mahu2021 (button) (small blind) folded on the Turn
Seat 2: Wwislan (big blind) collected (120)



PokerStars Hand #254779444895: Tournament #3856946519, $0.46+$0.04 USD Hold'em No Limit - Level II (15/30) - 2025/02/09 9:19:04 CET [2025/02/09 3:19:04 ET]
Table '3856946519 1' 3-max Seat #2 is the button
Seat 1: Mahu2021 (1010 in chips) 
Seat 2: Wwislan (490 in chips) 
Wwislan: posts small blind 15
Mahu2021: posts big blind 30
*** HOLE CARDS ***
Dealt to Mahu2021 [4h Ad]
Wwislan: raises 460 to 490 and is all-in
Mahu2021: folds 
Uncalled bet (460) returned to Wwislan
Wwislan collected 60 from pot
Wwislan: doesn't show hand 
*** SUMMARY ***
Total pot 60 | Rake 0 
Seat 1: Mahu2021 (big blind) folded before Flop
Seat 2: Wwislan (button) (small blind) collected (60)



PokerStars Hand #254779445580: Tournament #3856946519, $0.46+$0.04 USD Hold'em No Limit - Level II (15/30) - 2025/02/09 9:19:12 CET [2025/02/09 3:19:12 ET]
Table '3856946519 1' 3-max Seat #1 is the button
Seat 1: Mahu2021 (980 in chips) 
Seat 2: Wwislan (520 in chips) 
Mahu2021: posts small blind 15
Wwislan: posts big blind 30
*** HOLE CARDS ***
Dealt to Mahu2021 [5s 2h]
Mahu2021: folds 
Uncalled bet (15) returned to Wwislan
Wwislan collected 30 from pot
Wwislan: doesn't show hand 
*** SUMMARY ***
Total pot 30 | Rake 0 
Seat 1: Mahu2021 (button) (small blind) folded before Flop
Seat 2: Wwislan (big blind) collected (30)



PokerStars Hand #254779445994: Tournament #3856946519, $0.46+$0.04 USD Hold'em No Limit - Level II (15/30) - 2025/02/09 9:19:16 CET [2025/02/09 3:19:16 ET]
Table '3856946519 1' 3-max Seat #2 is the button
Seat 1: Mahu2021 (965 in chips) 
Seat 2: Wwislan (535 in chips) 
Wwislan: posts small blind 15
Mahu2021: posts big blind 30
*** HOLE CARDS ***
Dealt to Mahu2021 [As 7c]
Wwislan: calls 15
Mahu2021: raises 935 to 965 and is all-in
Wwislan: folds 
Uncalled bet (935) returned to Mahu2021
Mahu2021 collected 60 from pot
Mahu2021: doesn't show hand 
*** SUMMARY ***
Total pot 60 | Rake 0 
Seat 1: Mahu2021 (big blind) collected (60)
Seat 2: Wwislan (button) (small blind) folded before Flop



PokerStars Hand #254779447518: Tournament #3856946519, $0.46+$0.04 USD Hold'em No Limit - Level II (15/30) - 2025/02/09 9:19:33 CET [2025/02/09 3:19:33 ET]
Table '3856946519 1' 3-max Seat #1 is the button
Seat 1: Mahu2021 (995 in chips) 
Seat 2: Wwislan (505 in chips) 
Mahu2021: posts small blind 15
Wwislan: posts big blind 30
*** HOLE CARDS ***
Dealt to Mahu2021 [Ac Ah]
Mahu2021: raises 30 to 60
Wwislan: raises 445 to 505 and is all-in
Mahu2021: calls 445
*** FLOP *** [Tc 3c 6d]
*** TURN *** [Tc 3c 6d] [Kc]
*** RIVER *** [Tc 3c 6d Kc] [5h]
*** SHOW DOWN ***
Wwislan: shows [8s Ad] (high card Ace)
Mahu2021: shows [Ac Ah] (a pair of Aces)
Mahu2021 collected 1010 from pot
Wwislan finished the tournament in 2nd place
Mahu2021 wins the tournament - congratulations!
Mahu2021 wins a '$1.50 Power Path Step 2 Ticket' ticket
*** SUMMARY ***
Total pot 1010 | Rake 0 
Board [Tc 3c 6d Kc 5h]
Seat 1: Mahu2021 (button) (small blind) showed [Ac Ah] and won (1010) with a pair of Aces
Seat 2: Wwislan (big blind) showed [8s Ad] and lost with high card Ace



