PokerStars Hand #250458156460: Tournament #3753552565, $1.84+$0.16 USD Hold'em No Limit - Level I (10/20) - 2024/05/12 15:36:34 CET [2024/05/12 9:36:34 ET]
Table '3753552565 1' 3-max Seat #1 is the button
Seat 1: callcallcall001 (500 in chips) 
Seat 2: Mahu2021 (500 in chips) 
Seat 3: Icomad (500 in chips) 
Mahu2021: posts small blind 10
Icomad: posts big blind 20
*** HOLE CARDS ***
Dealt to Mahu2021 [4s 7c]
callcallcall001: calls 20
Mahu2021: folds 
Icomad: checks 
*** FLOP *** [3d 3s Qd]
Icomad: checks 
callcallcall001: checks 
*** TURN *** [3d 3s Qd] [As]
Icomad: checks 
callcallcall001: checks 
*** RIVER *** [3d 3s Qd As] [2d]
Icomad: checks 
callcallcall001: bets 20
Icomad: calls 20
*** SHOW DOWN ***
callcallcall001: shows [6s 2c] (two pair, Threes and Deuces)
Icomad: mucks hand 
callcallcall001 collected 90 from pot
*** SUMMARY ***
Total pot 90 | Rake 0 
Board [3d 3s Qd As 2d]
Seat 1: callcallcall001 (button) showed [6s 2c] and won (90) with two pair, Threes and Deuces
Seat 2: Mahu2021 (small blind) folded before Flop
Seat 3: Icomad (big blind) mucked [4d Kc]



PokerStars Hand #250458165984: Tournament #3753552565, $1.84+$0.16 USD Hold'em No Limit - Level I (10/20) - 2024/05/12 15:37:18 CET [2024/05/12 9:37:18 ET]
Table '3753552565 1' 3-max Seat #2 is the button
Seat 1: callcallcall001 (550 in chips) 
Seat 2: Mahu2021 (490 in chips) 
Seat 3: Icomad (460 in chips) 
Icomad: posts small blind 10
callcallcall001: posts big blind 20
*** HOLE CARDS ***
Dealt to Mahu2021 [4s 6c]
Mahu2021: folds 
Icomad: raises 440 to 460 and is all-in
callcallcall001: folds 
Uncalled bet (440) returned to Icomad
Icomad collected 40 from pot
Icomad: doesn't show hand 
*** SUMMARY ***
Total pot 40 | Rake 0 
Seat 1: callcallcall001 (big blind) folded before Flop
Seat 2: Mahu2021 (button) folded before Flop (didn't bet)
Seat 3: Icomad (small blind) collected (40)



PokerStars Hand #250458168741: Tournament #3753552565, $1.84+$0.16 USD Hold'em No Limit - Level I (10/20) - 2024/05/12 15:37:31 CET [2024/05/12 9:37:31 ET]
Table '3753552565 1' 3-max Seat #3 is the button
Seat 1: callcallcall001 (530 in chips) 
Seat 2: Mahu2021 (490 in chips) 
Seat 3: Icomad (480 in chips) 
callcallcall001: posts small blind 10
Mahu2021: posts big blind 20
*** HOLE CARDS ***
Dealt to Mahu2021 [Th Kh]
Icomad: raises 20 to 40
callcallcall001: calls 30
Mahu2021: calls 20
*** FLOP *** [8c 2s 7c]
callcallcall001: bets 20
Mahu2021: folds 
Icomad: calls 20
*** TURN *** [8c 2s 7c] [Ah]
callcallcall001: checks 
Icomad: bets 90
callcallcall001: folds 
Uncalled bet (90) returned to Icomad
Icomad collected 160 from pot
Icomad: doesn't show hand 
*** SUMMARY ***
Total pot 160 | Rake 0 
Board [8c 2s 7c Ah]
Seat 1: callcallcall001 (small blind) folded on the Turn
Seat 2: Mahu2021 (big blind) folded on the Flop
Seat 3: Icomad (button) collected (160)



PokerStars Hand #250458175889: Tournament #3753552565, $1.84+$0.16 USD Hold'em No Limit - Level I (10/20) - 2024/05/12 15:38:05 CET [2024/05/12 9:38:05 ET]
Table '3753552565 1' 3-max Seat #1 is the button
Seat 1: callcallcall001 (470 in chips) 
Seat 2: Mahu2021 (450 in chips) 
Seat 3: Icomad (580 in chips) 
Mahu2021: posts small blind 10
Icomad: posts big blind 20
*** HOLE CARDS ***
Dealt to Mahu2021 [4s Tc]
callcallcall001 is disconnected 
callcallcall001 has timed out while being disconnected
callcallcall001: folds 
callcallcall001 is sitting out
Mahu2021: folds 
Uncalled bet (10) returned to Icomad
Icomad collected 20 from pot
Icomad: doesn't show hand 
*** SUMMARY ***
Total pot 20 | Rake 0 
Seat 1: callcallcall001 (button) folded before Flop (didn't bet)
Seat 2: Mahu2021 (small blind) folded before Flop
Seat 3: Icomad (big blind) collected (20)



PokerStars Hand #250458181039: Tournament #3753552565, $1.84+$0.16 USD Hold'em No Limit - Level I (10/20) - 2024/05/12 15:38:28 CET [2024/05/12 9:38:28 ET]
Table '3753552565 1' 3-max Seat #2 is the button
Seat 1: callcallcall001 (470 in chips) is sitting out
Seat 2: Mahu2021 (440 in chips) 
Seat 3: Icomad (590 in chips) 
Icomad: posts small blind 10
callcallcall001: posts big blind 20
*** HOLE CARDS ***
Dealt to Mahu2021 [8h 2h]
Mahu2021: folds 
Icomad: calls 10
callcallcall001: folds 
Icomad collected 40 from pot
Icomad: doesn't show hand 
*** SUMMARY ***
Total pot 40 | Rake 0 
Seat 1: callcallcall001 (big blind) folded before Flop
Seat 2: Mahu2021 (button) folded before Flop (didn't bet)
Seat 3: Icomad (small blind) collected (40)



PokerStars Hand #250458182417: Tournament #3753552565, $1.84+$0.16 USD Hold'em No Limit - Level I (10/20) - 2024/05/12 15:38:35 CET [2024/05/12 9:38:35 ET]
Table '3753552565 1' 3-max Seat #3 is the button
Seat 1: callcallcall001 (450 in chips) is sitting out
Seat 2: Mahu2021 (440 in chips) 
Seat 3: Icomad (610 in chips) 
callcallcall001: posts small blind 10
Mahu2021: posts big blind 20
*** HOLE CARDS ***
Dealt to Mahu2021 [7c Td]
Icomad: folds 
callcallcall001: folds 
Uncalled bet (10) returned to Mahu2021
callcallcall001 has returned
Mahu2021 collected 20 from pot
Mahu2021: doesn't show hand 
*** SUMMARY ***
Total pot 20 | Rake 0 
Seat 1: callcallcall001 (small blind) folded before Flop
Seat 2: Mahu2021 (big blind) collected (20)
Seat 3: Icomad (button) folded before Flop (didn't bet)



PokerStars Hand #250458184635: Tournament #3753552565, $1.84+$0.16 USD Hold'em No Limit - Level II (15/30) - 2024/05/12 15:38:45 CET [2024/05/12 9:38:45 ET]
Table '3753552565 1' 3-max Seat #1 is the button
Seat 1: callcallcall001 (440 in chips) 
Seat 2: Mahu2021 (450 in chips) 
Seat 3: Icomad (610 in chips) 
Mahu2021: posts small blind 15
Icomad: posts big blind 30
*** HOLE CARDS ***
Dealt to Mahu2021 [4h Jc]
callcallcall001: calls 30
Mahu2021: calls 15
Icomad: checks 
*** FLOP *** [Qh 3c Ac]
Mahu2021: checks 
Icomad: checks 
callcallcall001: bets 30
Mahu2021: folds 
Icomad: folds 
Uncalled bet (30) returned to callcallcall001
callcallcall001 collected 90 from pot
*** SUMMARY ***
Total pot 90 | Rake 0 
Board [Qh 3c Ac]
Seat 1: callcallcall001 (button) collected (90)
Seat 2: Mahu2021 (small blind) folded on the Flop
Seat 3: Icomad (big blind) folded on the Flop



PokerStars Hand #250458189898: Tournament #3753552565, $1.84+$0.16 USD Hold'em No Limit - Level II (15/30) - 2024/05/12 15:39:09 CET [2024/05/12 9:39:09 ET]
Table '3753552565 1' 3-max Seat #2 is the button
Seat 1: callcallcall001 (500 in chips) 
Seat 2: Mahu2021 (420 in chips) 
Seat 3: Icomad (580 in chips) 
Icomad: posts small blind 15
callcallcall001: posts big blind 30
*** HOLE CARDS ***
Dealt to Mahu2021 [4c Ks]
Mahu2021: folds 
Icomad: folds 
Uncalled bet (15) returned to callcallcall001
callcallcall001 collected 30 from pot
callcallcall001: doesn't show hand 
*** SUMMARY ***
Total pot 30 | Rake 0 
Seat 1: callcallcall001 (big blind) collected (30)
Seat 2: Mahu2021 (button) folded before Flop (didn't bet)
Seat 3: Icomad (small blind) folded before Flop



PokerStars Hand #250458191421: Tournament #3753552565, $1.84+$0.16 USD Hold'em No Limit - Level II (15/30) - 2024/05/12 15:39:16 CET [2024/05/12 9:39:16 ET]
Table '3753552565 1' 3-max Seat #3 is the button
Seat 1: callcallcall001 (515 in chips) 
Seat 2: Mahu2021 (420 in chips) 
Seat 3: Icomad (565 in chips) 
callcallcall001: posts small blind 15
Mahu2021: posts big blind 30
*** HOLE CARDS ***
Dealt to Mahu2021 [5h Kc]
Icomad: raises 30 to 60
callcallcall001: calls 45
Mahu2021: calls 30
*** FLOP *** [9d Kh Qd]
callcallcall001: checks 
Mahu2021: checks 
Icomad: bets 90
callcallcall001: calls 90
Mahu2021: folds 
*** TURN *** [9d Kh Qd] [2s]
callcallcall001: checks 
Icomad: bets 180
callcallcall001: raises 185 to 365 and is all-in
Icomad: calls 185
*** RIVER *** [9d Kh Qd 2s] [2c]
*** SHOW DOWN ***
callcallcall001: shows [9s 9h] (a full house, Nines full of Deuces)
Icomad: shows [Ks Qc] (two pair, Kings and Queens)
callcallcall001 collected 1090 from pot
*** SUMMARY ***
Total pot 1090 | Rake 0 
Board [9d Kh Qd 2s 2c]
Seat 1: callcallcall001 (small blind) showed [9s 9h] and won (1090) with a full house, Nines full of Deuces
Seat 2: Mahu2021 (big blind) folded on the Flop
Seat 3: Icomad (button) showed [Ks Qc] and lost with two pair, Kings and Queens



PokerStars Hand #250458199960: Tournament #3753552565, $1.84+$0.16 USD Hold'em No Limit - Level II (15/30) - 2024/05/12 15:39:55 CET [2024/05/12 9:39:55 ET]
Table '3753552565 1' 3-max Seat #1 is the button
Seat 1: callcallcall001 (1090 in chips) 
Seat 2: Mahu2021 (360 in chips) 
Seat 3: Icomad (50 in chips) 
Mahu2021: posts small blind 15
Icomad: posts big blind 30
*** HOLE CARDS ***
Dealt to Mahu2021 [Ac 2c]
callcallcall001: calls 30
Mahu2021: calls 15
Icomad: raises 20 to 50 and is all-in
callcallcall001: calls 20
Mahu2021: calls 20
*** FLOP *** [As Ts Th]
Mahu2021: bets 30
callcallcall001: folds 
Uncalled bet (30) returned to Mahu2021
*** TURN *** [As Ts Th] [4d]
*** RIVER *** [As Ts Th 4d] [4c]
*** SHOW DOWN ***
Mahu2021: shows [Ac 2c] (two pair, Aces and Tens)
Icomad: shows [Qc 8d] (two pair, Tens and Fours)
Mahu2021 collected 150 from pot
Icomad finished the tournament in 3rd place
*** SUMMARY ***
Total pot 150 | Rake 0 
Board [As Ts Th 4d 4c]
Seat 1: callcallcall001 (button) folded on the Flop
Seat 2: Mahu2021 (small blind) showed [Ac 2c] and won (150) with two pair, Aces and Tens
Seat 3: Icomad (big blind) showed [Qc 8d] and lost with two pair, Tens and Fours



PokerStars Hand #250458205507: Tournament #3753552565, $1.84+$0.16 USD Hold'em No Limit - Level II (15/30) - 2024/05/12 15:40:20 CET [2024/05/12 9:40:20 ET]
Table '3753552565 1' 3-max Seat #2 is the button
Seat 1: callcallcall001 (1040 in chips) 
Seat 2: Mahu2021 (460 in chips) 
Mahu2021: posts small blind 15
callcallcall001: posts big blind 30
*** HOLE CARDS ***
Dealt to Mahu2021 [2h 4h]
Mahu2021: calls 15
callcallcall001: raises 30 to 60
Mahu2021: calls 30
*** FLOP *** [8c 6h Ks]
callcallcall001: bets 30
Mahu2021: folds 
Uncalled bet (30) returned to callcallcall001
callcallcall001 collected 120 from pot
callcallcall001: doesn't show hand 
*** SUMMARY ***
Total pot 120 | Rake 0 
Board [8c 6h Ks]
Seat 1: callcallcall001 (big blind) collected (120)
Seat 2: Mahu2021 (button) (small blind) folded on the Flop



PokerStars Hand #250458208234: Tournament #3753552565, $1.84+$0.16 USD Hold'em No Limit - Level II (15/30) - 2024/05/12 15:40:33 CET [2024/05/12 9:40:33 ET]
Table '3753552565 1' 3-max Seat #1 is the button
Seat 1: callcallcall001 (1100 in chips) 
Seat 2: Mahu2021 (400 in chips) 
callcallcall001: posts small blind 15
Mahu2021: posts big blind 30
*** HOLE CARDS ***
Dealt to Mahu2021 [Kc 4h]
callcallcall001: raises 30 to 60
Mahu2021: calls 30
*** FLOP *** [Jc 2h 7h]
Mahu2021: checks 
callcallcall001: bets 30
Mahu2021: calls 30
*** TURN *** [Jc 2h 7h] [Td]
Mahu2021: checks 
callcallcall001: checks 
*** RIVER *** [Jc 2h 7h Td] [6c]
Mahu2021: bets 120
callcallcall001: calls 120
*** SHOW DOWN ***
Mahu2021: shows [Kc 4h] (high card King)
callcallcall001: shows [7s 9s] (a pair of Sevens)
callcallcall001 collected 420 from pot
*** SUMMARY ***
Total pot 420 | Rake 0 
Board [Jc 2h 7h Td 6c]
Seat 1: callcallcall001 (button) (small blind) showed [7s 9s] and won (420) with a pair of Sevens
Seat 2: Mahu2021 (big blind) showed [Kc 4h] and lost with high card King



PokerStars Hand #250458212248: Tournament #3753552565, $1.84+$0.16 USD Hold'em No Limit - Level III (20/40) - 2024/05/12 15:40:51 CET [2024/05/12 9:40:51 ET]
Table '3753552565 1' 3-max Seat #2 is the button
Seat 1: callcallcall001 (1310 in chips) 
Seat 2: Mahu2021 (190 in chips) 
Mahu2021: posts small blind 20
callcallcall001: posts big blind 40
*** HOLE CARDS ***
Dealt to Mahu2021 [8s 9s]
Mahu2021: raises 150 to 190 and is all-in
callcallcall001: calls 150
*** FLOP *** [6c 9d Js]
*** TURN *** [6c 9d Js] [6h]
*** RIVER *** [6c 9d Js 6h] [5c]
*** SHOW DOWN ***
callcallcall001: shows [5h As] (two pair, Sixes and Fives)
Mahu2021: shows [8s 9s] (two pair, Nines and Sixes)
Mahu2021 collected 380 from pot
*** SUMMARY ***
Total pot 380 | Rake 0 
Board [6c 9d Js 6h 5c]
Seat 1: callcallcall001 (big blind) showed [5h As] and lost with two pair, Sixes and Fives
Seat 2: Mahu2021 (button) (small blind) showed [8s 9s] and won (380) with two pair, Nines and Sixes



PokerStars Hand #250458214900: Tournament #3753552565, $1.84+$0.16 USD Hold'em No Limit - Level III (20/40) - 2024/05/12 15:41:04 CET [2024/05/12 9:41:04 ET]
Table '3753552565 1' 3-max Seat #1 is the button
Seat 1: callcallcall001 (1120 in chips) 
Seat 2: Mahu2021 (380 in chips) 
callcallcall001: posts small blind 20
Mahu2021: posts big blind 40
*** HOLE CARDS ***
Dealt to Mahu2021 [Ks Ad]
callcallcall001: raises 40 to 80
Mahu2021: raises 300 to 380 and is all-in
callcallcall001: folds 
Uncalled bet (300) returned to Mahu2021
Mahu2021 collected 160 from pot
Mahu2021: doesn't show hand 
*** SUMMARY ***
Total pot 160 | Rake 0 
Seat 1: callcallcall001 (button) (small blind) folded before Flop
Seat 2: Mahu2021 (big blind) collected (160)



PokerStars Hand #250458216433: Tournament #3753552565, $1.84+$0.16 USD Hold'em No Limit - Level III (20/40) - 2024/05/12 15:41:10 CET [2024/05/12 9:41:10 ET]
Table '3753552565 1' 3-max Seat #2 is the button
Seat 1: callcallcall001 (1040 in chips) 
Seat 2: Mahu2021 (460 in chips) 
Mahu2021: posts small blind 20
callcallcall001: posts big blind 40
*** HOLE CARDS ***
Dealt to Mahu2021 [Jc 4s]
Mahu2021: calls 20
callcallcall001: checks 
*** FLOP *** [7h 5s Ks]
callcallcall001: bets 40
Mahu2021: folds 
Uncalled bet (40) returned to callcallcall001
callcallcall001 collected 80 from pot
callcallcall001: doesn't show hand 
*** SUMMARY ***
Total pot 80 | Rake 0 
Board [7h 5s Ks]
Seat 1: callcallcall001 (big blind) collected (80)
Seat 2: Mahu2021 (button) (small blind) folded on the Flop



PokerStars Hand #250458218261: Tournament #3753552565, $1.84+$0.16 USD Hold'em No Limit - Level III (20/40) - 2024/05/12 15:41:19 CET [2024/05/12 9:41:19 ET]
Table '3753552565 1' 3-max Seat #1 is the button
Seat 1: callcallcall001 (1080 in chips) 
Seat 2: Mahu2021 (420 in chips) 
callcallcall001: posts small blind 20
Mahu2021: posts big blind 40
*** HOLE CARDS ***
Dealt to Mahu2021 [Kh 8d]
callcallcall001: calls 20
Mahu2021: checks 
*** FLOP *** [9s Ks 9h]
Mahu2021: checks 
callcallcall001: bets 40
Mahu2021: calls 40
*** TURN *** [9s Ks 9h] [9d]
Mahu2021: checks 
callcallcall001: checks 
*** RIVER *** [9s Ks 9h 9d] [4c]
Mahu2021: bets 40
callcallcall001: calls 40
*** SHOW DOWN ***
Mahu2021: shows [Kh 8d] (a full house, Nines full of Kings)
callcallcall001: mucks hand 
Mahu2021 collected 240 from pot
*** SUMMARY ***
Total pot 240 | Rake 0 
Board [9s Ks 9h 9d 4c]
Seat 1: callcallcall001 (button) (small blind) mucked [2h Qd]
Seat 2: Mahu2021 (big blind) showed [Kh 8d] and won (240) with a full house, Nines full of Kings



PokerStars Hand #250458221778: Tournament #3753552565, $1.84+$0.16 USD Hold'em No Limit - Level III (20/40) - 2024/05/12 15:41:35 CET [2024/05/12 9:41:35 ET]
Table '3753552565 1' 3-max Seat #2 is the button
Seat 1: callcallcall001 (960 in chips) 
Seat 2: Mahu2021 (540 in chips) 
Mahu2021: posts small blind 20
callcallcall001: posts big blind 40
*** HOLE CARDS ***
Dealt to Mahu2021 [3s Kh]
Mahu2021: calls 20
callcallcall001: checks 
*** FLOP *** [Tc 2h 8c]
callcallcall001: bets 40
Mahu2021: folds 
Uncalled bet (40) returned to callcallcall001
callcallcall001 collected 80 from pot
callcallcall001: doesn't show hand 
*** SUMMARY ***
Total pot 80 | Rake 0 
Board [Tc 2h 8c]
Seat 1: callcallcall001 (big blind) collected (80)
Seat 2: Mahu2021 (button) (small blind) folded on the Flop



PokerStars Hand #250458223614: Tournament #3753552565, $1.84+$0.16 USD Hold'em No Limit - Level III (20/40) - 2024/05/12 15:41:44 CET [2024/05/12 9:41:44 ET]
Table '3753552565 1' 3-max Seat #1 is the button
Seat 1: callcallcall001 (1000 in chips) 
Seat 2: Mahu2021 (500 in chips) 
callcallcall001: posts small blind 20
Mahu2021: posts big blind 40
*** HOLE CARDS ***
Dealt to Mahu2021 [2d 9h]
callcallcall001: calls 20
Mahu2021: checks 
*** FLOP *** [As 7h 5s]
Mahu2021: checks 
callcallcall001: bets 40
Mahu2021: folds 
Uncalled bet (40) returned to callcallcall001
callcallcall001 collected 80 from pot
callcallcall001: doesn't show hand 
*** SUMMARY ***
Total pot 80 | Rake 0 
Board [As 7h 5s]
Seat 1: callcallcall001 (button) (small blind) collected (80)
Seat 2: Mahu2021 (big blind) folded on the Flop



PokerStars Hand #250458225524: Tournament #3753552565, $1.84+$0.16 USD Hold'em No Limit - Level III (20/40) - 2024/05/12 15:41:52 CET [2024/05/12 9:41:52 ET]
Table '3753552565 1' 3-max Seat #2 is the button
Seat 1: callcallcall001 (1040 in chips) 
Seat 2: Mahu2021 (460 in chips) 
Mahu2021: posts small blind 20
callcallcall001: posts big blind 40
*** HOLE CARDS ***
Dealt to Mahu2021 [Jc 6d]
Mahu2021: raises 40 to 80
callcallcall001: raises 40 to 120
Mahu2021: calls 40
*** FLOP *** [Qs 4h 4c]
callcallcall001: bets 920 and is all-in
Mahu2021: folds 
Uncalled bet (920) returned to callcallcall001
callcallcall001 collected 240 from pot
callcallcall001: doesn't show hand 
*** SUMMARY ***
Total pot 240 | Rake 0 
Board [Qs 4h 4c]
Seat 1: callcallcall001 (big blind) collected (240)
Seat 2: Mahu2021 (button) (small blind) folded on the Flop



PokerStars Hand #250458227652: Tournament #3753552565, $1.84+$0.16 USD Hold'em No Limit - Level III (20/40) - 2024/05/12 15:42:02 CET [2024/05/12 9:42:02 ET]
Table '3753552565 1' 3-max Seat #1 is the button
Seat 1: callcallcall001 (1160 in chips) 
Seat 2: Mahu2021 (340 in chips) 
callcallcall001: posts small blind 20
Mahu2021: posts big blind 40
*** HOLE CARDS ***
Dealt to Mahu2021 [4h Th]
callcallcall001: raises 40 to 80
Mahu2021: folds 
Uncalled bet (40) returned to callcallcall001
callcallcall001 collected 80 from pot
callcallcall001: doesn't show hand 
*** SUMMARY ***
Total pot 80 | Rake 0 
Seat 1: callcallcall001 (button) (small blind) collected (80)
Seat 2: Mahu2021 (big blind) folded before Flop



PokerStars Hand #250458228834: Tournament #3753552565, $1.84+$0.16 USD Hold'em No Limit - Level III (20/40) - 2024/05/12 15:42:07 CET [2024/05/12 9:42:07 ET]
Table '3753552565 1' 3-max Seat #2 is the button
Seat 1: callcallcall001 (1200 in chips) 
Seat 2: Mahu2021 (300 in chips) 
Mahu2021: posts small blind 20
callcallcall001: posts big blind 40
*** HOLE CARDS ***
Dealt to Mahu2021 [9s Tc]
Mahu2021: calls 20
callcallcall001: raises 40 to 80
Mahu2021: calls 40
*** FLOP *** [6c 7d 8d]
callcallcall001: bets 80
Mahu2021: raises 80 to 160
callcallcall001: folds 
Uncalled bet (80) returned to Mahu2021
Mahu2021 collected 320 from pot
Mahu2021: doesn't show hand 
*** SUMMARY ***
Total pot 320 | Rake 0 
Board [6c 7d 8d]
Seat 1: callcallcall001 (big blind) folded on the Flop
Seat 2: Mahu2021 (button) (small blind) collected (320)



PokerStars Hand #250458231270: Tournament #3753552565, $1.84+$0.16 USD Hold'em No Limit - Level III (20/40) - 2024/05/12 15:42:18 CET [2024/05/12 9:42:18 ET]
Table '3753552565 1' 3-max Seat #1 is the button
Seat 1: callcallcall001 (1040 in chips) 
Seat 2: Mahu2021 (460 in chips) 
callcallcall001: posts small blind 20
Mahu2021: posts big blind 40
*** HOLE CARDS ***
Dealt to Mahu2021 [7d 3c]
callcallcall001: raises 40 to 80
Mahu2021: folds 
Uncalled bet (40) returned to callcallcall001
callcallcall001 collected 80 from pot
callcallcall001: doesn't show hand 
*** SUMMARY ***
Total pot 80 | Rake 0 
Seat 1: callcallcall001 (button) (small blind) collected (80)
Seat 2: Mahu2021 (big blind) folded before Flop



PokerStars Hand #250458232379: Tournament #3753552565, $1.84+$0.16 USD Hold'em No Limit - Level III (20/40) - 2024/05/12 15:42:23 CET [2024/05/12 9:42:23 ET]
Table '3753552565 1' 3-max Seat #2 is the button
Seat 1: callcallcall001 (1080 in chips) 
Seat 2: Mahu2021 (420 in chips) 
Mahu2021: posts small blind 20
callcallcall001: posts big blind 40
*** HOLE CARDS ***
Dealt to Mahu2021 [6c Kh]
Mahu2021: raises 40 to 80
callcallcall001: raises 40 to 120
Mahu2021: raises 300 to 420 and is all-in
callcallcall001: calls 300
*** FLOP *** [5c Jc 5h]
*** TURN *** [5c Jc 5h] [Ts]
*** RIVER *** [5c Jc 5h Ts] [8h]
*** SHOW DOWN ***
callcallcall001: shows [Th As] (two pair, Tens and Fives)
Mahu2021: shows [6c Kh] (a pair of Fives)
callcallcall001 collected 840 from pot
Mahu2021 finished the tournament in 2nd place
callcallcall001 wins the tournament and receives $4.00 - congratulations!
*** SUMMARY ***
Total pot 840 | Rake 0 
Board [5c Jc 5h Ts 8h]
Seat 1: callcallcall001 (big blind) showed [Th As] and won (840) with two pair, Tens and Fives
Seat 2: Mahu2021 (button) (small blind) showed [6c Kh] and lost with a pair of Fives



