PokerStars Zoom Hand #254436682503:  Hold'em No Limit ($0.05/$0.10) - 2025/01/18 21:17:38 CET [2025/01/18 15:17:38 ET]
Table 'Aludra' 6-max Seat #1 is the button
Seat 1: oyuka1988 ($12.58 in chips) 
Seat 2: aly_dinamo10 ($22.49 in chips) 
Seat 3: Mahu2021 ($10 in chips) 
Seat 4: rukorubi ($12.37 in chips) 
Seat 5: mitchy1777 ($10.55 in chips) 
Seat 6: Matzet1ka ($10 in chips) 
aly_dinamo10: posts small blind $0.05
Mahu2021: posts big blind $0.10
*** HOLE CARDS ***
Dealt to Mahu2021 [9h 7c]
rukorubi: folds 
mitchy1777: folds 
Matzet1ka: folds 
oyuka1988: folds 
aly_dinamo10: folds 
Uncalled bet ($0.05) returned to Mahu2021
Mahu2021 collected $0.10 from pot
Mahu2021: doesn't show hand 
*** SUMMARY ***
Total pot $0.10 | Rake $0 
Seat 1: oyuka1988 (button) folded before Flop (didn't bet)
Seat 2: aly_dinamo10 (small blind) folded before Flop
Seat 3: Mahu2021 (big blind) collected ($0.10)
Seat 4: rukorubi folded before Flop (didn't bet)
Seat 5: mitchy1777 folded before Flop (didn't bet)
Seat 6: Matzet1ka folded before Flop (didn't bet)



PokerStars Zoom Hand #254436685107:  Hold'em No Limit ($0.05/$0.10) - 2025/01/18 21:17:46 CET [2025/01/18 15:17:46 ET]
Table 'Aludra' 6-max Seat #1 is the button
Seat 1: anderetsu ($15.14 in chips) 
Seat 2: Mahu2021 ($10.05 in chips) 
Seat 3: HUMANRAKER ($3.81 in chips) 
Seat 4: lolb0t ($10.02 in chips) 
Seat 5: tomiema ($8.07 in chips) 
Seat 6: Darwivan ($35.66 in chips) 
Mahu2021: posts small blind $0.05
HUMANRAKER: posts big blind $0.10
*** HOLE CARDS ***
Dealt to Mahu2021 [8d Qs]
lolb0t: folds 
tomiema: folds 
Darwivan: folds 
anderetsu: folds 
Mahu2021: folds 
Uncalled bet ($0.05) returned to HUMANRAKER
HUMANRAKER collected $0.10 from pot
HUMANRAKER: doesn't show hand 
*** SUMMARY ***
Total pot $0.10 | Rake $0 
Seat 1: anderetsu (button) folded before Flop (didn't bet)
Seat 2: Mahu2021 (small blind) folded before Flop
Seat 3: HUMANRAKER (big blind) collected ($0.10)
Seat 4: lolb0t folded before Flop (didn't bet)
Seat 5: tomiema folded before Flop (didn't bet)
Seat 6: Darwivan folded before Flop (didn't bet)



PokerStars Zoom Hand #254436686349:  Hold'em No Limit ($0.05/$0.10) - 2025/01/18 21:17:50 CET [2025/01/18 15:17:50 ET]
Table 'Aludra' 6-max Seat #1 is the button
Seat 1: Mahu2021 ($10 in chips) 
Seat 2: anderetsu ($18.31 in chips) 
Seat 3: PNSalgado ($37.13 in chips) 
Seat 4: BitencourtM2 ($10 in chips) 
Seat 5: SassyTSass99 ($17.22 in chips) 
Seat 6: DGSHEP ($9.61 in chips) 
anderetsu: posts small blind $0.05
PNSalgado: posts big blind $0.10
*** HOLE CARDS ***
Dealt to Mahu2021 [Qh 5h]
BitencourtM2: folds 
SassyTSass99: folds 
DGSHEP: folds 
Mahu2021: raises $0.20 to $0.30
anderetsu: folds 
PNSalgado: folds 
Uncalled bet ($0.20) returned to Mahu2021
Mahu2021 collected $0.25 from pot
Mahu2021: doesn't show hand 
*** SUMMARY ***
Total pot $0.25 | Rake $0 
Seat 1: Mahu2021 (button) collected ($0.25)
Seat 2: anderetsu (small blind) folded before Flop
Seat 3: PNSalgado (big blind) folded before Flop
Seat 4: BitencourtM2 folded before Flop (didn't bet)
Seat 5: SassyTSass99 folded before Flop (didn't bet)
Seat 6: DGSHEP folded before Flop (didn't bet)



PokerStars Zoom Hand #254436689841:  Hold'em No Limit ($0.05/$0.10) - 2025/01/18 21:18:02 CET [2025/01/18 15:18:02 ET]
Table 'Aludra' 6-max Seat #1 is the button
Seat 1: bruehler ($9.55 in chips) 
Seat 2: burley180 ($11.49 in chips) 
Seat 3: Sick7Duece ($17.37 in chips) 
Seat 4: Stephan61 ($8.31 in chips) 
Seat 5: Mahu2021 ($10.15 in chips) 
Seat 6: anderetsu ($18.26 in chips) 
burley180: posts small blind $0.05
Sick7Duece: posts big blind $0.10
*** HOLE CARDS ***
Dealt to Mahu2021 [Kc 5h]
Stephan61: folds 
Mahu2021: folds 
anderetsu: folds 
bruehler: folds 
burley180: raises $0.20 to $0.30
Sick7Duece: folds 
Uncalled bet ($0.20) returned to burley180
burley180 collected $0.20 from pot
burley180: doesn't show hand 
*** SUMMARY ***
Total pot $0.20 | Rake $0 
Seat 1: bruehler (button) folded before Flop (didn't bet)
Seat 2: burley180 (small blind) collected ($0.20)
Seat 3: Sick7Duece (big blind) folded before Flop
Seat 4: Stephan61 folded before Flop (didn't bet)
Seat 5: Mahu2021 folded before Flop (didn't bet)
Seat 6: anderetsu folded before Flop (didn't bet)



PokerStars Zoom Hand #254436691433:  Hold'em No Limit ($0.05/$0.10) - 2025/01/18 21:18:07 CET [2025/01/18 15:18:07 ET]
Table 'Aludra' 6-max Seat #1 is the button
Seat 1: silentshowdown ($10.05 in chips) 
Seat 2: Schnuffler ($26.36 in chips) 
Seat 3: R4FuN.II ($11.28 in chips) 
Seat 4: tomiema ($7.97 in chips) 
Seat 5: merc2904 ($10.52 in chips) 
Seat 6: Mahu2021 ($10.15 in chips) 
Schnuffler: posts small blind $0.05
R4FuN.II: posts big blind $0.10
*** HOLE CARDS ***
Dealt to Mahu2021 [7c 6c]
tomiema: folds 
merc2904: folds 
Mahu2021: raises $0.14 to $0.24
silentshowdown: folds 
Schnuffler: folds 
R4FuN.II: folds 
Uncalled bet ($0.14) returned to Mahu2021
Mahu2021 collected $0.25 from pot
Mahu2021: doesn't show hand 
*** SUMMARY ***
Total pot $0.25 | Rake $0 
Seat 1: silentshowdown (button) folded before Flop (didn't bet)
Seat 2: Schnuffler (small blind) folded before Flop
Seat 3: R4FuN.II (big blind) folded before Flop
Seat 4: tomiema folded before Flop (didn't bet)
Seat 5: merc2904 folded before Flop (didn't bet)
Seat 6: Mahu2021 collected ($0.25)



PokerStars Zoom Hand #254436696850:  Hold'em No Limit ($0.05/$0.10) - 2025/01/18 21:18:23 CET [2025/01/18 15:18:23 ET]
Table 'Aludra' 6-max Seat #1 is the button
Seat 1: oyuka1988 ($12.71 in chips) 
Seat 2: aly_dinamo10 ($21.14 in chips) 
Seat 3: juan19872323 ($9.34 in chips) 
Seat 4: Schnuffler ($26.31 in chips) 
Seat 5: Yogui_jos ($16.79 in chips) 
Seat 6: Mahu2021 ($10.30 in chips) 
aly_dinamo10: posts small blind $0.05
juan19872323: posts big blind $0.10
*** HOLE CARDS ***
Dealt to Mahu2021 [5d Ks]
Schnuffler: raises $0.15 to $0.25
Yogui_jos: folds 
Mahu2021: folds 
oyuka1988: folds 
aly_dinamo10: folds 
juan19872323: folds 
Uncalled bet ($0.15) returned to Schnuffler
Schnuffler collected $0.25 from pot
Schnuffler: doesn't show hand 
*** SUMMARY ***
Total pot $0.25 | Rake $0 
Seat 1: oyuka1988 (button) folded before Flop (didn't bet)
Seat 2: aly_dinamo10 (small blind) folded before Flop
Seat 3: juan19872323 (big blind) folded before Flop
Seat 4: Schnuffler collected ($0.25)
Seat 5: Yogui_jos folded before Flop (didn't bet)
Seat 6: Mahu2021 folded before Flop (didn't bet)



PokerStars Zoom Hand #254436698079:  Hold'em No Limit ($0.05/$0.10) - 2025/01/18 21:18:27 CET [2025/01/18 15:18:27 ET]
Table 'Aludra' 6-max Seat #1 is the button
Seat 1: Maxim_Otto13 ($17.77 in chips) 
Seat 2: dreexxar ($11.88 in chips) 
Seat 3: Mahu2021 ($10.30 in chips) 
Seat 4: Sick7Duece ($17.27 in chips) 
Seat 5: D.shadoww ($11.03 in chips) 
Seat 6: PNSalgado ($36.93 in chips) 
dreexxar: posts small blind $0.05
Mahu2021: posts big blind $0.10
*** HOLE CARDS ***
Dealt to Mahu2021 [6h Jh]
Sick7Duece: raises $0.10 to $0.20
D.shadoww: calls $0.20
PNSalgado: calls $0.20
Maxim_Otto13: folds 
dreexxar: folds 
Mahu2021: calls $0.10
*** FLOP *** [Qs 7c Th]
Mahu2021: checks 
Sick7Duece: checks 
D.shadoww: checks 
PNSalgado: checks 
*** TURN *** [Qs 7c Th] [Ad]
Mahu2021: checks 
Sick7Duece: bets $0.61
D.shadoww: folds 
PNSalgado: folds 
Mahu2021: folds 
Uncalled bet ($0.61) returned to Sick7Duece
Sick7Duece collected $0.81 from pot
Sick7Duece: doesn't show hand 
*** SUMMARY ***
Total pot $0.85 | Rake $0.04 
Board [Qs 7c Th Ad]
Seat 1: Maxim_Otto13 (button) folded before Flop (didn't bet)
Seat 2: dreexxar (small blind) folded before Flop
Seat 3: Mahu2021 (big blind) folded on the Turn
Seat 4: Sick7Duece collected ($0.81)
Seat 5: D.shadoww folded on the Turn
Seat 6: PNSalgado folded on the Turn



PokerStars Zoom Hand #254436707236:  Hold'em No Limit ($0.05/$0.10) - 2025/01/18 21:18:56 CET [2025/01/18 15:18:56 ET]
Table 'Aludra' 6-max Seat #1 is the button
Seat 1: foili ($16.43 in chips) 
Seat 2: Mahu2021 ($10.10 in chips) 
Seat 3: 20guette ($10.15 in chips) 
Seat 4: aly_dinamo10 ($20.99 in chips) 
Seat 5: Malwo1 ($18.33 in chips) 
Seat 6: PNSalgado ($10.20 in chips) 
Mahu2021: posts small blind $0.05
20guette: posts big blind $0.10
*** HOLE CARDS ***
Dealt to Mahu2021 [3d Ts]
aly_dinamo10: folds 
Malwo1: folds 
PNSalgado: folds 
foili: raises $0.13 to $0.23
Mahu2021: folds 
20guette: folds 
Uncalled bet ($0.13) returned to foili
foili collected $0.25 from pot
foili: doesn't show hand 
*** SUMMARY ***
Total pot $0.25 | Rake $0 
Seat 1: foili (button) collected ($0.25)
Seat 2: Mahu2021 (small blind) folded before Flop
Seat 3: 20guette (big blind) folded before Flop
Seat 4: aly_dinamo10 folded before Flop (didn't bet)
Seat 5: Malwo1 folded before Flop (didn't bet)
Seat 6: PNSalgado folded before Flop (didn't bet)



PokerStars Zoom Hand #254436708515:  Hold'em No Limit ($0.05/$0.10) - 2025/01/18 21:19:01 CET [2025/01/18 15:19:01 ET]
Table 'Aludra' 6-max Seat #1 is the button
Seat 1: lolb0t ($20.53 in chips) 
Seat 2: Malwo1 ($18.33 in chips) 
Seat 3: PNSalgado ($36.73 in chips) 
Seat 4: BitencourtM2 ($10 in chips) 
Seat 5: Mahu2021 ($10.05 in chips) 
Seat 6: andrejklp115 ($3.49 in chips) 
Malwo1: posts small blind $0.05
PNSalgado: posts big blind $0.10
*** HOLE CARDS ***
Dealt to Mahu2021 [8c 3d]
BitencourtM2: folds 
Mahu2021: folds 
andrejklp115: raises $0.20 to $0.30
lolb0t: folds 
Malwo1: folds 
PNSalgado: folds 
Uncalled bet ($0.20) returned to andrejklp115
andrejklp115 collected $0.25 from pot
andrejklp115: doesn't show hand 
*** SUMMARY ***
Total pot $0.25 | Rake $0 
Seat 1: lolb0t (button) folded before Flop (didn't bet)
Seat 2: Malwo1 (small blind) folded before Flop
Seat 3: PNSalgado (big blind) folded before Flop
Seat 4: BitencourtM2 folded before Flop (didn't bet)
Seat 5: Mahu2021 folded before Flop (didn't bet)
Seat 6: andrejklp115 collected ($0.25)



PokerStars Zoom Hand #254436712207:  Hold'em No Limit ($0.05/$0.10) - 2025/01/18 21:19:12 CET [2025/01/18 15:19:12 ET]
Table 'Aludra' 6-max Seat #1 is the button
Seat 1: oyuka1988 ($11.64 in chips) 
Seat 2: BReDnaya89 ($11.56 in chips) 
Seat 3: Mahu2021 ($10.05 in chips) 
Seat 4: TilTheEnd982 ($10 in chips) 
Seat 5: Thegraceofgod ($11.23 in chips) 
Seat 6: Bmillz11 ($10 in chips) 
BReDnaya89: posts small blind $0.05
Mahu2021: posts big blind $0.10
*** HOLE CARDS ***
Dealt to Mahu2021 [7h Qh]
TilTheEnd982: folds 
Thegraceofgod: folds 
Bmillz11: folds 
oyuka1988: folds 
BReDnaya89: folds 
Uncalled bet ($0.05) returned to Mahu2021
Mahu2021 collected $0.10 from pot
Mahu2021: doesn't show hand 
*** SUMMARY ***
Total pot $0.10 | Rake $0 
Seat 1: oyuka1988 (button) folded before Flop (didn't bet)
Seat 2: BReDnaya89 (small blind) folded before Flop
Seat 3: Mahu2021 (big blind) collected ($0.10)
Seat 4: TilTheEnd982 folded before Flop (didn't bet)
Seat 5: Thegraceofgod folded before Flop (didn't bet)
Seat 6: Bmillz11 folded before Flop (didn't bet)



PokerStars Zoom Hand #254436705705:  Hold'em No Limit ($0.05/$0.10) - 2025/01/18 21:18:51 CET [2025/01/18 15:18:51 ET]
Table 'Aludra' 6-max Seat #1 is the button
Seat 1: Mahu2021 ($10.10 in chips) 
Seat 2: Ready2Rollu ($10.07 in chips) 
Seat 3: mitchy1777 ($29.87 in chips) 
Seat 4: BitencourtM2 ($10.21 in chips) 
Seat 5: anderetsu ($24.93 in chips) 
Seat 6: Fabidro383 ($5.75 in chips) 
Ready2Rollu: posts small blind $0.05
mitchy1777: posts big blind $0.10
*** HOLE CARDS ***
Dealt to Mahu2021 [9s Td]
BitencourtM2: folds 
anderetsu: raises $0.10 to $0.20
Fabidro383: folds 
Mahu2021: folds 
Ready2Rollu: folds 
mitchy1777: calls $0.10
*** FLOP *** [Jd 7c Th]
mitchy1777: checks 
anderetsu: bets $0.14
mitchy1777: calls $0.14
*** TURN *** [Jd 7c Th] [4h]
mitchy1777: checks 
anderetsu: checks 
*** RIVER *** [Jd 7c Th 4h] [3d]
mitchy1777: checks 
anderetsu: checks 
*** SHOW DOWN ***
mitchy1777: shows [As Qd] (high card Ace)
anderetsu: mucks hand 
mitchy1777 collected $0.70 from pot
*** SUMMARY ***
Total pot $0.73 | Rake $0.03 
Board [Jd 7c Th 4h 3d]
Seat 1: Mahu2021 (button) folded before Flop (didn't bet)
Seat 2: Ready2Rollu (small blind) folded before Flop
Seat 3: mitchy1777 (big blind) showed [As Qd] and won ($0.70) with high card Ace
Seat 4: BitencourtM2 folded before Flop (didn't bet)
Seat 5: anderetsu mucked [8c Kc]
Seat 6: Fabidro383 folded before Flop (didn't bet)



PokerStars Zoom Hand #254436711306:  Hold'em No Limit ($0.05/$0.10) - 2025/01/18 21:19:09 CET [2025/01/18 15:19:09 ET]
Table 'Aludra' 6-max Seat #1 is the button
Seat 1: PNSalgado ($36.63 in chips) 
Seat 2: mitchy1777 ($10.30 in chips) 
Seat 3: SgtoAntrx ($1.27 in chips) 
Seat 4: 20guette ($10.05 in chips) 
Seat 5: gini777gini ($10.15 in chips) 
Seat 6: Mahu2021 ($10.05 in chips) 
mitchy1777: posts small blind $0.05
SgtoAntrx: posts big blind $0.10
*** HOLE CARDS ***
Dealt to Mahu2021 [3c 9h]
20guette: raises $0.20 to $0.30
gini777gini: folds 
Mahu2021: folds 
PNSalgado: folds 
mitchy1777: folds 
SgtoAntrx: calls $0.20
*** FLOP *** [Js 7s Qd]
SgtoAntrx: bets $0.97 and is all-in
20guette: calls $0.97
*** TURN *** [Js 7s Qd] [Qh]
*** RIVER *** [Js 7s Qd Qh] [7d]
*** SHOW DOWN ***
SgtoAntrx: shows [8s Qc] (a full house, Queens full of Sevens)
20guette: shows [Th Ad] (two pair, Queens and Sevens)
SgtoAntrx collected $2.47 from pot
*** SUMMARY ***
Total pot $2.59 | Rake $0.12 
Board [Js 7s Qd Qh 7d]
Seat 1: PNSalgado (button) folded before Flop (didn't bet)
Seat 2: mitchy1777 (small blind) folded before Flop
Seat 3: SgtoAntrx (big blind) showed [8s Qc] and won ($2.47) with a full house, Queens full of Sevens
Seat 4: 20guette showed [Th Ad] and lost with two pair, Queens and Sevens
Seat 5: gini777gini folded before Flop (didn't bet)
Seat 6: Mahu2021 folded before Flop (didn't bet)



PokerStars Zoom Hand #254436716782:  Hold'em No Limit ($0.05/$0.10) - 2025/01/18 21:19:27 CET [2025/01/18 15:19:27 ET]
Table 'Aludra' 6-max Seat #1 is the button
Seat 1: Grufva ($12.28 in chips) 
Seat 2: Mahu2021 ($10.10 in chips) 
Seat 3: reiter1001 ($5.10 in chips) 
Seat 4: R4FuN.II ($11.43 in chips) 
Seat 5: merc2904 ($12.29 in chips) 
Seat 6: Aces10389 ($7.48 in chips) 
Mahu2021: posts small blind $0.05
reiter1001: posts big blind $0.10
*** HOLE CARDS ***
Dealt to Mahu2021 [As 8s]
R4FuN.II: folds 
merc2904: folds 
Aces10389: calls $0.10
Grufva: folds 
Mahu2021: calls $0.05
reiter1001: checks 
*** FLOP *** [Jh 2h Jd]
Mahu2021: checks 
reiter1001: checks 
Aces10389: checks 
*** TURN *** [Jh 2h Jd] [5s]
Mahu2021: checks 
reiter1001: bets $0.10
Aces10389: folds 
Mahu2021: folds 
Uncalled bet ($0.10) returned to reiter1001
reiter1001 collected $0.29 from pot
reiter1001: doesn't show hand 
*** SUMMARY ***
Total pot $0.30 | Rake $0.01 
Board [Jh 2h Jd 5s]
Seat 1: Grufva (button) folded before Flop (didn't bet)
Seat 2: Mahu2021 (small blind) folded on the Turn
Seat 3: reiter1001 (big blind) collected ($0.29)
Seat 4: R4FuN.II folded before Flop (didn't bet)
Seat 5: merc2904 folded before Flop (didn't bet)
Seat 6: Aces10389 folded on the Turn



PokerStars Zoom Hand #254436710193:  Hold'em No Limit ($0.05/$0.10) - 2025/01/18 21:19:06 CET [2025/01/18 15:19:06 ET]
Table 'Aludra' 6-max Seat #1 is the button
Seat 1: silentshowdown ($10 in chips) 
Seat 2: carolientje0 ($10.17 in chips) 
Seat 3: Spew82 ($6.94 in chips) 
Seat 4: Mahu2021 ($10.05 in chips) 
Seat 5: 00O-2Z ($20.20 in chips) 
Seat 6: 42Oedipius ($14.33 in chips) 
carolientje0: posts small blind $0.05
Spew82: posts big blind $0.10
*** HOLE CARDS ***
Dealt to Mahu2021 [Kc 7s]
Mahu2021: folds 
00O-2Z: raises $0.15 to $0.25
42Oedipius: folds 
silentshowdown: folds 
carolientje0: calls $0.20
Spew82: calls $0.15
*** FLOP *** [6s Jh 8s]
carolientje0: checks 
Spew82: bets $0.30
00O-2Z: calls $0.30
carolientje0: calls $0.30
*** TURN *** [6s Jh 8s] [6c]
carolientje0: checks 
Spew82: checks 
00O-2Z: checks 
*** RIVER *** [6s Jh 8s 6c] [5d]
carolientje0: checks 
Spew82: checks 
00O-2Z: checks 
*** SHOW DOWN ***
carolientje0: shows [Ah Ts] (a pair of Sixes)
Spew82: mucks hand 
00O-2Z: mucks hand 
carolientje0 collected $1.58 from pot
*** SUMMARY ***
Total pot $1.65 | Rake $0.07 
Board [6s Jh 8s 6c 5d]
Seat 1: silentshowdown (button) folded before Flop (didn't bet)
Seat 2: carolientje0 (small blind) showed [Ah Ts] and won ($1.58) with a pair of Sixes
Seat 3: Spew82 (big blind) mucked [7h Kh]
Seat 4: Mahu2021 folded before Flop (didn't bet)
Seat 5: 00O-2Z mucked [9s Qs]
Seat 6: 42Oedipius folded before Flop (didn't bet)



PokerStars Zoom Hand #254436722370:  Hold'em No Limit ($0.05/$0.10) - 2025/01/18 21:19:45 CET [2025/01/18 15:19:45 ET]
Table 'Aludra' 6-max Seat #1 is the button
Seat 1: Mahu2021 ($10 in chips) 
Seat 2: SgtoAntrx ($2.47 in chips) 
Seat 3: Acefelix ($18.32 in chips) 
Seat 4: Aces10389 ($7.38 in chips) 
Seat 5: rodrig885751 ($8.18 in chips) 
Seat 6: PNSalgado ($36.58 in chips) 
SgtoAntrx: posts small blind $0.05
Acefelix: posts big blind $0.10
*** HOLE CARDS ***
Dealt to Mahu2021 [6h 9d]
Aces10389: calls $0.10
rodrig885751: folds 
PNSalgado: folds 
Mahu2021: folds 
SgtoAntrx: calls $0.05
Acefelix: checks 
*** FLOP *** [Kc Jd 2h]
SgtoAntrx: bets $0.29
Acefelix: folds 
Aces10389: calls $0.29
*** TURN *** [Kc Jd 2h] [8c]
SgtoAntrx: bets $0.84
Aces10389: calls $0.84
*** RIVER *** [Kc Jd 2h 8c] [3h]
SgtoAntrx: checks 
Aces10389: checks 
*** SHOW DOWN ***
SgtoAntrx: shows [7h Kh] (a pair of Kings)
Aces10389: shows [7s Ks] (a pair of Kings)
SgtoAntrx collected $1.22 from pot
Aces10389 collected $1.22 from pot
*** SUMMARY ***
Total pot $2.56 | Rake $0.12 
Board [Kc Jd 2h 8c 3h]
Seat 1: Mahu2021 (button) folded before Flop (didn't bet)
Seat 2: SgtoAntrx (small blind) showed [7h Kh] and won ($1.22) with a pair of Kings
Seat 3: Acefelix (big blind) folded on the Flop
Seat 4: Aces10389 showed [7s Ks] and won ($1.22) with a pair of Kings
Seat 5: rodrig885751 folded before Flop (didn't bet)
Seat 6: PNSalgado folded before Flop (didn't bet)



PokerStars Zoom Hand #254436724411:  Hold'em No Limit ($0.05/$0.10) - 2025/01/18 21:19:51 CET [2025/01/18 15:19:51 ET]
Table 'Aludra' 6-max Seat #1 is the button
Seat 1: Matzet1ka ($12.21 in chips) 
Seat 2: Malwo1 ($18.48 in chips) 
Seat 3: Gizza13 ($9.02 in chips) 
Seat 4: Mahu2021 ($10 in chips) 
Seat 5: D.shadoww ($50.77 in chips) 
Seat 6: Hjalmen ($10 in chips) 
Malwo1: posts small blind $0.05
Gizza13: posts big blind $0.10
*** HOLE CARDS ***
Dealt to Mahu2021 [Kh Ah]
Mahu2021: raises $0.14 to $0.24
D.shadoww: raises $0.46 to $0.70
Hjalmen: folds 
Matzet1ka: folds 
Malwo1: folds 
Gizza13: folds 
Mahu2021: calls $0.46
*** FLOP *** [5c Qc 8s]
Mahu2021: checks 
D.shadoww: bets $0.50
Mahu2021: calls $0.50
*** TURN *** [5c Qc 8s] [5s]
Mahu2021: checks 
D.shadoww: checks 
*** RIVER *** [5c Qc 8s 5s] [Jd]
Mahu2021: checks 
D.shadoww: checks 
*** SHOW DOWN ***
Mahu2021: shows [Kh Ah] (a pair of Fives)
D.shadoww: shows [Tc Th] (two pair, Tens and Fives)
D.shadoww collected $2.44 from pot
*** SUMMARY ***
Total pot $2.55 | Rake $0.11 
Board [5c Qc 8s 5s Jd]
Seat 1: Matzet1ka (button) folded before Flop (didn't bet)
Seat 2: Malwo1 (small blind) folded before Flop
Seat 3: Gizza13 (big blind) folded before Flop
Seat 4: Mahu2021 showed [Kh Ah] and lost with a pair of Fives
Seat 5: D.shadoww showed [Tc Th] and won ($2.44) with two pair, Tens and Fives
Seat 6: Hjalmen folded before Flop (didn't bet)



PokerStars Zoom Hand #254436737447:  Hold'em No Limit ($0.05/$0.10) - 2025/01/18 21:20:33 CET [2025/01/18 15:20:33 ET]
Table 'Aludra' 6-max Seat #1 is the button
Seat 1: D.shadoww ($52.01 in chips) 
Seat 2: Darwivan ($38.05 in chips) 
Seat 3: Mahu2021 ($8.80 in chips) 
Seat 4: ConSuerte73 ($9.95 in chips) 
Seat 5: Jajje7 ($23.24 in chips) 
Seat 6: Schorle884 ($10.28 in chips) 
Darwivan: posts small blind $0.05
Mahu2021: posts big blind $0.10
*** HOLE CARDS ***
Dealt to Mahu2021 [2c Qs]
ConSuerte73: folds 
Jajje7: folds 
Schorle884: folds 
D.shadoww: raises $0.14 to $0.24
Darwivan: folds 
Mahu2021: folds 
Uncalled bet ($0.14) returned to D.shadoww
D.shadoww collected $0.25 from pot
D.shadoww: doesn't show hand 
*** SUMMARY ***
Total pot $0.25 | Rake $0 
Seat 1: D.shadoww (button) collected ($0.25)
Seat 2: Darwivan (small blind) folded before Flop
Seat 3: Mahu2021 (big blind) folded before Flop
Seat 4: ConSuerte73 folded before Flop (didn't bet)
Seat 5: Jajje7 folded before Flop (didn't bet)
Seat 6: Schorle884 folded before Flop (didn't bet)



PokerStars Zoom Hand #254436743901:  Hold'em No Limit ($0.05/$0.10) - 2025/01/18 21:20:53 CET [2025/01/18 15:20:53 ET]
Table 'Aludra' 6-max Seat #1 is the button
Seat 1: Mahu2021 ($8.70 in chips) 
Seat 2: BitencourtM2 ($10.05 in chips) 
Seat 3: kmnfst ($16.50 in chips) 
Seat 4: reiter1001 ($5.49 in chips) 
Seat 5: mundurjon ($11.35 in chips) 
Seat 6: PocketDebs ($8.26 in chips) 
BitencourtM2: posts small blind $0.05
kmnfst: posts big blind $0.10
*** HOLE CARDS ***
Dealt to Mahu2021 [2h Ac]
reiter1001: folds 
mundurjon: folds 
PocketDebs: folds 
Mahu2021: folds 
BitencourtM2: folds 
Uncalled bet ($0.05) returned to kmnfst
kmnfst collected $0.10 from pot
kmnfst: doesn't show hand 
*** SUMMARY ***
Total pot $0.10 | Rake $0 
Seat 1: Mahu2021 (button) folded before Flop (didn't bet)
Seat 2: BitencourtM2 (small blind) folded before Flop
Seat 3: kmnfst (big blind) collected ($0.10)
Seat 4: reiter1001 folded before Flop (didn't bet)
Seat 5: mundurjon folded before Flop (didn't bet)
Seat 6: PocketDebs folded before Flop (didn't bet)



PokerStars Zoom Hand #254436723608:  Hold'em No Limit ($0.05/$0.10) - 2025/01/18 21:19:48 CET [2025/01/18 15:19:48 ET]
Table 'Aludra' 6-max Seat #1 is the button
Seat 1: foili ($17.66 in chips) 
Seat 2: burley180 ($11.53 in chips) 
Seat 3: oyuka1988 ($12.56 in chips) 
Seat 4: 42Oedipius ($21.51 in chips) 
Seat 5: Mahu2021 ($10 in chips) 
Seat 6: juan19872323 ($4.72 in chips) 
burley180: posts small blind $0.05
oyuka1988: posts big blind $0.10
*** HOLE CARDS ***
Dealt to Mahu2021 [Jd 9h]
42Oedipius: folds 
Mahu2021: folds 
juan19872323: folds 
foili: raises $0.13 to $0.23
burley180: calls $0.18
oyuka1988: folds 
*** FLOP *** [Qd 4h Kc]
burley180: checks 
foili: checks 
*** TURN *** [Qd 4h Kc] [As]
burley180: checks 
foili: checks 
*** RIVER *** [Qd 4h Kc As] [4c]
burley180: checks 
foili: bets $0.40
burley180: calls $0.40
*** SHOW DOWN ***
foili: shows [Ah 8s] (two pair, Aces and Fours)
burley180: mucks hand 
foili collected $1.30 from pot
*** SUMMARY ***
Total pot $1.36 | Rake $0.06 
Board [Qd 4h Kc As 4c]
Seat 1: foili (button) showed [Ah 8s] and won ($1.30) with two pair, Aces and Fours
Seat 2: burley180 (small blind) mucked [6s 6d]
Seat 3: oyuka1988 (big blind) folded before Flop
Seat 4: 42Oedipius folded before Flop (didn't bet)
Seat 5: Mahu2021 folded before Flop (didn't bet)
Seat 6: juan19872323 folded before Flop (didn't bet)



PokerStars Zoom Hand #254436746123:  Hold'em No Limit ($0.05/$0.10) - 2025/01/18 21:21:00 CET [2025/01/18 15:21:00 ET]
Table 'Aludra' 6-max Seat #1 is the button
Seat 1: Malwo1 ($19.24 in chips) 
Seat 2: Hjalmen ($10 in chips) 
Seat 3: Jajje7 ($23.19 in chips) 
Seat 4: Lady-Giegie ($16.34 in chips) 
Seat 5: PNSalgado ($11.60 in chips) 
Seat 6: Mahu2021 ($8.70 in chips) 
Hjalmen: posts small blind $0.05
Jajje7: posts big blind $0.10
*** HOLE CARDS ***
Dealt to Mahu2021 [7s 5d]
Lady-Giegie: folds 
PNSalgado: folds 
Mahu2021: folds 
Malwo1: raises $0.20 to $0.30
Hjalmen: folds 
Jajje7: folds 
Uncalled bet ($0.20) returned to Malwo1
Malwo1 collected $0.25 from pot
Malwo1: doesn't show hand 
*** SUMMARY ***
Total pot $0.25 | Rake $0 
Seat 1: Malwo1 (button) collected ($0.25)
Seat 2: Hjalmen (small blind) folded before Flop
Seat 3: Jajje7 (big blind) folded before Flop
Seat 4: Lady-Giegie folded before Flop (didn't bet)
Seat 5: PNSalgado folded before Flop (didn't bet)
Seat 6: Mahu2021 folded before Flop (didn't bet)



PokerStars Zoom Hand #254436747379:  Hold'em No Limit ($0.05/$0.10) - 2025/01/18 21:21:04 CET [2025/01/18 15:21:04 ET]
Table 'Aludra' 6-max Seat #1 is the button
Seat 1: ponkotsu_tanuki ($10 in chips) 
Seat 2: Mahu2021 ($8.70 in chips) 
Seat 3: BitencourtM2 ($10 in chips) 
Seat 4: lolb0t ($10.31 in chips) 
Seat 5: Jhanr ($10 in chips) 
Seat 6: D.shadoww ($10.67 in chips) 
Mahu2021: posts small blind $0.05
BitencourtM2: posts big blind $0.10
*** HOLE CARDS ***
Dealt to Mahu2021 [Kh 5c]
lolb0t: folds 
Jhanr: folds 
D.shadoww: folds 
ponkotsu_tanuki: raises $0.15 to $0.25
Mahu2021: folds 
BitencourtM2: folds 
Uncalled bet ($0.15) returned to ponkotsu_tanuki
ponkotsu_tanuki collected $0.25 from pot
ponkotsu_tanuki: doesn't show hand 
*** SUMMARY ***
Total pot $0.25 | Rake $0 
Seat 1: ponkotsu_tanuki (button) collected ($0.25)
Seat 2: Mahu2021 (small blind) folded before Flop
Seat 3: BitencourtM2 (big blind) folded before Flop
Seat 4: lolb0t folded before Flop (didn't bet)
Seat 5: Jhanr folded before Flop (didn't bet)
Seat 6: D.shadoww folded before Flop (didn't bet)



PokerStars Zoom Hand #254436748876:  Hold'em No Limit ($0.05/$0.10) - 2025/01/18 21:21:09 CET [2025/01/18 15:21:09 ET]
Table 'Aludra' 6-max Seat #1 is the button
Seat 1: Jhanr ($10 in chips) 
Seat 2: Grufva ($12.18 in chips) 
Seat 3: Lady-Giegie ($16.34 in chips) 
Seat 4: Bumbulbee_G ($19.24 in chips) 
Seat 5: Mahu2021 ($8.65 in chips) 
Seat 6: merc2904 ($10 in chips) 
Grufva: posts small blind $0.05
Lady-Giegie: posts big blind $0.10
*** HOLE CARDS ***
Dealt to Mahu2021 [3c Ts]
Bumbulbee_G: folds 
Mahu2021: folds 
merc2904: raises $0.15 to $0.25
Jhanr: raises $0.65 to $0.90
Grufva: folds 
Lady-Giegie: folds 
merc2904: calls $0.65
*** FLOP *** [Kd 5h 3h]
merc2904: checks 
Jhanr: bets $0.61
merc2904: calls $0.61
*** TURN *** [Kd 5h 3h] [8d]
merc2904: checks 
Jhanr: checks 
*** RIVER *** [Kd 5h 3h 8d] [4d]
merc2904: bets $1.50
Jhanr: calls $1.50
*** SHOW DOWN ***
merc2904: shows [As Ah] (a pair of Aces)
Jhanr: mucks hand 
merc2904 collected $5.82 from pot
*** SUMMARY ***
Total pot $6.17 | Rake $0.35 
Board [Kd 5h 3h 8d 4d]
Seat 1: Jhanr (button) mucked [9h 9c]
Seat 2: Grufva (small blind) folded before Flop
Seat 3: Lady-Giegie (big blind) folded before Flop
Seat 4: Bumbulbee_G folded before Flop (didn't bet)
Seat 5: Mahu2021 folded before Flop (didn't bet)
Seat 6: merc2904 showed [As Ah] and won ($5.82) with a pair of Aces



PokerStars Zoom Hand #254436750207:  Hold'em No Limit ($0.05/$0.10) - 2025/01/18 21:21:13 CET [2025/01/18 15:21:13 ET]
Table 'Aludra' 6-max Seat #1 is the button
Seat 1: juan19872323 ($4.57 in chips) 
Seat 2: läski mursu ($10 in chips) 
Seat 3: Thegraceofgod ($11.03 in chips) 
Seat 4: oyuka1988 ($10.55 in chips) 
Seat 5: Mq33I ($13.35 in chips) 
Seat 6: Mahu2021 ($8.65 in chips) 
läski mursu: posts small blind $0.05
Thegraceofgod: posts big blind $0.10
*** HOLE CARDS ***
Dealt to Mahu2021 [Jc Qs]
oyuka1988: folds 
Mq33I: raises $0.10 to $0.20
Mahu2021: calls $0.20
juan19872323: raises $0.50 to $0.70
läski mursu: folds 
Thegraceofgod: folds 
Mq33I: calls $0.50
Mahu2021: folds 
*** FLOP *** [6c Js 9s]
Mq33I: checks 
juan19872323: bets $0.84
Mq33I: calls $0.84
*** TURN *** [6c Js 9s] [9d]
Mq33I: checks 
juan19872323: bets $1.64
Mq33I: folds 
Uncalled bet ($1.64) returned to juan19872323
juan19872323 collected $3.28 from pot
juan19872323: doesn't show hand 
*** SUMMARY ***
Total pot $3.43 | Rake $0.15 
Board [6c Js 9s 9d]
Seat 1: juan19872323 (button) collected ($3.28)
Seat 2: läski mursu (small blind) folded before Flop
Seat 3: Thegraceofgod (big blind) folded before Flop
Seat 4: oyuka1988 folded before Flop (didn't bet)
Seat 5: Mq33I folded on the Turn
Seat 6: Mahu2021 folded before Flop



PokerStars Zoom Hand #254436755848:  Hold'em No Limit ($0.05/$0.10) - 2025/01/18 21:21:31 CET [2025/01/18 15:21:31 ET]
Table 'Aludra' 6-max Seat #1 is the button
Seat 1: lolb0t ($10.25 in chips) 
Seat 2: aintn0way ($24.52 in chips) 
Seat 3: Mahu2021 ($8.45 in chips) 
Seat 4: läski mursu ($12.75 in chips) 
Seat 5: mitchy1777 ($18.14 in chips) 
Seat 6: BReDnaya89 ($11.21 in chips) 
aintn0way: posts small blind $0.05
Mahu2021: posts big blind $0.10
*** HOLE CARDS ***
Dealt to Mahu2021 [7c Ac]
läski mursu: folds 
mitchy1777: raises $0.14 to $0.24
BReDnaya89: folds 
lolb0t: folds 
aintn0way: folds 
Mahu2021: calls $0.14
*** FLOP *** [2s 5s 5c]
Mahu2021: checks 
mitchy1777: checks 
*** TURN *** [2s 5s 5c] [Ad]
Mahu2021: checks 
mitchy1777: bets $0.20
Mahu2021: calls $0.20
*** RIVER *** [2s 5s 5c Ad] [Td]
Mahu2021: checks 
mitchy1777: bets $0.60
Mahu2021: raises $0.70 to $1.30
mitchy1777: calls $0.70
*** SHOW DOWN ***
Mahu2021: shows [7c Ac] (two pair, Aces and Fives)
mitchy1777: shows [Ks As] (two pair, Aces and Fives - King kicker)
mitchy1777 collected $3.37 from pot
*** SUMMARY ***
Total pot $3.53 | Rake $0.16 
Board [2s 5s 5c Ad Td]
Seat 1: lolb0t (button) folded before Flop (didn't bet)
Seat 2: aintn0way (small blind) folded before Flop
Seat 3: Mahu2021 (big blind) showed [7c Ac] and lost with two pair, Aces and Fives
Seat 4: läski mursu folded before Flop (didn't bet)
Seat 5: mitchy1777 showed [Ks As] and won ($3.37) with two pair, Aces and Fives
Seat 6: BReDnaya89 folded before Flop (didn't bet)



PokerStars Zoom Hand #254436769577:  Hold'em No Limit ($0.05/$0.10) - 2025/01/18 21:22:15 CET [2025/01/18 15:22:15 ET]
Table 'Aludra' 6-max Seat #1 is the button
Seat 1: Mahu2021 ($6.71 in chips) 
Seat 2: tomiema ($8.30 in chips) 
Seat 3: embii ($16.34 in chips) 
Seat 4: mitchy1777 ($11.33 in chips) 
Seat 5: IBRODIAN-ACER ($10 in chips) 
Seat 6: Hito999 ($6.56 in chips) 
tomiema: posts small blind $0.05
embii: posts big blind $0.10
*** HOLE CARDS ***
Dealt to Mahu2021 [8s 6s]
mitchy1777: folds 
IBRODIAN-ACER: folds 
Hito999: raises $0.26 to $0.36
Mahu2021: folds 
tomiema: folds 
embii: folds 
Uncalled bet ($0.26) returned to Hito999
Hito999 collected $0.25 from pot
Hito999: doesn't show hand 
*** SUMMARY ***
Total pot $0.25 | Rake $0 
Seat 1: Mahu2021 (button) folded before Flop (didn't bet)
Seat 2: tomiema (small blind) folded before Flop
Seat 3: embii (big blind) folded before Flop
Seat 4: mitchy1777 folded before Flop (didn't bet)
Seat 5: IBRODIAN-ACER folded before Flop (didn't bet)
Seat 6: Hito999 collected ($0.25)



PokerStars Zoom Hand #254436773311:  Hold'em No Limit ($0.05/$0.10) - 2025/01/18 21:22:27 CET [2025/01/18 15:22:27 ET]
Table 'Aludra' 6-max Seat #1 is the button
Seat 1: ponkotsu_tanuki ($10 in chips) 
Seat 2: Mahu2021 ($6.71 in chips) 
Seat 3: lolb0t ($10.10 in chips) 
Seat 4: SeldomSoft ($9.35 in chips) 
Seat 5: Hjalmen ($10.63 in chips) 
Seat 6: R4FuN.II ($11.61 in chips) 
Mahu2021: posts small blind $0.05
lolb0t: posts big blind $0.10
*** HOLE CARDS ***
Dealt to Mahu2021 [4s Ks]
SeldomSoft: raises $0.10 to $0.20
Hjalmen: folds 
R4FuN.II: folds 
ponkotsu_tanuki: folds 
Mahu2021: calls $0.15
lolb0t: folds 
*** FLOP *** [As Kd 2s]
Mahu2021: checks 
SeldomSoft: bets $0.24
Mahu2021: calls $0.24
*** TURN *** [As Kd 2s] [5c]
Mahu2021: checks 
SeldomSoft: checks 
*** RIVER *** [As Kd 2s 5c] [6c]
Mahu2021: bets $0.94
SeldomSoft: folds 
Uncalled bet ($0.94) returned to Mahu2021
Mahu2021 collected $0.94 from pot
Mahu2021: doesn't show hand 
*** SUMMARY ***
Total pot $0.98 | Rake $0.04 
Board [As Kd 2s 5c 6c]
Seat 1: ponkotsu_tanuki (button) folded before Flop (didn't bet)
Seat 2: Mahu2021 (small blind) collected ($0.94)
Seat 3: lolb0t (big blind) folded before Flop
Seat 4: SeldomSoft folded on the River
Seat 5: Hjalmen folded before Flop (didn't bet)
Seat 6: R4FuN.II folded before Flop (didn't bet)



PokerStars Zoom Hand #254436767526:  Hold'em No Limit ($0.05/$0.10) - 2025/01/18 21:22:09 CET [2025/01/18 15:22:09 ET]
Table 'Aludra' 6-max Seat #1 is the button
Seat 1: merc2904 ($12.76 in chips) 
Seat 2: Acefelix ($10 in chips) 
Seat 3: mitchy1777 ($10 in chips) 
Seat 4: foili ($14.06 in chips) 
Seat 5: Mahu2021 ($6.71 in chips) 
Seat 6: Yogui_jos ($10 in chips) 
Acefelix: posts small blind $0.05
mitchy1777: posts big blind $0.10
*** HOLE CARDS ***
Dealt to Mahu2021 [9d Ks]
foili: raises $0.13 to $0.23
Mahu2021: folds 
Yogui_jos: raises $0.52 to $0.75
merc2904: folds 
Acefelix: folds 
mitchy1777: folds 
foili: calls $0.52
*** FLOP *** [3c 4d 2h]
foili: checks 
Yogui_jos: checks 
*** TURN *** [3c 4d 2h] [2c]
foili: checks 
Yogui_jos: checks 
*** RIVER *** [3c 4d 2h 2c] [3s]
foili: checks 
Yogui_jos: checks 
*** SHOW DOWN ***
foili: shows [Ah Th] (two pair, Threes and Deuces)
Yogui_jos: shows [Qh Ac] (two pair, Threes and Deuces)
foili collected $0.79 from pot
Yogui_jos collected $0.79 from pot
*** SUMMARY ***
Total pot $1.65 | Rake $0.07 
Board [3c 4d 2h 2c 3s]
Seat 1: merc2904 (button) folded before Flop (didn't bet)
Seat 2: Acefelix (small blind) folded before Flop
Seat 3: mitchy1777 (big blind) folded before Flop
Seat 4: foili showed [Ah Th] and won ($0.79) with two pair, Threes and Deuces
Seat 5: Mahu2021 folded before Flop (didn't bet)
Seat 6: Yogui_jos showed [Qh Ac] and won ($0.79) with two pair, Threes and Deuces



PokerStars Zoom Hand #254436782425:  Hold'em No Limit ($0.05/$0.10) - 2025/01/18 21:22:56 CET [2025/01/18 15:22:56 ET]
Table 'Aludra' 6-max Seat #1 is the button
Seat 1: qik1111 ($19.13 in chips) 
Seat 2: IEVAL ($22.88 in chips) 
Seat 3: Hjalmen ($10.58 in chips) 
Seat 4: vliegje1973 ($4.15 in chips) 
Seat 5: BitencourtM2 ($10.87 in chips) 
Seat 6: Mahu2021 ($7.21 in chips) 
IEVAL: posts small blind $0.05
Hjalmen: posts big blind $0.10
*** HOLE CARDS ***
Dealt to Mahu2021 [9d 9c]
vliegje1973: folds 
BitencourtM2: folds 
Mahu2021: raises $0.14 to $0.24
qik1111: calls $0.24
IEVAL: folds 
Hjalmen: folds 
*** FLOP *** [4c Js Qd]
Mahu2021: checks 
qik1111: checks 
*** TURN *** [4c Js Qd] [5h]
Mahu2021: checks 
qik1111: checks 
*** RIVER *** [4c Js Qd 5h] [Ks]
Mahu2021: bets $0.20
qik1111: calls $0.20
*** SHOW DOWN ***
Mahu2021: shows [9d 9c] (a pair of Nines)
qik1111: mucks hand 
Mahu2021 collected $0.98 from pot
*** SUMMARY ***
Total pot $1.03 | Rake $0.05 
Board [4c Js Qd 5h Ks]
Seat 1: qik1111 (button) mucked [7h 7d]
Seat 2: IEVAL (small blind) folded before Flop
Seat 3: Hjalmen (big blind) folded before Flop
Seat 4: vliegje1973 folded before Flop (didn't bet)
Seat 5: BitencourtM2 folded before Flop (didn't bet)
Seat 6: Mahu2021 showed [9d 9c] and won ($0.98) with a pair of Nines



PokerStars Zoom Hand #254436795143:  Hold'em No Limit ($0.05/$0.10) - 2025/01/18 21:23:37 CET [2025/01/18 15:23:37 ET]
Table 'Aludra' 6-max Seat #1 is the button
Seat 1: silentshowdown ($12.36 in chips) 
Seat 2: BReDnaya89 ($10.67 in chips) 
Seat 3: R4FuN.II ($11.38 in chips) 
Seat 4: Mahu2021 ($7.75 in chips) 
Seat 5: Thegraceofgod ($15.51 in chips) 
Seat 6: Lady-Giegie ($15.34 in chips) 
BReDnaya89: posts small blind $0.05
R4FuN.II: posts big blind $0.10
*** HOLE CARDS ***
Dealt to Mahu2021 [Qd Qs]
Mahu2021: raises $0.14 to $0.24
Thegraceofgod: folds 
Lady-Giegie: folds 
silentshowdown: folds 
BReDnaya89: folds 
R4FuN.II: calls $0.14
*** FLOP *** [Ks Ac 5h]
R4FuN.II: checks 
Mahu2021: bets $0.20
R4FuN.II: folds 
Uncalled bet ($0.20) returned to Mahu2021
Mahu2021 collected $0.51 from pot
Mahu2021: doesn't show hand 
*** SUMMARY ***
Total pot $0.53 | Rake $0.02 
Board [Ks Ac 5h]
Seat 1: silentshowdown (button) folded before Flop (didn't bet)
Seat 2: BReDnaya89 (small blind) folded before Flop
Seat 3: R4FuN.II (big blind) folded on the Flop
Seat 4: Mahu2021 collected ($0.51)
Seat 5: Thegraceofgod folded before Flop (didn't bet)
Seat 6: Lady-Giegie folded before Flop (didn't bet)



PokerStars Zoom Hand #254436803946:  Hold'em No Limit ($0.05/$0.10) - 2025/01/18 21:24:06 CET [2025/01/18 15:24:06 ET]
Table 'Aludra' 6-max Seat #1 is the button
Seat 1: kaikok ($32.56 in chips) 
Seat 2: Wish Kang ($13.83 in chips) 
Seat 3: Mahu2021 ($8.02 in chips) 
Seat 4: Gigo_1423 ($11.43 in chips) 
Seat 5: vliegje1973 ($4.69 in chips) 
Seat 6: diyu ($13.63 in chips) 
Wish Kang: posts small blind $0.05
Mahu2021: posts big blind $0.10
*** HOLE CARDS ***
Dealt to Mahu2021 [Kd 5c]
Gigo_1423: folds 
vliegje1973: folds 
diyu: folds 
kaikok: raises $0.20 to $0.30
Wish Kang: folds 
Mahu2021: folds 
Uncalled bet ($0.20) returned to kaikok
kaikok collected $0.25 from pot
kaikok: doesn't show hand 
*** SUMMARY ***
Total pot $0.25 | Rake $0 
Seat 1: kaikok (button) collected ($0.25)
Seat 2: Wish Kang (small blind) folded before Flop
Seat 3: Mahu2021 (big blind) folded before Flop
Seat 4: Gigo_1423 folded before Flop (didn't bet)
Seat 5: vliegje1973 folded before Flop (didn't bet)
Seat 6: diyu folded before Flop (didn't bet)



PokerStars Zoom Hand #254436807804:  Hold'em No Limit ($0.05/$0.10) - 2025/01/18 21:24:19 CET [2025/01/18 15:24:19 ET]
Table 'Aludra' 6-max Seat #1 is the button
Seat 1: Mahu2021 ($7.92 in chips) 
Seat 2: anderetsu ($47.28 in chips) 
Seat 3: holzhacker1 ($2.67 in chips) 
Seat 4: CELESTINA979 ($4.32 in chips) 
Seat 5: kingpala23 ($11.14 in chips) 
Seat 6: PNSalgado ($31.38 in chips) 
anderetsu: posts small blind $0.05
holzhacker1: posts big blind $0.10
*** HOLE CARDS ***
Dealt to Mahu2021 [Ah Jh]
CELESTINA979: folds 
kingpala23: raises $0.20 to $0.30
PNSalgado: folds 
Mahu2021: calls $0.30
anderetsu: folds 
holzhacker1: calls $0.20
*** FLOP *** [3c 8d 7s]
holzhacker1: checks 
kingpala23: checks 
Mahu2021: checks 
*** TURN *** [3c 8d 7s] [2d]
holzhacker1: checks 
kingpala23: bets $0.46
Mahu2021: folds 
holzhacker1: folds 
Uncalled bet ($0.46) returned to kingpala23
kingpala23 collected $0.91 from pot
kingpala23: doesn't show hand 
*** SUMMARY ***
Total pot $0.95 | Rake $0.04 
Board [3c 8d 7s 2d]
Seat 1: Mahu2021 (button) folded on the Turn
Seat 2: anderetsu (small blind) folded before Flop
Seat 3: holzhacker1 (big blind) folded on the Turn
Seat 4: CELESTINA979 folded before Flop (didn't bet)
Seat 5: kingpala23 collected ($0.91)
Seat 6: PNSalgado folded before Flop (didn't bet)



PokerStars Zoom Hand #254436792951:  Hold'em No Limit ($0.05/$0.10) - 2025/01/18 21:23:30 CET [2025/01/18 15:23:30 ET]
Table 'Aludra' 6-max Seat #1 is the button
Seat 1: foili ($14.10 in chips) 
Seat 2: tibixfuvar ($47.87 in chips) 
Seat 3: BitencourtM2 ($10.30 in chips) 
Seat 4: Mahu2021 ($7.75 in chips) 
Seat 5: Jajje7 ($23.51 in chips) 
Seat 6: Ares_92PL ($10.17 in chips) 
tibixfuvar: posts small blind $0.05
BitencourtM2: posts big blind $0.10
*** HOLE CARDS ***
Dealt to Mahu2021 [7h 5h]
Mahu2021: folds 
Jajje7: raises $0.15 to $0.25
Ares_92PL: folds 
foili: raises $0.49 to $0.74
tibixfuvar: folds 
BitencourtM2: folds 
Jajje7: raises $1.36 to $2.10
foili: calls $1.36
*** FLOP *** [3h Ks Ad]
Jajje7: checks 
foili: checks 
*** TURN *** [3h Ks Ad] [2d]
Jajje7: bets $3.11
foili: calls $3.11
*** RIVER *** [3h Ks Ad 2d] [9s]
Jajje7: bets $5.05
foili: folds 
Uncalled bet ($5.05) returned to Jajje7
Jajje7 collected $10.09 from pot
Jajje7: doesn't show hand 
*** SUMMARY ***
Total pot $10.57 | Rake $0.48 
Board [3h Ks Ad 2d 9s]
Seat 1: foili (button) folded on the River
Seat 2: tibixfuvar (small blind) folded before Flop
Seat 3: BitencourtM2 (big blind) folded before Flop
Seat 4: Mahu2021 folded before Flop (didn't bet)
Seat 5: Jajje7 collected ($10.09)
Seat 6: Ares_92PL folded before Flop (didn't bet)



PokerStars Zoom Hand #254436816453:  Hold'em No Limit ($0.05/$0.10) - 2025/01/18 21:24:47 CET [2025/01/18 15:24:47 ET]
Table 'Aludra' 6-max Seat #1 is the button
Seat 1: BitencourtM2 ($10 in chips) 
Seat 2: Mahu2021 ($7.62 in chips) 
Seat 3: anderetsu ($47.23 in chips) 
Seat 4: Sick7Duece ($14.16 in chips) 
Seat 5: HUMANRAKER ($7.11 in chips) 
Seat 6: Stephan61 ($7.95 in chips) 
Mahu2021: posts small blind $0.05
anderetsu: posts big blind $0.10
*** HOLE CARDS ***
Dealt to Mahu2021 [Ad Ks]
Sick7Duece: folds 
HUMANRAKER: folds 
Stephan61: folds 
BitencourtM2: raises $0.15 to $0.25
Mahu2021: raises $0.55 to $0.80
anderetsu: folds 
BitencourtM2: folds 
Uncalled bet ($0.55) returned to Mahu2021
Mahu2021 collected $0.60 from pot
Mahu2021: doesn't show hand 
*** SUMMARY ***
Total pot $0.60 | Rake $0 
Seat 1: BitencourtM2 (button) folded before Flop
Seat 2: Mahu2021 (small blind) collected ($0.60)
Seat 3: anderetsu (big blind) folded before Flop
Seat 4: Sick7Duece folded before Flop (didn't bet)
Seat 5: HUMANRAKER folded before Flop (didn't bet)
Seat 6: Stephan61 folded before Flop (didn't bet)



PokerStars Zoom Hand #254436822990:  Hold'em No Limit ($0.05/$0.10) - 2025/01/18 21:25:08 CET [2025/01/18 15:25:08 ET]
Table 'Aludra' 6-max Seat #1 is the button
Seat 1: Matzet1ka ($10.70 in chips) 
Seat 2: Schorle884 ($11.11 in chips) 
Seat 3: PNSalgado ($10.31 in chips) 
Seat 4: R4FuN.II ($12.93 in chips) 
Seat 5: Mahu2021 ($7.97 in chips) 
Seat 6: Toneocone ($10 in chips) 
Schorle884: posts small blind $0.05
PNSalgado: posts big blind $0.10
*** HOLE CARDS ***
Dealt to Mahu2021 [3h 8s]
R4FuN.II: folds 
Mahu2021: folds 
Toneocone: folds 
Matzet1ka: folds 
Schorle884: folds 
Uncalled bet ($0.05) returned to PNSalgado
PNSalgado collected $0.10 from pot
PNSalgado: doesn't show hand 
*** SUMMARY ***
Total pot $0.10 | Rake $0 
Seat 1: Matzet1ka (button) folded before Flop (didn't bet)
Seat 2: Schorle884 (small blind) folded before Flop
Seat 3: PNSalgado (big blind) collected ($0.10)
Seat 4: R4FuN.II folded before Flop (didn't bet)
Seat 5: Mahu2021 folded before Flop (didn't bet)
Seat 6: Toneocone folded before Flop (didn't bet)



PokerStars Zoom Hand #254436825491:  Hold'em No Limit ($0.05/$0.10) - 2025/01/18 21:25:16 CET [2025/01/18 15:25:16 ET]
Table 'Aludra' 6-max Seat #1 is the button
Seat 1: Jajje7 ($16.70 in chips) 
Seat 2: R4FuN.II ($12.93 in chips) 
Seat 3: ConSuerte73 ($10.48 in chips) 
Seat 4: Mahu2021 ($7.97 in chips) 
Seat 5: Bumbulbee_G ($21.19 in chips) 
Seat 6: IBRODIAN-ACER ($17.20 in chips) 
R4FuN.II: posts small blind $0.05
ConSuerte73: posts big blind $0.10
*** HOLE CARDS ***
Dealt to Mahu2021 [4c 5h]
Mahu2021: folds 
Bumbulbee_G: raises $0.12 to $0.22
IBRODIAN-ACER: folds 
Jajje7: folds 
R4FuN.II: folds 
ConSuerte73: folds 
Uncalled bet ($0.12) returned to Bumbulbee_G
Bumbulbee_G collected $0.25 from pot
Bumbulbee_G: doesn't show hand 
*** SUMMARY ***
Total pot $0.25 | Rake $0 
Seat 1: Jajje7 (button) folded before Flop (didn't bet)
Seat 2: R4FuN.II (small blind) folded before Flop
Seat 3: ConSuerte73 (big blind) folded before Flop
Seat 4: Mahu2021 folded before Flop (didn't bet)
Seat 5: Bumbulbee_G collected ($0.25)
Seat 6: IBRODIAN-ACER folded before Flop (didn't bet)



PokerStars Zoom Hand #254436828043:  Hold'em No Limit ($0.05/$0.10) - 2025/01/18 21:25:24 CET [2025/01/18 15:25:24 ET]
Table 'Aludra' 6-max Seat #1 is the button
Seat 1: mitchy1777 ($20 in chips) 
Seat 2: reiter1001 ($4.93 in chips) 
Seat 3: Mahu2021 ($7.97 in chips) 
Seat 4: Schorle884 ($11.06 in chips) 
Seat 5: Toneocone ($10 in chips) 
Seat 6: Jajje7 ($15.73 in chips) 
reiter1001: posts small blind $0.05
Mahu2021: posts big blind $0.10
*** HOLE CARDS ***
Dealt to Mahu2021 [6d 7c]
Schorle884: folds 
Toneocone: folds 
Jajje7: folds 
mitchy1777: folds 
reiter1001: raises $0.20 to $0.30
Mahu2021: calls $0.20
*** FLOP *** [Kc Qd Kd]
reiter1001: checks 
Mahu2021: checks 
*** TURN *** [Kc Qd Kd] [Jh]
reiter1001: bets $0.57
Mahu2021: folds 
Uncalled bet ($0.57) returned to reiter1001
reiter1001 collected $0.56 from pot
reiter1001: doesn't show hand 
*** SUMMARY ***
Total pot $0.60 | Rake $0.04 
Board [Kc Qd Kd Jh]
Seat 1: mitchy1777 (button) folded before Flop (didn't bet)
Seat 2: reiter1001 (small blind) collected ($0.56)
Seat 3: Mahu2021 (big blind) folded on the Turn
Seat 4: Schorle884 folded before Flop (didn't bet)
Seat 5: Toneocone folded before Flop (didn't bet)
Seat 6: Jajje7 folded before Flop (didn't bet)



PokerStars Zoom Hand #254436821684:  Hold'em No Limit ($0.05/$0.10) - 2025/01/18 21:25:04 CET [2025/01/18 15:25:04 ET]
Table 'Aludra' 6-max Seat #1 is the button
Seat 1: IBRODIAN-ACER ($10.23 in chips) 
Seat 2: lolb0t ($10 in chips) 
Seat 3: Jojkenstein ($5.38 in chips) 
Seat 4: Mahu2021 ($7.97 in chips) 
Seat 5: mitchy1777 ($11.47 in chips) 
Seat 6: PNSalgado ($10.31 in chips) 
lolb0t: posts small blind $0.05
Jojkenstein: posts big blind $0.10
*** HOLE CARDS ***
Dealt to Mahu2021 [Qc 5d]
Mahu2021: folds 
mitchy1777: folds 
PNSalgado: folds 
IBRODIAN-ACER: raises $0.20 to $0.30
lolb0t: raises $0.70 to $1
Jojkenstein: folds 
IBRODIAN-ACER: calls $0.70
*** FLOP *** [8d 3h 4s]
lolb0t: checks 
IBRODIAN-ACER: bets $1.05
lolb0t: calls $1.05
*** TURN *** [8d 3h 4s] [2h]
lolb0t: checks 
IBRODIAN-ACER: bets $2.09
lolb0t: folds 
Uncalled bet ($2.09) returned to IBRODIAN-ACER
IBRODIAN-ACER collected $4.01 from pot
IBRODIAN-ACER: doesn't show hand 
*** SUMMARY ***
Total pot $4.20 | Rake $0.19 
Board [8d 3h 4s 2h]
Seat 1: IBRODIAN-ACER (button) collected ($4.01)
Seat 2: lolb0t (small blind) folded on the Turn
Seat 3: Jojkenstein (big blind) folded before Flop
Seat 4: Mahu2021 folded before Flop (didn't bet)
Seat 5: mitchy1777 folded before Flop (didn't bet)
Seat 6: PNSalgado folded before Flop (didn't bet)



PokerStars Zoom Hand #254436824265:  Hold'em No Limit ($0.05/$0.10) - 2025/01/18 21:25:12 CET [2025/01/18 15:25:12 ET]
Table 'Aludra' 6-max Seat #1 is the button
Seat 1: Mahu2021 ($7.97 in chips) 
Seat 2: kaikok ($32.49 in chips) 
Seat 3: clockedinto ($10.63 in chips) 
Seat 4: anderetsu ($16.80 in chips) 
Seat 5: Hito999 ($4.15 in chips) 
Seat 6: ponkotsu_tanuki ($10.20 in chips) 
kaikok: posts small blind $0.05
clockedinto: posts big blind $0.10
*** HOLE CARDS ***
Dealt to Mahu2021 [6h 8s]
anderetsu: folds 
Hito999: raises $0.25 to $0.35
ponkotsu_tanuki: folds 
Mahu2021: folds 
kaikok: folds 
clockedinto: calls $0.25
*** FLOP *** [6s 5c 4h]
clockedinto: bets $0.72
Hito999: raises $0.72 to $1.44
clockedinto: calls $0.72
*** TURN *** [6s 5c 4h] [Qc]
clockedinto: checks 
Hito999: checks 
*** RIVER *** [6s 5c 4h Qc] [9s]
clockedinto: checks 
Hito999: checks 
*** SHOW DOWN ***
clockedinto: shows [8h 4c] (a pair of Fours)
Hito999: shows [6c 7c] (a pair of Sixes)
Hito999 collected $3.43 from pot
*** SUMMARY ***
Total pot $3.63 | Rake $0.20 
Board [6s 5c 4h Qc 9s]
Seat 1: Mahu2021 (button) folded before Flop (didn't bet)
Seat 2: kaikok (small blind) folded before Flop
Seat 3: clockedinto (big blind) showed [8h 4c] and lost with a pair of Fours
Seat 4: anderetsu folded before Flop (didn't bet)
Seat 5: Hito999 showed [6c 7c] and won ($3.43) with a pair of Sixes
Seat 6: ponkotsu_tanuki folded before Flop (didn't bet)



PokerStars Zoom Hand #254436837354:  Hold'em No Limit ($0.05/$0.10) - 2025/01/18 21:25:54 CET [2025/01/18 15:25:54 ET]
Table 'Aludra' 6-max Seat #1 is the button
Seat 1: ponkotsu_tanuki ($10.25 in chips) 
Seat 2: Jhanr ($10.06 in chips) 
Seat 3: IBRODIAN-ACER ($12.19 in chips) 
Seat 4: BitencourtM2 ($11.46 in chips) 
Seat 5: Malwo1 ($21.07 in chips) 
Seat 6: Mahu2021 ($7.62 in chips) 
Jhanr: posts small blind $0.05
IBRODIAN-ACER: posts big blind $0.10
*** HOLE CARDS ***
Dealt to Mahu2021 [2h 5s]
BitencourtM2: raises $0.15 to $0.25
Malwo1: folds 
Mahu2021: folds 
ponkotsu_tanuki: folds 
Jhanr: folds 
IBRODIAN-ACER: folds 
Uncalled bet ($0.15) returned to BitencourtM2
BitencourtM2 collected $0.25 from pot
BitencourtM2: doesn't show hand 
*** SUMMARY ***
Total pot $0.25 | Rake $0 
Seat 1: ponkotsu_tanuki (button) folded before Flop (didn't bet)
Seat 2: Jhanr (small blind) folded before Flop
Seat 3: IBRODIAN-ACER (big blind) folded before Flop
Seat 4: BitencourtM2 collected ($0.25)
Seat 5: Malwo1 folded before Flop (didn't bet)
Seat 6: Mahu2021 folded before Flop (didn't bet)



PokerStars Zoom Hand #254436826560:  Hold'em No Limit ($0.05/$0.10) - 2025/01/18 21:25:19 CET [2025/01/18 15:25:19 ET]
Table 'Aludra' 6-max Seat #1 is the button
Seat 1: lolb0t ($10.73 in chips) 
Seat 2: Stephan61 ($8 in chips) 
Seat 3: läski mursu ($12.78 in chips) 
Seat 4: PNSalgado ($10.36 in chips) 
Seat 5: WONDALOT ($2.87 in chips) 
Seat 6: Mahu2021 ($7.97 in chips) 
Stephan61: posts small blind $0.05
läski mursu: posts big blind $0.10
*** HOLE CARDS ***
Dealt to Mahu2021 [9s 8c]
PNSalgado: folds 
WONDALOT: folds 
Mahu2021: folds 
lolb0t: raises $0.20 to $0.30
Stephan61: folds 
läski mursu: calls $0.20
*** FLOP *** [Ac 3s 4s]
läski mursu: checks 
lolb0t: checks 
*** TURN *** [Ac 3s 4s] [Kh]
läski mursu: checks 
lolb0t: bets $0.31
läski mursu: folds 
Uncalled bet ($0.31) returned to lolb0t
lolb0t collected $0.62 from pot
lolb0t: doesn't show hand 
*** SUMMARY ***
Total pot $0.65 | Rake $0.03 
Board [Ac 3s 4s Kh]
Seat 1: lolb0t (button) collected ($0.62)
Seat 2: Stephan61 (small blind) folded before Flop
Seat 3: läski mursu (big blind) folded on the Turn
Seat 4: PNSalgado folded before Flop (didn't bet)
Seat 5: WONDALOT folded before Flop (didn't bet)
Seat 6: Mahu2021 folded before Flop (didn't bet)



PokerStars Zoom Hand #254436834554:  Hold'em No Limit ($0.05/$0.10) - 2025/01/18 21:25:45 CET [2025/01/18 15:25:45 ET]
Table 'Aludra' 6-max Seat #1 is the button
Seat 1: RenoRosco ($20.85 in chips) 
Seat 2: MarioBoNu ($6.77 in chips) 
Seat 3: PNSalgado ($31.13 in chips) 
Seat 4: BitencourtM2 ($11.46 in chips) 
Seat 5: Mahu2021 ($7.67 in chips) 
Seat 6: PocketDebs ($10.27 in chips) 
MarioBoNu: posts small blind $0.05
PNSalgado: posts big blind $0.10
*** HOLE CARDS ***
Dealt to Mahu2021 [3h 5h]
BitencourtM2: folds 
Mahu2021: folds 
PocketDebs: raises $0.12 to $0.22
RenoRosco: raises $0.58 to $0.80
MarioBoNu: raises $1.72 to $2.52
PNSalgado: folds 
PocketDebs: folds 
RenoRosco: folds 
Uncalled bet ($1.72) returned to MarioBoNu
MarioBoNu collected $1.92 from pot
MarioBoNu: doesn't show hand 
*** SUMMARY ***
Total pot $1.92 | Rake $0 
Seat 1: RenoRosco (button) folded before Flop
Seat 2: MarioBoNu (small blind) collected ($1.92)
Seat 3: PNSalgado (big blind) folded before Flop
Seat 4: BitencourtM2 folded before Flop (didn't bet)
Seat 5: Mahu2021 folded before Flop (didn't bet)
Seat 6: PocketDebs folded before Flop



PokerStars Zoom Hand #254436839458:  Hold'em No Limit ($0.05/$0.10) - 2025/01/18 21:26:01 CET [2025/01/18 15:26:01 ET]
Table 'Aludra' 6-max Seat #1 is the button
Seat 1: Matzet1ka ($10.70 in chips) 
Seat 2: Grufva ($17.27 in chips) 
Seat 3: Mahu2021 ($7.62 in chips) 
Seat 4: oyuka1988 ($12.14 in chips) 
Seat 5: PNSalgado ($31.03 in chips) 
Seat 6: burley180 ($10.78 in chips) 
Grufva: posts small blind $0.05
Mahu2021: posts big blind $0.10
*** HOLE CARDS ***
Dealt to Mahu2021 [Ac 4c]
oyuka1988: folds 
PNSalgado: folds 
burley180: folds 
Matzet1ka: raises $0.10 to $0.20
Grufva: folds 
Mahu2021: calls $0.10
*** FLOP *** [Js Kd 7d]
Mahu2021: checks 
Matzet1ka: bets $0.32
Mahu2021: folds 
Uncalled bet ($0.32) returned to Matzet1ka
Matzet1ka collected $0.43 from pot
Matzet1ka: doesn't show hand 
*** SUMMARY ***
Total pot $0.45 | Rake $0.02 
Board [Js Kd 7d]
Seat 1: Matzet1ka (button) collected ($0.43)
Seat 2: Grufva (small blind) folded before Flop
Seat 3: Mahu2021 (big blind) folded on the Flop
Seat 4: oyuka1988 folded before Flop (didn't bet)
Seat 5: PNSalgado folded before Flop (didn't bet)
Seat 6: burley180 folded before Flop (didn't bet)



PokerStars Zoom Hand #254436846336:  Hold'em No Limit ($0.05/$0.10) - 2025/01/18 21:26:23 CET [2025/01/18 15:26:23 ET]
Table 'Aludra' 6-max Seat #1 is the button
Seat 1: Mahu2021 ($7.42 in chips) 
Seat 2: Bbyoda79 ($9.33 in chips) 
Seat 3: silentshowdown ($10.45 in chips) 
Seat 4: merc2904 ($10.05 in chips) 
Seat 5: lolb0t ($10 in chips) 
Seat 6: anderetsu ($16.65 in chips) 
Bbyoda79: posts small blind $0.05
silentshowdown: posts big blind $0.10
*** HOLE CARDS ***
Dealt to Mahu2021 [Th 4d]
merc2904: folds 
lolb0t: folds 
anderetsu: raises $0.15 to $0.25
Mahu2021: folds 
Bbyoda79: folds 
silentshowdown: folds 
Uncalled bet ($0.15) returned to anderetsu
anderetsu collected $0.25 from pot
anderetsu: doesn't show hand 
*** SUMMARY ***
Total pot $0.25 | Rake $0 
Seat 1: Mahu2021 (button) folded before Flop (didn't bet)
Seat 2: Bbyoda79 (small blind) folded before Flop
Seat 3: silentshowdown (big blind) folded before Flop
Seat 4: merc2904 folded before Flop (didn't bet)
Seat 5: lolb0t folded before Flop (didn't bet)
Seat 6: anderetsu collected ($0.25)



PokerStars Zoom Hand #254436838536:  Hold'em No Limit ($0.05/$0.10) - 2025/01/18 21:25:58 CET [2025/01/18 15:25:58 ET]
Table 'Aludra' 6-max Seat #1 is the button
Seat 1: Malwo1 ($21.07 in chips) 
Seat 2: kaikok ($10 in chips) 
Seat 3: vliegje1973 ($5.16 in chips) 
Seat 4: carolientje0 ($5.96 in chips) 
Seat 5: Mahu2021 ($7.62 in chips) 
Seat 6: HUMANRAKER ($6.80 in chips) 
kaikok: posts small blind $0.05
vliegje1973: posts big blind $0.10
*** HOLE CARDS ***
Dealt to Mahu2021 [Qc 4h]
carolientje0: folds 
Mahu2021: folds 
HUMANRAKER: folds 
Malwo1: raises $0.20 to $0.30
kaikok: folds 
vliegje1973: calls $0.20
*** FLOP *** [9d Ad 6s]
vliegje1973: checks 
Malwo1: checks 
*** TURN *** [9d Ad 6s] [Th]
vliegje1973: bets $0.30
Malwo1: calls $0.30
*** RIVER *** [9d Ad 6s Th] [3s]
vliegje1973: bets $0.80
Malwo1: calls $0.80
*** SHOW DOWN ***
vliegje1973: shows [Tc As] (two pair, Aces and Tens)
Malwo1: mucks hand 
vliegje1973 collected $2.72 from pot
*** SUMMARY ***
Total pot $2.85 | Rake $0.13 
Board [9d Ad 6s Th 3s]
Seat 1: Malwo1 (button) mucked [Kh Td]
Seat 2: kaikok (small blind) folded before Flop
Seat 3: vliegje1973 (big blind) showed [Tc As] and won ($2.72) with two pair, Aces and Tens
Seat 4: carolientje0 folded before Flop (didn't bet)
Seat 5: Mahu2021 folded before Flop (didn't bet)
Seat 6: HUMANRAKER folded before Flop (didn't bet)



PokerStars Zoom Hand #254436835987:  Hold'em No Limit ($0.05/$0.10) - 2025/01/18 21:25:49 CET [2025/01/18 15:25:49 ET]
Table 'Aludra' 6-max Seat #1 is the button
Seat 1: embii ($14.26 in chips) 
Seat 2: Mahu2021 ($7.67 in chips) 
Seat 3: Yogui_jos ($15.37 in chips) 
Seat 4: Hito999 ($5.79 in chips) 
Seat 5: rz 75 ($8.69 in chips) 
Seat 6: IBRODIAN-ACER ($12.19 in chips) 
Mahu2021: posts small blind $0.05
Yogui_jos: posts big blind $0.10
*** HOLE CARDS ***
Dealt to Mahu2021 [5h Tc]
Hito999: raises $0.25 to $0.35
rz 75: folds 
IBRODIAN-ACER: folds 
embii: calls $0.35
Mahu2021: folds 
Yogui_jos: folds 
*** FLOP *** [4s As Qc]
Hito999: bets $0.44
embii: calls $0.44
*** TURN *** [4s As Qc] [2s]
Hito999: checks 
embii: bets $0.65
Hito999: calls $0.65
*** RIVER *** [4s As Qc 2s] [7s]
Hito999: bets $1.45
embii: folds 
Uncalled bet ($1.45) returned to Hito999
Hito999 collected $2.85 from pot
Hito999: doesn't show hand 
*** SUMMARY ***
Total pot $3.03 | Rake $0.18 
Board [4s As Qc 2s 7s]
Seat 1: embii (button) folded on the River
Seat 2: Mahu2021 (small blind) folded before Flop
Seat 3: Yogui_jos (big blind) folded before Flop
Seat 4: Hito999 collected ($2.85)
Seat 5: rz 75 folded before Flop (didn't bet)
Seat 6: IBRODIAN-ACER folded before Flop (didn't bet)



PokerStars Zoom Hand #254436848760:  Hold'em No Limit ($0.05/$0.10) - 2025/01/18 21:26:31 CET [2025/01/18 15:26:31 ET]
Table 'Aludra' 6-max Seat #1 is the button
Seat 1: qik1111 ($19.11 in chips) 
Seat 2: juan19872323 ($28.55 in chips) 
Seat 3: PNSalgado ($10 in chips) 
Seat 4: Mahu2021 ($7.37 in chips) 
Seat 5: oyuka1988 ($8.58 in chips) 
Seat 6: anderetsu ($46.93 in chips) 
juan19872323: posts small blind $0.05
PNSalgado: posts big blind $0.10
*** HOLE CARDS ***
Dealt to Mahu2021 [2c 3d]
Mahu2021: folds 
oyuka1988: folds 
anderetsu: folds 
qik1111: folds 
juan19872323: folds 
Uncalled bet ($0.05) returned to PNSalgado
PNSalgado collected $0.10 from pot
PNSalgado: doesn't show hand 
*** SUMMARY ***
Total pot $0.10 | Rake $0 
Seat 1: qik1111 (button) folded before Flop (didn't bet)
Seat 2: juan19872323 (small blind) folded before Flop
Seat 3: PNSalgado (big blind) collected ($0.10)
Seat 4: Mahu2021 folded before Flop (didn't bet)
Seat 5: oyuka1988 folded before Flop (didn't bet)
Seat 6: anderetsu folded before Flop (didn't bet)



PokerStars Zoom Hand #254436850777:  Hold'em No Limit ($0.05/$0.10) - 2025/01/18 21:26:37 CET [2025/01/18 15:26:37 ET]
Table 'Aludra' 6-max Seat #1 is the button
Seat 1: PNSalgado ($36.85 in chips) 
Seat 2: Stephan61 ($7.85 in chips) 
Seat 3: Mahu2021 ($7.37 in chips) 
Seat 4: Schorle884 ($10.76 in chips) 
Seat 5: kaikok ($9.85 in chips) 
Seat 6: JB00888 ($9.01 in chips) 
Stephan61: posts small blind $0.05
Mahu2021: posts big blind $0.10
*** HOLE CARDS ***
Dealt to Mahu2021 [Qc Kd]
Schorle884: folds 
kaikok: folds 
JB00888: folds 
PNSalgado: folds 
Stephan61: folds 
Uncalled bet ($0.05) returned to Mahu2021
Mahu2021 collected $0.10 from pot
Mahu2021: doesn't show hand 
*** SUMMARY ***
Total pot $0.10 | Rake $0 
Seat 1: PNSalgado (button) folded before Flop (didn't bet)
Seat 2: Stephan61 (small blind) folded before Flop
Seat 3: Mahu2021 (big blind) collected ($0.10)
Seat 4: Schorle884 folded before Flop (didn't bet)
Seat 5: kaikok folded before Flop (didn't bet)
Seat 6: JB00888 folded before Flop (didn't bet)



PokerStars Zoom Hand #254436849692:  Hold'em No Limit ($0.05/$0.10) - 2025/01/18 21:26:34 CET [2025/01/18 15:26:34 ET]
Table 'Aludra' 6-max Seat #1 is the button
Seat 1: tomiema ($8.14 in chips) 
Seat 2: CraigCasey88 ($10.83 in chips) 
Seat 3: Jajje7 ($17.17 in chips) 
Seat 4: honEybOOx ($13.20 in chips) 
Seat 5: Lady-Giegie ($14.74 in chips) 
Seat 6: Mahu2021 ($7.37 in chips) 
CraigCasey88: posts small blind $0.05
Jajje7: posts big blind $0.10
*** HOLE CARDS ***
Dealt to Mahu2021 [Js 2s]
honEybOOx: folds 
Lady-Giegie: folds 
Mahu2021: folds 
tomiema: raises $0.20 to $0.30
CraigCasey88: folds 
Jajje7: raises $0.80 to $1.10
tomiema: folds 
Uncalled bet ($0.80) returned to Jajje7
Jajje7 collected $0.65 from pot
Jajje7: doesn't show hand 
*** SUMMARY ***
Total pot $0.65 | Rake $0 
Seat 1: tomiema (button) folded before Flop
Seat 2: CraigCasey88 (small blind) folded before Flop
Seat 3: Jajje7 (big blind) collected ($0.65)
Seat 4: honEybOOx folded before Flop (didn't bet)
Seat 5: Lady-Giegie folded before Flop (didn't bet)
Seat 6: Mahu2021 folded before Flop (didn't bet)



PokerStars Zoom Hand #254436856447:  Hold'em No Limit ($0.05/$0.10) - 2025/01/18 21:26:56 CET [2025/01/18 15:26:56 ET]
Table 'Aludra' 6-max Seat #1 is the button
Seat 1: läski mursu ($12.58 in chips) 
Seat 2: Mahu2021 ($7.42 in chips) 
Seat 3: foili ($26.38 in chips) 
Seat 4: D.shadoww ($10 in chips) 
Seat 5: anderetsu ($18.61 in chips) 
Seat 6: Bmillz11 ($10.15 in chips) 
Mahu2021: posts small blind $0.05
foili: posts big blind $0.10
*** HOLE CARDS ***
Dealt to Mahu2021 [7s Qc]
D.shadoww: folds 
anderetsu: folds 
Bmillz11: folds 
läski mursu: folds 
Mahu2021: folds 
Uncalled bet ($0.05) returned to foili
foili collected $0.10 from pot
foili: doesn't show hand 
*** SUMMARY ***
Total pot $0.10 | Rake $0 
Seat 1: läski mursu (button) folded before Flop (didn't bet)
Seat 2: Mahu2021 (small blind) folded before Flop
Seat 3: foili (big blind) collected ($0.10)
Seat 4: D.shadoww folded before Flop (didn't bet)
Seat 5: anderetsu folded before Flop (didn't bet)
Seat 6: Bmillz11 folded before Flop (didn't bet)



PokerStars Zoom Hand #254436853886:  Hold'em No Limit ($0.05/$0.10) - 2025/01/18 21:26:47 CET [2025/01/18 15:26:47 ET]
Table 'Aludra' 6-max Seat #1 is the button
Seat 1: CraigCasey88 ($10.78 in chips) 
Seat 2: Jhanr ($10.06 in chips) 
Seat 3: 42Oedipius ($17.17 in chips) 
Seat 4: Mahu2021 ($7.42 in chips) 
Seat 5: D.shadoww ($10 in chips) 
Seat 6: Gigo_1423 ($10.05 in chips) 
Jhanr: posts small blind $0.05
42Oedipius: posts big blind $0.10
*** HOLE CARDS ***
Dealt to Mahu2021 [6s 4c]
Mahu2021: folds 
D.shadoww: folds 
Gigo_1423: raises $0.15 to $0.25
CraigCasey88: calls $0.25
Jhanr: folds 
42Oedipius: raises $1.10 to $1.35
Gigo_1423: folds 
CraigCasey88: folds 
Uncalled bet ($1.10) returned to 42Oedipius
42Oedipius collected $0.80 from pot
42Oedipius: doesn't show hand 
*** SUMMARY ***
Total pot $0.80 | Rake $0 
Seat 1: CraigCasey88 (button) folded before Flop
Seat 2: Jhanr (small blind) folded before Flop
Seat 3: 42Oedipius (big blind) collected ($0.80)
Seat 4: Mahu2021 folded before Flop (didn't bet)
Seat 5: D.shadoww folded before Flop (didn't bet)
Seat 6: Gigo_1423 folded before Flop



PokerStars Zoom Hand #254436847570:  Hold'em No Limit ($0.05/$0.10) - 2025/01/18 21:26:27 CET [2025/01/18 15:26:27 ET]
Table 'Aludra' 6-max Seat #1 is the button
Seat 1: Ready2Rollu ($13.58 in chips) 
Seat 2: Mahu2021 ($7.42 in chips) 
Seat 3: K.Stas71 ($5.37 in chips) 
Seat 4: 20guette ($10.49 in chips) 
Seat 5: inkov6464 ($24.49 in chips) 
Seat 6: MissusMac ($5 in chips) 
Mahu2021: posts small blind $0.05
K.Stas71: posts big blind $0.10
*** HOLE CARDS ***
Dealt to Mahu2021 [5s Qd]
20guette: folds 
inkov6464: raises $0.10 to $0.20
MissusMac: calls $0.20
Ready2Rollu: folds 
Mahu2021: folds 
K.Stas71: calls $0.10
*** FLOP *** [Qs 2c Kc]
K.Stas71: checks 
inkov6464: bets $0.20
MissusMac: calls $0.20
K.Stas71: calls $0.20
*** TURN *** [Qs 2c Kc] [3c]
K.Stas71: checks 
inkov6464: bets $0.20
MissusMac: calls $0.20
K.Stas71: calls $0.20
*** RIVER *** [Qs 2c Kc 3c] [7c]
K.Stas71: checks 
inkov6464: bets $0.89
MissusMac: calls $0.89
K.Stas71: folds 
*** SHOW DOWN ***
inkov6464: shows [Ac 5c] (a flush, Ace high)
MissusMac: mucks hand 
inkov6464 collected $3.47 from pot
*** SUMMARY ***
Total pot $3.63 | Rake $0.16 
Board [Qs 2c Kc 3c 7c]
Seat 1: Ready2Rollu (button) folded before Flop (didn't bet)
Seat 2: Mahu2021 (small blind) folded before Flop
Seat 3: K.Stas71 (big blind) folded on the River
Seat 4: 20guette folded before Flop (didn't bet)
Seat 5: inkov6464 showed [Ac 5c] and won ($3.47) with a flush, Ace high
Seat 6: MissusMac mucked [Ts Jc]



PokerStars Zoom Hand #254436861198:  Hold'em No Limit ($0.05/$0.10) - 2025/01/18 21:27:11 CET [2025/01/18 15:27:11 ET]
Table 'Aludra' 6-max Seat #1 is the button
Seat 1: TPS72 ($4.11 in chips) 
Seat 2: Grufva ($16.87 in chips) 
Seat 3: Jhanr ($12.88 in chips) 
Seat 4: rz 75 ($7.44 in chips) 
Seat 5: Mahu2021 ($7.37 in chips) 
Seat 6: tomiema ($7.74 in chips) 
Grufva: posts small blind $0.05
Jhanr: posts big blind $0.10
*** HOLE CARDS ***
Dealt to Mahu2021 [Ah Js]
rz 75: folds 
Mahu2021: raises $0.14 to $0.24
tomiema: folds 
TPS72: folds 
Grufva: folds 
Jhanr: folds 
Uncalled bet ($0.14) returned to Mahu2021
Mahu2021 collected $0.25 from pot
Mahu2021: doesn't show hand 
*** SUMMARY ***
Total pot $0.25 | Rake $0 
Seat 1: TPS72 (button) folded before Flop (didn't bet)
Seat 2: Grufva (small blind) folded before Flop
Seat 3: Jhanr (big blind) folded before Flop
Seat 4: rz 75 folded before Flop (didn't bet)
Seat 5: Mahu2021 collected ($0.25)
Seat 6: tomiema folded before Flop (didn't bet)



PokerStars Zoom Hand #254436857787:  Hold'em No Limit ($0.05/$0.10) - 2025/01/18 21:27:00 CET [2025/01/18 15:27:00 ET]
Table 'Aludra' 6-max Seat #1 is the button
Seat 1: popparin420 ($2.56 in chips) 
Seat 2: ponkotsu_tanuki ($10.05 in chips) 
Seat 3: 42Oedipius ($23.63 in chips) 
Seat 4: D.shadoww ($10 in chips) 
Seat 5: Jajje7 ($17.47 in chips) 
Seat 6: Mahu2021 ($7.37 in chips) 
ponkotsu_tanuki: posts small blind $0.05
42Oedipius: posts big blind $0.10
*** HOLE CARDS ***
Dealt to Mahu2021 [Ac 8h]
D.shadoww: folds 
Jajje7: folds 
Mahu2021: folds 
popparin420: calls $0.10
ponkotsu_tanuki: raises $2.46 to $2.56
42Oedipius: folds 
popparin420: folds 
Uncalled bet ($2.46) returned to ponkotsu_tanuki
ponkotsu_tanuki collected $0.30 from pot
ponkotsu_tanuki: doesn't show hand 
*** SUMMARY ***
Total pot $0.30 | Rake $0 
Seat 1: popparin420 (button) folded before Flop
Seat 2: ponkotsu_tanuki (small blind) collected ($0.30)
Seat 3: 42Oedipius (big blind) folded before Flop
Seat 4: D.shadoww folded before Flop (didn't bet)
Seat 5: Jajje7 folded before Flop (didn't bet)
Seat 6: Mahu2021 folded before Flop (didn't bet)



PokerStars Zoom Hand #254436855283:  Hold'em No Limit ($0.05/$0.10) - 2025/01/18 21:26:52 CET [2025/01/18 15:26:52 ET]
Table 'Aludra' 6-max Seat #1 is the button
Seat 1: Mahu2021 ($7.42 in chips) 
Seat 2: kaikok ($10 in chips) 
Seat 3: Jajje7 ($25.15 in chips) 
Seat 4: Darwivan ($35.48 in chips) 
Seat 5: Maxim_Otto13 ($10.25 in chips) 
Seat 6: Spew82 ($8.33 in chips) 
kaikok: posts small blind $0.05
Jajje7: posts big blind $0.10
*** HOLE CARDS ***
Dealt to Mahu2021 [9h 6s]
Darwivan: raises $0.20 to $0.30
Maxim_Otto13: raises $0.70 to $1
Spew82: folds 
Mahu2021: folds 
kaikok: folds 
Jajje7: folds 
Darwivan: calls $0.70
*** FLOP *** [Ks 9s Td]
Darwivan: checks 
Maxim_Otto13: checks 
*** TURN *** [Ks 9s Td] [3s]
Darwivan: bets $1.03
Maxim_Otto13: calls $1.03
*** RIVER *** [Ks 9s Td 3s] [2c]
Darwivan: bets $2.01
Maxim_Otto13: folds 
Uncalled bet ($2.01) returned to Darwivan
Darwivan collected $4.02 from pot
Darwivan: doesn't show hand 
*** SUMMARY ***
Total pot $4.21 | Rake $0.19 
Board [Ks 9s Td 3s 2c]
Seat 1: Mahu2021 (button) folded before Flop (didn't bet)
Seat 2: kaikok (small blind) folded before Flop
Seat 3: Jajje7 (big blind) folded before Flop
Seat 4: Darwivan collected ($4.02)
Seat 5: Maxim_Otto13 folded on the River
Seat 6: Spew82 folded before Flop (didn't bet)



PokerStars Zoom Hand #254436866844:  Hold'em No Limit ($0.05/$0.10) - 2025/01/18 21:27:29 CET [2025/01/18 15:27:29 ET]
Table 'Aludra' 6-max Seat #1 is the button
Seat 1: Sick7Duece ($21.66 in chips) 
Seat 2: Spew82 ($8.38 in chips) 
Seat 3: Mahu2021 ($7.52 in chips) 
Seat 4: merc2904 ($13.77 in chips) 
Seat 5: lolb0t ($10 in chips) 
Seat 6: silentshowdown ($10 in chips) 
Spew82: posts small blind $0.05
Mahu2021: posts big blind $0.10
*** HOLE CARDS ***
Dealt to Mahu2021 [5c Ac]
merc2904: folds 
lolb0t: folds 
silentshowdown: raises $0.14 to $0.24
Sick7Duece: folds 
Spew82: folds 
Mahu2021: calls $0.14
*** FLOP *** [As 3h 9h]
Mahu2021: checks 
silentshowdown: bets $0.38
Mahu2021: calls $0.38
*** TURN *** [As 3h 9h] [Kh]
Mahu2021: checks 
silentshowdown: bets $1.53
Mahu2021: folds 
Uncalled bet ($1.53) returned to silentshowdown
silentshowdown collected $1.23 from pot
silentshowdown: doesn't show hand 
*** SUMMARY ***
Total pot $1.29 | Rake $0.06 
Board [As 3h 9h Kh]
Seat 1: Sick7Duece (button) folded before Flop (didn't bet)
Seat 2: Spew82 (small blind) folded before Flop
Seat 3: Mahu2021 (big blind) folded on the Turn
Seat 4: merc2904 folded before Flop (didn't bet)
Seat 5: lolb0t folded before Flop (didn't bet)
Seat 6: silentshowdown collected ($1.23)



PokerStars Zoom Hand #254436865552:  Hold'em No Limit ($0.05/$0.10) - 2025/01/18 21:27:25 CET [2025/01/18 15:27:25 ET]
Table 'Aludra' 6-max Seat #1 is the button
Seat 1: Mahu2021 ($7.52 in chips) 
Seat 2: holzhacker1 ($2.35 in chips) 
Seat 3: PNSalgado ($11.68 in chips) 
Seat 4: Matzet1ka ($15.36 in chips) 
Seat 5: Gar7r ($4.37 in chips) 
Seat 6: Whaleshark97 ($11.76 in chips) 
holzhacker1: posts small blind $0.05
PNSalgado: posts big blind $0.10
*** HOLE CARDS ***
Dealt to Mahu2021 [Qc 3d]
Matzet1ka: folds 
Gar7r: raises $0.10 to $0.20
Whaleshark97: raises $0.52 to $0.72
Mahu2021: folds 
holzhacker1: folds 
PNSalgado: folds 
Gar7r: folds 
Uncalled bet ($0.52) returned to Whaleshark97
Whaleshark97 collected $0.55 from pot
Whaleshark97: doesn't show hand 
*** SUMMARY ***
Total pot $0.55 | Rake $0 
Seat 1: Mahu2021 (button) folded before Flop (didn't bet)
Seat 2: holzhacker1 (small blind) folded before Flop
Seat 3: PNSalgado (big blind) folded before Flop
Seat 4: Matzet1ka folded before Flop (didn't bet)
Seat 5: Gar7r folded before Flop
Seat 6: Whaleshark97 collected ($0.55)



PokerStars Zoom Hand #254436874431:  Hold'em No Limit ($0.05/$0.10) - 2025/01/18 21:27:53 CET [2025/01/18 15:27:53 ET]
Table 'Aludra' 6-max Seat #1 is the button
Seat 1: PNSalgado ($10 in chips) 
Seat 2: Mahu2021 ($6.90 in chips) 
Seat 3: IBRODIAN-ACER ($17.82 in chips) 
Seat 4: RH-DK126 ($13.52 in chips) 
Seat 5: lolb0t ($16.88 in chips) 
Seat 6: Fabidro383 ($4.97 in chips) 
Mahu2021: posts small blind $0.05
IBRODIAN-ACER: posts big blind $0.10
*** HOLE CARDS ***
Dealt to Mahu2021 [Th Qd]
RH-DK126: folds 
lolb0t: folds 
Fabidro383: raises $0.10 to $0.20
PNSalgado: folds 
Mahu2021: calls $0.15
IBRODIAN-ACER: folds 
*** FLOP *** [2s 9h 5h]
Mahu2021: checks 
Fabidro383: bets $0.24
Mahu2021: calls $0.24
*** TURN *** [2s 9h 5h] [9s]
Mahu2021: checks 
Fabidro383: checks 
*** RIVER *** [2s 9h 5h 9s] [3c]
Mahu2021: bets $0.94
Fabidro383: folds 
Uncalled bet ($0.94) returned to Mahu2021
Mahu2021 collected $0.94 from pot
Mahu2021: doesn't show hand 
*** SUMMARY ***
Total pot $0.98 | Rake $0.04 
Board [2s 9h 5h 9s 3c]
Seat 1: PNSalgado (button) folded before Flop (didn't bet)
Seat 2: Mahu2021 (small blind) collected ($0.94)
Seat 3: IBRODIAN-ACER (big blind) folded before Flop
Seat 4: RH-DK126 folded before Flop (didn't bet)
Seat 5: lolb0t folded before Flop (didn't bet)
Seat 6: Fabidro383 folded on the River



PokerStars Zoom Hand #254436882556:  Hold'em No Limit ($0.05/$0.10) - 2025/01/18 21:28:20 CET [2025/01/18 15:28:20 ET]
Table 'Aludra' 6-max Seat #1 is the button
Seat 1: Maxim_Otto13 ($10 in chips) 
Seat 2: aintn0way ($23.30 in chips) 
Seat 3: PNSalgado ($29.68 in chips) 
Seat 4: silentshowdown ($10.56 in chips) 
Seat 5: Mahu2021 ($7.40 in chips) 
Seat 6: RH-DK126 ($13.52 in chips) 
aintn0way: posts small blind $0.05
PNSalgado: posts big blind $0.10
*** HOLE CARDS ***
Dealt to Mahu2021 [9c 2h]
silentshowdown: folds 
Mahu2021: folds 
RH-DK126: folds 
Maxim_Otto13: folds 
aintn0way: folds 
Uncalled bet ($0.05) returned to PNSalgado
PNSalgado collected $0.10 from pot
PNSalgado: doesn't show hand 
*** SUMMARY ***
Total pot $0.10 | Rake $0 
Seat 1: Maxim_Otto13 (button) folded before Flop (didn't bet)
Seat 2: aintn0way (small blind) folded before Flop
Seat 3: PNSalgado (big blind) collected ($0.10)
Seat 4: silentshowdown folded before Flop (didn't bet)
Seat 5: Mahu2021 folded before Flop (didn't bet)
Seat 6: RH-DK126 folded before Flop (didn't bet)



PokerStars Zoom Hand #254436884477:  Hold'em No Limit ($0.05/$0.10) - 2025/01/18 21:28:26 CET [2025/01/18 15:28:26 ET]
Table 'Aludra' 6-max Seat #1 is the button
Seat 1: Mahu2021 ($7.40 in chips) 
Seat 2: Matzet1ka ($12.59 in chips) 
Seat 3: Gigo_1423 ($11.35 in chips) 
Seat 4: Gar7r ($4.17 in chips) 
Seat 5: lolb0t ($11.82 in chips) 
Seat 6: kmnfst ($24.72 in chips) 
Matzet1ka: posts small blind $0.05
Gigo_1423: posts big blind $0.10
*** HOLE CARDS ***
Dealt to Mahu2021 [7s 3h]
Gar7r: folds 
lolb0t: folds 
kmnfst: folds 
Mahu2021: folds 
Matzet1ka: folds 
Uncalled bet ($0.05) returned to Gigo_1423
Gigo_1423 collected $0.10 from pot
Gigo_1423: doesn't show hand 
*** SUMMARY ***
Total pot $0.10 | Rake $0 
Seat 1: Mahu2021 (button) folded before Flop (didn't bet)
Seat 2: Matzet1ka (small blind) folded before Flop
Seat 3: Gigo_1423 (big blind) collected ($0.10)
Seat 4: Gar7r folded before Flop (didn't bet)
Seat 5: lolb0t folded before Flop (didn't bet)
Seat 6: kmnfst folded before Flop (didn't bet)



PokerStars Zoom Hand #254436885722:  Hold'em No Limit ($0.05/$0.10) - 2025/01/18 21:28:30 CET [2025/01/18 15:28:30 ET]
Table 'Aludra' 6-max Seat #1 is the button
Seat 1: PNSalgado ($10 in chips) 
Seat 2: merc2904 ($14 in chips) 
Seat 3: holzhacker1 ($2.45 in chips) 
Seat 4: Maxim_Otto13 ($10 in chips) 
Seat 5: Ares_92PL ($11.59 in chips) 
Seat 6: Mahu2021 ($7.40 in chips) 
merc2904: posts small blind $0.05
holzhacker1: posts big blind $0.10
*** HOLE CARDS ***
Dealt to Mahu2021 [7s 3c]
Maxim_Otto13: raises $0.15 to $0.25
Ares_92PL: folds 
Mahu2021: folds 
PNSalgado: folds 
merc2904: folds 
holzhacker1: folds 
Uncalled bet ($0.15) returned to Maxim_Otto13
Maxim_Otto13 collected $0.25 from pot
Maxim_Otto13: doesn't show hand 
*** SUMMARY ***
Total pot $0.25 | Rake $0 
Seat 1: PNSalgado (button) folded before Flop (didn't bet)
Seat 2: merc2904 (small blind) folded before Flop
Seat 3: holzhacker1 (big blind) folded before Flop
Seat 4: Maxim_Otto13 collected ($0.25)
Seat 5: Ares_92PL folded before Flop (didn't bet)
Seat 6: Mahu2021 folded before Flop (didn't bet)



PokerStars Zoom Hand #254436883734:  Hold'em No Limit ($0.05/$0.10) - 2025/01/18 21:28:24 CET [2025/01/18 15:28:24 ET]
Table 'Aludra' 6-max Seat #1 is the button
Seat 1: Grufva ($16.82 in chips) 
Seat 2: Yogui_jos ($15.07 in chips) 
Seat 3: Ellerloewe ($7.40 in chips) 
Seat 4: Mahu2021 ($7.40 in chips) 
Seat 5: D.shadoww ($10.39 in chips) 
Seat 6: Bbyoda79 ($31.35 in chips) 
Yogui_jos: posts small blind $0.05
Ellerloewe: posts big blind $0.10
*** HOLE CARDS ***
Dealt to Mahu2021 [9d 3s]
Mahu2021: folds 
D.shadoww: folds 
Bbyoda79: folds 
Grufva: raises $0.15 to $0.25
Yogui_jos: raises $0.95 to $1.20
Ellerloewe: folds 
Grufva: folds 
Uncalled bet ($0.95) returned to Yogui_jos
Yogui_jos collected $0.60 from pot
Yogui_jos: doesn't show hand 
*** SUMMARY ***
Total pot $0.60 | Rake $0 
Seat 1: Grufva (button) folded before Flop
Seat 2: Yogui_jos (small blind) collected ($0.60)
Seat 3: Ellerloewe (big blind) folded before Flop
Seat 4: Mahu2021 folded before Flop (didn't bet)
Seat 5: D.shadoww folded before Flop (didn't bet)
Seat 6: Bbyoda79 folded before Flop (didn't bet)



PokerStars Zoom Hand #254436888160:  Hold'em No Limit ($0.05/$0.10) - 2025/01/18 21:28:38 CET [2025/01/18 15:28:38 ET]
Table 'Aludra' 6-max Seat #1 is the button
Seat 1: Whaleshark97 ($11.96 in chips) 
Seat 2: Grufva ($11.67 in chips) 
Seat 3: Mahu2021 ($7.40 in chips) 
Seat 4: merc2904 ($13.95 in chips) 
Seat 5: MarioBoNu ($0.81 in chips) 
Seat 6: ValenFer777 ($18.49 in chips) 
Grufva: posts small blind $0.05
Mahu2021: posts big blind $0.10
*** HOLE CARDS ***
Dealt to Mahu2021 [9d Qd]
merc2904: folds 
MarioBoNu: folds 
ValenFer777: raises $0.14 to $0.24
Whaleshark97: folds 
Grufva: raises $0.81 to $1.05
Mahu2021: folds 
ValenFer777: folds 
Uncalled bet ($0.81) returned to Grufva
Grufva collected $0.58 from pot
Grufva: doesn't show hand 
*** SUMMARY ***
Total pot $0.58 | Rake $0 
Seat 1: Whaleshark97 (button) folded before Flop (didn't bet)
Seat 2: Grufva (small blind) collected ($0.58)
Seat 3: Mahu2021 (big blind) folded before Flop
Seat 4: merc2904 folded before Flop (didn't bet)
Seat 5: MarioBoNu folded before Flop (didn't bet)
Seat 6: ValenFer777 folded before Flop



PokerStars Zoom Hand #254436893077:  Hold'em No Limit ($0.05/$0.10) - 2025/01/18 21:28:54 CET [2025/01/18 15:28:54 ET]
Table 'Aludra' 6-max Seat #1 is the button
Seat 1: rodrig885751 ($3.59 in chips) 
Seat 2: Mahu2021 ($7.30 in chips) 
Seat 3: CELESTINA979 ($2.77 in chips) 
Seat 4: 42Oedipius ($23.08 in chips) 
Seat 5: Gar7r ($4.02 in chips) 
Seat 6: PNSalgado ($11.28 in chips) 
Mahu2021: posts small blind $0.05
CELESTINA979: posts big blind $0.10
*** HOLE CARDS ***
Dealt to Mahu2021 [Jd 3d]
42Oedipius: folds 
Gar7r: folds 
PNSalgado: folds 
rodrig885751: folds 
Mahu2021: folds 
Uncalled bet ($0.05) returned to CELESTINA979
CELESTINA979 collected $0.10 from pot
CELESTINA979: doesn't show hand 
*** SUMMARY ***
Total pot $0.10 | Rake $0 
Seat 1: rodrig885751 (button) folded before Flop (didn't bet)
Seat 2: Mahu2021 (small blind) folded before Flop
Seat 3: CELESTINA979 (big blind) collected ($0.10)
Seat 4: 42Oedipius folded before Flop (didn't bet)
Seat 5: Gar7r folded before Flop (didn't bet)
Seat 6: PNSalgado folded before Flop (didn't bet)



PokerStars Zoom Hand #254436895609:  Hold'em No Limit ($0.05/$0.10) - 2025/01/18 21:29:02 CET [2025/01/18 15:29:02 ET]
Table 'Aludra' 6-max Seat #1 is the button
Seat 1: Thegraceofgod ($11.04 in chips) 
Seat 2: Fabidro383 ($4.86 in chips) 
Seat 3: qik1111 ($19.76 in chips) 
Seat 4: Mahu2021 ($7.25 in chips) 
Seat 5: aintn0way ($24.06 in chips) 
Seat 6: ponkotsu_tanuki ($10 in chips) 
Fabidro383: posts small blind $0.05
qik1111: posts big blind $0.10
*** HOLE CARDS ***
Dealt to Mahu2021 [Kc Th]
Mahu2021: folds 
aintn0way: folds 
ponkotsu_tanuki: folds 
Thegraceofgod: folds 
Fabidro383: folds 
Uncalled bet ($0.05) returned to qik1111
qik1111 collected $0.10 from pot
qik1111: doesn't show hand 
*** SUMMARY ***
Total pot $0.10 | Rake $0 
Seat 1: Thegraceofgod (button) folded before Flop (didn't bet)
Seat 2: Fabidro383 (small blind) folded before Flop
Seat 3: qik1111 (big blind) collected ($0.10)
Seat 4: Mahu2021 folded before Flop (didn't bet)
Seat 5: aintn0way folded before Flop (didn't bet)
Seat 6: ponkotsu_tanuki folded before Flop (didn't bet)



PokerStars Zoom Hand #254436886963:  Hold'em No Limit ($0.05/$0.10) - 2025/01/18 21:28:34 CET [2025/01/18 15:28:34 ET]
Table 'Aludra' 6-max Seat #1 is the button
Seat 1: ponkotsu_tanuki ($10 in chips) 
Seat 2: Whaleshark97 ($12.01 in chips) 
Seat 3: Tjllinderman ($10 in chips) 
Seat 4: Jajje7 ($28.09 in chips) 
Seat 5: Mahu2021 ($7.40 in chips) 
Seat 6: PNSalgado ($29.73 in chips) 
Whaleshark97: posts small blind $0.05
Tjllinderman: posts big blind $0.10
*** HOLE CARDS ***
Dealt to Mahu2021 [8s Tc]
Jajje7: folds 
Mahu2021: folds 
PNSalgado: raises $0.15 to $0.25
ponkotsu_tanuki: folds 
Whaleshark97: folds 
Tjllinderman: calls $0.15
*** FLOP *** [7s 2h Ad]
Tjllinderman: checks 
PNSalgado: checks 
*** TURN *** [7s 2h Ad] [8c]
Tjllinderman: bets $0.27
PNSalgado: calls $0.27
*** RIVER *** [7s 2h Ad 8c] [Kd]
Tjllinderman: checks 
PNSalgado: checks 
*** SHOW DOWN ***
Tjllinderman: shows [9c Jh] (high card Ace)
PNSalgado: shows [6d 6h] (a pair of Sixes)
PNSalgado collected $1.04 from pot
*** SUMMARY ***
Total pot $1.09 | Rake $0.05 
Board [7s 2h Ad 8c Kd]
Seat 1: ponkotsu_tanuki (button) folded before Flop (didn't bet)
Seat 2: Whaleshark97 (small blind) folded before Flop
Seat 3: Tjllinderman (big blind) showed [9c Jh] and lost with high card Ace
Seat 4: Jajje7 folded before Flop (didn't bet)
Seat 5: Mahu2021 folded before Flop (didn't bet)
Seat 6: PNSalgado showed [6d 6h] and won ($1.04) with a pair of Sixes



PokerStars Zoom Hand #254436896908:  Hold'em No Limit ($0.05/$0.10) - 2025/01/18 21:29:06 CET [2025/01/18 15:29:06 ET]
Table 'Aludra' 6-max Seat #1 is the button
Seat 1: Mahu2021 ($7.25 in chips) 
Seat 2: Wish Kang ($14.21 in chips) 
Seat 3: Ready2Rollu ($10 in chips) 
Seat 4: ValenFer777 ($22.37 in chips) 
Seat 5: D.shadoww ($51.61 in chips) 
Seat 6: Jajje7 ($24.60 in chips) 
Wish Kang: posts small blind $0.05
Ready2Rollu: posts big blind $0.10
*** HOLE CARDS ***
Dealt to Mahu2021 [8d Jd]
ValenFer777: folds 
D.shadoww: raises $0.10 to $0.20
Jajje7: folds 
Mahu2021: calls $0.20
Wish Kang: folds 
Ready2Rollu: folds 
*** FLOP *** [4c Ks 5c]
D.shadoww: checks 
Mahu2021: checks 
*** TURN *** [4c Ks 5c] [6c]
D.shadoww: checks 
Mahu2021: bets $0.53
D.shadoww: folds 
Uncalled bet ($0.53) returned to Mahu2021
Mahu2021 collected $0.53 from pot
Mahu2021: doesn't show hand 
*** SUMMARY ***
Total pot $0.55 | Rake $0.02 
Board [4c Ks 5c 6c]
Seat 1: Mahu2021 (button) collected ($0.53)
Seat 2: Wish Kang (small blind) folded before Flop
Seat 3: Ready2Rollu (big blind) folded before Flop
Seat 4: ValenFer777 folded before Flop (didn't bet)
Seat 5: D.shadoww folded on the Turn
Seat 6: Jajje7 folded before Flop (didn't bet)



PokerStars Zoom Hand #254436894381:  Hold'em No Limit ($0.05/$0.10) - 2025/01/18 21:28:58 CET [2025/01/18 15:28:58 ET]
Table 'Aludra' 6-max Seat #1 is the button
Seat 1: Gigo_1423 ($11.50 in chips) 
Seat 2: BitencourtM2 ($10.45 in chips) 
Seat 3: hiding.by ($10 in chips) 
Seat 4: Stephan61 ($9.44 in chips) 
Seat 5: andrejklp115 ($5.87 in chips) 
Seat 6: Mahu2021 ($7.25 in chips) 
BitencourtM2: posts small blind $0.05
hiding.by: posts big blind $0.10
*** HOLE CARDS ***
Dealt to Mahu2021 [5s Qh]
Stephan61: folds 
andrejklp115: folds 
Mahu2021: folds 
Gigo_1423: folds 
BitencourtM2: raises $0.20 to $0.30
hiding.by: raises $0.70 to $1
BitencourtM2: calls $0.70
*** FLOP *** [3s 8d Jd]
BitencourtM2: checks 
hiding.by: checks 
*** TURN *** [3s 8d Jd] [9s]
BitencourtM2: bets $0.63
hiding.by: folds 
Uncalled bet ($0.63) returned to BitencourtM2
BitencourtM2 collected $1.91 from pot
BitencourtM2: doesn't show hand 
*** SUMMARY ***
Total pot $2 | Rake $0.09 
Board [3s 8d Jd 9s]
Seat 1: Gigo_1423 (button) folded before Flop (didn't bet)
Seat 2: BitencourtM2 (small blind) collected ($1.91)
Seat 3: hiding.by (big blind) folded on the Turn
Seat 4: Stephan61 folded before Flop (didn't bet)
Seat 5: andrejklp115 folded before Flop (didn't bet)
Seat 6: Mahu2021 folded before Flop (didn't bet)



PokerStars Zoom Hand #254436914213:  Hold'em No Limit ($0.05/$0.10) - 2025/01/18 21:30:01 CET [2025/01/18 15:30:01 ET]
Table 'Aludra' 6-max Seat #1 is the button
Seat 1: pougia777 ($10 in chips) 
Seat 2: Thegraceofgod ($10.79 in chips) 
Seat 3: lolb0t ($10 in chips) 
Seat 4: IBRODIAN-ACER ($10.28 in chips) 
Seat 5: Mahu2021 ($7.48 in chips) 
Seat 6: andrejklp115 ($5.17 in chips) 
Thegraceofgod: posts small blind $0.05
lolb0t: posts big blind $0.10
*** HOLE CARDS ***
Dealt to Mahu2021 [8h 2c]
IBRODIAN-ACER: raises $0.20 to $0.30
Mahu2021: folds 
andrejklp115: folds 
pougia777: folds 
Thegraceofgod: folds 
lolb0t: folds 
Uncalled bet ($0.20) returned to IBRODIAN-ACER
IBRODIAN-ACER collected $0.25 from pot
IBRODIAN-ACER: doesn't show hand 
*** SUMMARY ***
Total pot $0.25 | Rake $0 
Seat 1: pougia777 (button) folded before Flop (didn't bet)
Seat 2: Thegraceofgod (small blind) folded before Flop
Seat 3: lolb0t (big blind) folded before Flop
Seat 4: IBRODIAN-ACER collected ($0.25)
Seat 5: Mahu2021 folded before Flop (didn't bet)
Seat 6: andrejklp115 folded before Flop (didn't bet)



PokerStars Zoom Hand #254436911040:  Hold'em No Limit ($0.05/$0.10) - 2025/01/18 21:29:51 CET [2025/01/18 15:29:51 ET]
Table 'Aludra' 6-max Seat #1 is the button
Seat 1: CDMPKR ($10 in chips) 
Seat 2: Whaleshark97 ($12.32 in chips) 
Seat 3: Mahu2021 ($7.58 in chips) 
Seat 4: Ares_92PL ($16.02 in chips) 
Seat 5: läski mursu ($12.08 in chips) 
Seat 6: lolb0t ($10 in chips) 
Whaleshark97: posts small blind $0.05
Mahu2021: posts big blind $0.10
*** HOLE CARDS ***
Dealt to Mahu2021 [4c Tc]
Ares_92PL: folds 
läski mursu: raises $0.12 to $0.22
lolb0t: folds 
CDMPKR: folds 
Whaleshark97: calls $0.17
Mahu2021: folds 
*** FLOP *** [Kh Td 8c]
Whaleshark97: checks 
läski mursu: bets $0.17
Whaleshark97: folds 
Uncalled bet ($0.17) returned to läski mursu
läski mursu collected $0.52 from pot
läski mursu: doesn't show hand 
*** SUMMARY ***
Total pot $0.54 | Rake $0.02 
Board [Kh Td 8c]
Seat 1: CDMPKR (button) folded before Flop (didn't bet)
Seat 2: Whaleshark97 (small blind) folded on the Flop
Seat 3: Mahu2021 (big blind) folded before Flop
Seat 4: Ares_92PL folded before Flop (didn't bet)
Seat 5: läski mursu collected ($0.52)
Seat 6: lolb0t folded before Flop (didn't bet)



PokerStars Zoom Hand #254436920327:  Hold'em No Limit ($0.05/$0.10) - 2025/01/18 21:30:21 CET [2025/01/18 15:30:21 ET]
Table 'Aludra' 6-max Seat #1 is the button
Seat 1: silentshowdown ($10 in chips) 
Seat 2: qik1111 ($20.82 in chips) 
Seat 3: Mahu2021 ($7.43 in chips) 
Seat 4: andrejklp115 ($5.07 in chips) 
Seat 5: Ares_92PL ($16.02 in chips) 
Seat 6: RenoRosco ($21.30 in chips) 
qik1111: posts small blind $0.05
Mahu2021: posts big blind $0.10
*** HOLE CARDS ***
Dealt to Mahu2021 [6d 4s]
andrejklp115: folds 
Ares_92PL: folds 
RenoRosco: folds 
silentshowdown: folds 
qik1111: folds 
Uncalled bet ($0.05) returned to Mahu2021
Mahu2021 collected $0.10 from pot
Mahu2021: doesn't show hand 
*** SUMMARY ***
Total pot $0.10 | Rake $0 
Seat 1: silentshowdown (button) folded before Flop (didn't bet)
Seat 2: qik1111 (small blind) folded before Flop
Seat 3: Mahu2021 (big blind) collected ($0.10)
Seat 4: andrejklp115 folded before Flop (didn't bet)
Seat 5: Ares_92PL folded before Flop (didn't bet)
Seat 6: RenoRosco folded before Flop (didn't bet)



PokerStars Zoom Hand #254436915702:  Hold'em No Limit ($0.05/$0.10) - 2025/01/18 21:30:06 CET [2025/01/18 15:30:06 ET]
Table 'Aludra' 6-max Seat #1 is the button
Seat 1: Bur1k ($5 in chips) 
Seat 2: Jhanr ($9.66 in chips) 
Seat 3: BitencourtM2 ($11.36 in chips) 
Seat 4: ponkotsu_tanuki ($10 in chips) 
Seat 5: merc2904 ($13.25 in chips) 
Seat 6: Mahu2021 ($7.48 in chips) 
Jhanr: posts small blind $0.05
BitencourtM2: posts big blind $0.10
*** HOLE CARDS ***
Dealt to Mahu2021 [8c 5c]
ponkotsu_tanuki: folds 
merc2904: folds 
Mahu2021: folds 
Bur1k: raises $0.15 to $0.25
Jhanr: folds 
BitencourtM2: folds 
Uncalled bet ($0.15) returned to Bur1k
Bur1k collected $0.25 from pot
Bur1k: doesn't show hand 
*** SUMMARY ***
Total pot $0.25 | Rake $0 
Seat 1: Bur1k (button) collected ($0.25)
Seat 2: Jhanr (small blind) folded before Flop
Seat 3: BitencourtM2 (big blind) folded before Flop
Seat 4: ponkotsu_tanuki folded before Flop (didn't bet)
Seat 5: merc2904 folded before Flop (didn't bet)
Seat 6: Mahu2021 folded before Flop (didn't bet)



PokerStars Zoom Hand #254436918392:  Hold'em No Limit ($0.05/$0.10) - 2025/01/18 21:30:15 CET [2025/01/18 15:30:15 ET]
Table 'Aludra' 6-max Seat #1 is the button
Seat 1: Mahu2021 ($7.43 in chips) 
Seat 2: BGold999 ($7.74 in chips) 
Seat 3: lolb0t ($10 in chips) 
Seat 4: pompom333 ($13.93 in chips) 
Seat 5: Ready2Rollu ($10 in chips) 
Seat 6: TilTheEnd982 ($11.40 in chips) 
BGold999: posts small blind $0.05
lolb0t: posts big blind $0.10
*** HOLE CARDS ***
Dealt to Mahu2021 [6s 5d]
pompom333: folds 
Ready2Rollu: folds 
TilTheEnd982: folds 
Mahu2021: folds 
BGold999: calls $0.05
lolb0t: checks 
*** FLOP *** [Td Qd 8h]
BGold999: checks 
lolb0t: bets $0.13
BGold999: calls $0.13
*** TURN *** [Td Qd 8h] [2h]
BGold999: checks 
lolb0t: bets $0.44
BGold999: folds 
Uncalled bet ($0.44) returned to lolb0t
lolb0t collected $0.44 from pot
lolb0t: doesn't show hand 
*** SUMMARY ***
Total pot $0.46 | Rake $0.02 
Board [Td Qd 8h 2h]
Seat 1: Mahu2021 (button) folded before Flop (didn't bet)
Seat 2: BGold999 (small blind) folded on the Turn
Seat 3: lolb0t (big blind) collected ($0.44)
Seat 4: pompom333 folded before Flop (didn't bet)
Seat 5: Ready2Rollu folded before Flop (didn't bet)
Seat 6: TilTheEnd982 folded before Flop (didn't bet)



PokerStars Zoom Hand #254436924670:  Hold'em No Limit ($0.05/$0.10) - 2025/01/18 21:30:35 CET [2025/01/18 15:30:35 ET]
Table 'Aludra' 6-max Seat #1 is the button
Seat 1: pougia777 ($10.23 in chips) 
Seat 2: läski mursu ($12.38 in chips) 
Seat 3: Bur1k ($5 in chips) 
Seat 4: Mahu2021 ($7.48 in chips) 
Seat 5: Grufva ($13.68 in chips) 
Seat 6: BitencourtM2 ($10 in chips) 
läski mursu: posts small blind $0.05
Bur1k: posts big blind $0.10
*** HOLE CARDS ***
Dealt to Mahu2021 [6h 6d]
Mahu2021: folds 
Grufva: folds 
BitencourtM2: raises $0.15 to $0.25
pougia777: folds 
läski mursu: folds 
Bur1k: folds 
Uncalled bet ($0.15) returned to BitencourtM2
BitencourtM2 collected $0.25 from pot
BitencourtM2: doesn't show hand 
*** SUMMARY ***
Total pot $0.25 | Rake $0 
Seat 1: pougia777 (button) folded before Flop (didn't bet)
Seat 2: läski mursu (small blind) folded before Flop
Seat 3: Bur1k (big blind) folded before Flop
Seat 4: Mahu2021 folded before Flop (didn't bet)
Seat 5: Grufva folded before Flop (didn't bet)
Seat 6: BitencourtM2 collected ($0.25)



PokerStars Zoom Hand #254436917166:  Hold'em No Limit ($0.05/$0.10) - 2025/01/18 21:30:11 CET [2025/01/18 15:30:11 ET]
Table 'Aludra' 6-max Seat #1 is the button
Seat 1: läski mursu ($24.41 in chips) 
Seat 2: Mahu2021 ($7.48 in chips) 
Seat 3: IEVAL ($22.92 in chips) 
Seat 4: burley180 ($11.04 in chips) 
Seat 5: BGold999 ($7.74 in chips) 
Seat 6: 20guette ($10 in chips) 
Mahu2021: posts small blind $0.05
IEVAL: posts big blind $0.10
*** HOLE CARDS ***
Dealt to Mahu2021 [Qs 2s]
burley180: folds 
BGold999: folds 
20guette: raises $0.20 to $0.30
läski mursu: folds 
Mahu2021: folds 
IEVAL: calls $0.20
*** FLOP *** [2c Ah 7h]
IEVAL: checks 
20guette: bets $0.37
IEVAL: calls $0.37
*** TURN *** [2c Ah 7h] [9s]
IEVAL: checks 
20guette: bets $0.80
IEVAL: calls $0.80
*** RIVER *** [2c Ah 7h 9s] [9h]
IEVAL: checks 
20guette: checks 
*** SHOW DOWN ***
IEVAL: shows [Jh Ac] (two pair, Aces and Nines)
20guette: mucks hand 
IEVAL collected $2.86 from pot
*** SUMMARY ***
Total pot $2.99 | Rake $0.13 
Board [2c Ah 7h 9s 9h]
Seat 1: läski mursu (button) folded before Flop (didn't bet)
Seat 2: Mahu2021 (small blind) folded before Flop
Seat 3: IEVAL (big blind) showed [Jh Ac] and won ($2.86) with two pair, Aces and Nines
Seat 4: burley180 folded before Flop (didn't bet)
Seat 5: BGold999 folded before Flop (didn't bet)
Seat 6: 20guette mucked [Tc Ad]



PokerStars Zoom Hand #254436925970:  Hold'em No Limit ($0.05/$0.10) - 2025/01/18 21:30:39 CET [2025/01/18 15:30:39 ET]
Table 'Aludra' 6-max Seat #1 is the button
Seat 1: rz 75 ($9.33 in chips) 
Seat 2: Mahu2021 ($7.48 in chips) 
Seat 3: Spew82 ($7.13 in chips) 
Seat 4: SgtoAntrx ($5.16 in chips) 
Seat 5: Whaleshark97 ($10 in chips) 
Seat 6: Darwivan ($31.40 in chips) 
Mahu2021: posts small blind $0.05
Spew82: posts big blind $0.10
*** HOLE CARDS ***
Dealt to Mahu2021 [4c 4s]
SgtoAntrx: folds 
Whaleshark97: folds 
Darwivan: folds 
rz 75: raises $0.10 to $0.20
Mahu2021: calls $0.15
Spew82: calls $0.10
*** FLOP *** [Qc 3h 3s]
Mahu2021: bets $0.20
Spew82: calls $0.20
rz 75: folds 
*** TURN *** [Qc 3h 3s] [7h]
Mahu2021: checks 
Spew82: bets $0.30
Mahu2021: folds 
Uncalled bet ($0.30) returned to Spew82
Spew82 collected $0.96 from pot
Spew82: doesn't show hand 
*** SUMMARY ***
Total pot $1 | Rake $0.04 
Board [Qc 3h 3s 7h]
Seat 1: rz 75 (button) folded on the Flop
Seat 2: Mahu2021 (small blind) folded on the Turn
Seat 3: Spew82 (big blind) collected ($0.96)
Seat 4: SgtoAntrx folded before Flop (didn't bet)
Seat 5: Whaleshark97 folded before Flop (didn't bet)
Seat 6: Darwivan folded before Flop (didn't bet)



PokerStars Zoom Hand #254436936524:  Hold'em No Limit ($0.05/$0.10) - 2025/01/18 21:31:13 CET [2025/01/18 15:31:13 ET]
Table 'Aludra' 6-max Seat #1 is the button
Seat 1: Jhanr ($16.80 in chips) 
Seat 2: Jajje7 ($27.64 in chips) 
Seat 3: honEybOOx ($15.23 in chips) 
Seat 4: CraigCasey88 ($12.96 in chips) 
Seat 5: Yogui_jos ($27.13 in chips) 
Seat 6: Mahu2021 ($7.08 in chips) 
Jajje7: posts small blind $0.05
honEybOOx: posts big blind $0.10
*** HOLE CARDS ***
Dealt to Mahu2021 [Jc 3c]
CraigCasey88: folds 
Yogui_jos: folds 
Mahu2021: folds 
Jhanr: folds 
Jajje7: folds 
Uncalled bet ($0.05) returned to honEybOOx
honEybOOx collected $0.10 from pot
honEybOOx: doesn't show hand 
*** SUMMARY ***
Total pot $0.10 | Rake $0 
Seat 1: Jhanr (button) folded before Flop (didn't bet)
Seat 2: Jajje7 (small blind) folded before Flop
Seat 3: honEybOOx (big blind) collected ($0.10)
Seat 4: CraigCasey88 folded before Flop (didn't bet)
Seat 5: Yogui_jos folded before Flop (didn't bet)
Seat 6: Mahu2021 folded before Flop (didn't bet)



PokerStars Zoom Hand #254436935441:  Hold'em No Limit ($0.05/$0.10) - 2025/01/18 21:31:10 CET [2025/01/18 15:31:10 ET]
Table 'Aludra' 6-max Seat #1 is the button
Seat 1: Gar7r ($5.49 in chips) 
Seat 2: ConSuerte73 ($12.98 in chips) 
Seat 3: Jajje7 ($38.47 in chips) 
Seat 4: Mahu2021 ($7.08 in chips) 
Seat 5: Matzet1ka ($11.23 in chips) 
Seat 6: carolientje0 ($6.12 in chips) 
ConSuerte73: posts small blind $0.05
Jajje7: posts big blind $0.10
*** HOLE CARDS ***
Dealt to Mahu2021 [7h 9c]
Mahu2021: folds 
Matzet1ka: folds 
carolientje0: raises $0.20 to $0.30
Gar7r: folds 
ConSuerte73: folds 
Jajje7: folds 
Uncalled bet ($0.20) returned to carolientje0
carolientje0 collected $0.25 from pot
carolientje0: doesn't show hand 
*** SUMMARY ***
Total pot $0.25 | Rake $0 
Seat 1: Gar7r (button) folded before Flop (didn't bet)
Seat 2: ConSuerte73 (small blind) folded before Flop
Seat 3: Jajje7 (big blind) folded before Flop
Seat 4: Mahu2021 folded before Flop (didn't bet)
Seat 5: Matzet1ka folded before Flop (didn't bet)
Seat 6: carolientje0 collected ($0.25)



PokerStars Zoom Hand #254436937487:  Hold'em No Limit ($0.05/$0.10) - 2025/01/18 21:31:16 CET [2025/01/18 15:31:16 ET]
Table 'Aludra' 6-max Seat #1 is the button
Seat 1: Ready2Rollu ($10.61 in chips) 
Seat 2: HUMANRAKER ($5.38 in chips) 
Seat 3: rz 75 ($9.08 in chips) 
Seat 4: mynutsmakemoney ($7.13 in chips) 
Seat 5: Mahu2021 ($7.08 in chips) 
Seat 6: Jajje7 ($27.59 in chips) 
HUMANRAKER: posts small blind $0.05
rz 75: posts big blind $0.10
*** HOLE CARDS ***
Dealt to Mahu2021 [Th 8c]
mynutsmakemoney: folds 
Mahu2021: folds 
Jajje7: folds 
Ready2Rollu: folds 
HUMANRAKER: raises $0.20 to $0.30
rz 75: folds 
Uncalled bet ($0.20) returned to HUMANRAKER
HUMANRAKER collected $0.20 from pot
HUMANRAKER: doesn't show hand 
*** SUMMARY ***
Total pot $0.20 | Rake $0 
Seat 1: Ready2Rollu (button) folded before Flop (didn't bet)
Seat 2: HUMANRAKER (small blind) collected ($0.20)
Seat 3: rz 75 (big blind) folded before Flop
Seat 4: mynutsmakemoney folded before Flop (didn't bet)
Seat 5: Mahu2021 folded before Flop (didn't bet)
Seat 6: Jajje7 folded before Flop (didn't bet)



PokerStars Zoom Hand #254436938912:  Hold'em No Limit ($0.05/$0.10) - 2025/01/18 21:31:21 CET [2025/01/18 15:31:21 ET]
Table 'Aludra' 6-max Seat #1 is the button
Seat 1: rodrig885751 ($4.17 in chips) 
Seat 2: Acefelix ($10.89 in chips) 
Seat 3: andrejklp115 ($6.20 in chips) 
Seat 4: Jajje7 ($38.37 in chips) 
Seat 5: Mahu2021 ($7.08 in chips) 
Seat 6: Fabidro383 ($4.63 in chips) 
Acefelix: posts small blind $0.05
andrejklp115: posts big blind $0.10
*** HOLE CARDS ***
Dealt to Mahu2021 [Ad 8h]
Jajje7: folds 
Mahu2021: folds 
Fabidro383: folds 
rodrig885751: folds 
Acefelix: folds 
Uncalled bet ($0.05) returned to andrejklp115
andrejklp115 collected $0.10 from pot
andrejklp115: doesn't show hand 
*** SUMMARY ***
Total pot $0.10 | Rake $0 
Seat 1: rodrig885751 (button) folded before Flop (didn't bet)
Seat 2: Acefelix (small blind) folded before Flop
Seat 3: andrejklp115 (big blind) collected ($0.10)
Seat 4: Jajje7 folded before Flop (didn't bet)
Seat 5: Mahu2021 folded before Flop (didn't bet)
Seat 6: Fabidro383 folded before Flop (didn't bet)



PokerStars Zoom Hand #254436940622:  Hold'em No Limit ($0.05/$0.10) - 2025/01/18 21:31:26 CET [2025/01/18 15:31:26 ET]
Table 'Aludra' 6-max Seat #1 is the button
Seat 1: Mahu2021 ($7.08 in chips) 
Seat 2: Whaleshark97 ($10 in chips) 
Seat 3: foili ($19.98 in chips) 
Seat 4: Jhanr ($16.80 in chips) 
Seat 5: mynutsmakemoney ($7.08 in chips) 
Seat 6: kaikok ($30.16 in chips) 
Whaleshark97: posts small blind $0.05
foili: posts big blind $0.10
*** HOLE CARDS ***
Dealt to Mahu2021 [3h 7h]
Jhanr: raises $0.13 to $0.23
mynutsmakemoney: folds 
kaikok: folds 
Mahu2021: folds 
Whaleshark97: folds 
foili: folds 
Uncalled bet ($0.13) returned to Jhanr
Jhanr collected $0.25 from pot
Jhanr: doesn't show hand 
*** SUMMARY ***
Total pot $0.25 | Rake $0 
Seat 1: Mahu2021 (button) folded before Flop (didn't bet)
Seat 2: Whaleshark97 (small blind) folded before Flop
Seat 3: foili (big blind) folded before Flop
Seat 4: Jhanr collected ($0.25)
Seat 5: mynutsmakemoney folded before Flop (didn't bet)
Seat 6: kaikok folded before Flop (didn't bet)



PokerStars Zoom Hand #254436946425:  Hold'em No Limit ($0.05/$0.10) - 2025/01/18 21:31:46 CET [2025/01/18 15:31:46 ET]
Table 'Aludra' 6-max Seat #1 is the button
Seat 1: K.Stas71 ($5.85 in chips) 
Seat 2: PNSalgado ($39.30 in chips) 
Seat 3: RazmoMits ($10.10 in chips) 
Seat 4: Ready2Rollu ($10.51 in chips) 
Seat 5: carolientje0 ($6.69 in chips) 
Seat 6: Mahu2021 ($6.93 in chips) 
PNSalgado: posts small blind $0.05
RazmoMits: posts big blind $0.10
*** HOLE CARDS ***
Dealt to Mahu2021 [4c Jc]
Ready2Rollu: folds 
carolientje0: folds 
Mahu2021: folds 
K.Stas71: folds 
PNSalgado: folds 
Uncalled bet ($0.05) returned to RazmoMits
RazmoMits collected $0.10 from pot
RazmoMits: doesn't show hand 
*** SUMMARY ***
Total pot $0.10 | Rake $0 
Seat 1: K.Stas71 (button) folded before Flop (didn't bet)
Seat 2: PNSalgado (small blind) folded before Flop
Seat 3: RazmoMits (big blind) collected ($0.10)
Seat 4: Ready2Rollu folded before Flop (didn't bet)
Seat 5: carolientje0 folded before Flop (didn't bet)
Seat 6: Mahu2021 folded before Flop (didn't bet)



PokerStars Zoom Hand #254436947479:  Hold'em No Limit ($0.05/$0.10) - 2025/01/18 21:31:49 CET [2025/01/18 15:31:49 ET]
Table 'Aludra' 6-max Seat #1 is the button
Seat 1: merc2904 ($10.42 in chips) 
Seat 2: läski mursu ($24.63 in chips) 
Seat 3: CDMPKR ($10 in chips) 
Seat 4: Mahu2021 ($6.93 in chips) 
Seat 5: Matzet1ka ($12.66 in chips) 
Seat 6: burley180 ($11.80 in chips) 
läski mursu: posts small blind $0.05
CDMPKR: posts big blind $0.10
*** HOLE CARDS ***
Dealt to Mahu2021 [2h Qd]
Mahu2021: folds 
Matzet1ka: folds 
burley180: folds 
merc2904: folds 
läski mursu: folds 
Uncalled bet ($0.05) returned to CDMPKR
CDMPKR collected $0.10 from pot
CDMPKR: doesn't show hand 
*** SUMMARY ***
Total pot $0.10 | Rake $0 
Seat 1: merc2904 (button) folded before Flop (didn't bet)
Seat 2: läski mursu (small blind) folded before Flop
Seat 3: CDMPKR (big blind) collected ($0.10)
Seat 4: Mahu2021 folded before Flop (didn't bet)
Seat 5: Matzet1ka folded before Flop (didn't bet)
Seat 6: burley180 folded before Flop (didn't bet)



PokerStars Zoom Hand #254436943756:  Hold'em No Limit ($0.05/$0.10) - 2025/01/18 21:31:37 CET [2025/01/18 15:31:37 ET]
Table 'Aludra' 6-max Seat #1 is the button
Seat 1: PNSalgado ($15.08 in chips) 
Seat 2: RenoRosco ($21.18 in chips) 
Seat 3: Fabidro383 ($4.63 in chips) 
Seat 4: Mahu2021 ($6.98 in chips) 
Seat 5: burley180 ($10.82 in chips) 
Seat 6: BitencourtM2 ($13.49 in chips) 
RenoRosco: posts small blind $0.05
Fabidro383: posts big blind $0.10
*** HOLE CARDS ***
Dealt to Mahu2021 [9s 2c]
Mahu2021: folds 
burley180: folds 
BitencourtM2: raises $0.15 to $0.25
PNSalgado: folds 
RenoRosco: folds 
Fabidro383: calls $0.15
*** FLOP *** [4h 5c 5h]
Fabidro383: checks 
BitencourtM2: checks 
*** TURN *** [4h 5c 5h] [7s]
Fabidro383: bets $0.27
BitencourtM2: folds 
Uncalled bet ($0.27) returned to Fabidro383
Fabidro383 collected $0.53 from pot
Fabidro383: doesn't show hand 
*** SUMMARY ***
Total pot $0.55 | Rake $0.02 
Board [4h 5c 5h 7s]
Seat 1: PNSalgado (button) folded before Flop (didn't bet)
Seat 2: RenoRosco (small blind) folded before Flop
Seat 3: Fabidro383 (big blind) collected ($0.53)
Seat 4: Mahu2021 folded before Flop (didn't bet)
Seat 5: burley180 folded before Flop (didn't bet)
Seat 6: BitencourtM2 folded on the Turn



PokerStars Zoom Hand #254436941582:  Hold'em No Limit ($0.05/$0.10) - 2025/01/18 21:31:30 CET [2025/01/18 15:31:30 ET]
Table 'Aludra' 6-max Seat #1 is the button
Seat 1: Bur1k ($5 in chips) 
Seat 2: tibixfuvar ($49.01 in chips) 
Seat 3: Mahu2021 ($7.08 in chips) 
Seat 4: BReDnaya89 ($10.36 in chips) 
Seat 5: Jajje7 ($27.59 in chips) 
Seat 6: PNSalgado ($19.93 in chips) 
tibixfuvar: posts small blind $0.05
Mahu2021: posts big blind $0.10
*** HOLE CARDS ***
Dealt to Mahu2021 [9c 6c]
BReDnaya89: folds 
Jajje7: raises $0.15 to $0.25
PNSalgado: folds 
Bur1k: folds 
tibixfuvar: calls $0.20
Mahu2021: folds 
*** FLOP *** [Ah 8s 9h]
tibixfuvar: checks 
Jajje7: checks 
*** TURN *** [Ah 8s 9h] [9d]
tibixfuvar: bets $0.29
Jajje7: calls $0.29
*** RIVER *** [Ah 8s 9h 9d] [2c]
tibixfuvar: bets $0.57
Jajje7: raises $1.70 to $2.27
tibixfuvar: folds 
Uncalled bet ($1.70) returned to Jajje7
Jajje7 collected $2.22 from pot
Jajje7: doesn't show hand 
*** SUMMARY ***
Total pot $2.32 | Rake $0.10 
Board [Ah 8s 9h 9d 2c]
Seat 1: Bur1k (button) folded before Flop (didn't bet)
Seat 2: tibixfuvar (small blind) folded on the River
Seat 3: Mahu2021 (big blind) folded before Flop
Seat 4: BReDnaya89 folded before Flop (didn't bet)
Seat 5: Jajje7 collected ($2.22)
Seat 6: PNSalgado folded before Flop (didn't bet)



PokerStars Zoom Hand #254436949029:  Hold'em No Limit ($0.05/$0.10) - 2025/01/18 21:31:54 CET [2025/01/18 15:31:54 ET]
Table 'Aludra' 6-max Seat #1 is the button
Seat 1: Spew82 ($7.06 in chips) 
Seat 2: modziooo ($7.16 in chips) 
Seat 3: Mahu2021 ($6.93 in chips) 
Seat 4: burley180 ($11.80 in chips) 
Seat 5: RazmoMits ($10.15 in chips) 
Seat 6: BitencourtM2 ($20.37 in chips) 
modziooo: posts small blind $0.05
Mahu2021: posts big blind $0.10
*** HOLE CARDS ***
Dealt to Mahu2021 [6h 5s]
burley180: folds 
RazmoMits: folds 
BitencourtM2: folds 
Spew82: folds 
modziooo: raises $0.10 to $0.20
Mahu2021: calls $0.10
*** FLOP *** [4d 8d 7c]
modziooo: bets $0.19
Mahu2021: calls $0.19
*** TURN *** [4d 8d 7c] [6d]
modziooo: bets $0.56
Mahu2021: calls $0.56
*** RIVER *** [4d 8d 7c 6d] [4h]
modziooo: bets $1.36
Mahu2021: calls $1.36
*** SHOW DOWN ***
modziooo: shows [5c 2h] (a straight, Four to Eight)
Mahu2021: shows [6h 5s] (a straight, Four to Eight)
modziooo collected $2.21 from pot
Mahu2021 collected $2.20 from pot
*** SUMMARY ***
Total pot $4.62 | Rake $0.21 
Board [4d 8d 7c 6d 4h]
Seat 1: Spew82 (button) folded before Flop (didn't bet)
Seat 2: modziooo (small blind) showed [5c 2h] and won ($2.21) with a straight, Four to Eight
Seat 3: Mahu2021 (big blind) showed [6h 5s] and won ($2.20) with a straight, Four to Eight
Seat 4: burley180 folded before Flop (didn't bet)
Seat 5: RazmoMits folded before Flop (didn't bet)
Seat 6: BitencourtM2 folded before Flop (didn't bet)



PokerStars Zoom Hand #254436944928:  Hold'em No Limit ($0.05/$0.10) - 2025/01/18 21:31:41 CET [2025/01/18 15:31:41 ET]
Table 'Aludra' 6-max Seat #1 is the button
Seat 1: mitchy1777 ($10 in chips) 
Seat 2: Mahu2021 ($6.98 in chips) 
Seat 3: Jhanr ($9.93 in chips) 
Seat 4: ValenFer777 ($17.17 in chips) 
Seat 5: alcemyr ($10 in chips) 
Seat 6: RenoRosco ($21.13 in chips) 
Mahu2021: posts small blind $0.05
Jhanr: posts big blind $0.10
*** HOLE CARDS ***
Dealt to Mahu2021 [6h Kd]
ValenFer777: folds 
alcemyr: raises $0.10 to $0.20
RenoRosco: folds 
mitchy1777: folds 
Mahu2021: folds 
Jhanr: raises $0.80 to $1
alcemyr: calls $0.80
*** FLOP *** [5h 2s 7c]
Jhanr: checks 
alcemyr: checks 
*** TURN *** [5h 2s 7c] [9d]
Jhanr: checks 
alcemyr: bets $1
Jhanr: folds 
Uncalled bet ($1) returned to alcemyr
alcemyr collected $1.96 from pot
alcemyr: doesn't show hand 
*** SUMMARY ***
Total pot $2.05 | Rake $0.09 
Board [5h 2s 7c 9d]
Seat 1: mitchy1777 (button) folded before Flop (didn't bet)
Seat 2: Mahu2021 (small blind) folded before Flop
Seat 3: Jhanr (big blind) folded on the Turn
Seat 4: ValenFer777 folded before Flop (didn't bet)
Seat 5: alcemyr collected ($1.96)
Seat 6: RenoRosco folded before Flop (didn't bet)



PokerStars Zoom Hand #254436963537:  Hold'em No Limit ($0.05/$0.10) - 2025/01/18 21:32:41 CET [2025/01/18 15:32:41 ET]
Table 'Aludra' 6-max Seat #1 is the button
Seat 1: Maxim_Otto13 ($12.05 in chips) 
Seat 2: Ready2Rollu ($10 in chips) 
Seat 3: RazmoMits ($10.15 in chips) 
Seat 4: modziooo ($7.06 in chips) 
Seat 5: BitencourtM2 ($11.54 in chips) 
Seat 6: Mahu2021 ($6.77 in chips) 
Ready2Rollu: posts small blind $0.05
RazmoMits: posts big blind $0.10
*** HOLE CARDS ***
Dealt to Mahu2021 [As 3h]
modziooo: raises $0.12 to $0.22
BitencourtM2: folds 
Mahu2021: folds 
Maxim_Otto13: folds 
Ready2Rollu: folds 
RazmoMits: folds 
Uncalled bet ($0.12) returned to modziooo
modziooo collected $0.25 from pot
modziooo: doesn't show hand 
*** SUMMARY ***
Total pot $0.25 | Rake $0 
Seat 1: Maxim_Otto13 (button) folded before Flop (didn't bet)
Seat 2: Ready2Rollu (small blind) folded before Flop
Seat 3: RazmoMits (big blind) folded before Flop
Seat 4: modziooo collected ($0.25)
Seat 5: BitencourtM2 folded before Flop (didn't bet)
Seat 6: Mahu2021 folded before Flop (didn't bet)



PokerStars Zoom Hand #254436961043:  Hold'em No Limit ($0.05/$0.10) - 2025/01/18 21:32:33 CET [2025/01/18 15:32:33 ET]
Table 'Aludra' 6-max Seat #1 is the button
Seat 1: HUMANRAKER ($5.25 in chips) 
Seat 2: Jajje7 ($18.27 in chips) 
Seat 3: BitencourtM2 ($10 in chips) 
Seat 4: Mahu2021 ($6.82 in chips) 
Seat 5: CraigCasey88 ($12.98 in chips) 
Seat 6: tomiema ($4.34 in chips) 
Jajje7: posts small blind $0.05
BitencourtM2: posts big blind $0.10
*** HOLE CARDS ***
Dealt to Mahu2021 [Ah 5d]
Mahu2021: folds 
CraigCasey88: raises $0.20 to $0.30
tomiema: calls $0.30
HUMANRAKER: folds 
Jajje7: folds 
BitencourtM2: folds 
*** FLOP *** [3d 5c Jd]
CraigCasey88: checks 
tomiema: bets $0.36
CraigCasey88: raises $0.36 to $0.72
tomiema: raises $3.32 to $4.04 and is all-in
CraigCasey88: folds 
Uncalled bet ($3.32) returned to tomiema
tomiema collected $2.09 from pot
tomiema: doesn't show hand 
*** SUMMARY ***
Total pot $2.19 | Rake $0.10 
Board [3d 5c Jd]
Seat 1: HUMANRAKER (button) folded before Flop (didn't bet)
Seat 2: Jajje7 (small blind) folded before Flop
Seat 3: BitencourtM2 (big blind) folded before Flop
Seat 4: Mahu2021 folded before Flop (didn't bet)
Seat 5: CraigCasey88 folded on the Flop
Seat 6: tomiema collected ($2.09)



PokerStars Zoom Hand #254436964771:  Hold'em No Limit ($0.05/$0.10) - 2025/01/18 21:32:45 CET [2025/01/18 15:32:45 ET]
Table 'Aludra' 6-max Seat #1 is the button
Seat 1: alcemyr ($10.96 in chips) 
Seat 2: honEybOOx ($14.73 in chips) 
Seat 3: PNSalgado ($15.18 in chips) 
Seat 4: Acefelix ($10.40 in chips) 
Seat 5: Mahu2021 ($6.77 in chips) 
Seat 6: merc2904 ($10 in chips) 
honEybOOx: posts small blind $0.05
PNSalgado: posts big blind $0.10
*** HOLE CARDS ***
Dealt to Mahu2021 [7d 5h]
Acefelix: folds 
Mahu2021: folds 
merc2904: folds 
alcemyr: folds 
honEybOOx: raises $0.20 to $0.30
PNSalgado: raises $0.70 to $1
honEybOOx: folds 
Uncalled bet ($0.70) returned to PNSalgado
PNSalgado collected $0.60 from pot
PNSalgado: doesn't show hand 
*** SUMMARY ***
Total pot $0.60 | Rake $0 
Seat 1: alcemyr (button) folded before Flop (didn't bet)
Seat 2: honEybOOx (small blind) folded before Flop
Seat 3: PNSalgado (big blind) collected ($0.60)
Seat 4: Acefelix folded before Flop (didn't bet)
Seat 5: Mahu2021 folded before Flop (didn't bet)
Seat 6: merc2904 folded before Flop (didn't bet)



PokerStars Zoom Hand #254436959192:  Hold'em No Limit ($0.05/$0.10) - 2025/01/18 21:32:27 CET [2025/01/18 15:32:27 ET]
Table 'Aludra' 6-max Seat #1 is the button
Seat 1: Mahu2021 ($6.82 in chips) 
Seat 2: Thegraceofgod ($9.90 in chips) 
Seat 3: mitchy1777 ($10 in chips) 
Seat 4: kingpala23 ($5.71 in chips) 
Seat 5: CDMPKR ($10 in chips) 
Seat 6: boby_fx ($3.91 in chips) 
Thegraceofgod: posts small blind $0.05
mitchy1777: posts big blind $0.10
*** HOLE CARDS ***
Dealt to Mahu2021 [3h 7d]
kingpala23: folds 
CDMPKR: folds 
boby_fx: calls $0.10
Mahu2021: folds 
Thegraceofgod: raises $0.30 to $0.40
mitchy1777: folds 
boby_fx: calls $0.30
*** FLOP *** [3s 8s 4c]
Thegraceofgod: checks 
boby_fx: checks 
*** TURN *** [3s 8s 4c] [Kd]
Thegraceofgod: checks 
boby_fx: checks 
*** RIVER *** [3s 8s 4c Kd] [8h]
Thegraceofgod: checks 
boby_fx: checks 
*** SHOW DOWN ***
Thegraceofgod: shows [Ah Tc] (a pair of Eights)
boby_fx: mucks hand 
Thegraceofgod collected $0.86 from pot
*** SUMMARY ***
Total pot $0.90 | Rake $0.04 
Board [3s 8s 4c Kd 8h]
Seat 1: Mahu2021 (button) folded before Flop (didn't bet)
Seat 2: Thegraceofgod (small blind) showed [Ah Tc] and won ($0.86) with a pair of Eights
Seat 3: mitchy1777 (big blind) folded before Flop
Seat 4: kingpala23 folded before Flop (didn't bet)
Seat 5: CDMPKR folded before Flop (didn't bet)
Seat 6: boby_fx mucked [Ac 6c]



PokerStars Zoom Hand #254436962274:  Hold'em No Limit ($0.05/$0.10) - 2025/01/18 21:32:37 CET [2025/01/18 15:32:37 ET]
Table 'Aludra' 6-max Seat #1 is the button
Seat 1: R4FuN.II ($10 in chips) 
Seat 2: Mahu2021 ($6.82 in chips) 
Seat 3: ponkotsu_tanuki ($10 in chips) 
Seat 4: modziooo ($7.06 in chips) 
Seat 5: Ares_92PL ($14.68 in chips) 
Seat 6: holzhacker1 ($1.82 in chips) 
Mahu2021: posts small blind $0.05
ponkotsu_tanuki: posts big blind $0.10
*** HOLE CARDS ***
Dealt to Mahu2021 [Td 7h]
modziooo: folds 
Ares_92PL: folds 
holzhacker1: calls $0.10
R4FuN.II: calls $0.10
Mahu2021: folds 
ponkotsu_tanuki: checks 
*** FLOP *** [Jd 4d 3d]
ponkotsu_tanuki: checks 
holzhacker1: bets $0.30
R4FuN.II: calls $0.30
ponkotsu_tanuki: folds 
*** TURN *** [Jd 4d 3d] [Kd]
holzhacker1: checks 
R4FuN.II: bets $0.30
holzhacker1: folds 
Uncalled bet ($0.30) returned to R4FuN.II
R4FuN.II collected $0.91 from pot
R4FuN.II: doesn't show hand 
*** SUMMARY ***
Total pot $0.95 | Rake $0.04 
Board [Jd 4d 3d Kd]
Seat 1: R4FuN.II (button) collected ($0.91)
Seat 2: Mahu2021 (small blind) folded before Flop
Seat 3: ponkotsu_tanuki (big blind) folded on the Flop
Seat 4: modziooo folded before Flop (didn't bet)
Seat 5: Ares_92PL folded before Flop (didn't bet)
Seat 6: holzhacker1 folded on the Turn



PokerStars Zoom Hand #254436971205:  Hold'em No Limit ($0.05/$0.10) - 2025/01/18 21:33:06 CET [2025/01/18 15:33:06 ET]
Table 'Aludra' 6-max Seat #1 is the button
Seat 1: nanar_n ($11.06 in chips) 
Seat 2: Mahu2021 ($6.67 in chips) 
Seat 3: Ready2Rollu ($10 in chips) 
Seat 4: BGold999 ($7.21 in chips) 
Seat 5: lolb0t ($10.16 in chips) 
Seat 6: Jajje7 ($24.85 in chips) 
Mahu2021: posts small blind $0.05
Ready2Rollu: posts big blind $0.10
*** HOLE CARDS ***
Dealt to Mahu2021 [5d Ac]
BGold999: folds 
lolb0t: folds 
Jajje7: folds 
nanar_n: folds 
Mahu2021: raises $0.20 to $0.30
Ready2Rollu: folds 
Uncalled bet ($0.20) returned to Mahu2021
Mahu2021 collected $0.20 from pot
Mahu2021: doesn't show hand 
*** SUMMARY ***
Total pot $0.20 | Rake $0 
Seat 1: nanar_n (button) folded before Flop (didn't bet)
Seat 2: Mahu2021 (small blind) collected ($0.20)
Seat 3: Ready2Rollu (big blind) folded before Flop
Seat 4: BGold999 folded before Flop (didn't bet)
Seat 5: lolb0t folded before Flop (didn't bet)
Seat 6: Jajje7 folded before Flop (didn't bet)



PokerStars Zoom Hand #254436970005:  Hold'em No Limit ($0.05/$0.10) - 2025/01/18 21:33:02 CET [2025/01/18 15:33:02 ET]
Table 'Aludra' 6-max Seat #1 is the button
Seat 1: IEVAL ($24.58 in chips) 
Seat 2: Brushi8 ($5.05 in chips) 
Seat 3: Jajje7 ($18.22 in chips) 
Seat 4: foili ($27.41 in chips) 
Seat 5: CDMPKR ($12.33 in chips) 
Seat 6: Mahu2021 ($6.67 in chips) 
Brushi8: posts small blind $0.05
Jajje7: posts big blind $0.10
*** HOLE CARDS ***
Dealt to Mahu2021 [Jc 9h]
foili: folds 
CDMPKR: folds 
Mahu2021: folds 
IEVAL: raises $0.15 to $0.25
Brushi8: calls $0.20
Jajje7: folds 
*** FLOP *** [Js 7c 3h]
Brushi8: checks 
IEVAL: bets $0.19
Brushi8: folds 
Uncalled bet ($0.19) returned to IEVAL
IEVAL collected $0.57 from pot
IEVAL: doesn't show hand 
*** SUMMARY ***
Total pot $0.60 | Rake $0.03 
Board [Js 7c 3h]
Seat 1: IEVAL (button) collected ($0.57)
Seat 2: Brushi8 (small blind) folded on the Flop
Seat 3: Jajje7 (big blind) folded before Flop
Seat 4: foili folded before Flop (didn't bet)
Seat 5: CDMPKR folded before Flop (didn't bet)
Seat 6: Mahu2021 folded before Flop (didn't bet)



PokerStars Zoom Hand #254436977502:  Hold'em No Limit ($0.05/$0.10) - 2025/01/18 21:33:27 CET [2025/01/18 15:33:27 ET]
Table 'Aludra' 6-max Seat #1 is the button
Seat 1: Mahu2021 ($6.77 in chips) 
Seat 2: Darwivan ($26.71 in chips) 
Seat 3: SgtoAntrx ($4.01 in chips) 
Seat 4: Jajje7 ($38.02 in chips) 
Seat 5: mundurjon ($15.85 in chips) 
Seat 6: Ready2Rollu ($10 in chips) 
Darwivan: posts small blind $0.05
SgtoAntrx: posts big blind $0.10
*** HOLE CARDS ***
Dealt to Mahu2021 [2h Qh]
Jajje7: folds 
mundurjon: folds 
Ready2Rollu: folds 
Mahu2021: raises $0.20 to $0.30
Darwivan: calls $0.25
SgtoAntrx: calls $0.20
*** FLOP *** [Kd 7c 3h]
Darwivan: checks 
SgtoAntrx: checks 
Mahu2021: checks 
*** TURN *** [Kd 7c 3h] [9c]
Darwivan: bets $0.43
SgtoAntrx: folds 
Mahu2021: folds 
Uncalled bet ($0.43) returned to Darwivan
Darwivan collected $0.86 from pot
Darwivan: doesn't show hand 
*** SUMMARY ***
Total pot $0.90 | Rake $0.04 
Board [Kd 7c 3h 9c]
Seat 1: Mahu2021 (button) folded on the Turn
Seat 2: Darwivan (small blind) collected ($0.86)
Seat 3: SgtoAntrx (big blind) folded on the Turn
Seat 4: Jajje7 folded before Flop (didn't bet)
Seat 5: mundurjon folded before Flop (didn't bet)
Seat 6: Ready2Rollu folded before Flop (didn't bet)



PokerStars Zoom Hand #254436965962:  Hold'em No Limit ($0.05/$0.10) - 2025/01/18 21:32:49 CET [2025/01/18 15:32:49 ET]
Table 'Aludra' 6-max Seat #1 is the button
Seat 1: Toneocone ($10.38 in chips) 
Seat 2: ValenFer777 ($16.92 in chips) 
Seat 3: Mahu2021 ($6.77 in chips) 
Seat 4: Bur1k ($5.20 in chips) 
Seat 5: Wish Kang ($16.60 in chips) 
Seat 6: mitchy1777 ($10 in chips) 
ValenFer777: posts small blind $0.05
Mahu2021: posts big blind $0.10
*** HOLE CARDS ***
Dealt to Mahu2021 [8s 4s]
Bur1k: raises $0.20 to $0.30
Wish Kang: folds 
mitchy1777: raises $0.70 to $1
Toneocone: folds 
ValenFer777: calls $0.95
Mahu2021: folds 
Bur1k: folds 
*** FLOP *** [Kd 2s 5h]
ValenFer777: checks 
mitchy1777: checks 
*** TURN *** [Kd 2s 5h] [Qh]
ValenFer777: bets $0.85
mitchy1777: calls $0.85
*** RIVER *** [Kd 2s 5h Qh] [Js]
ValenFer777: checks 
mitchy1777: checks 
*** SHOW DOWN ***
ValenFer777: shows [Ac Kh] (a pair of Kings)
mitchy1777: mucks hand 
ValenFer777 collected $3.92 from pot
*** SUMMARY ***
Total pot $4.10 | Rake $0.18 
Board [Kd 2s 5h Qh Js]
Seat 1: Toneocone (button) folded before Flop (didn't bet)
Seat 2: ValenFer777 (small blind) showed [Ac Kh] and won ($3.92) with a pair of Kings
Seat 3: Mahu2021 (big blind) folded before Flop
Seat 4: Bur1k folded before Flop
Seat 5: Wish Kang folded before Flop (didn't bet)
Seat 6: mitchy1777 mucked [Td Th]



PokerStars Zoom Hand #254436985271:  Hold'em No Limit ($0.05/$0.10) - 2025/01/18 21:33:52 CET [2025/01/18 15:33:52 ET]
Table 'Aludra' 6-max Seat #1 is the button
Seat 1: K.Stas71 ($4.85 in chips) 
Seat 2: HUMANRAKER ($5.25 in chips) 
Seat 3: Mahu2021 ($6.47 in chips) 
Seat 4: foili ($27.26 in chips) 
Seat 5: BitencourtM2 ($11.63 in chips) 
Seat 6: Whaleshark97 ($12.35 in chips) 
HUMANRAKER: posts small blind $0.05
Mahu2021: posts big blind $0.10
*** HOLE CARDS ***
Dealt to Mahu2021 [4h 4s]
foili: folds 
BitencourtM2: folds 
Whaleshark97: folds 
K.Stas71: raises $0.20 to $0.30
HUMANRAKER: folds 
Mahu2021: calls $0.20
*** FLOP *** [6s 5h Kd]
Mahu2021: checks 
K.Stas71: checks 
*** TURN *** [6s 5h Kd] [Tc]
Mahu2021: bets $0.20
K.Stas71: calls $0.20
*** RIVER *** [6s 5h Kd Tc] [Ac]
Mahu2021: bets $0.20
K.Stas71: raises $1.40 to $1.60
Mahu2021: folds 
Uncalled bet ($1.40) returned to K.Stas71
K.Stas71 collected $1.38 from pot
K.Stas71: doesn't show hand 
*** SUMMARY ***
Total pot $1.45 | Rake $0.07 
Board [6s 5h Kd Tc Ac]
Seat 1: K.Stas71 (button) collected ($1.38)
Seat 2: HUMANRAKER (small blind) folded before Flop
Seat 3: Mahu2021 (big blind) folded on the River
Seat 4: foili folded before Flop (didn't bet)
Seat 5: BitencourtM2 folded before Flop (didn't bet)
Seat 6: Whaleshark97 folded before Flop (didn't bet)



PokerStars Zoom Hand #254436983561:  Hold'em No Limit ($0.05/$0.10) - 2025/01/18 21:33:47 CET [2025/01/18 15:33:47 ET]
Table 'Aludra' 6-max Seat #1 is the button
Seat 1: JB00888 ($5.12 in chips) 
Seat 2: K.Stas71 ($4.90 in chips) 
Seat 3: mitchy1777 ($10.15 in chips) 
Seat 4: silentshowdown ($10.24 in chips) 
Seat 5: Mahu2021 ($6.47 in chips) 
Seat 6: foili ($27.26 in chips) 
K.Stas71: posts small blind $0.05
mitchy1777: posts big blind $0.10
*** HOLE CARDS ***
Dealt to Mahu2021 [Js 4s]
silentshowdown: raises $0.14 to $0.24
Mahu2021: folds 
foili: folds 
JB00888: calls $0.24
K.Stas71: folds 
mitchy1777: folds 
*** FLOP *** [7h 8s 8d]
silentshowdown: checks 
JB00888: checks 
*** TURN *** [7h 8s 8d] [5s]
silentshowdown: checks 
JB00888: bets $0.30
silentshowdown: folds 
Uncalled bet ($0.30) returned to JB00888
JB00888 collected $0.60 from pot
JB00888: doesn't show hand 
*** SUMMARY ***
Total pot $0.63 | Rake $0.03 
Board [7h 8s 8d 5s]
Seat 1: JB00888 (button) collected ($0.60)
Seat 2: K.Stas71 (small blind) folded before Flop
Seat 3: mitchy1777 (big blind) folded before Flop
Seat 4: silentshowdown folded on the Turn
Seat 5: Mahu2021 folded before Flop (didn't bet)
Seat 6: foili folded before Flop (didn't bet)



PokerStars Zoom Hand #254436994483:  Hold'em No Limit ($0.05/$0.10) - 2025/01/18 21:34:22 CET [2025/01/18 15:34:22 ET]
Table 'Aludra' 6-max Seat #1 is the button
Seat 1: TilTheEnd982 ($10.67 in chips) 
Seat 2: Mahu2021 ($5.77 in chips) 
Seat 3: Ares_92PL ($15.64 in chips) 
Seat 4: PNSalgado ($12.58 in chips) 
Seat 5: Jajje7 ($17.97 in chips) 
Seat 6: towyx108 ($5.39 in chips) 
Mahu2021: posts small blind $0.05
Ares_92PL: posts big blind $0.10
*** HOLE CARDS ***
Dealt to Mahu2021 [7c Js]
PNSalgado: folds 
Jajje7: folds 
towyx108: calls $0.10
TilTheEnd982: raises $0.35 to $0.45
Mahu2021: folds 
Ares_92PL: folds 
towyx108: folds 
Uncalled bet ($0.35) returned to TilTheEnd982
TilTheEnd982 collected $0.35 from pot
TilTheEnd982: doesn't show hand 
*** SUMMARY ***
Total pot $0.35 | Rake $0 
Seat 1: TilTheEnd982 (button) collected ($0.35)
Seat 2: Mahu2021 (small blind) folded before Flop
Seat 3: Ares_92PL (big blind) folded before Flop
Seat 4: PNSalgado folded before Flop (didn't bet)
Seat 5: Jajje7 folded before Flop (didn't bet)
Seat 6: towyx108 folded before Flop



PokerStars Zoom Hand #254436996111:  Hold'em No Limit ($0.05/$0.10) - 2025/01/18 21:34:27 CET [2025/01/18 15:34:27 ET]
Table 'Aludra' 6-max Seat #1 is the button
Seat 1: Mahu2021 ($5.72 in chips) 
Seat 2: CELESTINA979 ($4.36 in chips) 
Seat 3: merc2904 ($10 in chips) 
Seat 4: Malwo1 ($21.07 in chips) 
Seat 5: Ready2Rollu ($10 in chips) 
Seat 6: PNSalgado ($12.58 in chips) 
CELESTINA979: posts small blind $0.05
merc2904: posts big blind $0.10
*** HOLE CARDS ***
Dealt to Mahu2021 [Ac 5d]
Malwo1: folds 
Ready2Rollu: folds 
PNSalgado: folds 
Mahu2021: raises $0.20 to $0.30
CELESTINA979: folds 
merc2904: folds 
Uncalled bet ($0.20) returned to Mahu2021
Mahu2021 collected $0.25 from pot
Mahu2021: doesn't show hand 
*** SUMMARY ***
Total pot $0.25 | Rake $0 
Seat 1: Mahu2021 (button) collected ($0.25)
Seat 2: CELESTINA979 (small blind) folded before Flop
Seat 3: merc2904 (big blind) folded before Flop
Seat 4: Malwo1 folded before Flop (didn't bet)
Seat 5: Ready2Rollu folded before Flop (didn't bet)
Seat 6: PNSalgado folded before Flop (didn't bet)



PokerStars Zoom Hand #254436999220:  Hold'em No Limit ($0.05/$0.10) - 2025/01/18 21:34:37 CET [2025/01/18 15:34:37 ET]
Table 'Aludra' 6-max Seat #1 is the button
Seat 1: SgtoAntrx ($3.61 in chips) 
Seat 2: Whaleshark97 ($12.44 in chips) 
Seat 3: Ready2Rollu ($10 in chips) 
Seat 4: Bbyoda79 ($7.33 in chips) 
Seat 5: Mahu2021 ($5.87 in chips) 
Seat 6: PNSalgado ($39.35 in chips) 
Whaleshark97: posts small blind $0.05
Ready2Rollu: posts big blind $0.10
*** HOLE CARDS ***
Dealt to Mahu2021 [6h 6c]
Bbyoda79: folds 
Mahu2021: raises $0.14 to $0.24
PNSalgado: folds 
SgtoAntrx: folds 
Whaleshark97: folds 
Ready2Rollu: folds 
Uncalled bet ($0.14) returned to Mahu2021
Mahu2021 collected $0.25 from pot
Mahu2021: doesn't show hand 
*** SUMMARY ***
Total pot $0.25 | Rake $0 
Seat 1: SgtoAntrx (button) folded before Flop (didn't bet)
Seat 2: Whaleshark97 (small blind) folded before Flop
Seat 3: Ready2Rollu (big blind) folded before Flop
Seat 4: Bbyoda79 folded before Flop (didn't bet)
Seat 5: Mahu2021 collected ($0.25)
Seat 6: PNSalgado folded before Flop (didn't bet)



PokerStars Zoom Hand #254437006400:  Hold'em No Limit ($0.05/$0.10) - 2025/01/18 21:35:00 CET [2025/01/18 15:35:00 ET]
Table 'Aludra' 6-max Seat #1 is the button
Seat 1: RenoRosco ($22.53 in chips) 
Seat 2: Mahu2021 ($6.02 in chips) 
Seat 3: R4FuN.II ($12.53 in chips) 
Seat 4: ponkotsu_tanuki ($10 in chips) 
Seat 5: BitencourtM2 ($10 in chips) 
Seat 6: läski mursu ($26.87 in chips) 
Mahu2021: posts small blind $0.05
R4FuN.II: posts big blind $0.10
*** HOLE CARDS ***
Dealt to Mahu2021 [7c Qh]
ponkotsu_tanuki: folds 
BitencourtM2: folds 
läski mursu: folds 
RenoRosco: folds 
Mahu2021: folds 
Uncalled bet ($0.05) returned to R4FuN.II
R4FuN.II collected $0.10 from pot
R4FuN.II: doesn't show hand 
*** SUMMARY ***
Total pot $0.10 | Rake $0 
Seat 1: RenoRosco (button) folded before Flop (didn't bet)
Seat 2: Mahu2021 (small blind) folded before Flop
Seat 3: R4FuN.II (big blind) collected ($0.10)
Seat 4: ponkotsu_tanuki folded before Flop (didn't bet)
Seat 5: BitencourtM2 folded before Flop (didn't bet)
Seat 6: läski mursu folded before Flop (didn't bet)



PokerStars Zoom Hand #254437003887:  Hold'em No Limit ($0.05/$0.10) - 2025/01/18 21:34:52 CET [2025/01/18 15:34:52 ET]
Table 'Aludra' 6-max Seat #1 is the button
Seat 1: D.shadoww ($52.14 in chips) 
Seat 2: Bumbulbee_G ($28.18 in chips) 
Seat 3: alcemyr ($17.23 in chips) 
Seat 4: Mahu2021 ($6.02 in chips) 
Seat 5: Wish Kang ($16.67 in chips) 
Seat 6: ValenFer777 ($18.84 in chips) 
Bumbulbee_G: posts small blind $0.05
alcemyr: posts big blind $0.10
*** HOLE CARDS ***
Dealt to Mahu2021 [5s 8h]
Mahu2021: folds 
Wish Kang: folds 
ValenFer777: folds 
D.shadoww: raises $0.14 to $0.24
Bumbulbee_G: folds 
alcemyr: folds 
Uncalled bet ($0.14) returned to D.shadoww
D.shadoww collected $0.25 from pot
D.shadoww: doesn't show hand 
*** SUMMARY ***
Total pot $0.25 | Rake $0 
Seat 1: D.shadoww (button) collected ($0.25)
Seat 2: Bumbulbee_G (small blind) folded before Flop
Seat 3: alcemyr (big blind) folded before Flop
Seat 4: Mahu2021 folded before Flop (didn't bet)
Seat 5: Wish Kang folded before Flop (didn't bet)
Seat 6: ValenFer777 folded before Flop (didn't bet)



PokerStars Zoom Hand #254437007582:  Hold'em No Limit ($0.05/$0.10) - 2025/01/18 21:35:04 CET [2025/01/18 15:35:04 ET]
Table 'Aludra' 6-max Seat #1 is the button
Seat 1: lolb0t ($14.04 in chips) 
Seat 2: clockedinto ($13.63 in chips) 
Seat 3: läski mursu ($26.87 in chips) 
Seat 4: Mahu2021 ($5.97 in chips) 
Seat 5: ValenFer777 ($23.43 in chips) 
Seat 6: Jhanr ($9.90 in chips) 
clockedinto: posts small blind $0.05
läski mursu: posts big blind $0.10
*** HOLE CARDS ***
Dealt to Mahu2021 [9s As]
Mahu2021: raises $0.14 to $0.24
ValenFer777: folds 
Jhanr: folds 
lolb0t: folds 
clockedinto: calls $0.19
läski mursu: folds 
*** FLOP *** [Jd 7d 4c]
clockedinto: checks 
Mahu2021: checks 
*** TURN *** [Jd 7d 4c] [Qd]
clockedinto: checks 
Mahu2021: checks 
*** RIVER *** [Jd 7d 4c Qd] [Ah]
clockedinto: checks 
Mahu2021: bets $0.55
clockedinto: folds 
Uncalled bet ($0.55) returned to Mahu2021
Mahu2021 collected $0.55 from pot
Mahu2021: doesn't show hand 
*** SUMMARY ***
Total pot $0.58 | Rake $0.03 
Board [Jd 7d 4c Qd Ah]
Seat 1: lolb0t (button) folded before Flop (didn't bet)
Seat 2: clockedinto (small blind) folded on the River
Seat 3: läski mursu (big blind) folded before Flop
Seat 4: Mahu2021 collected ($0.55)
Seat 5: ValenFer777 folded before Flop (didn't bet)
Seat 6: Jhanr folded before Flop (didn't bet)



PokerStars Zoom Hand #254437015282:  Hold'em No Limit ($0.05/$0.10) - 2025/01/18 21:35:29 CET [2025/01/18 15:35:29 ET]
Table 'Aludra' 6-max Seat #1 is the button
Seat 1: Gar7r ($6.33 in chips) 
Seat 2: Thegraceofgod ($12.68 in chips) 
Seat 3: Mahu2021 ($6.28 in chips) 
Seat 4: holzhacker1 ($5 in chips) 
Seat 5: ponkotsu_tanuki ($10.15 in chips) 
Seat 6: 42Oedipius ($23.56 in chips) 
Thegraceofgod: posts small blind $0.05
Mahu2021: posts big blind $0.10
*** HOLE CARDS ***
Dealt to Mahu2021 [3h 3d]
holzhacker1: folds 
ponkotsu_tanuki: folds 
42Oedipius: folds 
Gar7r: folds 
Thegraceofgod: folds 
Uncalled bet ($0.05) returned to Mahu2021
Mahu2021 collected $0.10 from pot
Mahu2021: doesn't show hand 
*** SUMMARY ***
Total pot $0.10 | Rake $0 
Seat 1: Gar7r (button) folded before Flop (didn't bet)
Seat 2: Thegraceofgod (small blind) folded before Flop
Seat 3: Mahu2021 (big blind) collected ($0.10)
Seat 4: holzhacker1 folded before Flop (didn't bet)
Seat 5: ponkotsu_tanuki folded before Flop (didn't bet)
Seat 6: 42Oedipius folded before Flop (didn't bet)



PokerStars Zoom Hand #254437005178:  Hold'em No Limit ($0.05/$0.10) - 2025/01/18 21:34:56 CET [2025/01/18 15:34:56 ET]
Table 'Aludra' 6-max Seat #1 is the button
Seat 1: Thegraceofgod ($10.91 in chips) 
Seat 2: Tjllinderman ($14.01 in chips) 
Seat 3: merc2904 ($11.25 in chips) 
Seat 4: theboppin ($6.26 in chips) 
Seat 5: RenoRosco ($22.53 in chips) 
Seat 6: Mahu2021 ($6.02 in chips) 
Tjllinderman: posts small blind $0.05
merc2904: posts big blind $0.10
*** HOLE CARDS ***
Dealt to Mahu2021 [9s 5s]
theboppin: folds 
RenoRosco: folds 
Mahu2021: folds 
Thegraceofgod: raises $0.15 to $0.25
Tjllinderman: folds 
merc2904: calls $0.15
*** FLOP *** [Ah 2d 7c]
merc2904: checks 
Thegraceofgod: checks 
*** TURN *** [Ah 2d 7c] [Js]
merc2904: bets $0.17
Thegraceofgod: calls $0.17
*** RIVER *** [Ah 2d 7c Js] [Qc]
merc2904: checks 
Thegraceofgod: bets $0.64
merc2904: calls $0.64
*** SHOW DOWN ***
Thegraceofgod: shows [Kh Td] (a straight, Ten to Ace)
merc2904: mucks hand 
Thegraceofgod collected $2.07 from pot
*** SUMMARY ***
Total pot $2.17 | Rake $0.10 
Board [Ah 2d 7c Js Qc]
Seat 1: Thegraceofgod (button) showed [Kh Td] and won ($2.07) with a straight, Ten to Ace
Seat 2: Tjllinderman (small blind) folded before Flop
Seat 3: merc2904 (big blind) mucked [As Ts]
Seat 4: theboppin folded before Flop (didn't bet)
Seat 5: RenoRosco folded before Flop (didn't bet)
Seat 6: Mahu2021 folded before Flop (didn't bet)



PokerStars Zoom Hand #254437018258:  Hold'em No Limit ($0.05/$0.10) - 2025/01/18 21:35:39 CET [2025/01/18 15:35:39 ET]
Table 'Aludra' 6-max Seat #1 is the button
Seat 1: Mahu2021 ($6.33 in chips) 
Seat 2: pougia777 ($10.80 in chips) 
Seat 3: inkov6464 ($24.58 in chips) 
Seat 4: Acefelix ($11.30 in chips) 
Seat 5: Whaleshark97 ($12.14 in chips) 
Seat 6: aintn0way ($25.57 in chips) 
pougia777: posts small blind $0.05
inkov6464: posts big blind $0.10
*** HOLE CARDS ***
Dealt to Mahu2021 [Ad 4s]
Acefelix: folds 
Whaleshark97: raises $0.12 to $0.22
aintn0way: folds 
Mahu2021: calls $0.22
pougia777: folds 
inkov6464: calls $0.12
*** FLOP *** [Ts 3c 6d]
inkov6464: checks 
Whaleshark97: checks 
Mahu2021: checks 
*** TURN *** [Ts 3c 6d] [4h]
inkov6464: bets $0.20
Whaleshark97: folds 
Mahu2021: calls $0.20
*** RIVER *** [Ts 3c 6d 4h] [2h]
inkov6464: bets $1.06
Mahu2021: folds 
Uncalled bet ($1.06) returned to inkov6464
inkov6464 collected $1.06 from pot
inkov6464: doesn't show hand 
*** SUMMARY ***
Total pot $1.11 | Rake $0.05 
Board [Ts 3c 6d 4h 2h]
Seat 1: Mahu2021 (button) folded on the River
Seat 2: pougia777 (small blind) folded before Flop
Seat 3: inkov6464 (big blind) collected ($1.06)
Seat 4: Acefelix folded before Flop (didn't bet)
Seat 5: Whaleshark97 folded on the Turn
Seat 6: aintn0way folded before Flop (didn't bet)



PokerStars Zoom Hand #254437035903:  Hold'em No Limit ($0.05/$0.10) - 2025/01/18 21:36:37 CET [2025/01/18 15:36:37 ET]
Table 'Aludra' 6-max Seat #1 is the button
Seat 1: lolb0t ($10.77 in chips) 
Seat 2: ponkotsu_tanuki ($10.42 in chips) 
Seat 3: Mahu2021 ($5.91 in chips) 
Seat 4: inkov6464 ($25.47 in chips) 
Seat 5: nanar_n ($11.75 in chips) 
Seat 6: foili ($29.83 in chips) 
ponkotsu_tanuki: posts small blind $0.05
Mahu2021: posts big blind $0.10
*** HOLE CARDS ***
Dealt to Mahu2021 [Ah As]
inkov6464: raises $0.10 to $0.20
nanar_n: folds 
foili: folds 
lolb0t: folds 
ponkotsu_tanuki: folds 
Mahu2021: raises $5.71 to $5.91 and is all-in
inkov6464: folds 
Uncalled bet ($5.71) returned to Mahu2021
Mahu2021 collected $0.45 from pot
Mahu2021: doesn't show hand 
*** SUMMARY ***
Total pot $0.45 | Rake $0 
Seat 1: lolb0t (button) folded before Flop (didn't bet)
Seat 2: ponkotsu_tanuki (small blind) folded before Flop
Seat 3: Mahu2021 (big blind) collected ($0.45)
Seat 4: inkov6464 folded before Flop
Seat 5: nanar_n folded before Flop (didn't bet)
Seat 6: foili folded before Flop (didn't bet)



PokerStars Zoom Hand #254437034313:  Hold'em No Limit ($0.05/$0.10) - 2025/01/18 21:36:32 CET [2025/01/18 15:36:32 ET]
Table 'Aludra' 6-max Seat #1 is the button
Seat 1: Jayxxxxxx ($7.14 in chips) 
Seat 2: K.Stas71 ($6.08 in chips) 
Seat 3: TPS72 ($2.88 in chips) 
Seat 4: nanar_n ($11.75 in chips) 
Seat 5: honEybOOx ($14.58 in chips) 
Seat 6: Mahu2021 ($5.91 in chips) 
K.Stas71: posts small blind $0.05
TPS72: posts big blind $0.10
*** HOLE CARDS ***
Dealt to Mahu2021 [6s Qd]
nanar_n: folds 
honEybOOx: folds 
Mahu2021: folds 
Jayxxxxxx: raises $0.15 to $0.25
K.Stas71: calls $0.20
TPS72: folds 
*** FLOP *** [Th 3c Ah]
K.Stas71: checks 
Jayxxxxxx: bets $0.30
K.Stas71: calls $0.30
*** TURN *** [Th 3c Ah] [8s]
K.Stas71: checks 
Jayxxxxxx: bets $0.95
K.Stas71: folds 
Uncalled bet ($0.95) returned to Jayxxxxxx
Jayxxxxxx collected $1.15 from pot
Jayxxxxxx: doesn't show hand 
*** SUMMARY ***
Total pot $1.20 | Rake $0.05 
Board [Th 3c Ah 8s]
Seat 1: Jayxxxxxx (button) collected ($1.15)
Seat 2: K.Stas71 (small blind) folded on the Turn
Seat 3: TPS72 (big blind) folded before Flop
Seat 4: nanar_n folded before Flop (didn't bet)
Seat 5: honEybOOx folded before Flop (didn't bet)
Seat 6: Mahu2021 folded before Flop (didn't bet)



PokerStars Zoom Hand #254437041434:  Hold'em No Limit ($0.05/$0.10) - 2025/01/18 21:36:55 CET [2025/01/18 15:36:55 ET]
Table 'Aludra' 6-max Seat #1 is the button
Seat 1: chiefmaars ($10.24 in chips) 
Seat 2: IBRODIAN-ACER ($10 in chips) 
Seat 3: Matzet1ka ($10 in chips) 
Seat 4: foili ($27.22 in chips) 
Seat 5: Mahu2021 ($6.16 in chips) 
Seat 6: santyariel ($13.68 in chips) 
IBRODIAN-ACER: posts small blind $0.05
Matzet1ka: posts big blind $0.10
*** HOLE CARDS ***
Dealt to Mahu2021 [2h Ks]
foili: folds 
Mahu2021: folds 
santyariel: raises $0.30 to $0.40
chiefmaars: folds 
IBRODIAN-ACER: folds 
Matzet1ka: folds 
Uncalled bet ($0.30) returned to santyariel
santyariel collected $0.25 from pot
santyariel: doesn't show hand 
*** SUMMARY ***
Total pot $0.25 | Rake $0 
Seat 1: chiefmaars (button) folded before Flop (didn't bet)
Seat 2: IBRODIAN-ACER (small blind) folded before Flop
Seat 3: Matzet1ka (big blind) folded before Flop
Seat 4: foili folded before Flop (didn't bet)
Seat 5: Mahu2021 folded before Flop (didn't bet)
Seat 6: santyariel collected ($0.25)



PokerStars Zoom Hand #254437033101:  Hold'em No Limit ($0.05/$0.10) - 2025/01/18 21:36:28 CET [2025/01/18 15:36:28 ET]
Table 'Aludra' 6-max Seat #1 is the button
Seat 1: BGold999 ($2.32 in chips) 
Seat 2: IBRODIAN-ACER ($17.02 in chips) 
Seat 3: ponkotsu_tanuki ($10.78 in chips) 
Seat 4: rodrig885751 ($9.43 in chips) 
Seat 5: Mahu2021 ($5.91 in chips) 
Seat 6: pougia777 ($10 in chips) 
IBRODIAN-ACER: posts small blind $0.05
ponkotsu_tanuki: posts big blind $0.10
*** HOLE CARDS ***
Dealt to Mahu2021 [9s Qh]
rodrig885751: folds 
Mahu2021: folds 
pougia777: folds 
BGold999: raises $0.20 to $0.30
IBRODIAN-ACER: folds 
ponkotsu_tanuki: calls $0.20
*** FLOP *** [Js Tc Qd]
ponkotsu_tanuki: checks 
BGold999: bets $0.20
ponkotsu_tanuki: folds 
Uncalled bet ($0.20) returned to BGold999
BGold999 collected $0.62 from pot
BGold999: doesn't show hand 
*** SUMMARY ***
Total pot $0.65 | Rake $0.03 
Board [Js Tc Qd]
Seat 1: BGold999 (button) collected ($0.62)
Seat 2: IBRODIAN-ACER (small blind) folded before Flop
Seat 3: ponkotsu_tanuki (big blind) folded on the Flop
Seat 4: rodrig885751 folded before Flop (didn't bet)
Seat 5: Mahu2021 folded before Flop (didn't bet)
Seat 6: pougia777 folded before Flop (didn't bet)



PokerStars Zoom Hand #254437042646:  Hold'em No Limit ($0.05/$0.10) - 2025/01/18 21:36:59 CET [2025/01/18 15:36:59 ET]
Table 'Aludra' 6-max Seat #1 is the button
Seat 1: Mahu2021 ($6.16 in chips) 
Seat 2: merc2904 ($10.39 in chips) 
Seat 3: R4FuN.II ($10 in chips) 
Seat 4: Grufva ($16.92 in chips) 
Seat 5: IBRODIAN-ACER ($10 in chips) 
Seat 6: TPS72 ($2.78 in chips) 
merc2904: posts small blind $0.05
R4FuN.II: posts big blind $0.10
*** HOLE CARDS ***
Dealt to Mahu2021 [As 5d]
Grufva: folds 
IBRODIAN-ACER: folds 
TPS72: raises $0.10 to $0.20
Mahu2021: calls $0.20
merc2904: folds 
R4FuN.II: calls $0.10
*** FLOP *** [Th 7c 6s]
R4FuN.II: checks 
TPS72: checks 
Mahu2021: checks 
*** TURN *** [Th 7c 6s] [6h]
R4FuN.II: bets $0.31
TPS72: folds 
Mahu2021: folds 
Uncalled bet ($0.31) returned to R4FuN.II
R4FuN.II collected $0.62 from pot
R4FuN.II: doesn't show hand 
*** SUMMARY ***
Total pot $0.65 | Rake $0.03 
Board [Th 7c 6s 6h]
Seat 1: Mahu2021 (button) folded on the Turn
Seat 2: merc2904 (small blind) folded before Flop
Seat 3: R4FuN.II (big blind) collected ($0.62)
Seat 4: Grufva folded before Flop (didn't bet)
Seat 5: IBRODIAN-ACER folded before Flop (didn't bet)
Seat 6: TPS72 folded on the Turn



PokerStars Zoom Hand #254437049138:  Hold'em No Limit ($0.05/$0.10) - 2025/01/18 21:37:20 CET [2025/01/18 15:37:20 ET]
Table 'Aludra' 6-max Seat #1 is the button
Seat 1: santyariel ($13.83 in chips) 
Seat 2: Mahu2021 ($5.96 in chips) 
Seat 3: BReDnaya89 ($9.45 in chips) 
Seat 4: nanar_n ($11.47 in chips) 
Seat 5: TilTheEnd982 ($10 in chips) 
Seat 6: Gizza13 ($9.60 in chips) 
Mahu2021: posts small blind $0.05
BReDnaya89: posts big blind $0.10
*** HOLE CARDS ***
Dealt to Mahu2021 [4h 8c]
nanar_n: raises $0.13 to $0.23
TilTheEnd982: raises $0.57 to $0.80
Gizza13: folds 
santyariel: calls $0.80
Mahu2021: folds 
BReDnaya89: folds 
nanar_n: folds 
*** FLOP *** [Js 6h 5d]
TilTheEnd982: bets $1.23
santyariel: folds 
Uncalled bet ($1.23) returned to TilTheEnd982
TilTheEnd982 collected $1.89 from pot
TilTheEnd982: doesn't show hand 
*** SUMMARY ***
Total pot $1.98 | Rake $0.09 
Board [Js 6h 5d]
Seat 1: santyariel (button) folded on the Flop
Seat 2: Mahu2021 (small blind) folded before Flop
Seat 3: BReDnaya89 (big blind) folded before Flop
Seat 4: nanar_n folded before Flop
Seat 5: TilTheEnd982 collected ($1.89)
Seat 6: Gizza13 folded before Flop (didn't bet)



PokerStars Zoom Hand #254437050372:  Hold'em No Limit ($0.05/$0.10) - 2025/01/18 21:37:24 CET [2025/01/18 15:37:24 ET]
Table 'Aludra' 6-max Seat #1 is the button
Seat 1: burley180 ($10 in chips) 
Seat 2: Spew82 ($5.43 in chips) 
Seat 3: clockedinto ($10.91 in chips) 
Seat 4: Grufva ($16.87 in chips) 
Seat 5: lolb0t ($10.62 in chips) 
Seat 6: Mahu2021 ($5.91 in chips) 
Spew82: posts small blind $0.05
clockedinto: posts big blind $0.10
*** HOLE CARDS ***
Dealt to Mahu2021 [6c Kc]
Grufva: folds 
lolb0t: folds 
Mahu2021: raises $0.14 to $0.24
burley180: raises $0.54 to $0.78
Spew82: folds 
clockedinto: folds 
Mahu2021: calls $0.54
*** FLOP *** [3s 9h 9c]
Mahu2021: checks 
burley180: bets $0.54
Mahu2021: folds 
Uncalled bet ($0.54) returned to burley180
burley180 collected $1.63 from pot
burley180: doesn't show hand 
*** SUMMARY ***
Total pot $1.71 | Rake $0.08 
Board [3s 9h 9c]
Seat 1: burley180 (button) collected ($1.63)
Seat 2: Spew82 (small blind) folded before Flop
Seat 3: clockedinto (big blind) folded before Flop
Seat 4: Grufva folded before Flop (didn't bet)
Seat 5: lolb0t folded before Flop (didn't bet)
Seat 6: Mahu2021 folded on the Flop



