PokerStars Hand #252858492636: Tournament #3810339410, $1.84+$0.16 USD Hold'em No Limit - Level I (10/20) - 2024/10/10 16:23:43 CET [2024/10/10 10:23:43 ET]
Table '3810339410 1' 3-max Seat #1 is the button
Seat 1: Mahu2021 (500 in chips) 
Seat 2: EDU_BUD (500 in chips) 
Seat 3: mopske123 (500 in chips) 
EDU_BUD: posts small blind 10
mopske123: posts big blind 20
*** HOLE CARDS ***
Dealt to Mahu2021 [2h Kd]
Mahu2021: folds 
EDU_BUD: raises 20 to 40
mopske123: calls 20
*** FLOP *** [7c Jd As]
EDU_BUD: checks 
mopske123: checks 
*** TURN *** [7c Jd As] [Ad]
EDU_BUD: bets 40
mopske123: folds 
Uncalled bet (40) returned to EDU_BUD
EDU_BUD collected 80 from pot
*** SUMMARY ***
Total pot 80 | Rake 0 
Board [7c Jd As Ad]
Seat 1: Mahu2021 (button) folded before Flop (didn't bet)
Seat 2: EDU_BUD (small blind) collected (80)
Seat 3: mopske123 (big blind) folded on the Turn



PokerStars Hand #252858495625: Tournament #3810339410, $1.84+$0.16 USD Hold'em No Limit - Level I (10/20) - 2024/10/10 16:23:58 CET [2024/10/10 10:23:58 ET]
Table '3810339410 1' 3-max Seat #2 is the button
Seat 1: Mahu2021 (500 in chips) 
Seat 2: EDU_BUD (540 in chips) 
Seat 3: mopske123 (460 in chips) 
mopske123: posts small blind 10
Mahu2021: posts big blind 20
*** HOLE CARDS ***
Dealt to Mahu2021 [6c 8s]
EDU_BUD: folds 
mopske123: folds 
Uncalled bet (10) returned to Mahu2021
Mahu2021 collected 20 from pot
Mahu2021: doesn't show hand 
*** SUMMARY ***
Total pot 20 | Rake 0 
Seat 1: Mahu2021 (big blind) collected (20)
Seat 2: EDU_BUD (button) folded before Flop (didn't bet)
Seat 3: mopske123 (small blind) folded before Flop



PokerStars Hand #252858496845: Tournament #3810339410, $1.84+$0.16 USD Hold'em No Limit - Level I (10/20) - 2024/10/10 16:24:04 CET [2024/10/10 10:24:04 ET]
Table '3810339410 1' 3-max Seat #3 is the button
Seat 1: Mahu2021 (510 in chips) 
Seat 2: EDU_BUD (540 in chips) 
Seat 3: mopske123 (450 in chips) 
Mahu2021: posts small blind 10
EDU_BUD: posts big blind 20
*** HOLE CARDS ***
Dealt to Mahu2021 [9h 3d]
mopske123: calls 20
Mahu2021: folds 
EDU_BUD: raises 20 to 40
mopske123: calls 20
*** FLOP *** [8s Ts 8d]
EDU_BUD: checks 
mopske123: bets 410 and is all-in
EDU_BUD: calls 410
*** TURN *** [8s Ts 8d] [3s]
*** RIVER *** [8s Ts 8d 3s] [Ah]
*** SHOW DOWN ***
EDU_BUD: shows [Kc Kd] (two pair, Kings and Eights)
mopske123: shows [Qd Th] (two pair, Tens and Eights)
EDU_BUD collected 910 from pot
mopske123 finished the tournament in 3rd place
*** SUMMARY ***
Total pot 910 | Rake 0 
Board [8s Ts 8d 3s Ah]
Seat 1: Mahu2021 (small blind) folded before Flop
Seat 2: EDU_BUD (big blind) showed [Kc Kd] and won (910) with two pair, Kings and Eights
Seat 3: mopske123 (button) showed [Qd Th] and lost with two pair, Tens and Eights



PokerStars Hand #252858501060: Tournament #3810339410, $1.84+$0.16 USD Hold'em No Limit - Level I (10/20) - 2024/10/10 16:24:26 CET [2024/10/10 10:24:26 ET]
Table '3810339410 1' 3-max Seat #2 is the button
Seat 1: Mahu2021 (500 in chips) 
Seat 2: EDU_BUD (1000 in chips) 
EDU_BUD: posts small blind 10
Mahu2021: posts big blind 20
*** HOLE CARDS ***
Dealt to Mahu2021 [2c Kd]
EDU_BUD: raises 20 to 40
Mahu2021: calls 20
*** FLOP *** [3s Ts 3c]
Mahu2021: checks 
EDU_BUD: checks 
*** TURN *** [3s Ts 3c] [8h]
Mahu2021: checks 
EDU_BUD: checks 
*** RIVER *** [3s Ts 3c 8h] [2d]
Mahu2021: bets 40
EDU_BUD: calls 40
*** SHOW DOWN ***
Mahu2021: shows [2c Kd] (two pair, Threes and Deuces)
EDU_BUD: mucks hand 
Mahu2021 collected 160 from pot
*** SUMMARY ***
Total pot 160 | Rake 0 
Board [3s Ts 3c 8h 2d]
Seat 1: Mahu2021 (big blind) showed [2c Kd] and won (160) with two pair, Threes and Deuces
Seat 2: EDU_BUD (button) (small blind) mucked [6c Ad]



PokerStars Hand #252858504073: Tournament #3810339410, $1.84+$0.16 USD Hold'em No Limit - Level I (10/20) - 2024/10/10 16:24:41 CET [2024/10/10 10:24:41 ET]
Table '3810339410 1' 3-max Seat #1 is the button
Seat 1: Mahu2021 (580 in chips) 
Seat 2: EDU_BUD (920 in chips) 
Mahu2021: posts small blind 10
EDU_BUD: posts big blind 20
*** HOLE CARDS ***
Dealt to Mahu2021 [Ah Ac]
Mahu2021: raises 560 to 580 and is all-in
EDU_BUD: folds 
Uncalled bet (560) returned to Mahu2021
Mahu2021 collected 40 from pot
Mahu2021: doesn't show hand 
*** SUMMARY ***
Total pot 40 | Rake 0 
Seat 1: Mahu2021 (button) (small blind) collected (40)
Seat 2: EDU_BUD (big blind) folded before Flop



PokerStars Hand #252858505583: Tournament #3810339410, $1.84+$0.16 USD Hold'em No Limit - Level I (10/20) - 2024/10/10 16:24:49 CET [2024/10/10 10:24:49 ET]
Table '3810339410 1' 3-max Seat #2 is the button
Seat 1: Mahu2021 (600 in chips) 
Seat 2: EDU_BUD (900 in chips) 
EDU_BUD: posts small blind 10
Mahu2021: posts big blind 20
*** HOLE CARDS ***
Dealt to Mahu2021 [Qc 6h]
EDU_BUD: raises 20 to 40
Mahu2021: calls 20
*** FLOP *** [Th 4d 3c]
Mahu2021: checks 
EDU_BUD: checks 
*** TURN *** [Th 4d 3c] [2s]
Mahu2021: checks 
EDU_BUD: checks 
*** RIVER *** [Th 4d 3c 2s] [Kd]
Mahu2021: checks 
EDU_BUD: bets 60
Mahu2021: folds 
Uncalled bet (60) returned to EDU_BUD
EDU_BUD collected 80 from pot
*** SUMMARY ***
Total pot 80 | Rake 0 
Board [Th 4d 3c 2s Kd]
Seat 1: Mahu2021 (big blind) folded on the River
Seat 2: EDU_BUD (button) (small blind) collected (80)



PokerStars Hand #252858508607: Tournament #3810339410, $1.84+$0.16 USD Hold'em No Limit - Level I (10/20) - 2024/10/10 16:25:04 CET [2024/10/10 10:25:04 ET]
Table '3810339410 1' 3-max Seat #1 is the button
Seat 1: Mahu2021 (560 in chips) 
Seat 2: EDU_BUD (940 in chips) 
Mahu2021: posts small blind 10
EDU_BUD: posts big blind 20
*** HOLE CARDS ***
Dealt to Mahu2021 [5c Ac]
Mahu2021: raises 20 to 40
EDU_BUD: raises 900 to 940 and is all-in
Mahu2021: folds 
Uncalled bet (900) returned to EDU_BUD
EDU_BUD collected 80 from pot
*** SUMMARY ***
Total pot 80 | Rake 0 
Seat 1: Mahu2021 (button) (small blind) folded before Flop
Seat 2: EDU_BUD (big blind) collected (80)



PokerStars Hand #252858510239: Tournament #3810339410, $1.84+$0.16 USD Hold'em No Limit - Level I (10/20) - 2024/10/10 16:25:13 CET [2024/10/10 10:25:13 ET]
Table '3810339410 1' 3-max Seat #2 is the button
Seat 1: Mahu2021 (520 in chips) 
Seat 2: EDU_BUD (980 in chips) 
EDU_BUD: posts small blind 10
Mahu2021: posts big blind 20
*** HOLE CARDS ***
Dealt to Mahu2021 [Td 8h]
EDU_BUD: raises 20 to 40
Mahu2021: calls 20
*** FLOP *** [9s Ac Ad]
Mahu2021: checks 
EDU_BUD: checks 
*** TURN *** [9s Ac Ad] [7s]
Mahu2021: bets 40
EDU_BUD: calls 40
*** RIVER *** [9s Ac Ad 7s] [8s]
Mahu2021: bets 40
EDU_BUD: calls 40
*** SHOW DOWN ***
Mahu2021: shows [Td 8h] (two pair, Aces and Eights)
EDU_BUD: mucks hand 
Mahu2021 collected 240 from pot
*** SUMMARY ***
Total pot 240 | Rake 0 
Board [9s Ac Ad 7s 8s]
Seat 1: Mahu2021 (big blind) showed [Td 8h] and won (240) with two pair, Aces and Eights
Seat 2: EDU_BUD (button) (small blind) mucked [Th Kd]



PokerStars Hand #252858513733: Tournament #3810339410, $1.84+$0.16 USD Hold'em No Limit - Level I (10/20) - 2024/10/10 16:25:31 CET [2024/10/10 10:25:31 ET]
Table '3810339410 1' 3-max Seat #1 is the button
Seat 1: Mahu2021 (640 in chips) 
Seat 2: EDU_BUD (860 in chips) 
Mahu2021: posts small blind 10
EDU_BUD: posts big blind 20
*** HOLE CARDS ***
Dealt to Mahu2021 [7s 5d]
Mahu2021: folds 
Uncalled bet (10) returned to EDU_BUD
EDU_BUD collected 20 from pot
*** SUMMARY ***
Total pot 20 | Rake 0 
Seat 1: Mahu2021 (button) (small blind) folded before Flop
Seat 2: EDU_BUD (big blind) collected (20)



PokerStars Hand #252858515300: Tournament #3810339410, $1.84+$0.16 USD Hold'em No Limit - Level I (10/20) - 2024/10/10 16:25:39 CET [2024/10/10 10:25:39 ET]
Table '3810339410 1' 3-max Seat #2 is the button
Seat 1: Mahu2021 (630 in chips) 
Seat 2: EDU_BUD (870 in chips) 
EDU_BUD: posts small blind 10
Mahu2021: posts big blind 20
*** HOLE CARDS ***
Dealt to Mahu2021 [4h Jd]
EDU_BUD: raises 20 to 40
Mahu2021: calls 20
*** FLOP *** [Ah 4c 7c]
Mahu2021: checks 
EDU_BUD: checks 
*** TURN *** [Ah 4c 7c] [Ac]
Mahu2021: checks 
EDU_BUD: checks 
*** RIVER *** [Ah 4c 7c Ac] [Tc]
Mahu2021: checks 
EDU_BUD: bets 60
Mahu2021: folds 
Uncalled bet (60) returned to EDU_BUD
EDU_BUD collected 80 from pot
*** SUMMARY ***
Total pot 80 | Rake 0 
Board [Ah 4c 7c Ac Tc]
Seat 1: Mahu2021 (big blind) folded on the River
Seat 2: EDU_BUD (button) (small blind) collected (80)



PokerStars Hand #252858518494: Tournament #3810339410, $1.84+$0.16 USD Hold'em No Limit - Level I (10/20) - 2024/10/10 16:25:55 CET [2024/10/10 10:25:55 ET]
Table '3810339410 1' 3-max Seat #1 is the button
Seat 1: Mahu2021 (590 in chips) 
Seat 2: EDU_BUD (910 in chips) 
Mahu2021: posts small blind 10
EDU_BUD: posts big blind 20
*** HOLE CARDS ***
Dealt to Mahu2021 [Th 6h]
Mahu2021: calls 10
EDU_BUD: raises 40 to 60
Mahu2021: calls 40
*** FLOP *** [Kh As 8c]
EDU_BUD: checks 
Mahu2021: checks 
*** TURN *** [Kh As 8c] [9c]
EDU_BUD: bets 60
Mahu2021: calls 60
*** RIVER *** [Kh As 8c 9c] [8s]
EDU_BUD: bets 120
Mahu2021: folds 
Uncalled bet (120) returned to EDU_BUD
EDU_BUD collected 240 from pot
*** SUMMARY ***
Total pot 240 | Rake 0 
Board [Kh As 8c 9c 8s]
Seat 1: Mahu2021 (button) (small blind) folded on the River
Seat 2: EDU_BUD (big blind) collected (240)



PokerStars Hand #252858522030: Tournament #3810339410, $1.84+$0.16 USD Hold'em No Limit - Level I (10/20) - 2024/10/10 16:26:13 CET [2024/10/10 10:26:13 ET]
Table '3810339410 1' 3-max Seat #2 is the button
Seat 1: Mahu2021 (470 in chips) 
Seat 2: EDU_BUD (1030 in chips) 
EDU_BUD: posts small blind 10
Mahu2021: posts big blind 20
*** HOLE CARDS ***
Dealt to Mahu2021 [4h Qc]
EDU_BUD: raises 20 to 40
Mahu2021: calls 20
*** FLOP *** [4d 2c Td]
Mahu2021: bets 430 and is all-in
EDU_BUD: calls 430
*** TURN *** [4d 2c Td] [6s]
*** RIVER *** [4d 2c Td 6s] [2s]
*** SHOW DOWN ***
Mahu2021: shows [4h Qc] (two pair, Fours and Deuces)
EDU_BUD: shows [Jc Ts] (two pair, Tens and Deuces)
EDU_BUD collected 940 from pot
Mahu2021 finished the tournament in 2nd place
EDU_BUD wins the tournament and receives $6.00 - congratulations!
*** SUMMARY ***
Total pot 940 | Rake 0 
Board [4d 2c Td 6s 2s]
Seat 1: Mahu2021 (big blind) showed [4h Qc] and lost with two pair, Fours and Deuces
Seat 2: EDU_BUD (button) (small blind) showed [Jc Ts] and won (940) with two pair, Tens and Deuces



