PokerStars Hand #243294064858: Tournament #3582096267, $0.92+$0.08 USD Hold'em No Limit - Level I (10/20) - 2023/04/24 20:38:51 CET [2023/04/24 14:38:51 ET]
Table '3582096267 1' 3-max Seat #1 is the button
Seat 1: Mahu2021 (500 in chips) 
Seat 2: ImBad222 (500 in chips) 
Seat 3: MuriloTinelli (500 in chips) 
ImBad222: posts small blind 10
MuriloTinelli: posts big blind 20
*** HOLE CARDS ***
Dealt to Mahu2021 [7s Tc]
Mahu2021: folds 
ImBad222: calls 10
MuriloTinelli: checks 
*** FLOP *** [As 5s Qd]
ImBad222: bets 20
MuriloTinelli: folds 
Uncalled bet (20) returned to ImBad222
ImBad222 collected 40 from pot
*** SUMMARY ***
Total pot 40 | Rake 0 
Board [As 5s Qd]
Seat 1: Mahu2021 (button) folded before Flop (didn't bet)
Seat 2: ImBad222 (small blind) collected (40)
Seat 3: MuriloTinelli (big blind) folded on the Flop



PokerStars Hand #243294069175: Tournament #3582096267, $0.92+$0.08 USD Hold'em No Limit - Level I (10/20) - 2023/04/24 20:39:03 CET [2023/04/24 14:39:03 ET]
Table '3582096267 1' 3-max Seat #2 is the button
Seat 1: Mahu2021 (500 in chips) 
Seat 2: ImBad222 (520 in chips) 
Seat 3: MuriloTinelli (480 in chips) 
MuriloTinelli: posts small blind 10
Mahu2021: posts big blind 20
*** HOLE CARDS ***
Dealt to Mahu2021 [8d 6h]
ImBad222: calls 20
MuriloTinelli: raises 60 to 80
Mahu2021: folds 
ImBad222: calls 60
*** FLOP *** [5s 5c 3d]
MuriloTinelli: bets 100
ImBad222: folds 
Uncalled bet (100) returned to MuriloTinelli
MuriloTinelli collected 180 from pot
MuriloTinelli: doesn't show hand 
*** SUMMARY ***
Total pot 180 | Rake 0 
Board [5s 5c 3d]
Seat 1: Mahu2021 (big blind) folded before Flop
Seat 2: ImBad222 (button) folded on the Flop
Seat 3: MuriloTinelli (small blind) collected (180)



PokerStars Hand #243294075353: Tournament #3582096267, $0.92+$0.08 USD Hold'em No Limit - Level I (10/20) - 2023/04/24 20:39:20 CET [2023/04/24 14:39:20 ET]
Table '3582096267 1' 3-max Seat #3 is the button
Seat 1: Mahu2021 (480 in chips) 
Seat 2: ImBad222 (440 in chips) 
Seat 3: MuriloTinelli (580 in chips) 
Mahu2021: posts small blind 10
ImBad222: posts big blind 20
*** HOLE CARDS ***
Dealt to Mahu2021 [Kc 5s]
MuriloTinelli: folds 
Mahu2021: calls 10
ImBad222: checks 
*** FLOP *** [5c 8s 2s]
Mahu2021: bets 20
ImBad222: calls 20
*** TURN *** [5c 8s 2s] [3s]
Mahu2021: checks 
ImBad222: checks 
*** RIVER *** [5c 8s 2s 3s] [6h]
Mahu2021: checks 
ImBad222: checks 
*** SHOW DOWN ***
Mahu2021: shows [Kc 5s] (a pair of Fives)
ImBad222: mucks hand 
Mahu2021 collected 80 from pot
*** SUMMARY ***
Total pot 80 | Rake 0 
Board [5c 8s 2s 3s 6h]
Seat 1: Mahu2021 (small blind) showed [Kc 5s] and won (80) with a pair of Fives
Seat 2: ImBad222 (big blind) mucked [7s Ah]
Seat 3: MuriloTinelli (button) folded before Flop (didn't bet)



PokerStars Hand #243294082297: Tournament #3582096267, $0.92+$0.08 USD Hold'em No Limit - Level I (10/20) - 2023/04/24 20:39:40 CET [2023/04/24 14:39:40 ET]
Table '3582096267 1' 3-max Seat #1 is the button
Seat 1: Mahu2021 (520 in chips) 
Seat 2: ImBad222 (400 in chips) 
Seat 3: MuriloTinelli (580 in chips) 
ImBad222: posts small blind 10
MuriloTinelli: posts big blind 20
*** HOLE CARDS ***
Dealt to Mahu2021 [3c 8c]
Mahu2021: folds 
ImBad222: calls 10
MuriloTinelli: checks 
*** FLOP *** [Tc 3s 8s]
ImBad222: checks 
MuriloTinelli: bets 20
ImBad222: folds 
Uncalled bet (20) returned to MuriloTinelli
MuriloTinelli collected 40 from pot
MuriloTinelli: doesn't show hand 
*** SUMMARY ***
Total pot 40 | Rake 0 
Board [Tc 3s 8s]
Seat 1: Mahu2021 (button) folded before Flop (didn't bet)
Seat 2: ImBad222 (small blind) folded on the Flop
Seat 3: MuriloTinelli (big blind) collected (40)



PokerStars Hand #243294086978: Tournament #3582096267, $0.92+$0.08 USD Hold'em No Limit - Level I (10/20) - 2023/04/24 20:39:52 CET [2023/04/24 14:39:52 ET]
Table '3582096267 1' 3-max Seat #2 is the button
Seat 1: Mahu2021 (520 in chips) 
Seat 2: ImBad222 (380 in chips) 
Seat 3: MuriloTinelli (600 in chips) 
MuriloTinelli: posts small blind 10
Mahu2021: posts big blind 20
*** HOLE CARDS ***
Dealt to Mahu2021 [4d 4h]
ImBad222: calls 20
MuriloTinelli: calls 10
Mahu2021: checks 
*** FLOP *** [4c 7h Kd]
MuriloTinelli: checks 
Mahu2021: checks 
ImBad222: checks 
*** TURN *** [4c 7h Kd] [9s]
MuriloTinelli: bets 20
Mahu2021: calls 20
ImBad222: calls 20
*** RIVER *** [4c 7h Kd 9s] [7c]
MuriloTinelli: bets 40
Mahu2021: raises 200 to 240
ImBad222: folds 
MuriloTinelli: folds 
Uncalled bet (200) returned to Mahu2021
Mahu2021 collected 200 from pot
Mahu2021: doesn't show hand 
*** SUMMARY ***
Total pot 200 | Rake 0 
Board [4c 7h Kd 9s 7c]
Seat 1: Mahu2021 (big blind) collected (200)
Seat 2: ImBad222 (button) folded on the River
Seat 3: MuriloTinelli (small blind) folded on the River



PokerStars Hand #243294096810: Tournament #3582096267, $0.92+$0.08 USD Hold'em No Limit - Level I (10/20) - 2023/04/24 20:40:19 CET [2023/04/24 14:40:19 ET]
Table '3582096267 1' 3-max Seat #3 is the button
Seat 1: Mahu2021 (640 in chips) 
Seat 2: ImBad222 (340 in chips) 
Seat 3: MuriloTinelli (520 in chips) 
Mahu2021: posts small blind 10
ImBad222: posts big blind 20
*** HOLE CARDS ***
Dealt to Mahu2021 [Kd 8h]
MuriloTinelli: calls 20
Mahu2021: calls 10
ImBad222: checks 
*** FLOP *** [3c 9h Js]
Mahu2021: checks 
ImBad222: checks 
MuriloTinelli: checks 
*** TURN *** [3c 9h Js] [5h]
Mahu2021: bets 20
ImBad222: raises 20 to 40
MuriloTinelli: calls 40
Mahu2021: folds 
*** RIVER *** [3c 9h Js 5h] [Th]
ImBad222: checks 
MuriloTinelli: checks 
*** SHOW DOWN ***
ImBad222: shows [4h 6s] (high card Jack)
MuriloTinelli: shows [7c 9c] (a pair of Nines)
MuriloTinelli collected 160 from pot
*** SUMMARY ***
Total pot 160 | Rake 0 
Board [3c 9h Js 5h Th]
Seat 1: Mahu2021 (small blind) folded on the Turn
Seat 2: ImBad222 (big blind) showed [4h 6s] and lost with high card Jack
Seat 3: MuriloTinelli (button) showed [7c 9c] and won (160) with a pair of Nines



PokerStars Hand #243294105051: Tournament #3582096267, $0.92+$0.08 USD Hold'em No Limit - Level I (10/20) - 2023/04/24 20:40:42 CET [2023/04/24 14:40:42 ET]
Table '3582096267 1' 3-max Seat #1 is the button
Seat 1: Mahu2021 (600 in chips) 
Seat 2: ImBad222 (280 in chips) 
Seat 3: MuriloTinelli (620 in chips) 
ImBad222: posts small blind 10
MuriloTinelli: posts big blind 20
*** HOLE CARDS ***
Dealt to Mahu2021 [9s 7h]
Mahu2021: folds 
ImBad222: calls 10
MuriloTinelli: checks 
*** FLOP *** [8h Js Jh]
ImBad222: checks 
MuriloTinelli: checks 
*** TURN *** [8h Js Jh] [7d]
ImBad222: checks 
MuriloTinelli: checks 
*** RIVER *** [8h Js Jh 7d] [8d]
ImBad222: bets 60
MuriloTinelli: calls 60
*** SHOW DOWN ***
ImBad222: shows [Ks 7c] (two pair, Jacks and Eights)
MuriloTinelli: mucks hand 
ImBad222 collected 160 from pot
*** SUMMARY ***
Total pot 160 | Rake 0 
Board [8h Js Jh 7d 8d]
Seat 1: Mahu2021 (button) folded before Flop (didn't bet)
Seat 2: ImBad222 (small blind) showed [Ks 7c] and won (160) with two pair, Jacks and Eights
Seat 3: MuriloTinelli (big blind) mucked [6s 7s]



PokerStars Hand #243294111890: Tournament #3582096267, $0.92+$0.08 USD Hold'em No Limit - Level I (10/20) - 2023/04/24 20:41:01 CET [2023/04/24 14:41:01 ET]
Table '3582096267 1' 3-max Seat #2 is the button
Seat 1: Mahu2021 (600 in chips) 
Seat 2: ImBad222 (360 in chips) 
Seat 3: MuriloTinelli (540 in chips) 
MuriloTinelli: posts small blind 10
Mahu2021: posts big blind 20
*** HOLE CARDS ***
Dealt to Mahu2021 [9h 6c]
ImBad222: calls 20
MuriloTinelli: calls 10
Mahu2021: checks 
*** FLOP *** [4c 8d Th]
MuriloTinelli: checks 
Mahu2021: checks 
ImBad222: checks 
*** TURN *** [4c 8d Th] [6h]
MuriloTinelli: checks 
Mahu2021: bets 20
ImBad222: calls 20
MuriloTinelli: calls 20
*** RIVER *** [4c 8d Th 6h] [8s]
MuriloTinelli: checks 
Mahu2021: checks 
ImBad222: checks 
*** SHOW DOWN ***
MuriloTinelli: shows [6s Qc] (two pair, Eights and Sixes)
Mahu2021: mucks hand 
ImBad222: mucks hand 
MuriloTinelli collected 120 from pot
*** SUMMARY ***
Total pot 120 | Rake 0 
Board [4c 8d Th 6h 8s]
Seat 1: Mahu2021 (big blind) mucked [9h 6c]
Seat 2: ImBad222 (button) mucked [5s 5c]
Seat 3: MuriloTinelli (small blind) showed [6s Qc] and won (120) with two pair, Eights and Sixes



PokerStars Hand #243294122102: Tournament #3582096267, $0.92+$0.08 USD Hold'em No Limit - Level I (10/20) - 2023/04/24 20:41:29 CET [2023/04/24 14:41:29 ET]
Table '3582096267 1' 3-max Seat #3 is the button
Seat 1: Mahu2021 (560 in chips) 
Seat 2: ImBad222 (320 in chips) 
Seat 3: MuriloTinelli (620 in chips) 
Mahu2021: posts small blind 10
ImBad222: posts big blind 20
*** HOLE CARDS ***
Dealt to Mahu2021 [Qc 4c]
MuriloTinelli: calls 20
Mahu2021: calls 10
ImBad222: checks 
*** FLOP *** [Th Kd 4h]
Mahu2021: checks 
ImBad222: checks 
MuriloTinelli: checks 
*** TURN *** [Th Kd 4h] [Ks]
Mahu2021: bets 20
ImBad222: raises 20 to 40
MuriloTinelli: folds 
Mahu2021: calls 20
*** RIVER *** [Th Kd 4h Ks] [6s]
Mahu2021: checks 
ImBad222: bets 140
Mahu2021: folds 
Uncalled bet (140) returned to ImBad222
ImBad222 collected 140 from pot
*** SUMMARY ***
Total pot 140 | Rake 0 
Board [Th Kd 4h Ks 6s]
Seat 1: Mahu2021 (small blind) folded on the River
Seat 2: ImBad222 (big blind) collected (140)
Seat 3: MuriloTinelli (button) folded on the Turn



PokerStars Hand #243294131979: Tournament #3582096267, $0.92+$0.08 USD Hold'em No Limit - Level II (15/30) - 2023/04/24 20:41:56 CET [2023/04/24 14:41:56 ET]
Table '3582096267 1' 3-max Seat #1 is the button
Seat 1: Mahu2021 (500 in chips) 
Seat 2: ImBad222 (400 in chips) 
Seat 3: MuriloTinelli (600 in chips) 
ImBad222: posts small blind 15
MuriloTinelli: posts big blind 30
*** HOLE CARDS ***
Dealt to Mahu2021 [8d Kd]
Mahu2021: calls 30
ImBad222: calls 15
MuriloTinelli: checks 
*** FLOP *** [2s 9c 2c]
ImBad222: checks 
MuriloTinelli: checks 
Mahu2021: bets 30
ImBad222: folds 
MuriloTinelli: folds 
Uncalled bet (30) returned to Mahu2021
Mahu2021 collected 90 from pot
Mahu2021: doesn't show hand 
*** SUMMARY ***
Total pot 90 | Rake 0 
Board [2s 9c 2c]
Seat 1: Mahu2021 (button) collected (90)
Seat 2: ImBad222 (small blind) folded on the Flop
Seat 3: MuriloTinelli (big blind) folded on the Flop



PokerStars Hand #243294137704: Tournament #3582096267, $0.92+$0.08 USD Hold'em No Limit - Level II (15/30) - 2023/04/24 20:42:11 CET [2023/04/24 14:42:11 ET]
Table '3582096267 1' 3-max Seat #2 is the button
Seat 1: Mahu2021 (560 in chips) 
Seat 2: ImBad222 (370 in chips) 
Seat 3: MuriloTinelli (570 in chips) 
MuriloTinelli: posts small blind 15
Mahu2021: posts big blind 30
*** HOLE CARDS ***
Dealt to Mahu2021 [Td Ac]
ImBad222: calls 30
MuriloTinelli: calls 15
Mahu2021: raises 60 to 90
ImBad222: calls 60
MuriloTinelli: calls 60
*** FLOP *** [3s 3d 2s]
MuriloTinelli: bets 60
Mahu2021: calls 60
ImBad222: folds 
*** TURN *** [3s 3d 2s] [Kd]
MuriloTinelli: bets 120
Mahu2021: folds 
Uncalled bet (120) returned to MuriloTinelli
MuriloTinelli collected 390 from pot
MuriloTinelli: doesn't show hand 
*** SUMMARY ***
Total pot 390 | Rake 0 
Board [3s 3d 2s Kd]
Seat 1: Mahu2021 (big blind) folded on the Turn
Seat 2: ImBad222 (button) folded on the Flop
Seat 3: MuriloTinelli (small blind) collected (390)



PokerStars Hand #243294150586: Tournament #3582096267, $0.92+$0.08 USD Hold'em No Limit - Level II (15/30) - 2023/04/24 20:42:46 CET [2023/04/24 14:42:46 ET]
Table '3582096267 1' 3-max Seat #3 is the button
Seat 1: Mahu2021 (410 in chips) 
Seat 2: ImBad222 (280 in chips) 
Seat 3: MuriloTinelli (810 in chips) 
Mahu2021: posts small blind 15
ImBad222: posts big blind 30
*** HOLE CARDS ***
Dealt to Mahu2021 [5h 6c]
MuriloTinelli: folds 
Mahu2021: calls 15
ImBad222: checks 
*** FLOP *** [Jh 9d 6s]
Mahu2021: bets 30
ImBad222: calls 30
*** TURN *** [Jh 9d 6s] [Qh]
Mahu2021: checks 
ImBad222: checks 
*** RIVER *** [Jh 9d 6s Qh] [Kd]
Mahu2021: checks 
ImBad222: checks 
*** SHOW DOWN ***
Mahu2021: shows [5h 6c] (a pair of Sixes)
ImBad222: shows [6d 2h] (a pair of Sixes)
Mahu2021 collected 60 from pot
ImBad222 collected 60 from pot
*** SUMMARY ***
Total pot 120 | Rake 0 
Board [Jh 9d 6s Qh Kd]
Seat 1: Mahu2021 (small blind) showed [5h 6c] and won (60) with a pair of Sixes
Seat 2: ImBad222 (big blind) showed [6d 2h] and won (60) with a pair of Sixes
Seat 3: MuriloTinelli (button) folded before Flop (didn't bet)



PokerStars Hand #243294159982: Tournament #3582096267, $0.92+$0.08 USD Hold'em No Limit - Level II (15/30) - 2023/04/24 20:43:12 CET [2023/04/24 14:43:12 ET]
Table '3582096267 1' 3-max Seat #1 is the button
Seat 1: Mahu2021 (410 in chips) 
Seat 2: ImBad222 (280 in chips) 
Seat 3: MuriloTinelli (810 in chips) 
ImBad222: posts small blind 15
MuriloTinelli: posts big blind 30
*** HOLE CARDS ***
Dealt to Mahu2021 [6c 2h]
Mahu2021: folds 
ImBad222: calls 15
MuriloTinelli: checks 
*** FLOP *** [8d Qd Js]
ImBad222: checks 
MuriloTinelli: checks 
*** TURN *** [8d Qd Js] [Ts]
ImBad222: checks 
MuriloTinelli: checks 
*** RIVER *** [8d Qd Js Ts] [Ah]
ImBad222: checks 
MuriloTinelli: checks 
*** SHOW DOWN ***
ImBad222: shows [Ad 5h] (a pair of Aces)
MuriloTinelli: mucks hand 
ImBad222 collected 60 from pot
*** SUMMARY ***
Total pot 60 | Rake 0 
Board [8d Qd Js Ts Ah]
Seat 1: Mahu2021 (button) folded before Flop (didn't bet)
Seat 2: ImBad222 (small blind) showed [Ad 5h] and won (60) with a pair of Aces
Seat 3: MuriloTinelli (big blind) mucked [6s Td]



PokerStars Hand #243294166920: Tournament #3582096267, $0.92+$0.08 USD Hold'em No Limit - Level II (15/30) - 2023/04/24 20:43:31 CET [2023/04/24 14:43:31 ET]
Table '3582096267 1' 3-max Seat #2 is the button
Seat 1: Mahu2021 (410 in chips) 
Seat 2: ImBad222 (310 in chips) 
Seat 3: MuriloTinelli (780 in chips) 
MuriloTinelli: posts small blind 15
Mahu2021: posts big blind 30
*** HOLE CARDS ***
Dealt to Mahu2021 [Ts 8d]
ImBad222: calls 30
MuriloTinelli: calls 15
Mahu2021: checks 
*** FLOP *** [6s 3c Ac]
MuriloTinelli: bets 30
Mahu2021: folds 
ImBad222: folds 
Uncalled bet (30) returned to MuriloTinelli
MuriloTinelli collected 90 from pot
MuriloTinelli: doesn't show hand 
*** SUMMARY ***
Total pot 90 | Rake 0 
Board [6s 3c Ac]
Seat 1: Mahu2021 (big blind) folded on the Flop
Seat 2: ImBad222 (button) folded on the Flop
Seat 3: MuriloTinelli (small blind) collected (90)



PokerStars Hand #243294176981: Tournament #3582096267, $0.92+$0.08 USD Hold'em No Limit - Level II (15/30) - 2023/04/24 20:43:58 CET [2023/04/24 14:43:58 ET]
Table '3582096267 1' 3-max Seat #3 is the button
Seat 1: Mahu2021 (380 in chips) 
Seat 2: ImBad222 (280 in chips) 
Seat 3: MuriloTinelli (840 in chips) 
Mahu2021: posts small blind 15
ImBad222: posts big blind 30
*** HOLE CARDS ***
Dealt to Mahu2021 [5c Kh]
MuriloTinelli: calls 30
Mahu2021: calls 15
ImBad222: checks 
*** FLOP *** [Ad Qh 5h]
Mahu2021: checks 
ImBad222: checks 
MuriloTinelli: checks 
*** TURN *** [Ad Qh 5h] [Ah]
Mahu2021: bets 30
ImBad222: folds 
MuriloTinelli: calls 30
*** RIVER *** [Ad Qh 5h Ah] [Ks]
Mahu2021: bets 150
MuriloTinelli: raises 630 to 780 and is all-in
Mahu2021: calls 170 and is all-in
Uncalled bet (460) returned to MuriloTinelli
*** SHOW DOWN ***
MuriloTinelli: shows [8h Jh] (a flush, Ace high)
Mahu2021: shows [5c Kh] (two pair, Aces and Kings)
MuriloTinelli collected 790 from pot
Mahu2021 finished the tournament in 3rd place
*** SUMMARY ***
Total pot 790 | Rake 0 
Board [Ad Qh 5h Ah Ks]
Seat 1: Mahu2021 (small blind) showed [5c Kh] and lost with two pair, Aces and Kings
Seat 2: ImBad222 (big blind) folded on the Turn
Seat 3: MuriloTinelli (button) showed [8h Jh] and won (790) with a flush, Ace high



