PokerStars Hand #243268027469: Tournament #3581561543, $0.92+$0.08 USD Hold'em No Limit - Level I (10/20) - 2023/04/23 16:20:49 CET [2023/04/23 10:20:49 ET]
Table '3581561543 1' 3-max Seat #1 is the button
Seat 1: Mahu2021 (500 in chips) 
Seat 2: Zitoker (500 in chips) 
Seat 3: ThomasVasco996 (500 in chips) 
Zitoker: posts small blind 10
ThomasVasco996: posts big blind 20
*** HOLE CARDS ***
Dealt to Mahu2021 [Jh Qs]
Mahu2021: calls 20
Zitoker: calls 10
ThomasVasco996: checks 
*** FLOP *** [7d 9s 3s]
Zitoker: checks 
ThomasVasco996: bets 40
Mahu2021: folds 
Zitoker: calls 40
*** TURN *** [7d 9s 3s] [5h]
Zitoker: checks 
ThomasVasco996: bets 140
Zitoker: folds [3d]
Uncalled bet (140) returned to ThomasVasco996
ThomasVasco996 collected 140 from pot
*** SUMMARY ***
Total pot 140 | Rake 0 
Board [7d 9s 3s 5h]
Seat 1: Mahu2021 (button) folded on the Flop
Seat 2: Zitoker (small blind) folded on the Turn
Seat 3: ThomasVasco996 (big blind) collected (140)



PokerStars Hand #243268036294: Tournament #3581561543, $0.92+$0.08 USD Hold'em No Limit - Level I (10/20) - 2023/04/23 16:21:19 CET [2023/04/23 10:21:19 ET]
Table '3581561543 1' 3-max Seat #2 is the button
Seat 1: Mahu2021 (480 in chips) 
Seat 2: Zitoker (440 in chips) 
Seat 3: ThomasVasco996 (580 in chips) 
ThomasVasco996: posts small blind 10
Mahu2021: posts big blind 20
*** HOLE CARDS ***
Dealt to Mahu2021 [Jc Qh]
Zitoker: raises 20 to 40
ThomasVasco996: folds 
Mahu2021: calls 20
*** FLOP *** [Kd 8d 8s]
Mahu2021: checks 
Zitoker: checks 
*** TURN *** [Kd 8d 8s] [4s]
Mahu2021: bets 40
Zitoker: calls 40
*** RIVER *** [Kd 8d 8s 4s] [9d]
Mahu2021: checks 
Zitoker: checks 
*** SHOW DOWN ***
Mahu2021: shows [Jc Qh] (a pair of Eights)
Zitoker: shows [Js Ac] (a pair of Eights - Ace kicker)
Zitoker collected 170 from pot
*** SUMMARY ***
Total pot 170 | Rake 0 
Board [Kd 8d 8s 4s 9d]
Seat 1: Mahu2021 (big blind) showed [Jc Qh] and lost with a pair of Eights
Seat 2: Zitoker (button) showed [Js Ac] and won (170) with a pair of Eights
Seat 3: ThomasVasco996 (small blind) folded before Flop



PokerStars Hand #243268042268: Tournament #3581561543, $0.92+$0.08 USD Hold'em No Limit - Level I (10/20) - 2023/04/23 16:21:40 CET [2023/04/23 10:21:40 ET]
Table '3581561543 1' 3-max Seat #3 is the button
Seat 1: Mahu2021 (400 in chips) 
Seat 2: Zitoker (530 in chips) 
Seat 3: ThomasVasco996 (570 in chips) 
Mahu2021: posts small blind 10
Zitoker: posts big blind 20
*** HOLE CARDS ***
Dealt to Mahu2021 [5s 4d]
ThomasVasco996: raises 40 to 60
Mahu2021: folds 
Zitoker: folds 
Uncalled bet (40) returned to ThomasVasco996
ThomasVasco996 collected 50 from pot
*** SUMMARY ***
Total pot 50 | Rake 0 
Seat 1: Mahu2021 (small blind) folded before Flop
Seat 2: Zitoker (big blind) folded before Flop
Seat 3: ThomasVasco996 (button) collected (50)



PokerStars Hand #243268044552: Tournament #3581561543, $0.92+$0.08 USD Hold'em No Limit - Level I (10/20) - 2023/04/23 16:21:49 CET [2023/04/23 10:21:49 ET]
Table '3581561543 1' 3-max Seat #1 is the button
Seat 1: Mahu2021 (390 in chips) 
Seat 2: Zitoker (510 in chips) 
Seat 3: ThomasVasco996 (600 in chips) 
Zitoker: posts small blind 10
ThomasVasco996: posts big blind 20
*** HOLE CARDS ***
Dealt to Mahu2021 [Js Qc]
Mahu2021: raises 20 to 40
Zitoker: folds 
ThomasVasco996: calls 20
*** FLOP *** [8s Jh 3c]
ThomasVasco996: bets 60
Mahu2021: raises 120 to 180
ThomasVasco996: calls 120
*** TURN *** [8s Jh 3c] [3d]
ThomasVasco996: checks 
Mahu2021: bets 170 and is all-in
ThomasVasco996: calls 170
*** RIVER *** [8s Jh 3c 3d] [Jc]
*** SHOW DOWN ***
ThomasVasco996: shows [Kd 8h] (two pair, Jacks and Eights)
Mahu2021: shows [Js Qc] (a full house, Jacks full of Threes)
Mahu2021 collected 790 from pot
*** SUMMARY ***
Total pot 790 | Rake 0 
Board [8s Jh 3c 3d Jc]
Seat 1: Mahu2021 (button) showed [Js Qc] and won (790) with a full house, Jacks full of Threes
Seat 2: Zitoker (small blind) folded before Flop
Seat 3: ThomasVasco996 (big blind) showed [Kd 8h] and lost with two pair, Jacks and Eights



PokerStars Hand #243268051176: Tournament #3581561543, $0.92+$0.08 USD Hold'em No Limit - Level I (10/20) - 2023/04/23 16:22:12 CET [2023/04/23 10:22:12 ET]
Table '3581561543 1' 3-max Seat #2 is the button
Seat 1: Mahu2021 (790 in chips) 
Seat 2: Zitoker (500 in chips) 
Seat 3: ThomasVasco996 (210 in chips) 
ThomasVasco996: posts small blind 10
Mahu2021: posts big blind 20
*** HOLE CARDS ***
Dealt to Mahu2021 [Kh 5d]
Zitoker: folds 
ThomasVasco996: calls 10
Mahu2021: checks 
*** FLOP *** [7s 4h Ad]
ThomasVasco996: checks 
Mahu2021: checks 
*** TURN *** [7s 4h Ad] [9h]
ThomasVasco996: checks 
Mahu2021: bets 20
ThomasVasco996: calls 20
*** RIVER *** [7s 4h Ad 9h] [4c]
ThomasVasco996: checks 
Mahu2021: checks 
*** SHOW DOWN ***
ThomasVasco996: shows [6d 3d] (a pair of Fours)
Mahu2021: shows [Kh 5d] (a pair of Fours - Ace+King kicker)
Mahu2021 collected 80 from pot
*** SUMMARY ***
Total pot 80 | Rake 0 
Board [7s 4h Ad 9h 4c]
Seat 1: Mahu2021 (big blind) showed [Kh 5d] and won (80) with a pair of Fours
Seat 2: Zitoker (button) folded before Flop (didn't bet)
Seat 3: ThomasVasco996 (small blind) showed [6d 3d] and lost with a pair of Fours



PokerStars Hand #243268058358: Tournament #3581561543, $0.92+$0.08 USD Hold'em No Limit - Level I (10/20) - 2023/04/23 16:22:37 CET [2023/04/23 10:22:37 ET]
Table '3581561543 1' 3-max Seat #3 is the button
Seat 1: Mahu2021 (830 in chips) 
Seat 2: Zitoker (500 in chips) 
Seat 3: ThomasVasco996 (170 in chips) 
Mahu2021: posts small blind 10
Zitoker: posts big blind 20
*** HOLE CARDS ***
Dealt to Mahu2021 [6h 5s]
ThomasVasco996: folds 
Mahu2021: calls 10
Zitoker: checks 
*** FLOP *** [As Ac 7c]
Mahu2021: bets 20
Zitoker: calls 20
*** TURN *** [As Ac 7c] [Tc]
Mahu2021: checks 
Zitoker: checks 
*** RIVER *** [As Ac 7c Tc] [Qd]
Mahu2021: checks 
Zitoker: bets 40
Mahu2021: folds 
Uncalled bet (40) returned to Zitoker
Zitoker collected 80 from pot
Zitoker: doesn't show hand 
*** SUMMARY ***
Total pot 80 | Rake 0 
Board [As Ac 7c Tc Qd]
Seat 1: Mahu2021 (small blind) folded on the River
Seat 2: Zitoker (big blind) collected (80)
Seat 3: ThomasVasco996 (button) folded before Flop (didn't bet)



PokerStars Hand #243268064116: Tournament #3581561543, $0.92+$0.08 USD Hold'em No Limit - Level I (10/20) - 2023/04/23 16:22:57 CET [2023/04/23 10:22:57 ET]
Table '3581561543 1' 3-max Seat #1 is the button
Seat 1: Mahu2021 (790 in chips) 
Seat 2: Zitoker (540 in chips) 
Seat 3: ThomasVasco996 (170 in chips) 
Zitoker: posts small blind 10
ThomasVasco996: posts big blind 20
*** HOLE CARDS ***
Dealt to Mahu2021 [5h 2s]
Mahu2021: folds 
Zitoker: folds 
Uncalled bet (10) returned to ThomasVasco996
ThomasVasco996 collected 20 from pot
*** SUMMARY ***
Total pot 20 | Rake 0 
Seat 1: Mahu2021 (button) folded before Flop (didn't bet)
Seat 2: Zitoker (small blind) folded before Flop
Seat 3: ThomasVasco996 (big blind) collected (20)



PokerStars Hand #243268065767: Tournament #3581561543, $0.92+$0.08 USD Hold'em No Limit - Level I (10/20) - 2023/04/23 16:23:03 CET [2023/04/23 10:23:03 ET]
Table '3581561543 1' 3-max Seat #2 is the button
Seat 1: Mahu2021 (790 in chips) 
Seat 2: Zitoker (530 in chips) 
Seat 3: ThomasVasco996 (180 in chips) 
ThomasVasco996: posts small blind 10
Mahu2021: posts big blind 20
*** HOLE CARDS ***
Dealt to Mahu2021 [6s 5s]
Zitoker: folds 
ThomasVasco996: calls 10
Mahu2021: checks 
*** FLOP *** [Ah 8s Qd]
ThomasVasco996: checks 
Mahu2021: checks 
*** TURN *** [Ah 8s Qd] [6h]
ThomasVasco996: checks 
Mahu2021: bets 20
ThomasVasco996: folds 
Uncalled bet (20) returned to Mahu2021
Mahu2021 collected 40 from pot
Mahu2021: doesn't show hand 
*** SUMMARY ***
Total pot 40 | Rake 0 
Board [Ah 8s Qd 6h]
Seat 1: Mahu2021 (big blind) collected (40)
Seat 2: Zitoker (button) folded before Flop (didn't bet)
Seat 3: ThomasVasco996 (small blind) folded on the Turn



PokerStars Hand #243268070159: Tournament #3581561543, $0.92+$0.08 USD Hold'em No Limit - Level I (10/20) - 2023/04/23 16:23:19 CET [2023/04/23 10:23:19 ET]
Table '3581561543 1' 3-max Seat #3 is the button
Seat 1: Mahu2021 (810 in chips) 
Seat 2: Zitoker (530 in chips) 
Seat 3: ThomasVasco996 (160 in chips) 
Mahu2021: posts small blind 10
Zitoker: posts big blind 20
*** HOLE CARDS ***
Dealt to Mahu2021 [4s 7h]
ThomasVasco996: raises 40 to 60
Mahu2021: folds 
Zitoker: calls 40
*** FLOP *** [9s 3s 7d]
Zitoker: checks 
ThomasVasco996: checks 
*** TURN *** [9s 3s 7d] [Js]
Zitoker: checks 
ThomasVasco996: bets 100 and is all-in
Zitoker: calls 100
*** RIVER *** [9s 3s 7d Js] [3d]
*** SHOW DOWN ***
Zitoker: shows [Jh Kh] (two pair, Jacks and Threes)
ThomasVasco996: shows [6d As] (a pair of Threes)
Zitoker collected 330 from pot
ThomasVasco996 finished the tournament in 3rd place
*** SUMMARY ***
Total pot 330 | Rake 0 
Board [9s 3s 7d Js 3d]
Seat 1: Mahu2021 (small blind) folded before Flop
Seat 2: Zitoker (big blind) showed [Jh Kh] and won (330) with two pair, Jacks and Threes
Seat 3: ThomasVasco996 (button) showed [6d As] and lost with a pair of Threes



PokerStars Hand #243268076242: Tournament #3581561543, $0.92+$0.08 USD Hold'em No Limit - Level I (10/20) - 2023/04/23 16:23:40 CET [2023/04/23 10:23:40 ET]
Table '3581561543 1' 3-max Seat #2 is the button
Seat 1: Mahu2021 (800 in chips) 
Seat 2: Zitoker (700 in chips) 
Zitoker: posts small blind 10
Mahu2021: posts big blind 20
*** HOLE CARDS ***
Dealt to Mahu2021 [Ac 8c]
Zitoker: calls 10
Mahu2021: raises 40 to 60
Zitoker: folds 
Uncalled bet (40) returned to Mahu2021
Mahu2021 collected 40 from pot
Mahu2021: doesn't show hand 
*** SUMMARY ***
Total pot 40 | Rake 0 
Seat 1: Mahu2021 (big blind) collected (40)
Seat 2: Zitoker (button) (small blind) folded before Flop



PokerStars Hand #243268080030: Tournament #3581561543, $0.92+$0.08 USD Hold'em No Limit - Level II (15/30) - 2023/04/23 16:23:53 CET [2023/04/23 10:23:53 ET]
Table '3581561543 1' 3-max Seat #1 is the button
Seat 1: Mahu2021 (820 in chips) 
Seat 2: Zitoker (680 in chips) 
Mahu2021: posts small blind 15
Zitoker: posts big blind 30
*** HOLE CARDS ***
Dealt to Mahu2021 [Jh Js]
Mahu2021: raises 60 to 90
Zitoker: folds 
Uncalled bet (60) returned to Mahu2021
Mahu2021 collected 60 from pot
Mahu2021: doesn't show hand 
*** SUMMARY ***
Total pot 60 | Rake 0 
Seat 1: Mahu2021 (button) (small blind) collected (60)
Seat 2: Zitoker (big blind) folded before Flop



PokerStars Hand #243268082977: Tournament #3581561543, $0.92+$0.08 USD Hold'em No Limit - Level II (15/30) - 2023/04/23 16:24:03 CET [2023/04/23 10:24:03 ET]
Table '3581561543 1' 3-max Seat #2 is the button
Seat 1: Mahu2021 (850 in chips) 
Seat 2: Zitoker (650 in chips) 
Zitoker: posts small blind 15
Mahu2021: posts big blind 30
*** HOLE CARDS ***
Dealt to Mahu2021 [2c Ah]
Zitoker: calls 15
Mahu2021: checks 
*** FLOP *** [3d 3s Jd]
Mahu2021: checks 
Zitoker: checks 
*** TURN *** [3d 3s Jd] [4s]
Mahu2021: bets 30
Zitoker: raises 60 to 90
Mahu2021: calls 60
*** RIVER *** [3d 3s Jd 4s] [Ac]
Mahu2021: checks 
Zitoker: bets 120
Mahu2021: calls 120
*** SHOW DOWN ***
Zitoker: shows [4d Js] (two pair, Jacks and Fours)
Mahu2021: shows [2c Ah] (two pair, Aces and Threes)
Mahu2021 collected 480 from pot
*** SUMMARY ***
Total pot 480 | Rake 0 
Board [3d 3s Jd 4s Ac]
Seat 1: Mahu2021 (big blind) showed [2c Ah] and won (480) with two pair, Aces and Threes
Seat 2: Zitoker (button) (small blind) showed [4d Js] and lost with two pair, Jacks and Fours



PokerStars Hand #243268089604: Tournament #3581561543, $0.92+$0.08 USD Hold'em No Limit - Level II (15/30) - 2023/04/23 16:24:26 CET [2023/04/23 10:24:26 ET]
Table '3581561543 1' 3-max Seat #1 is the button
Seat 1: Mahu2021 (1090 in chips) 
Seat 2: Zitoker (410 in chips) 
Mahu2021: posts small blind 15
Zitoker: posts big blind 30
*** HOLE CARDS ***
Dealt to Mahu2021 [6s 4s]
Mahu2021: calls 15
Zitoker: raises 380 to 410 and is all-in
Mahu2021: folds 
Uncalled bet (380) returned to Zitoker
Zitoker collected 60 from pot
Zitoker: doesn't show hand 
*** SUMMARY ***
Total pot 60 | Rake 0 
Seat 1: Mahu2021 (button) (small blind) folded before Flop
Seat 2: Zitoker (big blind) collected (60)



PokerStars Hand #243268092138: Tournament #3581561543, $0.92+$0.08 USD Hold'em No Limit - Level II (15/30) - 2023/04/23 16:24:35 CET [2023/04/23 10:24:35 ET]
Table '3581561543 1' 3-max Seat #2 is the button
Seat 1: Mahu2021 (1060 in chips) 
Seat 2: Zitoker (440 in chips) 
Zitoker: posts small blind 15
Mahu2021: posts big blind 30
*** HOLE CARDS ***
Dealt to Mahu2021 [Tc 7h]
Zitoker: calls 15
Mahu2021: checks 
*** FLOP *** [Js 5c 3c]
Mahu2021: checks 
Zitoker: checks 
*** TURN *** [Js 5c 3c] [Jh]
Mahu2021: bets 30
Zitoker: folds 
Uncalled bet (30) returned to Mahu2021
Mahu2021 collected 60 from pot
Mahu2021: doesn't show hand 
*** SUMMARY ***
Total pot 60 | Rake 0 
Board [Js 5c 3c Jh]
Seat 1: Mahu2021 (big blind) collected (60)
Seat 2: Zitoker (button) (small blind) folded on the Turn



PokerStars Hand #243268095582: Tournament #3581561543, $0.92+$0.08 USD Hold'em No Limit - Level II (15/30) - 2023/04/23 16:24:47 CET [2023/04/23 10:24:47 ET]
Table '3581561543 1' 3-max Seat #1 is the button
Seat 1: Mahu2021 (1090 in chips) 
Seat 2: Zitoker (410 in chips) 
Mahu2021: posts small blind 15
Zitoker: posts big blind 30
*** HOLE CARDS ***
Dealt to Mahu2021 [Tc Qs]
Mahu2021: raises 30 to 60
Zitoker: raises 350 to 410 and is all-in
Mahu2021: calls 350
*** FLOP *** [Jd 2c 9s]
*** TURN *** [Jd 2c 9s] [6d]
*** RIVER *** [Jd 2c 9s 6d] [8h]
*** SHOW DOWN ***
Zitoker: shows [Qd Js] (a pair of Jacks)
Mahu2021: shows [Tc Qs] (a straight, Eight to Queen)
Mahu2021 collected 820 from pot
Zitoker finished the tournament in 2nd place
Mahu2021 wins the tournament and receives $3.00 - congratulations!
*** SUMMARY ***
Total pot 820 | Rake 0 
Board [Jd 2c 9s 6d 8h]
Seat 1: Mahu2021 (button) (small blind) showed [Tc Qs] and won (820) with a straight, Eight to Queen
Seat 2: Zitoker (big blind) showed [Qd Js] and lost with a pair of Jacks



