PokerStars Hand #251138850684: Tournament #3769773166, $1.84+$0.16 USD Hold'em No Limit - Level I (10/20) - 2024/06/22 15:38:51 CET [2024/06/22 9:38:51 ET]
Table '3769773166 1' 3-max Seat #1 is the button
Seat 1: Mahu2021 (500 in chips) 
Seat 2: doktorfinger (500 in chips) 
Seat 3: catacata3252 (500 in chips) 
doktorfinger: posts small blind 10
catacata3252: posts big blind 20
*** HOLE CARDS ***
Dealt to Mahu2021 [9c 7d]
Mahu2021: folds 
doktorfinger: raises 20 to 40
catacata3252: folds 
Uncalled bet (20) returned to doktorfinger
doktorfinger collected 40 from pot
*** SUMMARY ***
Total pot 40 | Rake 0 
Seat 1: Mahu2021 (button) folded before Flop (didn't bet)
Seat 2: doktorfinger (small blind) collected (40)
Seat 3: catacata3252 (big blind) folded before Flop



PokerStars Hand #251138852956: Tournament #3769773166, $1.84+$0.16 USD Hold'em No Limit - Level I (10/20) - 2024/06/22 15:39:03 CET [2024/06/22 9:39:03 ET]
Table '3769773166 1' 3-max Seat #2 is the button
Seat 1: Mahu2021 (500 in chips) 
Seat 2: doktorfinger (520 in chips) 
Seat 3: catacata3252 (480 in chips) 
catacata3252: posts small blind 10
Mahu2021: posts big blind 20
*** HOLE CARDS ***
Dealt to Mahu2021 [As Tc]
doktorfinger: folds 
catacata3252: calls 10
Mahu2021: raises 60 to 80
catacata3252: folds 
Uncalled bet (60) returned to Mahu2021
Mahu2021 collected 40 from pot
Mahu2021: doesn't show hand 
*** SUMMARY ***
Total pot 40 | Rake 0 
Seat 1: Mahu2021 (big blind) collected (40)
Seat 2: doktorfinger (button) folded before Flop (didn't bet)
Seat 3: catacata3252 (small blind) folded before Flop



PokerStars Hand #251138855458: Tournament #3769773166, $1.84+$0.16 USD Hold'em No Limit - Level I (10/20) - 2024/06/22 15:39:16 CET [2024/06/22 9:39:16 ET]
Table '3769773166 1' 3-max Seat #3 is the button
Seat 1: Mahu2021 (520 in chips) 
Seat 2: doktorfinger (520 in chips) 
Seat 3: catacata3252 (460 in chips) 
Mahu2021: posts small blind 10
doktorfinger: posts big blind 20
*** HOLE CARDS ***
Dealt to Mahu2021 [8s Qs]
catacata3252: raises 24 to 44
Mahu2021: calls 34
doktorfinger: calls 24
*** FLOP *** [3c 2h 8c]
Mahu2021: bets 40
doktorfinger: folds 
catacata3252: raises 130 to 170
Mahu2021: raises 306 to 476 and is all-in
catacata3252: calls 246 and is all-in
Uncalled bet (60) returned to Mahu2021
*** TURN *** [3c 2h 8c] [4d]
*** RIVER *** [3c 2h 8c 4d] [5c]
*** SHOW DOWN ***
Mahu2021: shows [8s Qs] (a pair of Eights)
catacata3252: shows [Jd 8d] (a pair of Eights - lower kicker)
Mahu2021 collected 964 from pot
catacata3252 finished the tournament in 3rd place
*** SUMMARY ***
Total pot 964 | Rake 0 
Board [3c 2h 8c 4d 5c]
Seat 1: Mahu2021 (small blind) showed [8s Qs] and won (964) with a pair of Eights
Seat 2: doktorfinger (big blind) folded on the Flop
Seat 3: catacata3252 (button) showed [Jd 8d] and lost with a pair of Eights



PokerStars Hand #251138862517: Tournament #3769773166, $1.84+$0.16 USD Hold'em No Limit - Level I (10/20) - 2024/06/22 15:39:53 CET [2024/06/22 9:39:53 ET]
Table '3769773166 1' 3-max Seat #2 is the button
Seat 1: Mahu2021 (1024 in chips) 
Seat 2: doktorfinger (476 in chips) 
doktorfinger: posts small blind 10
Mahu2021: posts big blind 20
*** HOLE CARDS ***
Dealt to Mahu2021 [2d 8d]
doktorfinger: calls 10
Mahu2021: checks 
*** FLOP *** [Qs 7s 3s]
Mahu2021: checks 
doktorfinger: bets 20
Mahu2021: folds 
Uncalled bet (20) returned to doktorfinger
doktorfinger collected 40 from pot
*** SUMMARY ***
Total pot 40 | Rake 0 
Board [Qs 7s 3s]
Seat 1: Mahu2021 (big blind) folded on the Flop
Seat 2: doktorfinger (button) (small blind) collected (40)



PokerStars Hand #251138864660: Tournament #3769773166, $1.84+$0.16 USD Hold'em No Limit - Level I (10/20) - 2024/06/22 15:40:04 CET [2024/06/22 9:40:04 ET]
Table '3769773166 1' 3-max Seat #1 is the button
Seat 1: Mahu2021 (1004 in chips) 
Seat 2: doktorfinger (496 in chips) 
Mahu2021: posts small blind 10
doktorfinger: posts big blind 20
*** HOLE CARDS ***
Dealt to Mahu2021 [5d Ah]
Mahu2021: raises 20 to 40
doktorfinger: calls 20
*** FLOP *** [Qs 5c 3s]
doktorfinger: checks 
Mahu2021: bets 40
doktorfinger: folds 
Uncalled bet (40) returned to Mahu2021
Mahu2021 collected 80 from pot
Mahu2021: doesn't show hand 
*** SUMMARY ***
Total pot 80 | Rake 0 
Board [Qs 5c 3s]
Seat 1: Mahu2021 (button) (small blind) collected (80)
Seat 2: doktorfinger (big blind) folded on the Flop



PokerStars Hand #251138867059: Tournament #3769773166, $1.84+$0.16 USD Hold'em No Limit - Level I (10/20) - 2024/06/22 15:40:17 CET [2024/06/22 9:40:17 ET]
Table '3769773166 1' 3-max Seat #2 is the button
Seat 1: Mahu2021 (1044 in chips) 
Seat 2: doktorfinger (456 in chips) 
doktorfinger: posts small blind 10
Mahu2021: posts big blind 20
*** HOLE CARDS ***
Dealt to Mahu2021 [Js Td]
doktorfinger: raises 20 to 40
Mahu2021: calls 20
*** FLOP *** [Ah 7c 5c]
Mahu2021: checks 
doktorfinger: checks 
*** TURN *** [Ah 7c 5c] [Qh]
Mahu2021: checks 
doktorfinger: bets 40
Mahu2021: folds 
Uncalled bet (40) returned to doktorfinger
doktorfinger collected 80 from pot
*** SUMMARY ***
Total pot 80 | Rake 0 
Board [Ah 7c 5c Qh]
Seat 1: Mahu2021 (big blind) folded on the Turn
Seat 2: doktorfinger (button) (small blind) collected (80)



PokerStars Hand #251138871919: Tournament #3769773166, $1.84+$0.16 USD Hold'em No Limit - Level I (10/20) - 2024/06/22 15:40:43 CET [2024/06/22 9:40:43 ET]
Table '3769773166 1' 3-max Seat #1 is the button
Seat 1: Mahu2021 (1004 in chips) 
Seat 2: doktorfinger (496 in chips) 
Mahu2021: posts small blind 10
doktorfinger: posts big blind 20
*** HOLE CARDS ***
Dealt to Mahu2021 [6c Th]
Mahu2021: folds 
Uncalled bet (10) returned to doktorfinger
doktorfinger collected 20 from pot
*** SUMMARY ***
Total pot 20 | Rake 0 
Seat 1: Mahu2021 (button) (small blind) folded before Flop
Seat 2: doktorfinger (big blind) collected (20)



PokerStars Hand #251138872800: Tournament #3769773166, $1.84+$0.16 USD Hold'em No Limit - Level I (10/20) - 2024/06/22 15:40:48 CET [2024/06/22 9:40:48 ET]
Table '3769773166 1' 3-max Seat #2 is the button
Seat 1: Mahu2021 (994 in chips) 
Seat 2: doktorfinger (506 in chips) 
doktorfinger: posts small blind 10
Mahu2021: posts big blind 20
*** HOLE CARDS ***
Dealt to Mahu2021 [8s 4d]
doktorfinger: raises 20 to 40
Mahu2021: folds 
Uncalled bet (20) returned to doktorfinger
doktorfinger collected 40 from pot
*** SUMMARY ***
Total pot 40 | Rake 0 
Seat 1: Mahu2021 (big blind) folded before Flop
Seat 2: doktorfinger (button) (small blind) collected (40)



PokerStars Hand #251138874418: Tournament #3769773166, $1.84+$0.16 USD Hold'em No Limit - Level I (10/20) - 2024/06/22 15:40:56 CET [2024/06/22 9:40:56 ET]
Table '3769773166 1' 3-max Seat #1 is the button
Seat 1: Mahu2021 (974 in chips) 
Seat 2: doktorfinger (526 in chips) 
Mahu2021: posts small blind 10
doktorfinger: posts big blind 20
*** HOLE CARDS ***
Dealt to Mahu2021 [5h 8c]
Mahu2021: folds 
Uncalled bet (10) returned to doktorfinger
doktorfinger collected 20 from pot
*** SUMMARY ***
Total pot 20 | Rake 0 
Seat 1: Mahu2021 (button) (small blind) folded before Flop
Seat 2: doktorfinger (big blind) collected (20)



PokerStars Hand #251138875277: Tournament #3769773166, $1.84+$0.16 USD Hold'em No Limit - Level I (10/20) - 2024/06/22 15:41:01 CET [2024/06/22 9:41:01 ET]
Table '3769773166 1' 3-max Seat #2 is the button
Seat 1: Mahu2021 (964 in chips) 
Seat 2: doktorfinger (536 in chips) 
doktorfinger: posts small blind 10
Mahu2021: posts big blind 20
*** HOLE CARDS ***
Dealt to Mahu2021 [8d Ks]
doktorfinger: calls 10
Mahu2021: raises 60 to 80
doktorfinger: folds 
Uncalled bet (60) returned to Mahu2021
Mahu2021 collected 40 from pot
Mahu2021: doesn't show hand 
*** SUMMARY ***
Total pot 40 | Rake 0 
Seat 1: Mahu2021 (big blind) collected (40)
Seat 2: doktorfinger (button) (small blind) folded before Flop



PokerStars Hand #251138876963: Tournament #3769773166, $1.84+$0.16 USD Hold'em No Limit - Level I (10/20) - 2024/06/22 15:41:10 CET [2024/06/22 9:41:10 ET]
Table '3769773166 1' 3-max Seat #1 is the button
Seat 1: Mahu2021 (984 in chips) 
Seat 2: doktorfinger (516 in chips) 
Mahu2021: posts small blind 10
doktorfinger: posts big blind 20
*** HOLE CARDS ***
Dealt to Mahu2021 [8d 5s]
Mahu2021: folds 
Uncalled bet (10) returned to doktorfinger
doktorfinger collected 20 from pot
*** SUMMARY ***
Total pot 20 | Rake 0 
Seat 1: Mahu2021 (button) (small blind) folded before Flop
Seat 2: doktorfinger (big blind) collected (20)



PokerStars Hand #251138877829: Tournament #3769773166, $1.84+$0.16 USD Hold'em No Limit - Level I (10/20) - 2024/06/22 15:41:14 CET [2024/06/22 9:41:14 ET]
Table '3769773166 1' 3-max Seat #2 is the button
Seat 1: Mahu2021 (974 in chips) 
Seat 2: doktorfinger (526 in chips) 
doktorfinger: posts small blind 10
Mahu2021: posts big blind 20
*** HOLE CARDS ***
Dealt to Mahu2021 [Js 2d]
doktorfinger: raises 20 to 40
Mahu2021: calls 20
*** FLOP *** [2h 4c 6c]
Mahu2021: checks 
doktorfinger: checks 
*** TURN *** [2h 4c 6c] [4h]
Mahu2021: checks 
doktorfinger: checks 
*** RIVER *** [2h 4c 6c 4h] [Th]
Mahu2021: bets 40
doktorfinger: folds 
Uncalled bet (40) returned to Mahu2021
Mahu2021 collected 80 from pot
Mahu2021: doesn't show hand 
*** SUMMARY ***
Total pot 80 | Rake 0 
Board [2h 4c 6c 4h Th]
Seat 1: Mahu2021 (big blind) collected (80)
Seat 2: doktorfinger (button) (small blind) folded on the River



PokerStars Hand #251138880985: Tournament #3769773166, $1.84+$0.16 USD Hold'em No Limit - Level I (10/20) - 2024/06/22 15:41:31 CET [2024/06/22 9:41:31 ET]
Table '3769773166 1' 3-max Seat #1 is the button
Seat 1: Mahu2021 (1014 in chips) 
Seat 2: doktorfinger (486 in chips) 
Mahu2021: posts small blind 10
doktorfinger: posts big blind 20
*** HOLE CARDS ***
Dealt to Mahu2021 [Js 8h]
Mahu2021: raises 20 to 40
doktorfinger: raises 40 to 80
Mahu2021: calls 40
*** FLOP *** [Kd 6h 5s]
doktorfinger: checks 
Mahu2021: bets 80
doktorfinger: raises 326 to 406 and is all-in
Mahu2021: folds 
Uncalled bet (326) returned to doktorfinger
doktorfinger collected 320 from pot
*** SUMMARY ***
Total pot 320 | Rake 0 
Board [Kd 6h 5s]
Seat 1: Mahu2021 (button) (small blind) folded on the Flop
Seat 2: doktorfinger (big blind) collected (320)



PokerStars Hand #251138885702: Tournament #3769773166, $1.84+$0.16 USD Hold'em No Limit - Level II (15/30) - 2024/06/22 15:41:57 CET [2024/06/22 9:41:57 ET]
Table '3769773166 1' 3-max Seat #2 is the button
Seat 1: Mahu2021 (854 in chips) 
Seat 2: doktorfinger (646 in chips) 
doktorfinger: posts small blind 15
Mahu2021: posts big blind 30
*** HOLE CARDS ***
Dealt to Mahu2021 [Ks 8d]
doktorfinger: raises 30 to 60
Mahu2021: calls 30
*** FLOP *** [2d Th 9d]
Mahu2021: checks 
doktorfinger: checks 
*** TURN *** [2d Th 9d] [6s]
Mahu2021: checks 
doktorfinger: checks 
*** RIVER *** [2d Th 9d 6s] [3c]
Mahu2021: checks 
doktorfinger: checks 
*** SHOW DOWN ***
Mahu2021: shows [Ks 8d] (high card King)
doktorfinger: mucks hand 
Mahu2021 collected 120 from pot
*** SUMMARY ***
Total pot 120 | Rake 0 
Board [2d Th 9d 6s 3c]
Seat 1: Mahu2021 (big blind) showed [Ks 8d] and won (120) with high card King
Seat 2: doktorfinger (button) (small blind) mucked [5h Qd]



PokerStars Hand #251138888391: Tournament #3769773166, $1.84+$0.16 USD Hold'em No Limit - Level II (15/30) - 2024/06/22 15:42:11 CET [2024/06/22 9:42:11 ET]
Table '3769773166 1' 3-max Seat #1 is the button
Seat 1: Mahu2021 (914 in chips) 
Seat 2: doktorfinger (586 in chips) 
Mahu2021: posts small blind 15
doktorfinger: posts big blind 30
*** HOLE CARDS ***
Dealt to Mahu2021 [Tc Ac]
Mahu2021: raises 30 to 60
doktorfinger: calls 30
*** FLOP *** [5c 7h Kh]
doktorfinger: checks 
Mahu2021: checks 
*** TURN *** [5c 7h Kh] [9d]
doktorfinger: bets 30
Mahu2021: calls 30
*** RIVER *** [5c 7h Kh 9d] [Td]
doktorfinger: bets 90
Mahu2021: calls 90
*** SHOW DOWN ***
doktorfinger: shows [5s 7d] (two pair, Sevens and Fives)
Mahu2021: mucks hand 
doktorfinger collected 360 from pot
*** SUMMARY ***
Total pot 360 | Rake 0 
Board [5c 7h Kh 9d Td]
Seat 1: Mahu2021 (button) (small blind) mucked [Tc Ac]
Seat 2: doktorfinger (big blind) showed [5s 7d] and won (360) with two pair, Sevens and Fives



PokerStars Hand #251138891689: Tournament #3769773166, $1.84+$0.16 USD Hold'em No Limit - Level II (15/30) - 2024/06/22 15:42:28 CET [2024/06/22 9:42:28 ET]
Table '3769773166 1' 3-max Seat #2 is the button
Seat 1: Mahu2021 (734 in chips) 
Seat 2: doktorfinger (766 in chips) 
doktorfinger: posts small blind 15
Mahu2021: posts big blind 30
*** HOLE CARDS ***
Dealt to Mahu2021 [7d 2c]
doktorfinger: calls 15
Mahu2021: checks 
*** FLOP *** [8d Kd 6c]
Mahu2021: checks 
doktorfinger: bets 30
Mahu2021: folds 
Uncalled bet (30) returned to doktorfinger
doktorfinger collected 60 from pot
*** SUMMARY ***
Total pot 60 | Rake 0 
Board [8d Kd 6c]
Seat 1: Mahu2021 (big blind) folded on the Flop
Seat 2: doktorfinger (button) (small blind) collected (60)



PokerStars Hand #251138893505: Tournament #3769773166, $1.84+$0.16 USD Hold'em No Limit - Level II (15/30) - 2024/06/22 15:42:38 CET [2024/06/22 9:42:38 ET]
Table '3769773166 1' 3-max Seat #1 is the button
Seat 1: Mahu2021 (704 in chips) 
Seat 2: doktorfinger (796 in chips) 
Mahu2021: posts small blind 15
doktorfinger: posts big blind 30
*** HOLE CARDS ***
Dealt to Mahu2021 [Js As]
Mahu2021: raises 30 to 60
doktorfinger: calls 30
*** FLOP *** [5s 8h 5d]
doktorfinger: checks 
Mahu2021: checks 
*** TURN *** [5s 8h 5d] [3s]
doktorfinger: checks 
Mahu2021: bets 60
doktorfinger: folds 
Uncalled bet (60) returned to Mahu2021
Mahu2021 collected 120 from pot
Mahu2021: doesn't show hand 
*** SUMMARY ***
Total pot 120 | Rake 0 
Board [5s 8h 5d 3s]
Seat 1: Mahu2021 (button) (small blind) collected (120)
Seat 2: doktorfinger (big blind) folded on the Turn



PokerStars Hand #251138896483: Tournament #3769773166, $1.84+$0.16 USD Hold'em No Limit - Level II (15/30) - 2024/06/22 15:42:54 CET [2024/06/22 9:42:54 ET]
Table '3769773166 1' 3-max Seat #2 is the button
Seat 1: Mahu2021 (764 in chips) 
Seat 2: doktorfinger (736 in chips) 
doktorfinger: posts small blind 15
Mahu2021: posts big blind 30
*** HOLE CARDS ***
Dealt to Mahu2021 [3s 2d]
doktorfinger: raises 30 to 60
Mahu2021: folds 
Uncalled bet (30) returned to doktorfinger
doktorfinger collected 60 from pot
*** SUMMARY ***
Total pot 60 | Rake 0 
Seat 1: Mahu2021 (big blind) folded before Flop
Seat 2: doktorfinger (button) (small blind) collected (60)



PokerStars Hand #251138897438: Tournament #3769773166, $1.84+$0.16 USD Hold'em No Limit - Level II (15/30) - 2024/06/22 15:42:58 CET [2024/06/22 9:42:58 ET]
Table '3769773166 1' 3-max Seat #1 is the button
Seat 1: Mahu2021 (734 in chips) 
Seat 2: doktorfinger (766 in chips) 
Mahu2021: posts small blind 15
doktorfinger: posts big blind 30
*** HOLE CARDS ***
Dealt to Mahu2021 [8s Qd]
Mahu2021: raises 30 to 60
doktorfinger: calls 30
*** FLOP *** [6d Js 8h]
doktorfinger: checks 
Mahu2021: bets 60
doktorfinger: folds 
Uncalled bet (60) returned to Mahu2021
Mahu2021 collected 120 from pot
Mahu2021: doesn't show hand 
*** SUMMARY ***
Total pot 120 | Rake 0 
Board [6d Js 8h]
Seat 1: Mahu2021 (button) (small blind) collected (120)
Seat 2: doktorfinger (big blind) folded on the Flop



PokerStars Hand #251138899660: Tournament #3769773166, $1.84+$0.16 USD Hold'em No Limit - Level II (15/30) - 2024/06/22 15:43:10 CET [2024/06/22 9:43:10 ET]
Table '3769773166 1' 3-max Seat #2 is the button
Seat 1: Mahu2021 (794 in chips) 
Seat 2: doktorfinger (706 in chips) 
doktorfinger: posts small blind 15
Mahu2021: posts big blind 30
*** HOLE CARDS ***
Dealt to Mahu2021 [Qs 6h]
doktorfinger: raises 60 to 90
Mahu2021: folds 
Uncalled bet (60) returned to doktorfinger
doktorfinger collected 60 from pot
*** SUMMARY ***
Total pot 60 | Rake 0 
Seat 1: Mahu2021 (big blind) folded before Flop
Seat 2: doktorfinger (button) (small blind) collected (60)



PokerStars Hand #251138901774: Tournament #3769773166, $1.84+$0.16 USD Hold'em No Limit - Level II (15/30) - 2024/06/22 15:43:21 CET [2024/06/22 9:43:21 ET]
Table '3769773166 1' 3-max Seat #1 is the button
Seat 1: Mahu2021 (764 in chips) 
Seat 2: doktorfinger (736 in chips) 
Mahu2021: posts small blind 15
doktorfinger: posts big blind 30
*** HOLE CARDS ***
Dealt to Mahu2021 [Ac 7s]
Mahu2021: raises 30 to 60
doktorfinger: calls 30
*** FLOP *** [5h Td 7d]
doktorfinger: bets 60
Mahu2021: calls 60
*** TURN *** [5h Td 7d] [Ad]
doktorfinger: checks 
Mahu2021: bets 240
doktorfinger: folds 
Uncalled bet (240) returned to Mahu2021
Mahu2021 collected 240 from pot
Mahu2021: doesn't show hand 
*** SUMMARY ***
Total pot 240 | Rake 0 
Board [5h Td 7d Ad]
Seat 1: Mahu2021 (button) (small blind) collected (240)
Seat 2: doktorfinger (big blind) folded on the Turn



PokerStars Hand #251138905245: Tournament #3769773166, $1.84+$0.16 USD Hold'em No Limit - Level II (15/30) - 2024/06/22 15:43:40 CET [2024/06/22 9:43:40 ET]
Table '3769773166 1' 3-max Seat #2 is the button
Seat 1: Mahu2021 (884 in chips) 
Seat 2: doktorfinger (616 in chips) 
doktorfinger: posts small blind 15
Mahu2021: posts big blind 30
*** HOLE CARDS ***
Dealt to Mahu2021 [7h 8d]
doktorfinger: raises 30 to 60
Mahu2021: calls 30
*** FLOP *** [Qc 8h 2h]
Mahu2021: checks 
doktorfinger: bets 60
Mahu2021: calls 60
*** TURN *** [Qc 8h 2h] [Ad]
Mahu2021: checks 
doktorfinger: bets 120
Mahu2021: folds 
Uncalled bet (120) returned to doktorfinger
doktorfinger collected 240 from pot
*** SUMMARY ***
Total pot 240 | Rake 0 
Board [Qc 8h 2h Ad]
Seat 1: Mahu2021 (big blind) folded on the Turn
Seat 2: doktorfinger (button) (small blind) collected (240)



PokerStars Hand #251138908191: Tournament #3769773166, $1.84+$0.16 USD Hold'em No Limit - Level II (15/30) - 2024/06/22 15:43:56 CET [2024/06/22 9:43:56 ET]
Table '3769773166 1' 3-max Seat #1 is the button
Seat 1: Mahu2021 (764 in chips) 
Seat 2: doktorfinger (736 in chips) 
Mahu2021: posts small blind 15
doktorfinger: posts big blind 30
*** HOLE CARDS ***
Dealt to Mahu2021 [8c 6s]
Mahu2021: folds 
Uncalled bet (15) returned to doktorfinger
doktorfinger collected 30 from pot
*** SUMMARY ***
Total pot 30 | Rake 0 
Seat 1: Mahu2021 (button) (small blind) folded before Flop
Seat 2: doktorfinger (big blind) collected (30)



PokerStars Hand #251138909018: Tournament #3769773166, $1.84+$0.16 USD Hold'em No Limit - Level II (15/30) - 2024/06/22 15:44:01 CET [2024/06/22 9:44:01 ET]
Table '3769773166 1' 3-max Seat #2 is the button
Seat 1: Mahu2021 (749 in chips) 
Seat 2: doktorfinger (751 in chips) 
doktorfinger: posts small blind 15
Mahu2021: posts big blind 30
*** HOLE CARDS ***
Dealt to Mahu2021 [Ks Ah]
doktorfinger: raises 30 to 60
Mahu2021: raises 90 to 150
doktorfinger: calls 90
*** FLOP *** [6c Ac 9d]
Mahu2021: bets 599 and is all-in
doktorfinger: folds 
Uncalled bet (599) returned to Mahu2021
Mahu2021 collected 300 from pot
Mahu2021: doesn't show hand 
*** SUMMARY ***
Total pot 300 | Rake 0 
Board [6c Ac 9d]
Seat 1: Mahu2021 (big blind) collected (300)
Seat 2: doktorfinger (button) (small blind) folded on the Flop



PokerStars Hand #251138911465: Tournament #3769773166, $1.84+$0.16 USD Hold'em No Limit - Level II (15/30) - 2024/06/22 15:44:14 CET [2024/06/22 9:44:14 ET]
Table '3769773166 1' 3-max Seat #1 is the button
Seat 1: Mahu2021 (899 in chips) 
Seat 2: doktorfinger (601 in chips) 
Mahu2021: posts small blind 15
doktorfinger: posts big blind 30
*** HOLE CARDS ***
Dealt to Mahu2021 [8s Kc]
Mahu2021: raises 30 to 60
doktorfinger: raises 90 to 150
Mahu2021: folds 
Uncalled bet (90) returned to doktorfinger
doktorfinger collected 120 from pot
*** SUMMARY ***
Total pot 120 | Rake 0 
Seat 1: Mahu2021 (button) (small blind) folded before Flop
Seat 2: doktorfinger (big blind) collected (120)



PokerStars Hand #251138913200: Tournament #3769773166, $1.84+$0.16 USD Hold'em No Limit - Level II (15/30) - 2024/06/22 15:44:23 CET [2024/06/22 9:44:23 ET]
Table '3769773166 1' 3-max Seat #2 is the button
Seat 1: Mahu2021 (839 in chips) 
Seat 2: doktorfinger (661 in chips) 
doktorfinger: posts small blind 15
Mahu2021: posts big blind 30
*** HOLE CARDS ***
Dealt to Mahu2021 [3c Qd]
doktorfinger: calls 15
Mahu2021: checks 
*** FLOP *** [As Jd Kc]
Mahu2021: checks 
doktorfinger: bets 30
Mahu2021: calls 30
*** TURN *** [As Jd Kc] [9c]
Mahu2021: checks 
doktorfinger: checks 
*** RIVER *** [As Jd Kc 9c] [5c]
Mahu2021: bets 120
doktorfinger: folds 
Uncalled bet (120) returned to Mahu2021
Mahu2021 collected 120 from pot
Mahu2021: doesn't show hand 
*** SUMMARY ***
Total pot 120 | Rake 0 
Board [As Jd Kc 9c 5c]
Seat 1: Mahu2021 (big blind) collected (120)
Seat 2: doktorfinger (button) (small blind) folded on the River



PokerStars Hand #251138916593: Tournament #3769773166, $1.84+$0.16 USD Hold'em No Limit - Level II (15/30) - 2024/06/22 15:44:41 CET [2024/06/22 9:44:41 ET]
Table '3769773166 1' 3-max Seat #1 is the button
Seat 1: Mahu2021 (899 in chips) 
Seat 2: doktorfinger (601 in chips) 
Mahu2021: posts small blind 15
doktorfinger: posts big blind 30
*** HOLE CARDS ***
Dealt to Mahu2021 [As Qd]
Mahu2021: raises 869 to 899 and is all-in
doktorfinger: folds 
Uncalled bet (869) returned to Mahu2021
Mahu2021 collected 60 from pot
Mahu2021: doesn't show hand 
*** SUMMARY ***
Total pot 60 | Rake 0 
Seat 1: Mahu2021 (button) (small blind) collected (60)
Seat 2: doktorfinger (big blind) folded before Flop



PokerStars Hand #251138917961: Tournament #3769773166, $1.84+$0.16 USD Hold'em No Limit - Level II (15/30) - 2024/06/22 15:44:48 CET [2024/06/22 9:44:48 ET]
Table '3769773166 1' 3-max Seat #2 is the button
Seat 1: Mahu2021 (929 in chips) 
Seat 2: doktorfinger (571 in chips) 
doktorfinger: posts small blind 15
Mahu2021: posts big blind 30
*** HOLE CARDS ***
Dealt to Mahu2021 [4d 2h]
doktorfinger: raises 30 to 60
Mahu2021: folds 
Uncalled bet (30) returned to doktorfinger
doktorfinger collected 60 from pot
*** SUMMARY ***
Total pot 60 | Rake 0 
Seat 1: Mahu2021 (big blind) folded before Flop
Seat 2: doktorfinger (button) (small blind) collected (60)



PokerStars Hand #251138919704: Tournament #3769773166, $1.84+$0.16 USD Hold'em No Limit - Level III (20/40) - 2024/06/22 15:44:58 CET [2024/06/22 9:44:58 ET]
Table '3769773166 1' 3-max Seat #1 is the button
Seat 1: Mahu2021 (899 in chips) 
Seat 2: doktorfinger (601 in chips) 
Mahu2021: posts small blind 20
doktorfinger: posts big blind 40
*** HOLE CARDS ***
Dealt to Mahu2021 [Qs Ah]
Mahu2021: raises 40 to 80
doktorfinger: calls 40
*** FLOP *** [Js 8s 6s]
doktorfinger: bets 521 and is all-in
Mahu2021: folds [Qs]
Uncalled bet (521) returned to doktorfinger
doktorfinger collected 160 from pot
*** SUMMARY ***
Total pot 160 | Rake 0 
Board [Js 8s 6s]
Seat 1: Mahu2021 (button) (small blind) folded on the Flop
Seat 2: doktorfinger (big blind) collected (160)



PokerStars Hand #251138923350: Tournament #3769773166, $1.84+$0.16 USD Hold'em No Limit - Level III (20/40) - 2024/06/22 15:45:17 CET [2024/06/22 9:45:17 ET]
Table '3769773166 1' 3-max Seat #2 is the button
Seat 1: Mahu2021 (819 in chips) 
Seat 2: doktorfinger (681 in chips) 
doktorfinger: posts small blind 20
Mahu2021: posts big blind 40
*** HOLE CARDS ***
Dealt to Mahu2021 [Qs Ts]
doktorfinger: raises 40 to 80
Mahu2021: calls 40
*** FLOP *** [2s 8c 4s]
Mahu2021: checks 
doktorfinger: checks 
*** TURN *** [2s 8c 4s] [Th]
Mahu2021: bets 80
doktorfinger: raises 320 to 400
Mahu2021: raises 339 to 739 and is all-in
doktorfinger: calls 201 and is all-in
Uncalled bet (138) returned to Mahu2021
*** RIVER *** [2s 8c 4s Th] [Kd]
*** SHOW DOWN ***
Mahu2021: shows [Qs Ts] (a pair of Tens)
doktorfinger: shows [Td 3h] (a pair of Tens - lower kicker)
Mahu2021 collected 1362 from pot
doktorfinger finished the tournament in 2nd place
Mahu2021 wins the tournament and receives $8.00 - congratulations!
*** SUMMARY ***
Total pot 1362 | Rake 0 
Board [2s 8c 4s Th Kd]
Seat 1: Mahu2021 (big blind) showed [Qs Ts] and won (1362) with a pair of Tens
Seat 2: doktorfinger (button) (small blind) showed [Td 3h] and lost with a pair of Tens



