PokerStars Hand #248585591475: Tournament #3708849959, $1.84+$0.16 USD Hold'em No Limit - Level I (10/20) - 2024/01/30 17:17:30 CET [2024/01/30 11:17:30 ET]
Table '3708849959 1' 3-max Seat #1 is the button
Seat 1: DUHVEM (500 in chips) 
Seat 2: Mahu2021 (500 in chips) 
Seat 3: BrunoSilveira31 (500 in chips) 
Mahu2021: posts small blind 10
BrunoSilveira31: posts big blind 20
*** HOLE CARDS ***
Dealt to Mahu2021 [Ks Kh]
DUHVEM: calls 20
Mahu2021: raises 480 to 500 and is all-in
BrunoSilveira31: folds 
DUHVEM: folds 
Uncalled bet (480) returned to Mahu2021
Mahu2021 collected 60 from pot
Mahu2021: doesn't show hand 
*** SUMMARY ***
Total pot 60 | Rake 0 
Seat 1: DUHVEM (button) folded before Flop
Seat 2: Mahu2021 (small blind) collected (60)
Seat 3: BrunoSilveira31 (big blind) folded before Flop



PokerStars Hand #248585593713: Tournament #3708849959, $1.84+$0.16 USD Hold'em No Limit - Level I (10/20) - 2024/01/30 17:17:39 CET [2024/01/30 11:17:39 ET]
Table '3708849959 1' 3-max Seat #2 is the button
Seat 1: DUHVEM (480 in chips) 
Seat 2: Mahu2021 (540 in chips) 
Seat 3: BrunoSilveira31 (480 in chips) 
BrunoSilveira31: posts small blind 10
DUHVEM: posts big blind 20
*** HOLE CARDS ***
Dealt to Mahu2021 [3d 4d]
Mahu2021: folds 
BrunoSilveira31: raises 20 to 40
DUHVEM: calls 20
*** FLOP *** [6s Qh 5s]
BrunoSilveira31: bets 36
DUHVEM: calls 36
*** TURN *** [6s Qh 5s] [5d]
BrunoSilveira31: checks 
DUHVEM: checks 
*** RIVER *** [6s Qh 5s 5d] [Qd]
BrunoSilveira31: checks 
DUHVEM: checks 
*** SHOW DOWN ***
BrunoSilveira31: shows [7s Ks] (two pair, Queens and Fives)
DUHVEM: shows [Tc Kc] (two pair, Queens and Fives)
BrunoSilveira31 collected 76 from pot
DUHVEM collected 76 from pot
*** SUMMARY ***
Total pot 152 | Rake 0 
Board [6s Qh 5s 5d Qd]
Seat 1: DUHVEM (big blind) showed [Tc Kc] and won (76) with two pair, Queens and Fives
Seat 2: Mahu2021 (button) folded before Flop (didn't bet)
Seat 3: BrunoSilveira31 (small blind) showed [7s Ks] and won (76) with two pair, Queens and Fives



PokerStars Hand #248585604803: Tournament #3708849959, $1.84+$0.16 USD Hold'em No Limit - Level I (10/20) - 2024/01/30 17:18:22 CET [2024/01/30 11:18:22 ET]
Table '3708849959 1' 3-max Seat #3 is the button
Seat 1: DUHVEM (480 in chips) 
Seat 2: Mahu2021 (540 in chips) 
Seat 3: BrunoSilveira31 (480 in chips) 
DUHVEM: posts small blind 10
Mahu2021: posts big blind 20
*** HOLE CARDS ***
Dealt to Mahu2021 [8d Js]
BrunoSilveira31: folds 
DUHVEM: calls 10
Mahu2021: checks 
*** FLOP *** [9s Kd Th]
DUHVEM: bets 20
Mahu2021: calls 20
*** TURN *** [9s Kd Th] [9h]
DUHVEM: bets 20
Mahu2021: calls 20
*** RIVER *** [9s Kd Th 9h] [7d]
DUHVEM: bets 20
Mahu2021: raises 160 to 180
DUHVEM: calls 160
*** SHOW DOWN ***
Mahu2021: shows [8d Js] (a straight, Seven to Jack)
DUHVEM: mucks hand 
Mahu2021 collected 480 from pot
*** SUMMARY ***
Total pot 480 | Rake 0 
Board [9s Kd Th 9h 7d]
Seat 1: DUHVEM (small blind) mucked [Qh Qd]
Seat 2: Mahu2021 (big blind) showed [8d Js] and won (480) with a straight, Seven to Jack
Seat 3: BrunoSilveira31 (button) folded before Flop (didn't bet)



PokerStars Hand #248585610908: Tournament #3708849959, $1.84+$0.16 USD Hold'em No Limit - Level I (10/20) - 2024/01/30 17:18:46 CET [2024/01/30 11:18:46 ET]
Table '3708849959 1' 3-max Seat #1 is the button
Seat 1: DUHVEM (240 in chips) 
Seat 2: Mahu2021 (780 in chips) 
Seat 3: BrunoSilveira31 (480 in chips) 
Mahu2021: posts small blind 10
BrunoSilveira31: posts big blind 20
*** HOLE CARDS ***
Dealt to Mahu2021 [8d 2s]
DUHVEM: folds 
Mahu2021: folds 
Uncalled bet (10) returned to BrunoSilveira31
BrunoSilveira31 collected 20 from pot
BrunoSilveira31: doesn't show hand 
*** SUMMARY ***
Total pot 20 | Rake 0 
Seat 1: DUHVEM (button) folded before Flop (didn't bet)
Seat 2: Mahu2021 (small blind) folded before Flop
Seat 3: BrunoSilveira31 (big blind) collected (20)



PokerStars Hand #248585612127: Tournament #3708849959, $1.84+$0.16 USD Hold'em No Limit - Level I (10/20) - 2024/01/30 17:18:51 CET [2024/01/30 11:18:51 ET]
Table '3708849959 1' 3-max Seat #2 is the button
Seat 1: DUHVEM (240 in chips) 
Seat 2: Mahu2021 (770 in chips) 
Seat 3: BrunoSilveira31 (490 in chips) 
BrunoSilveira31: posts small blind 10
DUHVEM: posts big blind 20
*** HOLE CARDS ***
Dealt to Mahu2021 [Qd 6d]
Mahu2021: calls 20
BrunoSilveira31: calls 10
DUHVEM: checks 
*** FLOP *** [7h Th Kc]
BrunoSilveira31: checks 
DUHVEM: checks 
Mahu2021: bets 60
BrunoSilveira31: folds 
DUHVEM: calls 60
*** TURN *** [7h Th Kc] [Kd]
DUHVEM: checks 
Mahu2021: checks 
*** RIVER *** [7h Th Kc Kd] [Jc]
DUHVEM: bets 160 and is all-in
Mahu2021: folds 
Uncalled bet (160) returned to DUHVEM
DUHVEM collected 180 from pot
DUHVEM: doesn't show hand 
*** SUMMARY ***
Total pot 180 | Rake 0 
Board [7h Th Kc Kd Jc]
Seat 1: DUHVEM (big blind) collected (180)
Seat 2: Mahu2021 (button) folded on the River
Seat 3: BrunoSilveira31 (small blind) folded on the Flop



PokerStars Hand #248585620077: Tournament #3708849959, $1.84+$0.16 USD Hold'em No Limit - Level I (10/20) - 2024/01/30 17:19:22 CET [2024/01/30 11:19:22 ET]
Table '3708849959 1' 3-max Seat #3 is the button
Seat 1: DUHVEM (340 in chips) 
Seat 2: Mahu2021 (690 in chips) 
Seat 3: BrunoSilveira31 (470 in chips) 
DUHVEM: posts small blind 10
Mahu2021: posts big blind 20
*** HOLE CARDS ***
Dealt to Mahu2021 [7h Qd]
BrunoSilveira31: folds 
DUHVEM: folds 
Uncalled bet (10) returned to Mahu2021
Mahu2021 collected 20 from pot
Mahu2021: doesn't show hand 
*** SUMMARY ***
Total pot 20 | Rake 0 
Seat 1: DUHVEM (small blind) folded before Flop
Seat 2: Mahu2021 (big blind) collected (20)
Seat 3: BrunoSilveira31 (button) folded before Flop (didn't bet)



PokerStars Hand #248585621493: Tournament #3708849959, $1.84+$0.16 USD Hold'em No Limit - Level I (10/20) - 2024/01/30 17:19:27 CET [2024/01/30 11:19:27 ET]
Table '3708849959 1' 3-max Seat #1 is the button
Seat 1: DUHVEM (330 in chips) 
Seat 2: Mahu2021 (700 in chips) 
Seat 3: BrunoSilveira31 (470 in chips) 
Mahu2021: posts small blind 10
BrunoSilveira31: posts big blind 20
*** HOLE CARDS ***
Dealt to Mahu2021 [Jd 7h]
DUHVEM: calls 20
Mahu2021: calls 10
BrunoSilveira31: checks 
*** FLOP *** [Jh 9c 6h]
Mahu2021: bets 20
BrunoSilveira31: calls 20
DUHVEM: calls 20
*** TURN *** [Jh 9c 6h] [6d]
Mahu2021: bets 20
BrunoSilveira31: calls 20
DUHVEM: calls 20
*** RIVER *** [Jh 9c 6h 6d] [Ks]
Mahu2021: checks 
BrunoSilveira31: bets 80
DUHVEM: folds 
Mahu2021: folds 
Uncalled bet (80) returned to BrunoSilveira31
BrunoSilveira31 collected 180 from pot
BrunoSilveira31: doesn't show hand 
*** SUMMARY ***
Total pot 180 | Rake 0 
Board [Jh 9c 6h 6d Ks]
Seat 1: DUHVEM (button) folded on the River
Seat 2: Mahu2021 (small blind) folded on the River
Seat 3: BrunoSilveira31 (big blind) collected (180)



PokerStars Hand #248585631357: Tournament #3708849959, $1.84+$0.16 USD Hold'em No Limit - Level I (10/20) - 2024/01/30 17:20:06 CET [2024/01/30 11:20:06 ET]
Table '3708849959 1' 3-max Seat #2 is the button
Seat 1: DUHVEM (270 in chips) 
Seat 2: Mahu2021 (640 in chips) 
Seat 3: BrunoSilveira31 (590 in chips) 
BrunoSilveira31: posts small blind 10
DUHVEM: posts big blind 20
*** HOLE CARDS ***
Dealt to Mahu2021 [3h 3d]
Mahu2021: raises 20 to 40
BrunoSilveira31: folds 
DUHVEM: calls 20
*** FLOP *** [As 7h Kc]
DUHVEM: checks 
Mahu2021: bets 40
DUHVEM: folds 
Uncalled bet (40) returned to Mahu2021
Mahu2021 collected 90 from pot
Mahu2021: doesn't show hand 
*** SUMMARY ***
Total pot 90 | Rake 0 
Board [As 7h Kc]
Seat 1: DUHVEM (big blind) folded on the Flop
Seat 2: Mahu2021 (button) collected (90)
Seat 3: BrunoSilveira31 (small blind) folded before Flop



PokerStars Hand #248585634646: Tournament #3708849959, $1.84+$0.16 USD Hold'em No Limit - Level I (10/20) - 2024/01/30 17:20:18 CET [2024/01/30 11:20:18 ET]
Table '3708849959 1' 3-max Seat #3 is the button
Seat 1: DUHVEM (230 in chips) 
Seat 2: Mahu2021 (690 in chips) 
Seat 3: BrunoSilveira31 (580 in chips) 
DUHVEM: posts small blind 10
Mahu2021: posts big blind 20
*** HOLE CARDS ***
Dealt to Mahu2021 [Kh 7s]
BrunoSilveira31: raises 20 to 40
DUHVEM: calls 30
Mahu2021: calls 20
*** FLOP *** [9h As 5d]
DUHVEM: checks 
Mahu2021: checks 
BrunoSilveira31: bets 56
DUHVEM: raises 56 to 112
Mahu2021: folds 
BrunoSilveira31: calls 56
*** TURN *** [9h As 5d] [8h]
DUHVEM: bets 78 and is all-in
BrunoSilveira31: calls 78
*** RIVER *** [9h As 5d 8h] [9c]
*** SHOW DOWN ***
DUHVEM: shows [Ac Th] (two pair, Aces and Nines)
BrunoSilveira31: shows [Jd 9d] (three of a kind, Nines)
BrunoSilveira31 collected 500 from pot
DUHVEM finished the tournament in 3rd place
*** SUMMARY ***
Total pot 500 | Rake 0 
Board [9h As 5d 8h 9c]
Seat 1: DUHVEM (small blind) showed [Ac Th] and lost with two pair, Aces and Nines
Seat 2: Mahu2021 (big blind) folded on the Flop
Seat 3: BrunoSilveira31 (button) showed [Jd 9d] and won (500) with three of a kind, Nines



PokerStars Hand #248585649433: Tournament #3708849959, $1.84+$0.16 USD Hold'em No Limit - Level II (15/30) - 2024/01/30 17:21:16 CET [2024/01/30 11:21:16 ET]
Table '3708849959 1' 3-max Seat #2 is the button
Seat 2: Mahu2021 (650 in chips) 
Seat 3: BrunoSilveira31 (850 in chips) 
Mahu2021: posts small blind 15
BrunoSilveira31: posts big blind 30
*** HOLE CARDS ***
Dealt to Mahu2021 [7s Ah]
Mahu2021: raises 30 to 60
BrunoSilveira31: raises 790 to 850 and is all-in
Mahu2021: folds 
Uncalled bet (790) returned to BrunoSilveira31
BrunoSilveira31 collected 120 from pot
BrunoSilveira31: doesn't show hand 
*** SUMMARY ***
Total pot 120 | Rake 0 
Seat 2: Mahu2021 (button) (small blind) folded before Flop
Seat 3: BrunoSilveira31 (big blind) collected (120)



PokerStars Hand #248585652697: Tournament #3708849959, $1.84+$0.16 USD Hold'em No Limit - Level II (15/30) - 2024/01/30 17:21:29 CET [2024/01/30 11:21:29 ET]
Table '3708849959 1' 3-max Seat #3 is the button
Seat 2: Mahu2021 (590 in chips) 
Seat 3: BrunoSilveira31 (910 in chips) 
BrunoSilveira31: posts small blind 15
Mahu2021: posts big blind 30
*** HOLE CARDS ***
Dealt to Mahu2021 [Qd 6s]
BrunoSilveira31: calls 15
Mahu2021: checks 
*** FLOP *** [Qs 9s 4h]
Mahu2021: bets 30
BrunoSilveira31: calls 30
*** TURN *** [Qs 9s 4h] [5d]
Mahu2021: bets 30
BrunoSilveira31: calls 30
*** RIVER *** [Qs 9s 4h 5d] [4s]
Mahu2021: bets 30
BrunoSilveira31: raises 60 to 90
Mahu2021: calls 60
*** SHOW DOWN ***
BrunoSilveira31: shows [6c 4c] (three of a kind, Fours)
Mahu2021: mucks hand 
BrunoSilveira31 collected 360 from pot
*** SUMMARY ***
Total pot 360 | Rake 0 
Board [Qs 9s 4h 5d 4s]
Seat 2: Mahu2021 (big blind) mucked [Qd 6s]
Seat 3: BrunoSilveira31 (button) (small blind) showed [6c 4c] and won (360) with three of a kind, Fours



PokerStars Hand #248585660172: Tournament #3708849959, $1.84+$0.16 USD Hold'em No Limit - Level II (15/30) - 2024/01/30 17:21:57 CET [2024/01/30 11:21:57 ET]
Table '3708849959 1' 3-max Seat #2 is the button
Seat 2: Mahu2021 (410 in chips) 
Seat 3: BrunoSilveira31 (1090 in chips) 
Mahu2021: posts small blind 15
BrunoSilveira31: posts big blind 30
*** HOLE CARDS ***
Dealt to Mahu2021 [3s 5d]
Mahu2021: folds 
Uncalled bet (15) returned to BrunoSilveira31
BrunoSilveira31 collected 30 from pot
BrunoSilveira31: doesn't show hand 
*** SUMMARY ***
Total pot 30 | Rake 0 
Seat 2: Mahu2021 (button) (small blind) folded before Flop
Seat 3: BrunoSilveira31 (big blind) collected (30)



PokerStars Hand #248585661552: Tournament #3708849959, $1.84+$0.16 USD Hold'em No Limit - Level II (15/30) - 2024/01/30 17:22:02 CET [2024/01/30 11:22:02 ET]
Table '3708849959 1' 3-max Seat #3 is the button
Seat 2: Mahu2021 (395 in chips) 
Seat 3: BrunoSilveira31 (1105 in chips) 
BrunoSilveira31: posts small blind 15
Mahu2021: posts big blind 30
*** HOLE CARDS ***
Dealt to Mahu2021 [Qc 2h]
BrunoSilveira31: raises 30 to 60
Mahu2021: folds 
Uncalled bet (30) returned to BrunoSilveira31
BrunoSilveira31 collected 60 from pot
BrunoSilveira31: doesn't show hand 
*** SUMMARY ***
Total pot 60 | Rake 0 
Seat 2: Mahu2021 (big blind) folded before Flop
Seat 3: BrunoSilveira31 (button) (small blind) collected (60)



PokerStars Hand #248585663007: Tournament #3708849959, $1.84+$0.16 USD Hold'em No Limit - Level II (15/30) - 2024/01/30 17:22:08 CET [2024/01/30 11:22:08 ET]
Table '3708849959 1' 3-max Seat #2 is the button
Seat 2: Mahu2021 (365 in chips) 
Seat 3: BrunoSilveira31 (1135 in chips) 
Mahu2021: posts small blind 15
BrunoSilveira31: posts big blind 30
*** HOLE CARDS ***
Dealt to Mahu2021 [Td 9h]
Mahu2021: raises 30 to 60
BrunoSilveira31: calls 30
*** FLOP *** [Ts Tc Qc]
BrunoSilveira31: checks 
Mahu2021: bets 30
BrunoSilveira31: raises 45 to 75
Mahu2021: raises 230 to 305 and is all-in
BrunoSilveira31: folds 
Uncalled bet (230) returned to Mahu2021
Mahu2021 collected 270 from pot
Mahu2021: doesn't show hand 
*** SUMMARY ***
Total pot 270 | Rake 0 
Board [Ts Tc Qc]
Seat 2: Mahu2021 (button) (small blind) collected (270)
Seat 3: BrunoSilveira31 (big blind) folded on the Flop



PokerStars Hand #248585669126: Tournament #3708849959, $1.84+$0.16 USD Hold'em No Limit - Level II (15/30) - 2024/01/30 17:22:31 CET [2024/01/30 11:22:31 ET]
Table '3708849959 1' 3-max Seat #3 is the button
Seat 2: Mahu2021 (500 in chips) 
Seat 3: BrunoSilveira31 (1000 in chips) 
BrunoSilveira31: posts small blind 15
Mahu2021: posts big blind 30
*** HOLE CARDS ***
Dealt to Mahu2021 [5c Qc]
BrunoSilveira31: calls 15
Mahu2021: checks 
*** FLOP *** [9d Jh 3c]
Mahu2021: checks 
BrunoSilveira31: checks 
*** TURN *** [9d Jh 3c] [Jd]
Mahu2021: checks 
BrunoSilveira31: bets 30
Mahu2021: folds 
Uncalled bet (30) returned to BrunoSilveira31
BrunoSilveira31 collected 60 from pot
BrunoSilveira31: doesn't show hand 
*** SUMMARY ***
Total pot 60 | Rake 0 
Board [9d Jh 3c Jd]
Seat 2: Mahu2021 (big blind) folded on the Turn
Seat 3: BrunoSilveira31 (button) (small blind) collected (60)



PokerStars Hand #248585673530: Tournament #3708849959, $1.84+$0.16 USD Hold'em No Limit - Level II (15/30) - 2024/01/30 17:22:48 CET [2024/01/30 11:22:48 ET]
Table '3708849959 1' 3-max Seat #2 is the button
Seat 2: Mahu2021 (470 in chips) 
Seat 3: BrunoSilveira31 (1030 in chips) 
Mahu2021: posts small blind 15
BrunoSilveira31: posts big blind 30
*** HOLE CARDS ***
Dealt to Mahu2021 [5s Kh]
Mahu2021: raises 30 to 60
BrunoSilveira31: calls 30
*** FLOP *** [4h 3d 7h]
BrunoSilveira31: checks 
Mahu2021: checks 
*** TURN *** [4h 3d 7h] [7d]
BrunoSilveira31: bets 60
Mahu2021: folds 
Uncalled bet (60) returned to BrunoSilveira31
BrunoSilveira31 collected 120 from pot
BrunoSilveira31: doesn't show hand 
*** SUMMARY ***
Total pot 120 | Rake 0 
Board [4h 3d 7h 7d]
Seat 2: Mahu2021 (button) (small blind) folded on the Turn
Seat 3: BrunoSilveira31 (big blind) collected (120)



PokerStars Hand #248585678676: Tournament #3708849959, $1.84+$0.16 USD Hold'em No Limit - Level II (15/30) - 2024/01/30 17:23:08 CET [2024/01/30 11:23:08 ET]
Table '3708849959 1' 3-max Seat #3 is the button
Seat 2: Mahu2021 (410 in chips) 
Seat 3: BrunoSilveira31 (1090 in chips) 
BrunoSilveira31: posts small blind 15
Mahu2021: posts big blind 30
*** HOLE CARDS ***
Dealt to Mahu2021 [As Qc]
BrunoSilveira31: calls 15
Mahu2021: raises 60 to 90
BrunoSilveira31: folds 
Uncalled bet (60) returned to Mahu2021
Mahu2021 collected 60 from pot
Mahu2021: doesn't show hand 
*** SUMMARY ***
Total pot 60 | Rake 0 
Seat 2: Mahu2021 (big blind) collected (60)
Seat 3: BrunoSilveira31 (button) (small blind) folded before Flop



PokerStars Hand #248585680875: Tournament #3708849959, $1.84+$0.16 USD Hold'em No Limit - Level II (15/30) - 2024/01/30 17:23:17 CET [2024/01/30 11:23:17 ET]
Table '3708849959 1' 3-max Seat #2 is the button
Seat 2: Mahu2021 (440 in chips) 
Seat 3: BrunoSilveira31 (1060 in chips) 
Mahu2021: posts small blind 15
BrunoSilveira31: posts big blind 30
*** HOLE CARDS ***
Dealt to Mahu2021 [2s 6d]
Mahu2021: folds 
Uncalled bet (15) returned to BrunoSilveira31
BrunoSilveira31 collected 30 from pot
BrunoSilveira31: doesn't show hand 
*** SUMMARY ***
Total pot 30 | Rake 0 
Seat 2: Mahu2021 (button) (small blind) folded before Flop
Seat 3: BrunoSilveira31 (big blind) collected (30)



PokerStars Hand #248585681992: Tournament #3708849959, $1.84+$0.16 USD Hold'em No Limit - Level II (15/30) - 2024/01/30 17:23:21 CET [2024/01/30 11:23:21 ET]
Table '3708849959 1' 3-max Seat #3 is the button
Seat 2: Mahu2021 (425 in chips) 
Seat 3: BrunoSilveira31 (1075 in chips) 
BrunoSilveira31: posts small blind 15
Mahu2021: posts big blind 30
*** HOLE CARDS ***
Dealt to Mahu2021 [4h 6c]
BrunoSilveira31: raises 1045 to 1075 and is all-in
Mahu2021: folds 
Uncalled bet (1045) returned to BrunoSilveira31
BrunoSilveira31 collected 60 from pot
BrunoSilveira31: doesn't show hand 
*** SUMMARY ***
Total pot 60 | Rake 0 
Seat 2: Mahu2021 (big blind) folded before Flop
Seat 3: BrunoSilveira31 (button) (small blind) collected (60)



PokerStars Hand #248585683429: Tournament #3708849959, $1.84+$0.16 USD Hold'em No Limit - Level II (15/30) - 2024/01/30 17:23:27 CET [2024/01/30 11:23:27 ET]
Table '3708849959 1' 3-max Seat #2 is the button
Seat 2: Mahu2021 (395 in chips) 
Seat 3: BrunoSilveira31 (1105 in chips) 
Mahu2021: posts small blind 15
BrunoSilveira31: posts big blind 30
*** HOLE CARDS ***
Dealt to Mahu2021 [Jd 7s]
Mahu2021: calls 15
BrunoSilveira31: raises 60 to 90
Mahu2021: calls 60
*** FLOP *** [7h Td 2d]
BrunoSilveira31: checks 
Mahu2021: bets 305 and is all-in
BrunoSilveira31: calls 305
*** TURN *** [7h Td 2d] [Jh]
*** RIVER *** [7h Td 2d Jh] [Jc]
*** SHOW DOWN ***
BrunoSilveira31: shows [Qc 2h] (two pair, Jacks and Deuces)
Mahu2021: shows [Jd 7s] (a full house, Jacks full of Sevens)
Mahu2021 collected 790 from pot
*** SUMMARY ***
Total pot 790 | Rake 0 
Board [7h Td 2d Jh Jc]
Seat 2: Mahu2021 (button) (small blind) showed [Jd 7s] and won (790) with a full house, Jacks full of Sevens
Seat 3: BrunoSilveira31 (big blind) showed [Qc 2h] and lost with two pair, Jacks and Deuces



PokerStars Hand #248585691333: Tournament #3708849959, $1.84+$0.16 USD Hold'em No Limit - Level III (20/40) - 2024/01/30 17:23:57 CET [2024/01/30 11:23:57 ET]
Table '3708849959 1' 3-max Seat #3 is the button
Seat 2: Mahu2021 (790 in chips) 
Seat 3: BrunoSilveira31 (710 in chips) 
BrunoSilveira31: posts small blind 20
Mahu2021: posts big blind 40
*** HOLE CARDS ***
Dealt to Mahu2021 [Qd Kh]
BrunoSilveira31: raises 40 to 80
Mahu2021: raises 710 to 790 and is all-in
BrunoSilveira31: folds 
Uncalled bet (710) returned to Mahu2021
Mahu2021 collected 160 from pot
Mahu2021: doesn't show hand 
*** SUMMARY ***
Total pot 160 | Rake 0 
Seat 2: Mahu2021 (big blind) collected (160)
Seat 3: BrunoSilveira31 (button) (small blind) folded before Flop



PokerStars Hand #248585695922: Tournament #3708849959, $1.84+$0.16 USD Hold'em No Limit - Level III (20/40) - 2024/01/30 17:24:14 CET [2024/01/30 11:24:14 ET]
Table '3708849959 1' 3-max Seat #2 is the button
Seat 2: Mahu2021 (870 in chips) 
Seat 3: BrunoSilveira31 (630 in chips) 
Mahu2021: posts small blind 20
BrunoSilveira31: posts big blind 40
*** HOLE CARDS ***
Dealt to Mahu2021 [6s 3h]
Mahu2021: folds 
Uncalled bet (20) returned to BrunoSilveira31
BrunoSilveira31 collected 40 from pot
BrunoSilveira31: doesn't show hand 
*** SUMMARY ***
Total pot 40 | Rake 0 
Seat 2: Mahu2021 (button) (small blind) folded before Flop
Seat 3: BrunoSilveira31 (big blind) collected (40)



PokerStars Hand #248585697045: Tournament #3708849959, $1.84+$0.16 USD Hold'em No Limit - Level III (20/40) - 2024/01/30 17:24:19 CET [2024/01/30 11:24:19 ET]
Table '3708849959 1' 3-max Seat #3 is the button
Seat 2: Mahu2021 (850 in chips) 
Seat 3: BrunoSilveira31 (650 in chips) 
BrunoSilveira31: posts small blind 20
Mahu2021: posts big blind 40
*** HOLE CARDS ***
Dealt to Mahu2021 [7s Ts]
BrunoSilveira31: calls 20
Mahu2021: checks 
*** FLOP *** [8d 3d 7h]
Mahu2021: checks 
BrunoSilveira31: checks 
*** TURN *** [8d 3d 7h] [6h]
Mahu2021: bets 80
BrunoSilveira31: folds 
Uncalled bet (80) returned to Mahu2021
Mahu2021 collected 80 from pot
Mahu2021: doesn't show hand 
*** SUMMARY ***
Total pot 80 | Rake 0 
Board [8d 3d 7h 6h]
Seat 2: Mahu2021 (big blind) collected (80)
Seat 3: BrunoSilveira31 (button) (small blind) folded on the Turn



PokerStars Hand #248585701804: Tournament #3708849959, $1.84+$0.16 USD Hold'em No Limit - Level III (20/40) - 2024/01/30 17:24:37 CET [2024/01/30 11:24:37 ET]
Table '3708849959 1' 3-max Seat #2 is the button
Seat 2: Mahu2021 (890 in chips) 
Seat 3: BrunoSilveira31 (610 in chips) 
Mahu2021: posts small blind 20
BrunoSilveira31: posts big blind 40
*** HOLE CARDS ***
Dealt to Mahu2021 [Ac Kh]
Mahu2021: raises 80 to 120
BrunoSilveira31: folds 
Uncalled bet (80) returned to Mahu2021
Mahu2021 collected 80 from pot
Mahu2021: doesn't show hand 
*** SUMMARY ***
Total pot 80 | Rake 0 
Seat 2: Mahu2021 (button) (small blind) collected (80)
Seat 3: BrunoSilveira31 (big blind) folded before Flop



PokerStars Hand #248585703626: Tournament #3708849959, $1.84+$0.16 USD Hold'em No Limit - Level III (20/40) - 2024/01/30 17:24:44 CET [2024/01/30 11:24:44 ET]
Table '3708849959 1' 3-max Seat #3 is the button
Seat 2: Mahu2021 (930 in chips) 
Seat 3: BrunoSilveira31 (570 in chips) 
BrunoSilveira31: posts small blind 20
Mahu2021: posts big blind 40
*** HOLE CARDS ***
Dealt to Mahu2021 [3s Ac]
BrunoSilveira31: calls 20
Mahu2021: checks 
*** FLOP *** [4c 3d 2c]
Mahu2021: checks 
BrunoSilveira31: checks 
*** TURN *** [4c 3d 2c] [6h]
Mahu2021: bets 40
BrunoSilveira31: folds 
Uncalled bet (40) returned to Mahu2021
Mahu2021 collected 80 from pot
Mahu2021: doesn't show hand 
*** SUMMARY ***
Total pot 80 | Rake 0 
Board [4c 3d 2c 6h]
Seat 2: Mahu2021 (big blind) collected (80)
Seat 3: BrunoSilveira31 (button) (small blind) folded on the Turn



PokerStars Hand #248585709220: Tournament #3708849959, $1.84+$0.16 USD Hold'em No Limit - Level III (20/40) - 2024/01/30 17:25:05 CET [2024/01/30 11:25:05 ET]
Table '3708849959 1' 3-max Seat #2 is the button
Seat 2: Mahu2021 (970 in chips) 
Seat 3: BrunoSilveira31 (530 in chips) 
Mahu2021: posts small blind 20
BrunoSilveira31: posts big blind 40
*** HOLE CARDS ***
Dealt to Mahu2021 [6c Td]
Mahu2021: calls 20
BrunoSilveira31: raises 490 to 530 and is all-in
Mahu2021: folds 
Uncalled bet (490) returned to BrunoSilveira31
BrunoSilveira31 collected 80 from pot
BrunoSilveira31: doesn't show hand 
*** SUMMARY ***
Total pot 80 | Rake 0 
Seat 2: Mahu2021 (button) (small blind) folded before Flop
Seat 3: BrunoSilveira31 (big blind) collected (80)



PokerStars Hand #248585712807: Tournament #3708849959, $1.84+$0.16 USD Hold'em No Limit - Level III (20/40) - 2024/01/30 17:25:19 CET [2024/01/30 11:25:19 ET]
Table '3708849959 1' 3-max Seat #3 is the button
Seat 2: Mahu2021 (930 in chips) 
Seat 3: BrunoSilveira31 (570 in chips) 
BrunoSilveira31: posts small blind 20
Mahu2021: posts big blind 40
*** HOLE CARDS ***
Dealt to Mahu2021 [9c Qh]
BrunoSilveira31: calls 20
Mahu2021: raises 80 to 120
BrunoSilveira31: folds 
Uncalled bet (80) returned to Mahu2021
Mahu2021 collected 80 from pot
Mahu2021: doesn't show hand 
*** SUMMARY ***
Total pot 80 | Rake 0 
Seat 2: Mahu2021 (big blind) collected (80)
Seat 3: BrunoSilveira31 (button) (small blind) folded before Flop



PokerStars Hand #248585716622: Tournament #3708849959, $1.84+$0.16 USD Hold'em No Limit - Level III (20/40) - 2024/01/30 17:25:34 CET [2024/01/30 11:25:34 ET]
Table '3708849959 1' 3-max Seat #2 is the button
Seat 2: Mahu2021 (970 in chips) 
Seat 3: BrunoSilveira31 (530 in chips) 
Mahu2021: posts small blind 20
BrunoSilveira31: posts big blind 40
*** HOLE CARDS ***
Dealt to Mahu2021 [Kc 7h]
Mahu2021: raises 80 to 120
BrunoSilveira31: folds 
Uncalled bet (80) returned to Mahu2021
Mahu2021 collected 80 from pot
Mahu2021: doesn't show hand 
*** SUMMARY ***
Total pot 80 | Rake 0 
Seat 2: Mahu2021 (button) (small blind) collected (80)
Seat 3: BrunoSilveira31 (big blind) folded before Flop



PokerStars Hand #248585718349: Tournament #3708849959, $1.84+$0.16 USD Hold'em No Limit - Level III (20/40) - 2024/01/30 17:25:40 CET [2024/01/30 11:25:40 ET]
Table '3708849959 1' 3-max Seat #3 is the button
Seat 2: Mahu2021 (1010 in chips) 
Seat 3: BrunoSilveira31 (490 in chips) 
BrunoSilveira31: posts small blind 20
Mahu2021: posts big blind 40
*** HOLE CARDS ***
Dealt to Mahu2021 [3d Tc]
BrunoSilveira31: calls 20
Mahu2021: checks 
*** FLOP *** [5h 2d Ks]
Mahu2021: checks 
BrunoSilveira31: checks 
*** TURN *** [5h 2d Ks] [8d]
Mahu2021: checks 
BrunoSilveira31: bets 40
Mahu2021: folds 
Uncalled bet (40) returned to BrunoSilveira31
BrunoSilveira31 collected 80 from pot
BrunoSilveira31: doesn't show hand 
*** SUMMARY ***
Total pot 80 | Rake 0 
Board [5h 2d Ks 8d]
Seat 2: Mahu2021 (big blind) folded on the Turn
Seat 3: BrunoSilveira31 (button) (small blind) collected (80)



PokerStars Hand #248585721865: Tournament #3708849959, $1.84+$0.16 USD Hold'em No Limit - Level III (20/40) - 2024/01/30 17:25:54 CET [2024/01/30 11:25:54 ET]
Table '3708849959 1' 3-max Seat #2 is the button
Seat 2: Mahu2021 (970 in chips) 
Seat 3: BrunoSilveira31 (530 in chips) 
Mahu2021: posts small blind 20
BrunoSilveira31: posts big blind 40
*** HOLE CARDS ***
Dealt to Mahu2021 [9h 5h]
Mahu2021: calls 20
BrunoSilveira31: checks 
*** FLOP *** [3s 8h 4d]
BrunoSilveira31: checks 
Mahu2021: bets 40
BrunoSilveira31: calls 40
*** TURN *** [3s 8h 4d] [9s]
BrunoSilveira31: checks 
Mahu2021: bets 160
BrunoSilveira31: folds 
Uncalled bet (160) returned to Mahu2021
Mahu2021 collected 160 from pot
Mahu2021: doesn't show hand 
*** SUMMARY ***
Total pot 160 | Rake 0 
Board [3s 8h 4d 9s]
Seat 2: Mahu2021 (button) (small blind) collected (160)
Seat 3: BrunoSilveira31 (big blind) folded on the Turn



PokerStars Hand #248585727059: Tournament #3708849959, $1.84+$0.16 USD Hold'em No Limit - Level III (20/40) - 2024/01/30 17:26:14 CET [2024/01/30 11:26:14 ET]
Table '3708849959 1' 3-max Seat #3 is the button
Seat 2: Mahu2021 (1050 in chips) 
Seat 3: BrunoSilveira31 (450 in chips) 
BrunoSilveira31: posts small blind 20
Mahu2021: posts big blind 40
*** HOLE CARDS ***
Dealt to Mahu2021 [Kd 2d]
BrunoSilveira31: calls 20
Mahu2021: raises 80 to 120
BrunoSilveira31: folds 
Uncalled bet (80) returned to Mahu2021
Mahu2021 collected 80 from pot
Mahu2021: doesn't show hand 
*** SUMMARY ***
Total pot 80 | Rake 0 
Seat 2: Mahu2021 (big blind) collected (80)
Seat 3: BrunoSilveira31 (button) (small blind) folded before Flop



PokerStars Hand #248585730050: Tournament #3708849959, $1.84+$0.16 USD Hold'em No Limit - Level III (20/40) - 2024/01/30 17:26:25 CET [2024/01/30 11:26:25 ET]
Table '3708849959 1' 3-max Seat #2 is the button
Seat 2: Mahu2021 (1090 in chips) 
Seat 3: BrunoSilveira31 (410 in chips) 
Mahu2021: posts small blind 20
BrunoSilveira31: posts big blind 40
*** HOLE CARDS ***
Dealt to Mahu2021 [As 2c]
Mahu2021: raises 80 to 120
BrunoSilveira31: folds 
Uncalled bet (80) returned to Mahu2021
Mahu2021 collected 80 from pot
Mahu2021: doesn't show hand 
*** SUMMARY ***
Total pot 80 | Rake 0 
Seat 2: Mahu2021 (button) (small blind) collected (80)
Seat 3: BrunoSilveira31 (big blind) folded before Flop



PokerStars Hand #248585733215: Tournament #3708849959, $1.84+$0.16 USD Hold'em No Limit - Level IV (30/60) - 2024/01/30 17:26:37 CET [2024/01/30 11:26:37 ET]
Table '3708849959 1' 3-max Seat #3 is the button
Seat 2: Mahu2021 (1130 in chips) 
Seat 3: BrunoSilveira31 (370 in chips) 
BrunoSilveira31: posts small blind 30
Mahu2021: posts big blind 60
*** HOLE CARDS ***
Dealt to Mahu2021 [6h 9d]
BrunoSilveira31: calls 30
Mahu2021: checks 
*** FLOP *** [5s 3h 8d]
Mahu2021: checks 
BrunoSilveira31: checks 
*** TURN *** [5s 3h 8d] [2h]
Mahu2021: checks 
BrunoSilveira31: bets 60
Mahu2021: calls 60
*** RIVER *** [5s 3h 8d 2h] [Kd]
Mahu2021: checks 
BrunoSilveira31: checks 
*** SHOW DOWN ***
Mahu2021: shows [6h 9d] (high card King)
BrunoSilveira31: shows [3d Qh] (a pair of Threes)
BrunoSilveira31 collected 240 from pot
*** SUMMARY ***
Total pot 240 | Rake 0 
Board [5s 3h 8d 2h Kd]
Seat 2: Mahu2021 (big blind) showed [6h 9d] and lost with high card King
Seat 3: BrunoSilveira31 (button) (small blind) showed [3d Qh] and won (240) with a pair of Threes



PokerStars Hand #248585737968: Tournament #3708849959, $1.84+$0.16 USD Hold'em No Limit - Level IV (30/60) - 2024/01/30 17:26:55 CET [2024/01/30 11:26:55 ET]
Table '3708849959 1' 3-max Seat #2 is the button
Seat 2: Mahu2021 (1010 in chips) 
Seat 3: BrunoSilveira31 (490 in chips) 
Mahu2021: posts small blind 30
BrunoSilveira31: posts big blind 60
*** HOLE CARDS ***
Dealt to Mahu2021 [Kd 9d]
Mahu2021: raises 120 to 180
BrunoSilveira31: folds 
Uncalled bet (120) returned to Mahu2021
Mahu2021 collected 120 from pot
Mahu2021: doesn't show hand 
*** SUMMARY ***
Total pot 120 | Rake 0 
Seat 2: Mahu2021 (button) (small blind) collected (120)
Seat 3: BrunoSilveira31 (big blind) folded before Flop



PokerStars Hand #248585739918: Tournament #3708849959, $1.84+$0.16 USD Hold'em No Limit - Level IV (30/60) - 2024/01/30 17:27:03 CET [2024/01/30 11:27:03 ET]
Table '3708849959 1' 3-max Seat #3 is the button
Seat 2: Mahu2021 (1070 in chips) 
Seat 3: BrunoSilveira31 (430 in chips) 
BrunoSilveira31: posts small blind 30
Mahu2021: posts big blind 60
*** HOLE CARDS ***
Dealt to Mahu2021 [Qd Js]
BrunoSilveira31: folds 
Uncalled bet (30) returned to Mahu2021
Mahu2021 collected 60 from pot
Mahu2021: doesn't show hand 
*** SUMMARY ***
Total pot 60 | Rake 0 
Seat 2: Mahu2021 (big blind) collected (60)
Seat 3: BrunoSilveira31 (button) (small blind) folded before Flop



PokerStars Hand #248585741305: Tournament #3708849959, $1.84+$0.16 USD Hold'em No Limit - Level IV (30/60) - 2024/01/30 17:27:08 CET [2024/01/30 11:27:08 ET]
Table '3708849959 1' 3-max Seat #2 is the button
Seat 2: Mahu2021 (1100 in chips) 
Seat 3: BrunoSilveira31 (400 in chips) 
Mahu2021: posts small blind 30
BrunoSilveira31: posts big blind 60
*** HOLE CARDS ***
Dealt to Mahu2021 [Th 6h]
Mahu2021: calls 30
BrunoSilveira31: checks 
*** FLOP *** [4h Kc Jh]
BrunoSilveira31: bets 60
Mahu2021: calls 60
*** TURN *** [4h Kc Jh] [Td]
BrunoSilveira31: checks 
Mahu2021: bets 240
BrunoSilveira31: folds 
Uncalled bet (240) returned to Mahu2021
Mahu2021 collected 240 from pot
Mahu2021: doesn't show hand 
*** SUMMARY ***
Total pot 240 | Rake 0 
Board [4h Kc Jh Td]
Seat 2: Mahu2021 (button) (small blind) collected (240)
Seat 3: BrunoSilveira31 (big blind) folded on the Turn



PokerStars Hand #248585748036: Tournament #3708849959, $1.84+$0.16 USD Hold'em No Limit - Level IV (30/60) - 2024/01/30 17:27:34 CET [2024/01/30 11:27:34 ET]
Table '3708849959 1' 3-max Seat #3 is the button
Seat 2: Mahu2021 (1220 in chips) 
Seat 3: BrunoSilveira31 (280 in chips) 
BrunoSilveira31: posts small blind 30
Mahu2021: posts big blind 60
*** HOLE CARDS ***
Dealt to Mahu2021 [8h 9d]
BrunoSilveira31: folds 
Uncalled bet (30) returned to Mahu2021
Mahu2021 collected 60 from pot
Mahu2021: doesn't show hand 
*** SUMMARY ***
Total pot 60 | Rake 0 
Seat 2: Mahu2021 (big blind) collected (60)
Seat 3: BrunoSilveira31 (button) (small blind) folded before Flop



PokerStars Hand #248585749178: Tournament #3708849959, $1.84+$0.16 USD Hold'em No Limit - Level IV (30/60) - 2024/01/30 17:27:39 CET [2024/01/30 11:27:39 ET]
Table '3708849959 1' 3-max Seat #2 is the button
Seat 2: Mahu2021 (1250 in chips) 
Seat 3: BrunoSilveira31 (250 in chips) 
Mahu2021: posts small blind 30
BrunoSilveira31: posts big blind 60
*** HOLE CARDS ***
Dealt to Mahu2021 [Kd 6c]
Mahu2021: raises 120 to 180
BrunoSilveira31: raises 70 to 250 and is all-in
Mahu2021: calls 70
*** FLOP *** [Ah Jc Qs]
*** TURN *** [Ah Jc Qs] [Jd]
*** RIVER *** [Ah Jc Qs Jd] [3h]
*** SHOW DOWN ***
BrunoSilveira31: shows [9h Ts] (a pair of Jacks)
Mahu2021: shows [Kd 6c] (a pair of Jacks - Ace+King kicker)
Mahu2021 collected 500 from pot
BrunoSilveira31 finished the tournament in 2nd place
Mahu2021 wins the tournament and receives $6.00 - congratulations!
*** SUMMARY ***
Total pot 500 | Rake 0 
Board [Ah Jc Qs Jd 3h]
Seat 2: Mahu2021 (button) (small blind) showed [Kd 6c] and won (500) with a pair of Jacks
Seat 3: BrunoSilveira31 (big blind) showed [9h Ts] and lost with a pair of Jacks



