PokerStars Hand #243293593344: Tournament #3582086044, $0.92+$0.08 USD Hold'em No Limit - Level I (10/20) - 2023/04/24 20:17:00 CET [2023/04/24 14:17:00 ET]
Table '3582086044 1' 3-max Seat #1 is the button
Seat 1: Mahu2021 (500 in chips) 
Seat 2: vov4iK24 (500 in chips) 
Seat 3: blubadger (500 in chips) 
vov4iK24: posts small blind 10
blubadger: posts big blind 20
*** HOLE CARDS ***
Dealt to Mahu2021 [9d Qs]
Mahu2021: folds 
vov4iK24: folds 
Uncalled bet (10) returned to blubadger
blubadger collected 20 from pot
blubadger: doesn't show hand 
*** SUMMARY ***
Total pot 20 | Rake 0 
Seat 1: Mahu2021 (button) folded before Flop (didn't bet)
Seat 2: vov4iK24 (small blind) folded before Flop
Seat 3: blubadger (big blind) collected (20)



PokerStars Hand #243293595700: Tournament #3582086044, $0.92+$0.08 USD Hold'em No Limit - Level I (10/20) - 2023/04/24 20:17:07 CET [2023/04/24 14:17:07 ET]
Table '3582086044 1' 3-max Seat #2 is the button
Seat 1: Mahu2021 (500 in chips) 
Seat 2: vov4iK24 (490 in chips) 
Seat 3: blubadger (510 in chips) 
blubadger: posts small blind 10
Mahu2021: posts big blind 20
*** HOLE CARDS ***
Dealt to Mahu2021 [7s 2h]
vov4iK24: calls 20
blubadger: folds 
Mahu2021: checks 
*** FLOP *** [3c 2d 6c]
Mahu2021: checks 
vov4iK24: bets 20
Mahu2021: calls 20
*** TURN *** [3c 2d 6c] [5c]
Mahu2021: checks 
vov4iK24: bets 20
Mahu2021: calls 20
*** RIVER *** [3c 2d 6c 5c] [Qs]
Mahu2021: checks 
vov4iK24: bets 40
Mahu2021: folds 
Uncalled bet (40) returned to vov4iK24
vov4iK24 collected 130 from pot
vov4iK24: doesn't show hand 
*** SUMMARY ***
Total pot 130 | Rake 0 
Board [3c 2d 6c 5c Qs]
Seat 1: Mahu2021 (big blind) folded on the River
Seat 2: vov4iK24 (button) collected (130)
Seat 3: blubadger (small blind) folded before Flop



PokerStars Hand #243293606344: Tournament #3582086044, $0.92+$0.08 USD Hold'em No Limit - Level I (10/20) - 2023/04/24 20:17:37 CET [2023/04/24 14:17:37 ET]
Table '3582086044 1' 3-max Seat #3 is the button
Seat 1: Mahu2021 (440 in chips) 
Seat 2: vov4iK24 (560 in chips) 
Seat 3: blubadger (500 in chips) 
Mahu2021: posts small blind 10
vov4iK24: posts big blind 20
*** HOLE CARDS ***
Dealt to Mahu2021 [6c Kc]
blubadger: folds 
Mahu2021: raises 20 to 40
vov4iK24: raises 520 to 560 and is all-in
Mahu2021: folds 
Uncalled bet (520) returned to vov4iK24
vov4iK24 collected 80 from pot
vov4iK24: doesn't show hand 
*** SUMMARY ***
Total pot 80 | Rake 0 
Seat 1: Mahu2021 (small blind) folded before Flop
Seat 2: vov4iK24 (big blind) collected (80)
Seat 3: blubadger (button) folded before Flop (didn't bet)



PokerStars Hand #243293613061: Tournament #3582086044, $0.92+$0.08 USD Hold'em No Limit - Level I (10/20) - 2023/04/24 20:17:56 CET [2023/04/24 14:17:56 ET]
Table '3582086044 1' 3-max Seat #1 is the button
Seat 1: Mahu2021 (400 in chips) 
Seat 2: vov4iK24 (600 in chips) 
Seat 3: blubadger (500 in chips) 
vov4iK24: posts small blind 10
blubadger: posts big blind 20
*** HOLE CARDS ***
Dealt to Mahu2021 [2h 8d]
Mahu2021: folds 
vov4iK24: calls 10
blubadger: raises 40 to 60
vov4iK24: calls 40
*** FLOP *** [4d 6s Ts]
vov4iK24: bets 20
blubadger: calls 20
*** TURN *** [4d 6s Ts] [6h]
vov4iK24: bets 20
blubadger: calls 20
*** RIVER *** [4d 6s Ts 6h] [8h]
vov4iK24: bets 40
blubadger: calls 40
*** SHOW DOWN ***
vov4iK24: shows [4c Ac] (two pair, Sixes and Fours)
blubadger: mucks hand 
vov4iK24 collected 280 from pot
*** SUMMARY ***
Total pot 280 | Rake 0 
Board [4d 6s Ts 6h 8h]
Seat 1: Mahu2021 (button) folded before Flop (didn't bet)
Seat 2: vov4iK24 (small blind) showed [4c Ac] and won (280) with two pair, Sixes and Fours
Seat 3: blubadger (big blind) mucked [9s Kc]



PokerStars Hand #243293625234: Tournament #3582086044, $0.92+$0.08 USD Hold'em No Limit - Level I (10/20) - 2023/04/24 20:18:31 CET [2023/04/24 14:18:31 ET]
Table '3582086044 1' 3-max Seat #2 is the button
Seat 1: Mahu2021 (400 in chips) 
Seat 2: vov4iK24 (740 in chips) 
Seat 3: blubadger (360 in chips) 
blubadger: posts small blind 10
Mahu2021: posts big blind 20
*** HOLE CARDS ***
Dealt to Mahu2021 [4h 5s]
vov4iK24: folds 
blubadger: folds 
Uncalled bet (10) returned to Mahu2021
Mahu2021 collected 20 from pot
Mahu2021: doesn't show hand 
*** SUMMARY ***
Total pot 20 | Rake 0 
Seat 1: Mahu2021 (big blind) collected (20)
Seat 2: vov4iK24 (button) folded before Flop (didn't bet)
Seat 3: blubadger (small blind) folded before Flop



PokerStars Hand #243293626835: Tournament #3582086044, $0.92+$0.08 USD Hold'em No Limit - Level I (10/20) - 2023/04/24 20:18:35 CET [2023/04/24 14:18:35 ET]
Table '3582086044 1' 3-max Seat #3 is the button
Seat 1: Mahu2021 (410 in chips) 
Seat 2: vov4iK24 (740 in chips) 
Seat 3: blubadger (350 in chips) 
Mahu2021: posts small blind 10
vov4iK24: posts big blind 20
*** HOLE CARDS ***
Dealt to Mahu2021 [Jh 8d]
blubadger: folds 
Mahu2021: calls 10
vov4iK24: checks 
*** FLOP *** [3c 6s 5d]
Mahu2021: bets 20
vov4iK24: calls 20
*** TURN *** [3c 6s 5d] [5s]
Mahu2021: checks 
vov4iK24: checks 
*** RIVER *** [3c 6s 5d 5s] [2c]
Mahu2021: bets 80
vov4iK24: raises 160 to 240
Mahu2021: folds 
Uncalled bet (160) returned to vov4iK24
vov4iK24 collected 240 from pot
vov4iK24: doesn't show hand 
*** SUMMARY ***
Total pot 240 | Rake 0 
Board [3c 6s 5d 5s 2c]
Seat 1: Mahu2021 (small blind) folded on the River
Seat 2: vov4iK24 (big blind) collected (240)
Seat 3: blubadger (button) folded before Flop (didn't bet)



PokerStars Hand #243293643245: Tournament #3582086044, $0.92+$0.08 USD Hold'em No Limit - Level II (15/30) - 2023/04/24 20:19:21 CET [2023/04/24 14:19:21 ET]
Table '3582086044 1' 3-max Seat #1 is the button
Seat 1: Mahu2021 (290 in chips) 
Seat 2: vov4iK24 (860 in chips) 
Seat 3: blubadger (350 in chips) 
vov4iK24: posts small blind 15
blubadger: posts big blind 30
*** HOLE CARDS ***
Dealt to Mahu2021 [6c 2d]
Mahu2021: folds 
vov4iK24: calls 15
blubadger: checks 
*** FLOP *** [Ks Kd Ac]
vov4iK24: bets 30
blubadger: folds 
Uncalled bet (30) returned to vov4iK24
vov4iK24 collected 60 from pot
vov4iK24: doesn't show hand 
*** SUMMARY ***
Total pot 60 | Rake 0 
Board [Ks Kd Ac]
Seat 1: Mahu2021 (button) folded before Flop (didn't bet)
Seat 2: vov4iK24 (small blind) collected (60)
Seat 3: blubadger (big blind) folded on the Flop



PokerStars Hand #243293650896: Tournament #3582086044, $0.92+$0.08 USD Hold'em No Limit - Level II (15/30) - 2023/04/24 20:19:42 CET [2023/04/24 14:19:42 ET]
Table '3582086044 1' 3-max Seat #2 is the button
Seat 1: Mahu2021 (290 in chips) 
Seat 2: vov4iK24 (890 in chips) 
Seat 3: blubadger (320 in chips) 
blubadger: posts small blind 15
Mahu2021: posts big blind 30
*** HOLE CARDS ***
Dealt to Mahu2021 [Js 3d]
vov4iK24: folds 
blubadger: folds 
Uncalled bet (15) returned to Mahu2021
Mahu2021 collected 30 from pot
Mahu2021: doesn't show hand 
*** SUMMARY ***
Total pot 30 | Rake 0 
Seat 1: Mahu2021 (big blind) collected (30)
Seat 2: vov4iK24 (button) folded before Flop (didn't bet)
Seat 3: blubadger (small blind) folded before Flop



PokerStars Hand #243293652792: Tournament #3582086044, $0.92+$0.08 USD Hold'em No Limit - Level II (15/30) - 2023/04/24 20:19:48 CET [2023/04/24 14:19:48 ET]
Table '3582086044 1' 3-max Seat #3 is the button
Seat 1: Mahu2021 (305 in chips) 
Seat 2: vov4iK24 (890 in chips) 
Seat 3: blubadger (305 in chips) 
Mahu2021: posts small blind 15
vov4iK24: posts big blind 30
*** HOLE CARDS ***
Dealt to Mahu2021 [3d Qd]
blubadger: folds 
Mahu2021: calls 15
vov4iK24: checks 
*** FLOP *** [3s 5d 4h]
Mahu2021: bets 275 and is all-in
vov4iK24: folds 
Uncalled bet (275) returned to Mahu2021
Mahu2021 collected 60 from pot
Mahu2021: doesn't show hand 
*** SUMMARY ***
Total pot 60 | Rake 0 
Board [3s 5d 4h]
Seat 1: Mahu2021 (small blind) collected (60)
Seat 2: vov4iK24 (big blind) folded on the Flop
Seat 3: blubadger (button) folded before Flop (didn't bet)



PokerStars Hand #243293656739: Tournament #3582086044, $0.92+$0.08 USD Hold'em No Limit - Level II (15/30) - 2023/04/24 20:19:59 CET [2023/04/24 14:19:59 ET]
Table '3582086044 1' 3-max Seat #1 is the button
Seat 1: Mahu2021 (335 in chips) 
Seat 2: vov4iK24 (860 in chips) 
Seat 3: blubadger (305 in chips) 
vov4iK24: posts small blind 15
blubadger: posts big blind 30
*** HOLE CARDS ***
Dealt to Mahu2021 [6d 2c]
Mahu2021: folds 
vov4iK24: folds 
Uncalled bet (15) returned to blubadger
blubadger collected 30 from pot
blubadger: doesn't show hand 
*** SUMMARY ***
Total pot 30 | Rake 0 
Seat 1: Mahu2021 (button) folded before Flop (didn't bet)
Seat 2: vov4iK24 (small blind) folded before Flop
Seat 3: blubadger (big blind) collected (30)



PokerStars Hand #243293658973: Tournament #3582086044, $0.92+$0.08 USD Hold'em No Limit - Level II (15/30) - 2023/04/24 20:20:05 CET [2023/04/24 14:20:05 ET]
Table '3582086044 1' 3-max Seat #2 is the button
Seat 1: Mahu2021 (335 in chips) 
Seat 2: vov4iK24 (845 in chips) 
Seat 3: blubadger (320 in chips) 
blubadger: posts small blind 15
Mahu2021: posts big blind 30
*** HOLE CARDS ***
Dealt to Mahu2021 [Js 9s]
vov4iK24: folds 
blubadger: folds 
Uncalled bet (15) returned to Mahu2021
Mahu2021 collected 30 from pot
Mahu2021: doesn't show hand 
*** SUMMARY ***
Total pot 30 | Rake 0 
Seat 1: Mahu2021 (big blind) collected (30)
Seat 2: vov4iK24 (button) folded before Flop (didn't bet)
Seat 3: blubadger (small blind) folded before Flop



PokerStars Hand #243293660971: Tournament #3582086044, $0.92+$0.08 USD Hold'em No Limit - Level II (15/30) - 2023/04/24 20:20:10 CET [2023/04/24 14:20:10 ET]
Table '3582086044 1' 3-max Seat #3 is the button
Seat 1: Mahu2021 (350 in chips) 
Seat 2: vov4iK24 (845 in chips) 
Seat 3: blubadger (305 in chips) 
Mahu2021: posts small blind 15
vov4iK24: posts big blind 30
*** HOLE CARDS ***
Dealt to Mahu2021 [8d Qd]
blubadger: folds 
Mahu2021: calls 15
vov4iK24: raises 360 to 390
Mahu2021: folds 
Uncalled bet (360) returned to vov4iK24
vov4iK24 collected 60 from pot
vov4iK24: doesn't show hand 
*** SUMMARY ***
Total pot 60 | Rake 0 
Seat 1: Mahu2021 (small blind) folded before Flop
Seat 2: vov4iK24 (big blind) collected (60)
Seat 3: blubadger (button) folded before Flop (didn't bet)



PokerStars Hand #243293664285: Tournament #3582086044, $0.92+$0.08 USD Hold'em No Limit - Level II (15/30) - 2023/04/24 20:20:20 CET [2023/04/24 14:20:20 ET]
Table '3582086044 1' 3-max Seat #1 is the button
Seat 1: Mahu2021 (320 in chips) 
Seat 2: vov4iK24 (875 in chips) 
Seat 3: blubadger (305 in chips) 
vov4iK24: posts small blind 15
blubadger: posts big blind 30
*** HOLE CARDS ***
Dealt to Mahu2021 [Td 8c]
Mahu2021: folds 
vov4iK24: folds 
Uncalled bet (15) returned to blubadger
blubadger collected 30 from pot
blubadger: doesn't show hand 
*** SUMMARY ***
Total pot 30 | Rake 0 
Seat 1: Mahu2021 (button) folded before Flop (didn't bet)
Seat 2: vov4iK24 (small blind) folded before Flop
Seat 3: blubadger (big blind) collected (30)



PokerStars Hand #243293666519: Tournament #3582086044, $0.92+$0.08 USD Hold'em No Limit - Level II (15/30) - 2023/04/24 20:20:26 CET [2023/04/24 14:20:26 ET]
Table '3582086044 1' 3-max Seat #2 is the button
Seat 1: Mahu2021 (320 in chips) 
Seat 2: vov4iK24 (860 in chips) 
Seat 3: blubadger (320 in chips) 
blubadger: posts small blind 15
Mahu2021: posts big blind 30
*** HOLE CARDS ***
Dealt to Mahu2021 [2d 3c]
vov4iK24: calls 30
blubadger: calls 15
Mahu2021: checks 
*** FLOP *** [5d Jd 7d]
blubadger: checks 
Mahu2021: checks 
vov4iK24: bets 30
blubadger: folds 
Mahu2021: folds 
Uncalled bet (30) returned to vov4iK24
vov4iK24 collected 90 from pot
vov4iK24: doesn't show hand 
*** SUMMARY ***
Total pot 90 | Rake 0 
Board [5d Jd 7d]
Seat 1: Mahu2021 (big blind) folded on the Flop
Seat 2: vov4iK24 (button) collected (90)
Seat 3: blubadger (small blind) folded on the Flop



PokerStars Hand #243293671509: Tournament #3582086044, $0.92+$0.08 USD Hold'em No Limit - Level II (15/30) - 2023/04/24 20:20:39 CET [2023/04/24 14:20:39 ET]
Table '3582086044 1' 3-max Seat #3 is the button
Seat 1: Mahu2021 (290 in chips) 
Seat 2: vov4iK24 (920 in chips) 
Seat 3: blubadger (290 in chips) 
Mahu2021: posts small blind 15
vov4iK24: posts big blind 30
*** HOLE CARDS ***
Dealt to Mahu2021 [6h 2d]
blubadger: calls 30
Mahu2021: folds 
vov4iK24: checks 
*** FLOP *** [7d Kc Ac]
vov4iK24: checks 
blubadger: checks 
*** TURN *** [7d Kc Ac] [3d]
vov4iK24: checks 
blubadger: checks 
*** RIVER *** [7d Kc Ac 3d] [Ts]
vov4iK24: checks 
blubadger: checks 
*** SHOW DOWN ***
vov4iK24: shows [4s 5c] (high card Ace)
blubadger: shows [5s 3s] (a pair of Threes)
blubadger collected 75 from pot
*** SUMMARY ***
Total pot 75 | Rake 0 
Board [7d Kc Ac 3d Ts]
Seat 1: Mahu2021 (small blind) folded before Flop
Seat 2: vov4iK24 (big blind) showed [4s 5c] and lost with high card Ace
Seat 3: blubadger (button) showed [5s 3s] and won (75) with a pair of Threes



PokerStars Hand #243293677365: Tournament #3582086044, $0.92+$0.08 USD Hold'em No Limit - Level II (15/30) - 2023/04/24 20:20:56 CET [2023/04/24 14:20:56 ET]
Table '3582086044 1' 3-max Seat #1 is the button
Seat 1: Mahu2021 (275 in chips) 
Seat 2: vov4iK24 (890 in chips) 
Seat 3: blubadger (335 in chips) 
vov4iK24: posts small blind 15
blubadger: posts big blind 30
*** HOLE CARDS ***
Dealt to Mahu2021 [Qh Td]
Mahu2021: calls 30
vov4iK24: calls 15
blubadger: checks 
*** FLOP *** [2c Tc Ac]
vov4iK24: checks 
blubadger: checks 
Mahu2021: bets 60
vov4iK24: folds 
blubadger: folds 
Uncalled bet (60) returned to Mahu2021
Mahu2021 collected 90 from pot
Mahu2021: doesn't show hand 
*** SUMMARY ***
Total pot 90 | Rake 0 
Board [2c Tc Ac]
Seat 1: Mahu2021 (button) collected (90)
Seat 2: vov4iK24 (small blind) folded on the Flop
Seat 3: blubadger (big blind) folded on the Flop



PokerStars Hand #243293684439: Tournament #3582086044, $0.92+$0.08 USD Hold'em No Limit - Level III (20/40) - 2023/04/24 20:21:15 CET [2023/04/24 14:21:15 ET]
Table '3582086044 1' 3-max Seat #2 is the button
Seat 1: Mahu2021 (335 in chips) 
Seat 2: vov4iK24 (860 in chips) 
Seat 3: blubadger (305 in chips) 
blubadger: posts small blind 20
Mahu2021: posts big blind 40
*** HOLE CARDS ***
Dealt to Mahu2021 [3d 4d]
vov4iK24: calls 40
blubadger: folds 
Mahu2021: checks 
*** FLOP *** [3c Ac Qs]
Mahu2021: checks 
vov4iK24: checks 
*** TURN *** [3c Ac Qs] [Qh]
Mahu2021: checks 
vov4iK24: checks 
*** RIVER *** [3c Ac Qs Qh] [6s]
Mahu2021: checks 
vov4iK24: checks 
*** SHOW DOWN ***
Mahu2021: shows [3d 4d] (two pair, Queens and Threes)
vov4iK24: mucks hand 
Mahu2021 collected 100 from pot
*** SUMMARY ***
Total pot 100 | Rake 0 
Board [3c Ac Qs Qh 6s]
Seat 1: Mahu2021 (big blind) showed [3d 4d] and won (100) with two pair, Queens and Threes
Seat 2: vov4iK24 (button) mucked [7h 4h]
Seat 3: blubadger (small blind) folded before Flop



PokerStars Hand #243293690858: Tournament #3582086044, $0.92+$0.08 USD Hold'em No Limit - Level III (20/40) - 2023/04/24 20:21:33 CET [2023/04/24 14:21:33 ET]
Table '3582086044 1' 3-max Seat #3 is the button
Seat 1: Mahu2021 (395 in chips) 
Seat 2: vov4iK24 (820 in chips) 
Seat 3: blubadger (285 in chips) 
Mahu2021: posts small blind 20
vov4iK24: posts big blind 40
*** HOLE CARDS ***
Dealt to Mahu2021 [3h Ad]
blubadger: raises 245 to 285 and is all-in
Mahu2021: folds 
vov4iK24: calls 245
*** FLOP *** [4d 7d 3s]
*** TURN *** [4d 7d 3s] [5h]
*** RIVER *** [4d 7d 3s 5h] [7c]
*** SHOW DOWN ***
vov4iK24: shows [Kd Qh] (a pair of Sevens)
blubadger: shows [As Td] (a pair of Sevens - Ace kicker)
blubadger collected 590 from pot
*** SUMMARY ***
Total pot 590 | Rake 0 
Board [4d 7d 3s 5h 7c]
Seat 1: Mahu2021 (small blind) folded before Flop
Seat 2: vov4iK24 (big blind) showed [Kd Qh] and lost with a pair of Sevens
Seat 3: blubadger (button) showed [As Td] and won (590) with a pair of Sevens



PokerStars Hand #243293696168: Tournament #3582086044, $0.92+$0.08 USD Hold'em No Limit - Level III (20/40) - 2023/04/24 20:21:47 CET [2023/04/24 14:21:47 ET]
Table '3582086044 1' 3-max Seat #1 is the button
Seat 1: Mahu2021 (375 in chips) 
Seat 2: vov4iK24 (535 in chips) 
Seat 3: blubadger (590 in chips) 
vov4iK24: posts small blind 20
blubadger: posts big blind 40
*** HOLE CARDS ***
Dealt to Mahu2021 [6h Ah]
Mahu2021: folds 
vov4iK24: folds 
Uncalled bet (20) returned to blubadger
blubadger collected 40 from pot
blubadger: doesn't show hand 
*** SUMMARY ***
Total pot 40 | Rake 0 
Seat 1: Mahu2021 (button) folded before Flop (didn't bet)
Seat 2: vov4iK24 (small blind) folded before Flop
Seat 3: blubadger (big blind) collected (40)



PokerStars Hand #243293698474: Tournament #3582086044, $0.92+$0.08 USD Hold'em No Limit - Level III (20/40) - 2023/04/24 20:21:54 CET [2023/04/24 14:21:54 ET]
Table '3582086044 1' 3-max Seat #2 is the button
Seat 1: Mahu2021 (375 in chips) 
Seat 2: vov4iK24 (515 in chips) 
Seat 3: blubadger (610 in chips) 
blubadger: posts small blind 20
Mahu2021: posts big blind 40
*** HOLE CARDS ***
Dealt to Mahu2021 [8c Qc]
vov4iK24: folds 
blubadger: calls 20
Mahu2021: checks 
*** FLOP *** [2h 3d 9h]
blubadger: checks 
Mahu2021: checks 
*** TURN *** [2h 3d 9h] [2s]
blubadger: checks 
Mahu2021: checks 
*** RIVER *** [2h 3d 9h 2s] [Js]
blubadger: checks 
Mahu2021: checks 
*** SHOW DOWN ***
blubadger: shows [Qs Th] (a pair of Deuces)
Mahu2021: mucks hand 
blubadger collected 80 from pot
*** SUMMARY ***
Total pot 80 | Rake 0 
Board [2h 3d 9h 2s Js]
Seat 1: Mahu2021 (big blind) mucked [8c Qc]
Seat 2: vov4iK24 (button) folded before Flop (didn't bet)
Seat 3: blubadger (small blind) showed [Qs Th] and won (80) with a pair of Deuces



PokerStars Hand #243293704334: Tournament #3582086044, $0.92+$0.08 USD Hold'em No Limit - Level III (20/40) - 2023/04/24 20:22:10 CET [2023/04/24 14:22:10 ET]
Table '3582086044 1' 3-max Seat #3 is the button
Seat 1: Mahu2021 (335 in chips) 
Seat 2: vov4iK24 (515 in chips) 
Seat 3: blubadger (650 in chips) 
Mahu2021: posts small blind 20
vov4iK24: posts big blind 40
*** HOLE CARDS ***
Dealt to Mahu2021 [2s Ks]
blubadger: raises 40 to 80
Mahu2021: folds 
vov4iK24: folds 
Uncalled bet (40) returned to blubadger
blubadger collected 100 from pot
blubadger: doesn't show hand 
*** SUMMARY ***
Total pot 100 | Rake 0 
Seat 1: Mahu2021 (small blind) folded before Flop
Seat 2: vov4iK24 (big blind) folded before Flop
Seat 3: blubadger (button) collected (100)



PokerStars Hand #243293711320: Tournament #3582086044, $0.92+$0.08 USD Hold'em No Limit - Level III (20/40) - 2023/04/24 20:22:30 CET [2023/04/24 14:22:30 ET]
Table '3582086044 1' 3-max Seat #1 is the button
Seat 1: Mahu2021 (315 in chips) 
Seat 2: vov4iK24 (475 in chips) 
Seat 3: blubadger (710 in chips) 
vov4iK24: posts small blind 20
blubadger: posts big blind 40
*** HOLE CARDS ***
Dealt to Mahu2021 [Kd Qd]
Mahu2021: raises 40 to 80
vov4iK24: folds 
blubadger: folds 
Uncalled bet (40) returned to Mahu2021
Mahu2021 collected 100 from pot
Mahu2021: doesn't show hand 
*** SUMMARY ***
Total pot 100 | Rake 0 
Seat 1: Mahu2021 (button) collected (100)
Seat 2: vov4iK24 (small blind) folded before Flop
Seat 3: blubadger (big blind) folded before Flop



PokerStars Hand #243293714362: Tournament #3582086044, $0.92+$0.08 USD Hold'em No Limit - Level III (20/40) - 2023/04/24 20:22:38 CET [2023/04/24 14:22:38 ET]
Table '3582086044 1' 3-max Seat #2 is the button
Seat 1: Mahu2021 (375 in chips) 
Seat 2: vov4iK24 (455 in chips) 
Seat 3: blubadger (670 in chips) 
blubadger: posts small blind 20
Mahu2021: posts big blind 40
*** HOLE CARDS ***
Dealt to Mahu2021 [8d 2d]
vov4iK24: folds 
blubadger: folds 
Uncalled bet (20) returned to Mahu2021
Mahu2021 collected 40 from pot
Mahu2021: doesn't show hand 
*** SUMMARY ***
Total pot 40 | Rake 0 
Seat 1: Mahu2021 (big blind) collected (40)
Seat 2: vov4iK24 (button) folded before Flop (didn't bet)
Seat 3: blubadger (small blind) folded before Flop



PokerStars Hand #243293716401: Tournament #3582086044, $0.92+$0.08 USD Hold'em No Limit - Level III (20/40) - 2023/04/24 20:22:44 CET [2023/04/24 14:22:44 ET]
Table '3582086044 1' 3-max Seat #3 is the button
Seat 1: Mahu2021 (395 in chips) 
Seat 2: vov4iK24 (455 in chips) 
Seat 3: blubadger (650 in chips) 
Mahu2021: posts small blind 20
vov4iK24: posts big blind 40
*** HOLE CARDS ***
Dealt to Mahu2021 [8c Kd]
blubadger: calls 40
Mahu2021: calls 20
vov4iK24: checks 
*** FLOP *** [8d 4h Jh]
Mahu2021: checks 
vov4iK24: checks 
blubadger: bets 40
Mahu2021: calls 40
vov4iK24: folds 
*** TURN *** [8d 4h Jh] [2c]
Mahu2021: checks 
blubadger: bets 100
Mahu2021: folds 
Uncalled bet (100) returned to blubadger
blubadger collected 200 from pot
blubadger: doesn't show hand 
*** SUMMARY ***
Total pot 200 | Rake 0 
Board [8d 4h Jh 2c]
Seat 1: Mahu2021 (small blind) folded on the Turn
Seat 2: vov4iK24 (big blind) folded on the Flop
Seat 3: blubadger (button) collected (200)



PokerStars Hand #243293726598: Tournament #3582086044, $0.92+$0.08 USD Hold'em No Limit - Level IV (30/60) - 2023/04/24 20:23:12 CET [2023/04/24 14:23:12 ET]
Table '3582086044 1' 3-max Seat #1 is the button
Seat 1: Mahu2021 (315 in chips) 
Seat 2: vov4iK24 (415 in chips) 
Seat 3: blubadger (770 in chips) 
vov4iK24: posts small blind 30
blubadger: posts big blind 60
*** HOLE CARDS ***
Dealt to Mahu2021 [9h Jc]
Mahu2021: folds 
vov4iK24: raises 355 to 415 and is all-in
blubadger: calls 355
*** FLOP *** [4h Qs Ad]
*** TURN *** [4h Qs Ad] [Js]
*** RIVER *** [4h Qs Ad Js] [Jh]
*** SHOW DOWN ***
vov4iK24: shows [7c 9c] (a pair of Jacks)
blubadger: shows [6c Ah] (two pair, Aces and Jacks)
blubadger collected 830 from pot
vov4iK24 is sitting out
vov4iK24 finished the tournament in 3rd place
*** SUMMARY ***
Total pot 830 | Rake 0 
Board [4h Qs Ad Js Jh]
Seat 1: Mahu2021 (button) folded before Flop (didn't bet)
Seat 2: vov4iK24 (small blind) showed [7c 9c] and lost with a pair of Jacks
Seat 3: blubadger (big blind) showed [6c Ah] and won (830) with two pair, Aces and Jacks



PokerStars Hand #243293733063: Tournament #3582086044, $0.92+$0.08 USD Hold'em No Limit - Level IV (30/60) - 2023/04/24 20:23:30 CET [2023/04/24 14:23:30 ET]
Table '3582086044 1' 3-max Seat #3 is the button
Seat 1: Mahu2021 (315 in chips) 
Seat 3: blubadger (1185 in chips) 
blubadger: posts small blind 30
Mahu2021: posts big blind 60
*** HOLE CARDS ***
Dealt to Mahu2021 [Kc 3s]
blubadger: raises 60 to 120
Mahu2021: calls 60
*** FLOP *** [7c 5h Ts]
Mahu2021: bets 195 and is all-in
blubadger: calls 195
*** TURN *** [7c 5h Ts] [8h]
*** RIVER *** [7c 5h Ts 8h] [Kh]
*** SHOW DOWN ***
Mahu2021: shows [Kc 3s] (a pair of Kings)
blubadger: shows [Jh 7h] (a flush, King high)
blubadger collected 630 from pot
Mahu2021 finished the tournament in 2nd place
blubadger wins the tournament and receives $2.00 - congratulations!
*** SUMMARY ***
Total pot 630 | Rake 0 
Board [7c 5h Ts 8h Kh]
Seat 1: Mahu2021 (big blind) showed [Kc 3s] and lost with a pair of Kings
Seat 3: blubadger (button) (small blind) showed [Jh 7h] and won (630) with a flush, King high



