PokerStars Hand #248385452281: Tournament #3703727544, $1.84+$0.16 USD Hold'em No Limit - Level I (10/20) - 2024/01/20 10:49:48 CET [2024/01/20 4:49:48 ET]
Table '3703727544 1' 3-max Seat #1 is the button
Seat 1: fabioprrfilho (500 in chips) 
Seat 2: Mahu2021 (500 in chips) 
Seat 3: thehochsteger (500 in chips) 
Mahu2021: posts small blind 10
thehochsteger: posts big blind 20
*** HOLE CARDS ***
Dealt to Mahu2021 [5s 9h]
fabioprrfilho: raises 480 to 500 and is all-in
Mahu2021: folds 
thehochsteger: folds 
Uncalled bet (480) returned to fabioprrfilho
fabioprrfilho collected 50 from pot
fabioprrfilho: doesn't show hand 
*** SUMMARY ***
Total pot 50 | Rake 0 
Seat 1: fabioprrfilho (button) collected (50)
Seat 2: Mahu2021 (small blind) folded before Flop
Seat 3: thehochsteger (big blind) folded before Flop



PokerStars Hand #248385454415: Tournament #3703727544, $1.84+$0.16 USD Hold'em No Limit - Level I (10/20) - 2024/01/20 10:50:02 CET [2024/01/20 4:50:02 ET]
Table '3703727544 1' 3-max Seat #2 is the button
Seat 1: fabioprrfilho (530 in chips) 
Seat 2: Mahu2021 (490 in chips) 
Seat 3: thehochsteger (480 in chips) 
thehochsteger: posts small blind 10
fabioprrfilho: posts big blind 20
*** HOLE CARDS ***
Dealt to Mahu2021 [2d Js]
Mahu2021: folds 
thehochsteger: folds 
Uncalled bet (10) returned to fabioprrfilho
fabioprrfilho collected 20 from pot
fabioprrfilho: doesn't show hand 
*** SUMMARY ***
Total pot 20 | Rake 0 
Seat 1: fabioprrfilho (big blind) collected (20)
Seat 2: Mahu2021 (button) folded before Flop (didn't bet)
Seat 3: thehochsteger (small blind) folded before Flop



PokerStars Hand #248385455349: Tournament #3703727544, $1.84+$0.16 USD Hold'em No Limit - Level I (10/20) - 2024/01/20 10:50:09 CET [2024/01/20 4:50:09 ET]
Table '3703727544 1' 3-max Seat #3 is the button
Seat 1: fabioprrfilho (540 in chips) 
Seat 2: Mahu2021 (490 in chips) 
Seat 3: thehochsteger (470 in chips) 
fabioprrfilho: posts small blind 10
Mahu2021: posts big blind 20
*** HOLE CARDS ***
Dealt to Mahu2021 [4c 6d]
thehochsteger: folds 
fabioprrfilho: raises 20 to 40
Mahu2021: calls 20
*** FLOP *** [9s Qd 3c]
fabioprrfilho: bets 26
Mahu2021: folds 
Uncalled bet (26) returned to fabioprrfilho
fabioprrfilho collected 80 from pot
fabioprrfilho: doesn't show hand 
*** SUMMARY ***
Total pot 80 | Rake 0 
Board [9s Qd 3c]
Seat 1: fabioprrfilho (small blind) collected (80)
Seat 2: Mahu2021 (big blind) folded on the Flop
Seat 3: thehochsteger (button) folded before Flop (didn't bet)



PokerStars Hand #248385458674: Tournament #3703727544, $1.84+$0.16 USD Hold'em No Limit - Level I (10/20) - 2024/01/20 10:50:31 CET [2024/01/20 4:50:31 ET]
Table '3703727544 1' 3-max Seat #1 is the button
Seat 1: fabioprrfilho (580 in chips) 
Seat 2: Mahu2021 (450 in chips) 
Seat 3: thehochsteger (470 in chips) 
Mahu2021: posts small blind 10
thehochsteger: posts big blind 20
*** HOLE CARDS ***
Dealt to Mahu2021 [4s 8c]
fabioprrfilho: folds 
Mahu2021: folds 
Uncalled bet (10) returned to thehochsteger
thehochsteger collected 20 from pot
thehochsteger: doesn't show hand 
*** SUMMARY ***
Total pot 20 | Rake 0 
Seat 1: fabioprrfilho (button) folded before Flop (didn't bet)
Seat 2: Mahu2021 (small blind) folded before Flop
Seat 3: thehochsteger (big blind) collected (20)



PokerStars Hand #248385459967: Tournament #3703727544, $1.84+$0.16 USD Hold'em No Limit - Level I (10/20) - 2024/01/20 10:50:40 CET [2024/01/20 4:50:40 ET]
Table '3703727544 1' 3-max Seat #2 is the button
Seat 1: fabioprrfilho (580 in chips) 
Seat 2: Mahu2021 (440 in chips) 
Seat 3: thehochsteger (480 in chips) 
thehochsteger: posts small blind 10
fabioprrfilho: posts big blind 20
*** HOLE CARDS ***
Dealt to Mahu2021 [Ad Qh]
Mahu2021: raises 20 to 40
thehochsteger: folds 
fabioprrfilho: folds 
Uncalled bet (20) returned to Mahu2021
Mahu2021 collected 50 from pot
Mahu2021: doesn't show hand 
*** SUMMARY ***
Total pot 50 | Rake 0 
Seat 1: fabioprrfilho (big blind) folded before Flop
Seat 2: Mahu2021 (button) collected (50)
Seat 3: thehochsteger (small blind) folded before Flop



PokerStars Hand #248385461383: Tournament #3703727544, $1.84+$0.16 USD Hold'em No Limit - Level I (10/20) - 2024/01/20 10:50:49 CET [2024/01/20 4:50:49 ET]
Table '3703727544 1' 3-max Seat #3 is the button
Seat 1: fabioprrfilho (560 in chips) 
Seat 2: Mahu2021 (470 in chips) 
Seat 3: thehochsteger (470 in chips) 
fabioprrfilho: posts small blind 10
Mahu2021: posts big blind 20
*** HOLE CARDS ***
Dealt to Mahu2021 [Tc Kc]
thehochsteger: folds 
fabioprrfilho: raises 20 to 40
Mahu2021: calls 20
*** FLOP *** [7s 9h 2d]
fabioprrfilho: checks 
Mahu2021: checks 
*** TURN *** [7s 9h 2d] [Qd]
fabioprrfilho: bets 62
Mahu2021: calls 62
*** RIVER *** [7s 9h 2d Qd] [Ad]
fabioprrfilho: checks 
Mahu2021: bets 368 and is all-in
fabioprrfilho: folds 
Uncalled bet (368) returned to Mahu2021
Mahu2021 collected 204 from pot
Mahu2021: doesn't show hand 
*** SUMMARY ***
Total pot 204 | Rake 0 
Board [7s 9h 2d Qd Ad]
Seat 1: fabioprrfilho (small blind) folded on the River
Seat 2: Mahu2021 (big blind) collected (204)
Seat 3: thehochsteger (button) folded before Flop (didn't bet)



PokerStars Hand #248385468292: Tournament #3703727544, $1.84+$0.16 USD Hold'em No Limit - Level I (10/20) - 2024/01/20 10:51:37 CET [2024/01/20 4:51:37 ET]
Table '3703727544 1' 3-max Seat #1 is the button
Seat 1: fabioprrfilho (458 in chips) 
Seat 2: Mahu2021 (572 in chips) 
Seat 3: thehochsteger (470 in chips) 
Mahu2021: posts small blind 10
thehochsteger: posts big blind 20
*** HOLE CARDS ***
Dealt to Mahu2021 [5s As]
fabioprrfilho: folds 
Mahu2021: calls 10
thehochsteger: raises 20 to 40
Mahu2021: calls 20
*** FLOP *** [3s Qd Ks]
Mahu2021: checks 
thehochsteger: bets 20
Mahu2021: calls 20
*** TURN *** [3s Qd Ks] [9s]
Mahu2021: checks 
thehochsteger: bets 60
Mahu2021: calls 60
*** RIVER *** [3s Qd Ks 9s] [Jd]
Mahu2021: bets 60
thehochsteger: raises 290 to 350 and is all-in
Mahu2021: calls 290
*** SHOW DOWN ***
thehochsteger: shows [Ts Td] (a straight, Nine to King)
Mahu2021: shows [5s As] (a flush, Ace high)
Mahu2021 collected 940 from pot
thehochsteger finished the tournament in 3rd place
*** SUMMARY ***
Total pot 940 | Rake 0 
Board [3s Qd Ks 9s Jd]
Seat 1: fabioprrfilho (button) folded before Flop (didn't bet)
Seat 2: Mahu2021 (small blind) showed [5s As] and won (940) with a flush, Ace high
Seat 3: thehochsteger (big blind) showed [Ts Td] and lost with a straight, Nine to King



PokerStars Hand #248385476117: Tournament #3703727544, $1.84+$0.16 USD Hold'em No Limit - Level II (15/30) - 2024/01/20 10:52:30 CET [2024/01/20 4:52:30 ET]
Table '3703727544 1' 3-max Seat #2 is the button
Seat 1: fabioprrfilho (458 in chips) 
Seat 2: Mahu2021 (1042 in chips) 
Mahu2021: posts small blind 15
fabioprrfilho: posts big blind 30
*** HOLE CARDS ***
Dealt to Mahu2021 [Kh Ah]
Mahu2021: raises 60 to 90
fabioprrfilho: folds 
Uncalled bet (60) returned to Mahu2021
Mahu2021 collected 60 from pot
Mahu2021: doesn't show hand 
*** SUMMARY ***
Total pot 60 | Rake 0 
Seat 1: fabioprrfilho (big blind) folded before Flop
Seat 2: Mahu2021 (button) (small blind) collected (60)



PokerStars Hand #248385478050: Tournament #3703727544, $1.84+$0.16 USD Hold'em No Limit - Level II (15/30) - 2024/01/20 10:52:43 CET [2024/01/20 4:52:43 ET]
Table '3703727544 1' 3-max Seat #1 is the button
Seat 1: fabioprrfilho (428 in chips) 
Seat 2: Mahu2021 (1072 in chips) 
fabioprrfilho: posts small blind 15
Mahu2021: posts big blind 30
*** HOLE CARDS ***
Dealt to Mahu2021 [As Td]
fabioprrfilho: folds 
Uncalled bet (15) returned to Mahu2021
Mahu2021 collected 30 from pot
Mahu2021: doesn't show hand 
*** SUMMARY ***
Total pot 30 | Rake 0 
Seat 1: fabioprrfilho (button) (small blind) folded before Flop
Seat 2: Mahu2021 (big blind) collected (30)



PokerStars Hand #248385479370: Tournament #3703727544, $1.84+$0.16 USD Hold'em No Limit - Level II (15/30) - 2024/01/20 10:52:52 CET [2024/01/20 4:52:52 ET]
Table '3703727544 1' 3-max Seat #2 is the button
Seat 1: fabioprrfilho (413 in chips) 
Seat 2: Mahu2021 (1087 in chips) 
Mahu2021: posts small blind 15
fabioprrfilho: posts big blind 30
*** HOLE CARDS ***
Dealt to Mahu2021 [As Kc]
Mahu2021: raises 60 to 90
fabioprrfilho: folds 
Uncalled bet (60) returned to Mahu2021
Mahu2021 collected 60 from pot
Mahu2021: doesn't show hand 
*** SUMMARY ***
Total pot 60 | Rake 0 
Seat 1: fabioprrfilho (big blind) folded before Flop
Seat 2: Mahu2021 (button) (small blind) collected (60)



PokerStars Hand #248385481228: Tournament #3703727544, $1.84+$0.16 USD Hold'em No Limit - Level II (15/30) - 2024/01/20 10:53:05 CET [2024/01/20 4:53:05 ET]
Table '3703727544 1' 3-max Seat #1 is the button
Seat 1: fabioprrfilho (383 in chips) 
Seat 2: Mahu2021 (1117 in chips) 
fabioprrfilho: posts small blind 15
Mahu2021: posts big blind 30
*** HOLE CARDS ***
Dealt to Mahu2021 [Qd 4s]
fabioprrfilho: folds 
Uncalled bet (15) returned to Mahu2021
Mahu2021 collected 30 from pot
Mahu2021: doesn't show hand 
*** SUMMARY ***
Total pot 30 | Rake 0 
Seat 1: fabioprrfilho (button) (small blind) folded before Flop
Seat 2: Mahu2021 (big blind) collected (30)



PokerStars Hand #248385482151: Tournament #3703727544, $1.84+$0.16 USD Hold'em No Limit - Level II (15/30) - 2024/01/20 10:53:12 CET [2024/01/20 4:53:12 ET]
Table '3703727544 1' 3-max Seat #2 is the button
Seat 1: fabioprrfilho (368 in chips) 
Seat 2: Mahu2021 (1132 in chips) 
Mahu2021: posts small blind 15
fabioprrfilho: posts big blind 30
*** HOLE CARDS ***
Dealt to Mahu2021 [8s 9c]
Mahu2021: calls 15
fabioprrfilho: checks 
*** FLOP *** [Th Jc 6c]
fabioprrfilho: checks 
Mahu2021: bets 60
fabioprrfilho: folds 
Uncalled bet (60) returned to Mahu2021
Mahu2021 collected 60 from pot
Mahu2021: doesn't show hand 
*** SUMMARY ***
Total pot 60 | Rake 0 
Board [Th Jc 6c]
Seat 1: fabioprrfilho (big blind) folded on the Flop
Seat 2: Mahu2021 (button) (small blind) collected (60)



PokerStars Hand #248385486577: Tournament #3703727544, $1.84+$0.16 USD Hold'em No Limit - Level II (15/30) - 2024/01/20 10:53:42 CET [2024/01/20 4:53:42 ET]
Table '3703727544 1' 3-max Seat #1 is the button
Seat 1: fabioprrfilho (338 in chips) 
Seat 2: Mahu2021 (1162 in chips) 
fabioprrfilho: posts small blind 15
Mahu2021: posts big blind 30
*** HOLE CARDS ***
Dealt to Mahu2021 [5d Qd]
fabioprrfilho: calls 15
Mahu2021: checks 
*** FLOP *** [Qh 9s 8c]
Mahu2021: checks 
fabioprrfilho: bets 30
Mahu2021: calls 30
*** TURN *** [Qh 9s 8c] [Js]
Mahu2021: checks 
fabioprrfilho: checks 
*** RIVER *** [Qh 9s 8c Js] [9h]
Mahu2021: checks 
fabioprrfilho: checks 
*** SHOW DOWN ***
Mahu2021: shows [5d Qd] (two pair, Queens and Nines)
fabioprrfilho: shows [Qc 3c] (two pair, Queens and Nines)
Mahu2021 collected 60 from pot
fabioprrfilho collected 60 from pot
*** SUMMARY ***
Total pot 120 | Rake 0 
Board [Qh 9s 8c Js 9h]
Seat 1: fabioprrfilho (button) (small blind) showed [Qc 3c] and won (60) with two pair, Queens and Nines
Seat 2: Mahu2021 (big blind) showed [5d Qd] and won (60) with two pair, Queens and Nines



PokerStars Hand #248385493641: Tournament #3703727544, $1.84+$0.16 USD Hold'em No Limit - Level III (20/40) - 2024/01/20 10:54:30 CET [2024/01/20 4:54:30 ET]
Table '3703727544 1' 3-max Seat #2 is the button
Seat 1: fabioprrfilho (338 in chips) 
Seat 2: Mahu2021 (1162 in chips) 
Mahu2021: posts small blind 20
fabioprrfilho: posts big blind 40
*** HOLE CARDS ***
Dealt to Mahu2021 [5d 2c]
Mahu2021: folds 
Uncalled bet (20) returned to fabioprrfilho
fabioprrfilho collected 40 from pot
fabioprrfilho: doesn't show hand 
*** SUMMARY ***
Total pot 40 | Rake 0 
Seat 1: fabioprrfilho (big blind) collected (40)
Seat 2: Mahu2021 (button) (small blind) folded before Flop



PokerStars Hand #248385494263: Tournament #3703727544, $1.84+$0.16 USD Hold'em No Limit - Level III (20/40) - 2024/01/20 10:54:34 CET [2024/01/20 4:54:34 ET]
Table '3703727544 1' 3-max Seat #1 is the button
Seat 1: fabioprrfilho (358 in chips) 
Seat 2: Mahu2021 (1142 in chips) 
fabioprrfilho: posts small blind 20
Mahu2021: posts big blind 40
*** HOLE CARDS ***
Dealt to Mahu2021 [9s 6d]
fabioprrfilho: raises 318 to 358 and is all-in
Mahu2021: folds 
Uncalled bet (318) returned to fabioprrfilho
fabioprrfilho collected 80 from pot
fabioprrfilho: doesn't show hand 
*** SUMMARY ***
Total pot 80 | Rake 0 
Seat 1: fabioprrfilho (button) (small blind) collected (80)
Seat 2: Mahu2021 (big blind) folded before Flop



PokerStars Hand #248385496364: Tournament #3703727544, $1.84+$0.16 USD Hold'em No Limit - Level III (20/40) - 2024/01/20 10:54:48 CET [2024/01/20 4:54:48 ET]
Table '3703727544 1' 3-max Seat #2 is the button
Seat 1: fabioprrfilho (398 in chips) 
Seat 2: Mahu2021 (1102 in chips) 
Mahu2021: posts small blind 20
fabioprrfilho: posts big blind 40
*** HOLE CARDS ***
Dealt to Mahu2021 [Jd Js]
Mahu2021: raises 80 to 120
fabioprrfilho: folds 
Uncalled bet (80) returned to Mahu2021
Mahu2021 collected 80 from pot
Mahu2021: doesn't show hand 
*** SUMMARY ***
Total pot 80 | Rake 0 
Seat 1: fabioprrfilho (big blind) folded before Flop
Seat 2: Mahu2021 (button) (small blind) collected (80)



PokerStars Hand #248385498263: Tournament #3703727544, $1.84+$0.16 USD Hold'em No Limit - Level III (20/40) - 2024/01/20 10:55:01 CET [2024/01/20 4:55:01 ET]
Table '3703727544 1' 3-max Seat #1 is the button
Seat 1: fabioprrfilho (358 in chips) 
Seat 2: Mahu2021 (1142 in chips) 
fabioprrfilho: posts small blind 20
Mahu2021: posts big blind 40
*** HOLE CARDS ***
Dealt to Mahu2021 [4c Jh]
fabioprrfilho: raises 318 to 358 and is all-in
Mahu2021: folds 
Uncalled bet (318) returned to fabioprrfilho
fabioprrfilho collected 80 from pot
fabioprrfilho: doesn't show hand 
*** SUMMARY ***
Total pot 80 | Rake 0 
Seat 1: fabioprrfilho (button) (small blind) collected (80)
Seat 2: Mahu2021 (big blind) folded before Flop



PokerStars Hand #248385499714: Tournament #3703727544, $1.84+$0.16 USD Hold'em No Limit - Level III (20/40) - 2024/01/20 10:55:12 CET [2024/01/20 4:55:12 ET]
Table '3703727544 1' 3-max Seat #2 is the button
Seat 1: fabioprrfilho (398 in chips) 
Seat 2: Mahu2021 (1102 in chips) 
Mahu2021: posts small blind 20
fabioprrfilho: posts big blind 40
*** HOLE CARDS ***
Dealt to Mahu2021 [Jh 8h]
Mahu2021: calls 20
fabioprrfilho: checks 
*** FLOP *** [Th 7s Qs]
fabioprrfilho: checks 
Mahu2021: checks 
*** TURN *** [Th 7s Qs] [8d]
fabioprrfilho: checks 
Mahu2021: bets 40
fabioprrfilho: folds 
Uncalled bet (40) returned to Mahu2021
Mahu2021 collected 80 from pot
Mahu2021: doesn't show hand 
*** SUMMARY ***
Total pot 80 | Rake 0 
Board [Th 7s Qs 8d]
Seat 1: fabioprrfilho (big blind) folded on the Turn
Seat 2: Mahu2021 (button) (small blind) collected (80)



PokerStars Hand #248385505062: Tournament #3703727544, $1.84+$0.16 USD Hold'em No Limit - Level IV (30/60) - 2024/01/20 10:55:54 CET [2024/01/20 4:55:54 ET]
Table '3703727544 1' 3-max Seat #1 is the button
Seat 1: fabioprrfilho (358 in chips) 
Seat 2: Mahu2021 (1142 in chips) 
fabioprrfilho: posts small blind 30
Mahu2021: posts big blind 60
*** HOLE CARDS ***
Dealt to Mahu2021 [3h 8d]
fabioprrfilho: raises 298 to 358 and is all-in
Mahu2021: folds 
Uncalled bet (298) returned to fabioprrfilho
fabioprrfilho collected 120 from pot
fabioprrfilho: doesn't show hand 
*** SUMMARY ***
Total pot 120 | Rake 0 
Seat 1: fabioprrfilho (button) (small blind) collected (120)
Seat 2: Mahu2021 (big blind) folded before Flop



PokerStars Hand #248385505660: Tournament #3703727544, $1.84+$0.16 USD Hold'em No Limit - Level IV (30/60) - 2024/01/20 10:55:59 CET [2024/01/20 4:55:59 ET]
Table '3703727544 1' 3-max Seat #2 is the button
Seat 1: fabioprrfilho (418 in chips) 
Seat 2: Mahu2021 (1082 in chips) 
Mahu2021: posts small blind 30
fabioprrfilho: posts big blind 60
*** HOLE CARDS ***
Dealt to Mahu2021 [6s Qd]
Mahu2021: folds 
Uncalled bet (30) returned to fabioprrfilho
fabioprrfilho collected 60 from pot
fabioprrfilho: doesn't show hand 
*** SUMMARY ***
Total pot 60 | Rake 0 
Seat 1: fabioprrfilho (big blind) collected (60)
Seat 2: Mahu2021 (button) (small blind) folded before Flop



PokerStars Hand #248385506201: Tournament #3703727544, $1.84+$0.16 USD Hold'em No Limit - Level IV (30/60) - 2024/01/20 10:56:03 CET [2024/01/20 4:56:03 ET]
Table '3703727544 1' 3-max Seat #1 is the button
Seat 1: fabioprrfilho (448 in chips) 
Seat 2: Mahu2021 (1052 in chips) 
fabioprrfilho: posts small blind 30
Mahu2021: posts big blind 60
*** HOLE CARDS ***
Dealt to Mahu2021 [Js 9d]
fabioprrfilho: raises 388 to 448 and is all-in
Mahu2021: folds 
Uncalled bet (388) returned to fabioprrfilho
fabioprrfilho collected 120 from pot
fabioprrfilho: doesn't show hand 
*** SUMMARY ***
Total pot 120 | Rake 0 
Seat 1: fabioprrfilho (button) (small blind) collected (120)
Seat 2: Mahu2021 (big blind) folded before Flop



PokerStars Hand #248385506928: Tournament #3703727544, $1.84+$0.16 USD Hold'em No Limit - Level IV (30/60) - 2024/01/20 10:56:09 CET [2024/01/20 4:56:09 ET]
Table '3703727544 1' 3-max Seat #2 is the button
Seat 1: fabioprrfilho (508 in chips) 
Seat 2: Mahu2021 (992 in chips) 
Mahu2021: posts small blind 30
fabioprrfilho: posts big blind 60
*** HOLE CARDS ***
Dealt to Mahu2021 [7d 3d]
Mahu2021: folds 
Uncalled bet (30) returned to fabioprrfilho
fabioprrfilho collected 60 from pot
fabioprrfilho: doesn't show hand 
*** SUMMARY ***
Total pot 60 | Rake 0 
Seat 1: fabioprrfilho (big blind) collected (60)
Seat 2: Mahu2021 (button) (small blind) folded before Flop



PokerStars Hand #248385507454: Tournament #3703727544, $1.84+$0.16 USD Hold'em No Limit - Level IV (30/60) - 2024/01/20 10:56:13 CET [2024/01/20 4:56:13 ET]
Table '3703727544 1' 3-max Seat #1 is the button
Seat 1: fabioprrfilho (538 in chips) 
Seat 2: Mahu2021 (962 in chips) 
fabioprrfilho: posts small blind 30
Mahu2021: posts big blind 60
*** HOLE CARDS ***
Dealt to Mahu2021 [Qh Tc]
fabioprrfilho: calls 30
Mahu2021: checks 
*** FLOP *** [5s Kh 5d]
Mahu2021: checks 
fabioprrfilho: checks 
*** TURN *** [5s Kh 5d] [Jd]
Mahu2021: checks 
fabioprrfilho: bets 60
Mahu2021: calls 60
*** RIVER *** [5s Kh 5d Jd] [6s]
Mahu2021: checks 
fabioprrfilho: bets 120
Mahu2021: folds 
Uncalled bet (120) returned to fabioprrfilho
fabioprrfilho collected 240 from pot
fabioprrfilho: doesn't show hand 
*** SUMMARY ***
Total pot 240 | Rake 0 
Board [5s Kh 5d Jd 6s]
Seat 1: fabioprrfilho (button) (small blind) collected (240)
Seat 2: Mahu2021 (big blind) folded on the River



PokerStars Hand #248385509750: Tournament #3703727544, $1.84+$0.16 USD Hold'em No Limit - Level IV (30/60) - 2024/01/20 10:56:31 CET [2024/01/20 4:56:31 ET]
Table '3703727544 1' 3-max Seat #2 is the button
Seat 1: fabioprrfilho (658 in chips) 
Seat 2: Mahu2021 (842 in chips) 
Mahu2021: posts small blind 30
fabioprrfilho: posts big blind 60
*** HOLE CARDS ***
Dealt to Mahu2021 [8c 2d]
Mahu2021: folds 
Uncalled bet (30) returned to fabioprrfilho
fabioprrfilho collected 60 from pot
fabioprrfilho: doesn't show hand 
*** SUMMARY ***
Total pot 60 | Rake 0 
Seat 1: fabioprrfilho (big blind) collected (60)
Seat 2: Mahu2021 (button) (small blind) folded before Flop



PokerStars Hand #248385510304: Tournament #3703727544, $1.84+$0.16 USD Hold'em No Limit - Level IV (30/60) - 2024/01/20 10:56:35 CET [2024/01/20 4:56:35 ET]
Table '3703727544 1' 3-max Seat #1 is the button
Seat 1: fabioprrfilho (688 in chips) 
Seat 2: Mahu2021 (812 in chips) 
fabioprrfilho: posts small blind 30
Mahu2021: posts big blind 60
*** HOLE CARDS ***
Dealt to Mahu2021 [2c 6c]
fabioprrfilho: raises 628 to 688 and is all-in
Mahu2021: folds 
Uncalled bet (628) returned to fabioprrfilho
fabioprrfilho collected 120 from pot
fabioprrfilho: doesn't show hand 
*** SUMMARY ***
Total pot 120 | Rake 0 
Seat 1: fabioprrfilho (button) (small blind) collected (120)
Seat 2: Mahu2021 (big blind) folded before Flop



PokerStars Hand #248385511924: Tournament #3703727544, $1.84+$0.16 USD Hold'em No Limit - Level IV (30/60) - 2024/01/20 10:56:48 CET [2024/01/20 4:56:48 ET]
Table '3703727544 1' 3-max Seat #2 is the button
Seat 1: fabioprrfilho (748 in chips) 
Seat 2: Mahu2021 (752 in chips) 
Mahu2021: posts small blind 30
fabioprrfilho: posts big blind 60
*** HOLE CARDS ***
Dealt to Mahu2021 [As 3c]
Mahu2021: calls 30
fabioprrfilho: checks 
*** FLOP *** [8s Tc 8c]
fabioprrfilho: checks 
Mahu2021: bets 60
fabioprrfilho: folds 
Uncalled bet (60) returned to Mahu2021
Mahu2021 collected 120 from pot
Mahu2021: doesn't show hand 
*** SUMMARY ***
Total pot 120 | Rake 0 
Board [8s Tc 8c]
Seat 1: fabioprrfilho (big blind) folded on the Flop
Seat 2: Mahu2021 (button) (small blind) collected (120)



PokerStars Hand #248385514776: Tournament #3703727544, $1.84+$0.16 USD Hold'em No Limit - Level IV (30/60) - 2024/01/20 10:57:10 CET [2024/01/20 4:57:10 ET]
Table '3703727544 1' 3-max Seat #1 is the button
Seat 1: fabioprrfilho (688 in chips) 
Seat 2: Mahu2021 (812 in chips) 
fabioprrfilho: posts small blind 30
Mahu2021: posts big blind 60
*** HOLE CARDS ***
Dealt to Mahu2021 [2c 7d]
fabioprrfilho: folds 
Uncalled bet (30) returned to Mahu2021
Mahu2021 collected 60 from pot
Mahu2021: doesn't show hand 
*** SUMMARY ***
Total pot 60 | Rake 0 
Seat 1: fabioprrfilho (button) (small blind) folded before Flop
Seat 2: Mahu2021 (big blind) collected (60)



PokerStars Hand #248385515300: Tournament #3703727544, $1.84+$0.16 USD Hold'em No Limit - Level IV (30/60) - 2024/01/20 10:57:14 CET [2024/01/20 4:57:14 ET]
Table '3703727544 1' 3-max Seat #2 is the button
Seat 1: fabioprrfilho (658 in chips) 
Seat 2: Mahu2021 (842 in chips) 
Mahu2021: posts small blind 30
fabioprrfilho: posts big blind 60
*** HOLE CARDS ***
Dealt to Mahu2021 [4h 9s]
Mahu2021: folds 
Uncalled bet (30) returned to fabioprrfilho
fabioprrfilho collected 60 from pot
fabioprrfilho: doesn't show hand 
*** SUMMARY ***
Total pot 60 | Rake 0 
Seat 1: fabioprrfilho (big blind) collected (60)
Seat 2: Mahu2021 (button) (small blind) folded before Flop



PokerStars Hand #248385515755: Tournament #3703727544, $1.84+$0.16 USD Hold'em No Limit - Level IV (30/60) - 2024/01/20 10:57:18 CET [2024/01/20 4:57:18 ET]
Table '3703727544 1' 3-max Seat #1 is the button
Seat 1: fabioprrfilho (688 in chips) 
Seat 2: Mahu2021 (812 in chips) 
fabioprrfilho: posts small blind 30
Mahu2021: posts big blind 60
*** HOLE CARDS ***
Dealt to Mahu2021 [5s 9c]
fabioprrfilho: calls 30
Mahu2021: checks 
*** FLOP *** [7h Jh 5h]
Mahu2021: checks 
fabioprrfilho: bets 60
Mahu2021: folds 
Uncalled bet (60) returned to fabioprrfilho
fabioprrfilho collected 120 from pot
fabioprrfilho: doesn't show hand 
*** SUMMARY ***
Total pot 120 | Rake 0 
Board [7h Jh 5h]
Seat 1: fabioprrfilho (button) (small blind) collected (120)
Seat 2: Mahu2021 (big blind) folded on the Flop



PokerStars Hand #248385518368: Tournament #3703727544, $1.84+$0.16 USD Hold'em No Limit - Level IV (30/60) - 2024/01/20 10:57:37 CET [2024/01/20 4:57:37 ET]
Table '3703727544 1' 3-max Seat #2 is the button
Seat 1: fabioprrfilho (748 in chips) 
Seat 2: Mahu2021 (752 in chips) 
Mahu2021: posts small blind 30
fabioprrfilho: posts big blind 60
*** HOLE CARDS ***
Dealt to Mahu2021 [Jd 9c]
Mahu2021: calls 30
fabioprrfilho: raises 688 to 748 and is all-in
Mahu2021: folds 
Uncalled bet (688) returned to fabioprrfilho
fabioprrfilho collected 120 from pot
fabioprrfilho: doesn't show hand 
*** SUMMARY ***
Total pot 120 | Rake 0 
Seat 1: fabioprrfilho (big blind) collected (120)
Seat 2: Mahu2021 (button) (small blind) folded before Flop



PokerStars Hand #248385521507: Tournament #3703727544, $1.84+$0.16 USD Hold'em No Limit - Level V (40/80) - 2024/01/20 10:58:01 CET [2024/01/20 4:58:01 ET]
Table '3703727544 1' 3-max Seat #1 is the button
Seat 1: fabioprrfilho (808 in chips) 
Seat 2: Mahu2021 (692 in chips) 
fabioprrfilho: posts small blind 40
Mahu2021: posts big blind 80
*** HOLE CARDS ***
Dealt to Mahu2021 [Qd 3d]
fabioprrfilho: folds 
Uncalled bet (40) returned to Mahu2021
Mahu2021 collected 80 from pot
Mahu2021: doesn't show hand 
*** SUMMARY ***
Total pot 80 | Rake 0 
Seat 1: fabioprrfilho (button) (small blind) folded before Flop
Seat 2: Mahu2021 (big blind) collected (80)



PokerStars Hand #248385521957: Tournament #3703727544, $1.84+$0.16 USD Hold'em No Limit - Level V (40/80) - 2024/01/20 10:58:05 CET [2024/01/20 4:58:05 ET]
Table '3703727544 1' 3-max Seat #2 is the button
Seat 1: fabioprrfilho (768 in chips) 
Seat 2: Mahu2021 (732 in chips) 
Mahu2021: posts small blind 40
fabioprrfilho: posts big blind 80
*** HOLE CARDS ***
Dealt to Mahu2021 [Qd 2s]
Mahu2021: calls 40
fabioprrfilho: checks 
*** FLOP *** [2h 6c 9s]
fabioprrfilho: checks 
Mahu2021: bets 80
fabioprrfilho: folds 
Uncalled bet (80) returned to Mahu2021
Mahu2021 collected 160 from pot
Mahu2021: doesn't show hand 
*** SUMMARY ***
Total pot 160 | Rake 0 
Board [2h 6c 9s]
Seat 1: fabioprrfilho (big blind) folded on the Flop
Seat 2: Mahu2021 (button) (small blind) collected (160)



PokerStars Hand #248385524226: Tournament #3703727544, $1.84+$0.16 USD Hold'em No Limit - Level V (40/80) - 2024/01/20 10:58:22 CET [2024/01/20 4:58:22 ET]
Table '3703727544 1' 3-max Seat #1 is the button
Seat 1: fabioprrfilho (688 in chips) 
Seat 2: Mahu2021 (812 in chips) 
fabioprrfilho: posts small blind 40
Mahu2021: posts big blind 80
*** HOLE CARDS ***
Dealt to Mahu2021 [9c 4d]
fabioprrfilho: folds 
Uncalled bet (40) returned to Mahu2021
Mahu2021 collected 80 from pot
Mahu2021: doesn't show hand 
*** SUMMARY ***
Total pot 80 | Rake 0 
Seat 1: fabioprrfilho (button) (small blind) folded before Flop
Seat 2: Mahu2021 (big blind) collected (80)



PokerStars Hand #248385524763: Tournament #3703727544, $1.84+$0.16 USD Hold'em No Limit - Level V (40/80) - 2024/01/20 10:58:26 CET [2024/01/20 4:58:26 ET]
Table '3703727544 1' 3-max Seat #2 is the button
Seat 1: fabioprrfilho (648 in chips) 
Seat 2: Mahu2021 (852 in chips) 
Mahu2021: posts small blind 40
fabioprrfilho: posts big blind 80
*** HOLE CARDS ***
Dealt to Mahu2021 [5d 7d]
Mahu2021: calls 40
fabioprrfilho: checks 
*** FLOP *** [9d 9c Jc]
fabioprrfilho: checks 
Mahu2021: bets 80
fabioprrfilho: folds 
Uncalled bet (80) returned to Mahu2021
Mahu2021 collected 160 from pot
Mahu2021: doesn't show hand 
*** SUMMARY ***
Total pot 160 | Rake 0 
Board [9d 9c Jc]
Seat 1: fabioprrfilho (big blind) folded on the Flop
Seat 2: Mahu2021 (button) (small blind) collected (160)



PokerStars Hand #248385526796: Tournament #3703727544, $1.84+$0.16 USD Hold'em No Limit - Level V (40/80) - 2024/01/20 10:58:42 CET [2024/01/20 4:58:42 ET]
Table '3703727544 1' 3-max Seat #1 is the button
Seat 1: fabioprrfilho (568 in chips) 
Seat 2: Mahu2021 (932 in chips) 
fabioprrfilho: posts small blind 40
Mahu2021: posts big blind 80
*** HOLE CARDS ***
Dealt to Mahu2021 [5h 5d]
fabioprrfilho: raises 488 to 568 and is all-in
Mahu2021: calls 488
*** FLOP *** [Jc Ah 9h]
*** TURN *** [Jc Ah 9h] [6s]
*** RIVER *** [Jc Ah 9h 6s] [Kd]
*** SHOW DOWN ***
Mahu2021: shows [5h 5d] (a pair of Fives)
fabioprrfilho: shows [2h 2s] (a pair of Deuces)
Mahu2021 collected 1136 from pot
fabioprrfilho finished the tournament in 2nd place
Mahu2021 wins the tournament and receives $4.00 - congratulations!
*** SUMMARY ***
Total pot 1136 | Rake 0 
Board [Jc Ah 9h 6s Kd]
Seat 1: fabioprrfilho (button) (small blind) showed [2h 2s] and lost with a pair of Deuces
Seat 2: Mahu2021 (big blind) showed [5h 5d] and won (1136) with a pair of Fives



