PokerStars Hand #246982272480: Tournament #3669681702, $1.84+$0.16 USD Hold'em No Limit - Level I (10/20) - 2023/11/07 20:10:25 CET [2023/11/07 14:10:25 ET]
Table '3669681702 1' 3-max Seat #1 is the button
Seat 1: Mahu2021 (500 in chips) 
Seat 2: neapoli3101 (500 in chips) 
Seat 3: Raharivonjy (500 in chips) 
neapoli3101: posts small blind 10
Raharivonjy: posts big blind 20
*** HOLE CARDS ***
Dealt to Mahu2021 [3c 9c]
Mahu2021: folds 
neapoli3101: folds 
Uncalled bet (10) returned to Raharivonjy
Raharivonjy collected 20 from pot
Raharivonjy: doesn't show hand 
*** SUMMARY ***
Total pot 20 | Rake 0 
Seat 1: Mahu2021 (button) folded before Flop (didn't bet)
Seat 2: neapoli3101 (small blind) folded before Flop
Seat 3: Raharivonjy (big blind) collected (20)



PokerStars Hand #246982274300: Tournament #3669681702, $1.84+$0.16 USD Hold'em No Limit - Level I (10/20) - 2023/11/07 20:10:30 CET [2023/11/07 14:10:30 ET]
Table '3669681702 1' 3-max Seat #2 is the button
Seat 1: Mahu2021 (500 in chips) 
Seat 2: neapoli3101 (490 in chips) 
Seat 3: Raharivonjy (510 in chips) 
Raharivonjy: posts small blind 10
Mahu2021: posts big blind 20
*** HOLE CARDS ***
Dealt to Mahu2021 [5c 6h]
neapoli3101: calls 20
Raharivonjy: calls 10
Mahu2021: checks 
*** FLOP *** [As Qs Jc]
Raharivonjy: checks 
Mahu2021: checks 
neapoli3101: checks 
*** TURN *** [As Qs Jc] [Qd]
Raharivonjy: bets 30
Mahu2021: folds 
neapoli3101: calls 30
*** RIVER *** [As Qs Jc Qd] [Td]
Raharivonjy: checks 
neapoli3101: bets 60
Raharivonjy: calls 60
*** SHOW DOWN ***
neapoli3101: shows [Kd Jh] (a straight, Ten to Ace)
Raharivonjy: mucks hand 
neapoli3101 collected 240 from pot
*** SUMMARY ***
Total pot 240 | Rake 0 
Board [As Qs Jc Qd Td]
Seat 1: Mahu2021 (big blind) folded on the Turn
Seat 2: neapoli3101 (button) showed [Kd Jh] and won (240) with a straight, Ten to Ace
Seat 3: Raharivonjy (small blind) mucked [7s Qh]



PokerStars Hand #246982287730: Tournament #3669681702, $1.84+$0.16 USD Hold'em No Limit - Level I (10/20) - 2023/11/07 20:11:12 CET [2023/11/07 14:11:12 ET]
Table '3669681702 1' 3-max Seat #3 is the button
Seat 1: Mahu2021 (480 in chips) 
Seat 2: neapoli3101 (620 in chips) 
Seat 3: Raharivonjy (400 in chips) 
Mahu2021: posts small blind 10
neapoli3101: posts big blind 20
*** HOLE CARDS ***
Dealt to Mahu2021 [Qd 4h]
Raharivonjy: folds 
Mahu2021: folds 
Uncalled bet (10) returned to neapoli3101
neapoli3101 collected 20 from pot
neapoli3101: doesn't show hand 
*** SUMMARY ***
Total pot 20 | Rake 0 
Seat 1: Mahu2021 (small blind) folded before Flop
Seat 2: neapoli3101 (big blind) collected (20)
Seat 3: Raharivonjy (button) folded before Flop (didn't bet)



PokerStars Hand #246982291424: Tournament #3669681702, $1.84+$0.16 USD Hold'em No Limit - Level I (10/20) - 2023/11/07 20:11:24 CET [2023/11/07 14:11:24 ET]
Table '3669681702 1' 3-max Seat #1 is the button
Seat 1: Mahu2021 (470 in chips) 
Seat 2: neapoli3101 (630 in chips) 
Seat 3: Raharivonjy (400 in chips) 
neapoli3101: posts small blind 10
Raharivonjy: posts big blind 20
*** HOLE CARDS ***
Dealt to Mahu2021 [2c 7s]
Mahu2021: folds 
neapoli3101: calls 10
Raharivonjy: checks 
*** FLOP *** [Kc 3d 5c]
neapoli3101: checks 
Raharivonjy: checks 
*** TURN *** [Kc 3d 5c] [Kd]
neapoli3101: checks 
Raharivonjy: bets 20
neapoli3101: calls 20
*** RIVER *** [Kc 3d 5c Kd] [8c]
neapoli3101: checks 
Raharivonjy: checks 
*** SHOW DOWN ***
neapoli3101: shows [6h 4h] (a pair of Kings)
Raharivonjy: shows [5s Qc] (two pair, Kings and Fives)
Raharivonjy collected 80 from pot
*** SUMMARY ***
Total pot 80 | Rake 0 
Board [Kc 3d 5c Kd 8c]
Seat 1: Mahu2021 (button) folded before Flop (didn't bet)
Seat 2: neapoli3101 (small blind) showed [6h 4h] and lost with a pair of Kings
Seat 3: Raharivonjy (big blind) showed [5s Qc] and won (80) with two pair, Kings and Fives



PokerStars Hand #246982305545: Tournament #3669681702, $1.84+$0.16 USD Hold'em No Limit - Level I (10/20) - 2023/11/07 20:12:08 CET [2023/11/07 14:12:08 ET]
Table '3669681702 1' 3-max Seat #2 is the button
Seat 1: Mahu2021 (470 in chips) 
Seat 2: neapoli3101 (590 in chips) 
Seat 3: Raharivonjy (440 in chips) 
Raharivonjy: posts small blind 10
Mahu2021: posts big blind 20
*** HOLE CARDS ***
Dealt to Mahu2021 [6s Kh]
neapoli3101: calls 20
Raharivonjy: calls 10
Mahu2021: checks 
*** FLOP *** [Th 5c 4s]
Raharivonjy: checks 
Mahu2021: checks 
neapoli3101: checks 
*** TURN *** [Th 5c 4s] [9h]
Raharivonjy: checks 
Mahu2021: checks 
neapoli3101: checks 
*** RIVER *** [Th 5c 4s 9h] [4h]
Raharivonjy: checks 
Mahu2021: checks 
neapoli3101: checks 
*** SHOW DOWN ***
Raharivonjy: shows [Kc 6d] (a pair of Fours)
Mahu2021: shows [6s Kh] (a pair of Fours)
neapoli3101: shows [Ac 7h] (a pair of Fours - Ace kicker)
neapoli3101 collected 60 from pot
*** SUMMARY ***
Total pot 60 | Rake 0 
Board [Th 5c 4s 9h 4h]
Seat 1: Mahu2021 (big blind) showed [6s Kh] and lost with a pair of Fours
Seat 2: neapoli3101 (button) showed [Ac 7h] and won (60) with a pair of Fours
Seat 3: Raharivonjy (small blind) showed [Kc 6d] and lost with a pair of Fours



PokerStars Hand #246982314888: Tournament #3669681702, $1.84+$0.16 USD Hold'em No Limit - Level I (10/20) - 2023/11/07 20:12:37 CET [2023/11/07 14:12:37 ET]
Table '3669681702 1' 3-max Seat #3 is the button
Seat 1: Mahu2021 (450 in chips) 
Seat 2: neapoli3101 (630 in chips) 
Seat 3: Raharivonjy (420 in chips) 
Mahu2021: posts small blind 10
neapoli3101: posts big blind 20
*** HOLE CARDS ***
Dealt to Mahu2021 [As Qs]
Raharivonjy has timed out
Raharivonjy: folds 
Raharivonjy is sitting out
Mahu2021: raises 60 to 80
neapoli3101: folds 
Uncalled bet (60) returned to Mahu2021
Raharivonjy has returned
Mahu2021 collected 40 from pot
Mahu2021: doesn't show hand 
*** SUMMARY ***
Total pot 40 | Rake 0 
Seat 1: Mahu2021 (small blind) collected (40)
Seat 2: neapoli3101 (big blind) folded before Flop
Seat 3: Raharivonjy (button) folded before Flop (didn't bet)



PokerStars Hand #246982321305: Tournament #3669681702, $1.84+$0.16 USD Hold'em No Limit - Level I (10/20) - 2023/11/07 20:12:57 CET [2023/11/07 14:12:57 ET]
Table '3669681702 1' 3-max Seat #1 is the button
Seat 1: Mahu2021 (470 in chips) 
Seat 2: neapoli3101 (610 in chips) 
Seat 3: Raharivonjy (420 in chips) 
neapoli3101: posts small blind 10
Raharivonjy: posts big blind 20
*** HOLE CARDS ***
Dealt to Mahu2021 [4d Jd]
Mahu2021: raises 20 to 40
neapoli3101: folds 
Raharivonjy: folds 
Uncalled bet (20) returned to Mahu2021
Mahu2021 collected 50 from pot
Mahu2021: doesn't show hand 
*** SUMMARY ***
Total pot 50 | Rake 0 
Seat 1: Mahu2021 (button) collected (50)
Seat 2: neapoli3101 (small blind) folded before Flop
Seat 3: Raharivonjy (big blind) folded before Flop



PokerStars Hand #246982324750: Tournament #3669681702, $1.84+$0.16 USD Hold'em No Limit - Level I (10/20) - 2023/11/07 20:13:08 CET [2023/11/07 14:13:08 ET]
Table '3669681702 1' 3-max Seat #2 is the button
Seat 1: Mahu2021 (500 in chips) 
Seat 2: neapoli3101 (600 in chips) 
Seat 3: Raharivonjy (400 in chips) 
Raharivonjy: posts small blind 10
Mahu2021: posts big blind 20
*** HOLE CARDS ***
Dealt to Mahu2021 [As Kd]
neapoli3101: calls 20
Raharivonjy: calls 10
Mahu2021: raises 60 to 80
neapoli3101: calls 60
Raharivonjy: folds 
*** FLOP *** [3c 9c 4c]
Mahu2021: checks 
neapoli3101: bets 80
Mahu2021: folds 
Uncalled bet (80) returned to neapoli3101
neapoli3101 collected 180 from pot
neapoli3101: doesn't show hand 
*** SUMMARY ***
Total pot 180 | Rake 0 
Board [3c 9c 4c]
Seat 1: Mahu2021 (big blind) folded on the Flop
Seat 2: neapoli3101 (button) collected (180)
Seat 3: Raharivonjy (small blind) folded before Flop



PokerStars Hand #246982336904: Tournament #3669681702, $1.84+$0.16 USD Hold'em No Limit - Level II (15/30) - 2023/11/07 20:13:46 CET [2023/11/07 14:13:46 ET]
Table '3669681702 1' 3-max Seat #3 is the button
Seat 1: Mahu2021 (420 in chips) 
Seat 2: neapoli3101 (700 in chips) 
Seat 3: Raharivonjy (380 in chips) 
Mahu2021: posts small blind 15
neapoli3101: posts big blind 30
*** HOLE CARDS ***
Dealt to Mahu2021 [9h Jh]
Raharivonjy: raises 350 to 380 and is all-in
Mahu2021: folds 
neapoli3101: folds 
Uncalled bet (350) returned to Raharivonjy
Raharivonjy collected 75 from pot
Raharivonjy: doesn't show hand 
*** SUMMARY ***
Total pot 75 | Rake 0 
Seat 1: Mahu2021 (small blind) folded before Flop
Seat 2: neapoli3101 (big blind) folded before Flop
Seat 3: Raharivonjy (button) collected (75)



PokerStars Hand #246982339763: Tournament #3669681702, $1.84+$0.16 USD Hold'em No Limit - Level II (15/30) - 2023/11/07 20:13:55 CET [2023/11/07 14:13:55 ET]
Table '3669681702 1' 3-max Seat #1 is the button
Seat 1: Mahu2021 (405 in chips) 
Seat 2: neapoli3101 (670 in chips) 
Seat 3: Raharivonjy (425 in chips) 
neapoli3101: posts small blind 15
Raharivonjy: posts big blind 30
*** HOLE CARDS ***
Dealt to Mahu2021 [6h 5h]
Mahu2021: raises 30 to 60
neapoli3101: calls 45
Raharivonjy: calls 30
*** FLOP *** [As Qs 8c]
neapoli3101: checks 
Raharivonjy: bets 90
Mahu2021: folds 
neapoli3101: calls 90
*** TURN *** [As Qs 8c] [Js]
neapoli3101: bets 120
Raharivonjy: raises 155 to 275 and is all-in
neapoli3101: calls 155
*** RIVER *** [As Qs 8c Js] [Qh]
*** SHOW DOWN ***
neapoli3101: shows [5s 6s] (a flush, Ace high)
Raharivonjy: shows [2c Ac] (two pair, Aces and Queens)
neapoli3101 collected 910 from pot
Raharivonjy finished the tournament in 3rd place
*** SUMMARY ***
Total pot 910 | Rake 0 
Board [As Qs 8c Js Qh]
Seat 1: Mahu2021 (button) folded on the Flop
Seat 2: neapoli3101 (small blind) showed [5s 6s] and won (910) with a flush, Ace high
Seat 3: Raharivonjy (big blind) showed [2c Ac] and lost with two pair, Aces and Queens



PokerStars Hand #246982351719: Tournament #3669681702, $1.84+$0.16 USD Hold'em No Limit - Level II (15/30) - 2023/11/07 20:14:32 CET [2023/11/07 14:14:32 ET]
Table '3669681702 1' 3-max Seat #2 is the button
Seat 1: Mahu2021 (345 in chips) 
Seat 2: neapoli3101 (1155 in chips) 
neapoli3101: posts small blind 15
Mahu2021: posts big blind 30
*** HOLE CARDS ***
Dealt to Mahu2021 [7c 4s]
neapoli3101: calls 15
Mahu2021: checks 
*** FLOP *** [Jd 9s 3c]
Mahu2021: checks 
neapoli3101: checks 
*** TURN *** [Jd 9s 3c] [7h]
Mahu2021: bets 30
neapoli3101: folds 
Uncalled bet (30) returned to Mahu2021
Mahu2021 collected 60 from pot
Mahu2021: doesn't show hand 
*** SUMMARY ***
Total pot 60 | Rake 0 
Board [Jd 9s 3c 7h]
Seat 1: Mahu2021 (big blind) collected (60)
Seat 2: neapoli3101 (button) (small blind) folded on the Turn



PokerStars Hand #246982355548: Tournament #3669681702, $1.84+$0.16 USD Hold'em No Limit - Level II (15/30) - 2023/11/07 20:14:44 CET [2023/11/07 14:14:44 ET]
Table '3669681702 1' 3-max Seat #1 is the button
Seat 1: Mahu2021 (375 in chips) 
Seat 2: neapoli3101 (1125 in chips) 
Mahu2021: posts small blind 15
neapoli3101: posts big blind 30
*** HOLE CARDS ***
Dealt to Mahu2021 [2d 7h]
Mahu2021: folds 
Uncalled bet (15) returned to neapoli3101
neapoli3101 collected 30 from pot
neapoli3101: doesn't show hand 
*** SUMMARY ***
Total pot 30 | Rake 0 
Seat 1: Mahu2021 (button) (small blind) folded before Flop
Seat 2: neapoli3101 (big blind) collected (30)



PokerStars Hand #246982357037: Tournament #3669681702, $1.84+$0.16 USD Hold'em No Limit - Level II (15/30) - 2023/11/07 20:14:49 CET [2023/11/07 14:14:49 ET]
Table '3669681702 1' 3-max Seat #2 is the button
Seat 1: Mahu2021 (360 in chips) 
Seat 2: neapoli3101 (1140 in chips) 
neapoli3101: posts small blind 15
Mahu2021: posts big blind 30
*** HOLE CARDS ***
Dealt to Mahu2021 [Ac Jh]
neapoli3101: calls 15
Mahu2021: raises 60 to 90
neapoli3101: folds 
Uncalled bet (60) returned to Mahu2021
Mahu2021 collected 60 from pot
Mahu2021: doesn't show hand 
*** SUMMARY ***
Total pot 60 | Rake 0 
Seat 1: Mahu2021 (big blind) collected (60)
Seat 2: neapoli3101 (button) (small blind) folded before Flop



PokerStars Hand #246982359684: Tournament #3669681702, $1.84+$0.16 USD Hold'em No Limit - Level II (15/30) - 2023/11/07 20:14:57 CET [2023/11/07 14:14:57 ET]
Table '3669681702 1' 3-max Seat #1 is the button
Seat 1: Mahu2021 (390 in chips) 
Seat 2: neapoli3101 (1110 in chips) 
Mahu2021: posts small blind 15
neapoli3101: posts big blind 30
*** HOLE CARDS ***
Dealt to Mahu2021 [Kd 3d]
Mahu2021: raises 30 to 60
neapoli3101: raises 30 to 90
Mahu2021: calls 30
*** FLOP *** [4h Qd 6c]
neapoli3101: checks 
Mahu2021: checks 
*** TURN *** [4h Qd 6c] [2s]
neapoli3101: bets 90
Mahu2021: calls 90
*** RIVER *** [4h Qd 6c 2s] [9h]
neapoli3101: bets 150
Mahu2021: folds 
Uncalled bet (150) returned to neapoli3101
neapoli3101 collected 360 from pot
neapoli3101: doesn't show hand 
*** SUMMARY ***
Total pot 360 | Rake 0 
Board [4h Qd 6c 2s 9h]
Seat 1: Mahu2021 (button) (small blind) folded on the River
Seat 2: neapoli3101 (big blind) collected (360)



PokerStars Hand #246982366726: Tournament #3669681702, $1.84+$0.16 USD Hold'em No Limit - Level II (15/30) - 2023/11/07 20:15:19 CET [2023/11/07 14:15:19 ET]
Table '3669681702 1' 3-max Seat #2 is the button
Seat 1: Mahu2021 (210 in chips) 
Seat 2: neapoli3101 (1290 in chips) 
neapoli3101: posts small blind 15
Mahu2021: posts big blind 30
*** HOLE CARDS ***
Dealt to Mahu2021 [Ts Ah]
neapoli3101: folds 
Uncalled bet (15) returned to Mahu2021
Mahu2021 collected 30 from pot
Mahu2021: doesn't show hand 
*** SUMMARY ***
Total pot 30 | Rake 0 
Seat 1: Mahu2021 (big blind) collected (30)
Seat 2: neapoli3101 (button) (small blind) folded before Flop



PokerStars Hand #246982368281: Tournament #3669681702, $1.84+$0.16 USD Hold'em No Limit - Level II (15/30) - 2023/11/07 20:15:24 CET [2023/11/07 14:15:24 ET]
Table '3669681702 1' 3-max Seat #1 is the button
Seat 1: Mahu2021 (225 in chips) 
Seat 2: neapoli3101 (1275 in chips) 
Mahu2021: posts small blind 15
neapoli3101: posts big blind 30
*** HOLE CARDS ***
Dealt to Mahu2021 [4c Ad]
Mahu2021: raises 195 to 225 and is all-in
neapoli3101: folds 
Uncalled bet (195) returned to Mahu2021
Mahu2021 collected 60 from pot
Mahu2021: doesn't show hand 
*** SUMMARY ***
Total pot 60 | Rake 0 
Seat 1: Mahu2021 (button) (small blind) collected (60)
Seat 2: neapoli3101 (big blind) folded before Flop



PokerStars Hand #246982370457: Tournament #3669681702, $1.84+$0.16 USD Hold'em No Limit - Level II (15/30) - 2023/11/07 20:15:31 CET [2023/11/07 14:15:31 ET]
Table '3669681702 1' 3-max Seat #2 is the button
Seat 1: Mahu2021 (255 in chips) 
Seat 2: neapoli3101 (1245 in chips) 
neapoli3101: posts small blind 15
Mahu2021: posts big blind 30
*** HOLE CARDS ***
Dealt to Mahu2021 [6s Jc]
neapoli3101: calls 15
Mahu2021: checks 
*** FLOP *** [Td 5s Qc]
Mahu2021: checks 
neapoli3101: checks 
*** TURN *** [Td 5s Qc] [4s]
Mahu2021: checks 
neapoli3101: checks 
*** RIVER *** [Td 5s Qc 4s] [8s]
Mahu2021: checks 
neapoli3101: checks 
*** SHOW DOWN ***
Mahu2021: shows [6s Jc] (high card Queen)
neapoli3101: shows [Ad 9c] (high card Ace)
neapoli3101 collected 60 from pot
*** SUMMARY ***
Total pot 60 | Rake 0 
Board [Td 5s Qc 4s 8s]
Seat 1: Mahu2021 (big blind) showed [6s Jc] and lost with high card Queen
Seat 2: neapoli3101 (button) (small blind) showed [Ad 9c] and won (60) with high card Ace



PokerStars Hand #246982374925: Tournament #3669681702, $1.84+$0.16 USD Hold'em No Limit - Level II (15/30) - 2023/11/07 20:15:45 CET [2023/11/07 14:15:45 ET]
Table '3669681702 1' 3-max Seat #1 is the button
Seat 1: Mahu2021 (225 in chips) 
Seat 2: neapoli3101 (1275 in chips) 
Mahu2021: posts small blind 15
neapoli3101: posts big blind 30
*** HOLE CARDS ***
Dealt to Mahu2021 [Tc 4s]
Mahu2021: folds 
Uncalled bet (15) returned to neapoli3101
neapoli3101 collected 30 from pot
neapoli3101: doesn't show hand 
*** SUMMARY ***
Total pot 30 | Rake 0 
Seat 1: Mahu2021 (button) (small blind) folded before Flop
Seat 2: neapoli3101 (big blind) collected (30)



PokerStars Hand #246982376358: Tournament #3669681702, $1.84+$0.16 USD Hold'em No Limit - Level II (15/30) - 2023/11/07 20:15:49 CET [2023/11/07 14:15:49 ET]
Table '3669681702 1' 3-max Seat #2 is the button
Seat 1: Mahu2021 (210 in chips) 
Seat 2: neapoli3101 (1290 in chips) 
neapoli3101: posts small blind 15
Mahu2021: posts big blind 30
*** HOLE CARDS ***
Dealt to Mahu2021 [3s 6c]
neapoli3101: folds 
Uncalled bet (15) returned to Mahu2021
Mahu2021 collected 30 from pot
Mahu2021: doesn't show hand 
*** SUMMARY ***
Total pot 30 | Rake 0 
Seat 1: Mahu2021 (big blind) collected (30)
Seat 2: neapoli3101 (button) (small blind) folded before Flop



PokerStars Hand #246982378245: Tournament #3669681702, $1.84+$0.16 USD Hold'em No Limit - Level II (15/30) - 2023/11/07 20:15:55 CET [2023/11/07 14:15:55 ET]
Table '3669681702 1' 3-max Seat #1 is the button
Seat 1: Mahu2021 (225 in chips) 
Seat 2: neapoli3101 (1275 in chips) 
Mahu2021: posts small blind 15
neapoli3101: posts big blind 30
*** HOLE CARDS ***
Dealt to Mahu2021 [3d Ac]
Mahu2021: raises 195 to 225 and is all-in
neapoli3101: folds 
Uncalled bet (195) returned to Mahu2021
Mahu2021 collected 60 from pot
Mahu2021: doesn't show hand 
*** SUMMARY ***
Total pot 60 | Rake 0 
Seat 1: Mahu2021 (button) (small blind) collected (60)
Seat 2: neapoli3101 (big blind) folded before Flop



PokerStars Hand #246982380528: Tournament #3669681702, $1.84+$0.16 USD Hold'em No Limit - Level II (15/30) - 2023/11/07 20:16:02 CET [2023/11/07 14:16:02 ET]
Table '3669681702 1' 3-max Seat #2 is the button
Seat 1: Mahu2021 (255 in chips) 
Seat 2: neapoli3101 (1245 in chips) 
neapoli3101: posts small blind 15
Mahu2021: posts big blind 30
*** HOLE CARDS ***
Dealt to Mahu2021 [Js Jh]
neapoli3101: folds 
Uncalled bet (15) returned to Mahu2021
Mahu2021 collected 30 from pot
Mahu2021: doesn't show hand 
*** SUMMARY ***
Total pot 30 | Rake 0 
Seat 1: Mahu2021 (big blind) collected (30)
Seat 2: neapoli3101 (button) (small blind) folded before Flop



PokerStars Hand #246982383648: Tournament #3669681702, $1.84+$0.16 USD Hold'em No Limit - Level II (15/30) - 2023/11/07 20:16:12 CET [2023/11/07 14:16:12 ET]
Table '3669681702 1' 3-max Seat #1 is the button
Seat 1: Mahu2021 (270 in chips) 
Seat 2: neapoli3101 (1230 in chips) 
Mahu2021: posts small blind 15
neapoli3101: posts big blind 30
*** HOLE CARDS ***
Dealt to Mahu2021 [7d 8s]
Mahu2021: calls 15
neapoli3101: checks 
*** FLOP *** [5c Js 3d]
neapoli3101: checks 
Mahu2021: bets 30
neapoli3101: folds 
Uncalled bet (30) returned to Mahu2021
Mahu2021 collected 60 from pot
Mahu2021: doesn't show hand 
*** SUMMARY ***
Total pot 60 | Rake 0 
Board [5c Js 3d]
Seat 1: Mahu2021 (button) (small blind) collected (60)
Seat 2: neapoli3101 (big blind) folded on the Flop



PokerStars Hand #246982386863: Tournament #3669681702, $1.84+$0.16 USD Hold'em No Limit - Level II (15/30) - 2023/11/07 20:16:22 CET [2023/11/07 14:16:22 ET]
Table '3669681702 1' 3-max Seat #2 is the button
Seat 1: Mahu2021 (300 in chips) 
Seat 2: neapoli3101 (1200 in chips) 
neapoli3101: posts small blind 15
Mahu2021: posts big blind 30
*** HOLE CARDS ***
Dealt to Mahu2021 [Jh 5s]
neapoli3101: folds 
Uncalled bet (15) returned to Mahu2021
Mahu2021 collected 30 from pot
Mahu2021: doesn't show hand 
*** SUMMARY ***
Total pot 30 | Rake 0 
Seat 1: Mahu2021 (big blind) collected (30)
Seat 2: neapoli3101 (button) (small blind) folded before Flop



PokerStars Hand #246982389453: Tournament #3669681702, $1.84+$0.16 USD Hold'em No Limit - Level III (20/40) - 2023/11/07 20:16:30 CET [2023/11/07 14:16:30 ET]
Table '3669681702 1' 3-max Seat #1 is the button
Seat 1: Mahu2021 (315 in chips) 
Seat 2: neapoli3101 (1185 in chips) 
Mahu2021: posts small blind 20
neapoli3101: posts big blind 40
*** HOLE CARDS ***
Dealt to Mahu2021 [Jh 7h]
Mahu2021: raises 40 to 80
neapoli3101: calls 40
*** FLOP *** [4d Ac Ts]
neapoli3101: checks 
Mahu2021: bets 80
neapoli3101: calls 80
*** TURN *** [4d Ac Ts] [2d]
neapoli3101: checks 
Mahu2021: bets 155 and is all-in
neapoli3101: calls 155
*** RIVER *** [4d Ac Ts 2d] [Qc]
*** SHOW DOWN ***
neapoli3101: shows [Th 6h] (a pair of Tens)
Mahu2021: shows [Jh 7h] (high card Ace)
neapoli3101 collected 630 from pot
Mahu2021 finished the tournament in 2nd place
neapoli3101 wins the tournament and receives $6.00 - congratulations!
*** SUMMARY ***
Total pot 630 | Rake 0 
Board [4d Ac Ts 2d Qc]
Seat 1: Mahu2021 (button) (small blind) showed [Jh 7h] and lost with high card Ace
Seat 2: neapoli3101 (big blind) showed [Th 6h] and won (630) with a pair of Tens



