PokerStars Hand #243188821960: Tournament #3579745581, $0.92+$0.08 USD Hold'em No Limit - Level I (10/20) - 2023/04/19 17:10:25 CET [2023/04/19 11:10:25 ET]
Table '3579745581 1' 3-max Seat #1 is the button
Seat 1: Mahu2021 (500 in chips) 
Seat 2: franzzz5 (500 in chips) 
Seat 3: Pe77erson (500 in chips) 
franzzz5: posts small blind 10
Pe77erson: posts big blind 20
*** HOLE CARDS ***
Dealt to Mahu2021 [Kh Qs]
Mahu2021: raises 20 to 40
franzzz5: raises 460 to 500 and is all-in
Pe77erson: folds 
Mahu2021: calls 460 and is all-in
*** FLOP *** [2c 6s 8h]
*** TURN *** [2c 6s 8h] [Ad]
*** RIVER *** [2c 6s 8h Ad] [9c]
*** SHOW DOWN ***
franzzz5: shows [Ac Jh] (a pair of Aces)
Mahu2021: shows [Kh Qs] (high card Ace)
franzzz5 collected 1020 from pot
Mahu2021 finished the tournament in 3rd place
*** SUMMARY ***
Total pot 1020 | Rake 0 
Board [2c 6s 8h Ad 9c]
Seat 1: Mahu2021 (button) showed [Kh Qs] and lost with high card Ace
Seat 2: franzzz5 (small blind) showed [Ac Jh] and won (1020) with a pair of Aces
Seat 3: Pe77erson (big blind) folded before Flop



