PokerStars Hand #248774509487: Tournament #3713280715, $1.84+$0.16 USD Hold'em No Limit - Level I (10/20) - 2024/02/09 10:35:06 CET [2024/02/09 4:35:06 ET]
Table '3713280715 1' 3-max Seat #1 is the button
Seat 1: Mahu2021 (500 in chips) 
Seat 2: milankata93 (500 in chips) 
Seat 3: sssonepsss (500 in chips) 
milankata93: posts small blind 10
sssonepsss: posts big blind 20
*** HOLE CARDS ***
Dealt to Mahu2021 [Ac Ad]
Mahu2021: raises 480 to 500 and is all-in
milankata93: folds 
sssonepsss: folds 
Uncalled bet (480) returned to Mahu2021
Mahu2021 collected 50 from pot
Mahu2021: doesn't show hand 
*** SUMMARY ***
Total pot 50 | Rake 0 
Seat 1: Mahu2021 (button) collected (50)
Seat 2: milankata93 (small blind) folded before Flop
Seat 3: sssonepsss (big blind) folded before Flop



PokerStars Hand #248774511214: Tournament #3713280715, $1.84+$0.16 USD Hold'em No Limit - Level I (10/20) - 2024/02/09 10:35:20 CET [2024/02/09 4:35:20 ET]
Table '3713280715 1' 3-max Seat #2 is the button
Seat 1: Mahu2021 (530 in chips) 
Seat 2: milankata93 (490 in chips) 
Seat 3: sssonepsss (480 in chips) 
sssonepsss: posts small blind 10
Mahu2021: posts big blind 20
*** HOLE CARDS ***
Dealt to Mahu2021 [2h 4c]
milankata93: calls 20
sssonepsss: calls 10
Mahu2021: checks 
*** FLOP *** [Ts Qs 2s]
sssonepsss: checks 
Mahu2021: bets 20
milankata93: raises 29 to 49
sssonepsss: folds 
Mahu2021: folds 
Uncalled bet (29) returned to milankata93
milankata93 collected 100 from pot
*** SUMMARY ***
Total pot 100 | Rake 0 
Board [Ts Qs 2s]
Seat 1: Mahu2021 (big blind) folded on the Flop
Seat 2: milankata93 (button) collected (100)
Seat 3: sssonepsss (small blind) folded on the Flop



PokerStars Hand #248774513818: Tournament #3713280715, $1.84+$0.16 USD Hold'em No Limit - Level I (10/20) - 2024/02/09 10:35:41 CET [2024/02/09 4:35:41 ET]
Table '3713280715 1' 3-max Seat #3 is the button
Seat 1: Mahu2021 (490 in chips) 
Seat 2: milankata93 (550 in chips) 
Seat 3: sssonepsss (460 in chips) 
Mahu2021: posts small blind 10
milankata93: posts big blind 20
*** HOLE CARDS ***
Dealt to Mahu2021 [5c 4h]
sssonepsss: folds 
Mahu2021: folds 
Uncalled bet (10) returned to milankata93
milankata93 collected 20 from pot
*** SUMMARY ***
Total pot 20 | Rake 0 
Seat 1: Mahu2021 (small blind) folded before Flop
Seat 2: milankata93 (big blind) collected (20)
Seat 3: sssonepsss (button) folded before Flop (didn't bet)



PokerStars Hand #248774514378: Tournament #3713280715, $1.84+$0.16 USD Hold'em No Limit - Level I (10/20) - 2024/02/09 10:35:45 CET [2024/02/09 4:35:45 ET]
Table '3713280715 1' 3-max Seat #1 is the button
Seat 1: Mahu2021 (480 in chips) 
Seat 2: milankata93 (560 in chips) 
Seat 3: sssonepsss (460 in chips) 
milankata93: posts small blind 10
sssonepsss: posts big blind 20
*** HOLE CARDS ***
Dealt to Mahu2021 [3c Kh]
Mahu2021: folds 
milankata93: calls 10
sssonepsss: checks 
*** FLOP *** [7s Ts 2h]
milankata93: bets 39
sssonepsss: folds 
Uncalled bet (39) returned to milankata93
milankata93 collected 40 from pot
*** SUMMARY ***
Total pot 40 | Rake 0 
Board [7s Ts 2h]
Seat 1: Mahu2021 (button) folded before Flop (didn't bet)
Seat 2: milankata93 (small blind) collected (40)
Seat 3: sssonepsss (big blind) folded on the Flop



PokerStars Hand #248774516539: Tournament #3713280715, $1.84+$0.16 USD Hold'em No Limit - Level I (10/20) - 2024/02/09 10:36:02 CET [2024/02/09 4:36:02 ET]
Table '3713280715 1' 3-max Seat #2 is the button
Seat 1: Mahu2021 (480 in chips) 
Seat 2: milankata93 (580 in chips) 
Seat 3: sssonepsss (440 in chips) 
sssonepsss: posts small blind 10
Mahu2021: posts big blind 20
*** HOLE CARDS ***
Dealt to Mahu2021 [3h Ks]
milankata93: folds 
sssonepsss: raises 30 to 50
Mahu2021: calls 30
*** FLOP *** [5c Ts Jd]
sssonepsss: checks 
Mahu2021: checks 
*** TURN *** [5c Ts Jd] [4c]
sssonepsss: checks 
Mahu2021: bets 40
sssonepsss: calls 40
*** RIVER *** [5c Ts Jd 4c] [9c]
sssonepsss: checks 
Mahu2021: bets 390 and is all-in
sssonepsss: folds 
Uncalled bet (390) returned to Mahu2021
Mahu2021 collected 180 from pot
Mahu2021: doesn't show hand 
*** SUMMARY ***
Total pot 180 | Rake 0 
Board [5c Ts Jd 4c 9c]
Seat 1: Mahu2021 (big blind) collected (180)
Seat 2: milankata93 (button) folded before Flop (didn't bet)
Seat 3: sssonepsss (small blind) folded on the River



PokerStars Hand #248774520032: Tournament #3713280715, $1.84+$0.16 USD Hold'em No Limit - Level I (10/20) - 2024/02/09 10:36:30 CET [2024/02/09 4:36:30 ET]
Table '3713280715 1' 3-max Seat #3 is the button
Seat 1: Mahu2021 (570 in chips) 
Seat 2: milankata93 (580 in chips) 
Seat 3: sssonepsss (350 in chips) 
Mahu2021: posts small blind 10
milankata93: posts big blind 20
*** HOLE CARDS ***
Dealt to Mahu2021 [2s Ad]
sssonepsss: calls 20
Mahu2021: calls 10
milankata93: checks 
*** FLOP *** [7d Qd 3c]
Mahu2021: checks 
milankata93: checks 
sssonepsss: checks 
*** TURN *** [7d Qd 3c] [7h]
Mahu2021: checks 
milankata93: checks 
sssonepsss: checks 
*** RIVER *** [7d Qd 3c 7h] [6c]
Mahu2021: checks 
milankata93: checks 
sssonepsss: checks 
*** SHOW DOWN ***
Mahu2021: shows [2s Ad] (a pair of Sevens)
milankata93: mucks hand 
sssonepsss: shows [6s Ks] (two pair, Sevens and Sixes)
sssonepsss collected 60 from pot
*** SUMMARY ***
Total pot 60 | Rake 0 
Board [7d Qd 3c 7h 6c]
Seat 1: Mahu2021 (small blind) showed [2s Ad] and lost with a pair of Sevens
Seat 2: milankata93 (big blind) mucked [Jd 2c]
Seat 3: sssonepsss (button) showed [6s Ks] and won (60) with two pair, Sevens and Sixes



PokerStars Hand #248774523675: Tournament #3713280715, $1.84+$0.16 USD Hold'em No Limit - Level I (10/20) - 2024/02/09 10:36:59 CET [2024/02/09 4:36:59 ET]
Table '3713280715 1' 3-max Seat #1 is the button
Seat 1: Mahu2021 (550 in chips) 
Seat 2: milankata93 (560 in chips) 
Seat 3: sssonepsss (390 in chips) 
milankata93: posts small blind 10
sssonepsss: posts big blind 20
*** HOLE CARDS ***
Dealt to Mahu2021 [Ah 5d]
Mahu2021: calls 20
milankata93: folds 
sssonepsss: checks 
*** FLOP *** [Ts Kc 2h]
sssonepsss: checks 
Mahu2021: checks 
*** TURN *** [Ts Kc 2h] [7s]
sssonepsss: checks 
Mahu2021: bets 20
sssonepsss: calls 20
*** RIVER *** [Ts Kc 2h 7s] [9c]
sssonepsss: checks 
Mahu2021: bets 90
sssonepsss: folds 
Uncalled bet (90) returned to Mahu2021
Mahu2021 collected 90 from pot
Mahu2021: doesn't show hand 
*** SUMMARY ***
Total pot 90 | Rake 0 
Board [Ts Kc 2h 7s 9c]
Seat 1: Mahu2021 (button) collected (90)
Seat 2: milankata93 (small blind) folded before Flop
Seat 3: sssonepsss (big blind) folded on the River



PokerStars Hand #248774531682: Tournament #3713280715, $1.84+$0.16 USD Hold'em No Limit - Level II (15/30) - 2024/02/09 10:38:02 CET [2024/02/09 4:38:02 ET]
Table '3713280715 1' 3-max Seat #2 is the button
Seat 1: Mahu2021 (600 in chips) 
Seat 2: milankata93 (550 in chips) 
Seat 3: sssonepsss (350 in chips) 
sssonepsss: posts small blind 15
Mahu2021: posts big blind 30
*** HOLE CARDS ***
Dealt to Mahu2021 [6d 6c]
milankata93: calls 30
sssonepsss: raises 320 to 350 and is all-in
Mahu2021: folds 
milankata93: folds 
Uncalled bet (320) returned to sssonepsss
sssonepsss collected 90 from pot
sssonepsss: doesn't show hand 
*** SUMMARY ***
Total pot 90 | Rake 0 
Seat 1: Mahu2021 (big blind) folded before Flop
Seat 2: milankata93 (button) folded before Flop
Seat 3: sssonepsss (small blind) collected (90)



PokerStars Hand #248774533554: Tournament #3713280715, $1.84+$0.16 USD Hold'em No Limit - Level II (15/30) - 2024/02/09 10:38:17 CET [2024/02/09 4:38:17 ET]
Table '3713280715 1' 3-max Seat #3 is the button
Seat 1: Mahu2021 (570 in chips) 
Seat 2: milankata93 (520 in chips) 
Seat 3: sssonepsss (410 in chips) 
Mahu2021: posts small blind 15
milankata93: posts big blind 30
*** HOLE CARDS ***
Dealt to Mahu2021 [4s Kh]
sssonepsss: folds 
Mahu2021: calls 15
milankata93: checks 
*** FLOP *** [7s Js 5h]
Mahu2021: checks 
milankata93: bets 45
Mahu2021: folds 
Uncalled bet (45) returned to milankata93
milankata93 collected 60 from pot
*** SUMMARY ***
Total pot 60 | Rake 0 
Board [7s Js 5h]
Seat 1: Mahu2021 (small blind) folded on the Flop
Seat 2: milankata93 (big blind) collected (60)
Seat 3: sssonepsss (button) folded before Flop (didn't bet)



PokerStars Hand #248774536700: Tournament #3713280715, $1.84+$0.16 USD Hold'em No Limit - Level II (15/30) - 2024/02/09 10:38:42 CET [2024/02/09 4:38:42 ET]
Table '3713280715 1' 3-max Seat #1 is the button
Seat 1: Mahu2021 (540 in chips) 
Seat 2: milankata93 (550 in chips) 
Seat 3: sssonepsss (410 in chips) 
milankata93: posts small blind 15
sssonepsss: posts big blind 30
*** HOLE CARDS ***
Dealt to Mahu2021 [Ac 6s]
Mahu2021: raises 30 to 60
milankata93: folds 
sssonepsss: folds 
Uncalled bet (30) returned to Mahu2021
Mahu2021 collected 75 from pot
Mahu2021: doesn't show hand 
*** SUMMARY ***
Total pot 75 | Rake 0 
Seat 1: Mahu2021 (button) collected (75)
Seat 2: milankata93 (small blind) folded before Flop
Seat 3: sssonepsss (big blind) folded before Flop



PokerStars Hand #248774537802: Tournament #3713280715, $1.84+$0.16 USD Hold'em No Limit - Level II (15/30) - 2024/02/09 10:38:51 CET [2024/02/09 4:38:51 ET]
Table '3713280715 1' 3-max Seat #2 is the button
Seat 1: Mahu2021 (585 in chips) 
Seat 2: milankata93 (535 in chips) 
Seat 3: sssonepsss (380 in chips) 
sssonepsss: posts small blind 15
Mahu2021: posts big blind 30
*** HOLE CARDS ***
Dealt to Mahu2021 [2h 8s]
milankata93: calls 30
sssonepsss: folds 
Mahu2021: checks 
*** FLOP *** [Jd 3h 3d]
Mahu2021: checks 
milankata93: checks 
*** TURN *** [Jd 3h 3d] [9d]
Mahu2021: checks 
milankata93: bets 35
Mahu2021: folds 
Uncalled bet (35) returned to milankata93
milankata93 collected 75 from pot
*** SUMMARY ***
Total pot 75 | Rake 0 
Board [Jd 3h 3d 9d]
Seat 1: Mahu2021 (big blind) folded on the Turn
Seat 2: milankata93 (button) collected (75)
Seat 3: sssonepsss (small blind) folded before Flop



PokerStars Hand #248774540783: Tournament #3713280715, $1.84+$0.16 USD Hold'em No Limit - Level III (20/40) - 2024/02/09 10:39:14 CET [2024/02/09 4:39:14 ET]
Table '3713280715 1' 3-max Seat #3 is the button
Seat 1: Mahu2021 (555 in chips) 
Seat 2: milankata93 (580 in chips) 
Seat 3: sssonepsss (365 in chips) 
Mahu2021: posts small blind 20
milankata93: posts big blind 40
*** HOLE CARDS ***
Dealt to Mahu2021 [Td As]
sssonepsss: folds 
Mahu2021: raises 40 to 80
milankata93: calls 40
*** FLOP *** [Ks Ad 4d]
Mahu2021: bets 80
milankata93: calls 80
*** TURN *** [Ks Ad 4d] [4h]
Mahu2021: bets 320
milankata93: calls 320
*** RIVER *** [Ks Ad 4d 4h] [5d]
Mahu2021: bets 75 and is all-in
milankata93: calls 75
*** SHOW DOWN ***
Mahu2021: shows [Td As] (two pair, Aces and Fours)
milankata93: shows [Kc 9s] (two pair, Kings and Fours)
Mahu2021 collected 1110 from pot
*** SUMMARY ***
Total pot 1110 | Rake 0 
Board [Ks Ad 4d 4h 5d]
Seat 1: Mahu2021 (small blind) showed [Td As] and won (1110) with two pair, Aces and Fours
Seat 2: milankata93 (big blind) showed [Kc 9s] and lost with two pair, Kings and Fours
Seat 3: sssonepsss (button) folded before Flop (didn't bet)



PokerStars Hand #248774544253: Tournament #3713280715, $1.84+$0.16 USD Hold'em No Limit - Level III (20/40) - 2024/02/09 10:39:42 CET [2024/02/09 4:39:42 ET]
Table '3713280715 1' 3-max Seat #1 is the button
Seat 1: Mahu2021 (1110 in chips) 
Seat 2: milankata93 (25 in chips) 
Seat 3: sssonepsss (365 in chips) 
milankata93: posts small blind 20
sssonepsss: posts big blind 40
*** HOLE CARDS ***
Dealt to Mahu2021 [7s 9d]
Mahu2021: folds 
milankata93: calls 5 and is all-in
Uncalled bet (15) returned to sssonepsss
*** FLOP *** [3c Td 5s]
*** TURN *** [3c Td 5s] [4d]
*** RIVER *** [3c Td 5s 4d] [7d]
*** SHOW DOWN ***
milankata93: shows [Qc Ah] (high card Ace)
sssonepsss: shows [Kh Jh] (high card King)
milankata93 collected 50 from pot
*** SUMMARY ***
Total pot 50 | Rake 0 
Board [3c Td 5s 4d 7d]
Seat 1: Mahu2021 (button) folded before Flop (didn't bet)
Seat 2: milankata93 (small blind) showed [Qc Ah] and won (50) with high card Ace
Seat 3: sssonepsss (big blind) showed [Kh Jh] and lost with high card King



PokerStars Hand #248774545977: Tournament #3713280715, $1.84+$0.16 USD Hold'em No Limit - Level III (20/40) - 2024/02/09 10:39:55 CET [2024/02/09 4:39:55 ET]
Table '3713280715 1' 3-max Seat #2 is the button
Seat 1: Mahu2021 (1110 in chips) 
Seat 2: milankata93 (50 in chips) 
Seat 3: sssonepsss (340 in chips) 
sssonepsss: posts small blind 20
Mahu2021: posts big blind 40
*** HOLE CARDS ***
Dealt to Mahu2021 [3c Ks]
milankata93: raises 10 to 50 and is all-in
sssonepsss: calls 30
Mahu2021: calls 10
*** FLOP *** [Th 2h 3d]
sssonepsss: checks 
Mahu2021: checks 
*** TURN *** [Th 2h 3d] [Js]
sssonepsss: checks 
Mahu2021: checks 
*** RIVER *** [Th 2h 3d Js] [Td]
sssonepsss: checks 
Mahu2021: checks 
*** SHOW DOWN ***
sssonepsss: shows [Kh 7h] (a pair of Tens)
Mahu2021: shows [3c Ks] (two pair, Tens and Threes)
milankata93: mucks hand 
Mahu2021 collected 150 from pot
milankata93 finished the tournament in 3rd place
*** SUMMARY ***
Total pot 150 | Rake 0 
Board [Th 2h 3d Js Td]
Seat 1: Mahu2021 (big blind) showed [3c Ks] and won (150) with two pair, Tens and Threes
Seat 2: milankata93 (button) mucked [7s 3s]
Seat 3: sssonepsss (small blind) showed [Kh 7h] and lost with a pair of Tens



PokerStars Hand #248774549153: Tournament #3713280715, $1.84+$0.16 USD Hold'em No Limit - Level III (20/40) - 2024/02/09 10:40:19 CET [2024/02/09 4:40:19 ET]
Table '3713280715 1' 3-max Seat #1 is the button
Seat 1: Mahu2021 (1210 in chips) 
Seat 3: sssonepsss (290 in chips) 
Mahu2021: posts small blind 20
sssonepsss: posts big blind 40
*** HOLE CARDS ***
Dealt to Mahu2021 [Kc Qd]
Mahu2021: raises 80 to 120
sssonepsss: folds 
Uncalled bet (80) returned to Mahu2021
Mahu2021 collected 80 from pot
Mahu2021: doesn't show hand 
*** SUMMARY ***
Total pot 80 | Rake 0 
Seat 1: Mahu2021 (button) (small blind) collected (80)
Seat 3: sssonepsss (big blind) folded before Flop



PokerStars Hand #248774550588: Tournament #3713280715, $1.84+$0.16 USD Hold'em No Limit - Level III (20/40) - 2024/02/09 10:40:30 CET [2024/02/09 4:40:30 ET]
Table '3713280715 1' 3-max Seat #3 is the button
Seat 1: Mahu2021 (1250 in chips) 
Seat 3: sssonepsss (250 in chips) 
sssonepsss: posts small blind 20
Mahu2021: posts big blind 40
*** HOLE CARDS ***
Dealt to Mahu2021 [Kd Jc]
sssonepsss: raises 210 to 250 and is all-in
Mahu2021: calls 210
*** FLOP *** [5c Ah 4c]
*** TURN *** [5c Ah 4c] [Js]
*** RIVER *** [5c Ah 4c Js] [3d]
*** SHOW DOWN ***
Mahu2021: shows [Kd Jc] (a pair of Jacks)
sssonepsss: shows [Ts Tc] (a pair of Tens)
Mahu2021 collected 500 from pot
sssonepsss finished the tournament in 2nd place
Mahu2021 wins the tournament and receives $4.00 - congratulations!
*** SUMMARY ***
Total pot 500 | Rake 0 
Board [5c Ah 4c Js 3d]
Seat 1: Mahu2021 (big blind) showed [Kd Jc] and won (500) with a pair of Jacks
Seat 3: sssonepsss (button) (small blind) showed [Ts Tc] and lost with a pair of Tens



