PokerStars Hand #249433283337: Tournament #3729156878, $1.84+$0.16 USD Hold'em No Limit - Level I (10/20) - 2024/03/15 16:28:14 CET [2024/03/15 11:28:14 ET]
Table '3729156878 1' 3-max Seat #1 is the button
Seat 1: Mahu2021 (500 in chips) 
Seat 2: boppboy (500 in chips) 
Seat 3: Kostos08 (500 in chips) 
boppboy: posts small blind 10
Kostos08: posts big blind 20
*** HOLE CARDS ***
Dealt to Mahu2021 [3d 2d]
Mahu2021: folds 
boppboy: calls 10
Kostos08: checks 
*** FLOP *** [7h Qd 9s]
boppboy: checks 
Kostos08: checks 
*** TURN *** [7h Qd 9s] [9h]
boppboy: checks 
Kostos08: checks 
*** RIVER *** [7h Qd 9s 9h] [4c]
boppboy: checks 
Kostos08: checks 
*** SHOW DOWN ***
boppboy: shows [Js 2h] (a pair of Nines)
Kostos08: shows [Ad 3h] (a pair of Nines - Ace kicker)
Kostos08 collected 40 from pot
*** SUMMARY ***
Total pot 40 | Rake 0 
Board [7h Qd 9s 9h 4c]
Seat 1: Mahu2021 (button) folded before Flop (didn't bet)
Seat 2: boppboy (small blind) showed [Js 2h] and lost with a pair of Nines
Seat 3: Kostos08 (big blind) showed [Ad 3h] and won (40) with a pair of Nines



PokerStars Hand #249433286886: Tournament #3729156878, $1.84+$0.16 USD Hold'em No Limit - Level I (10/20) - 2024/03/15 16:28:29 CET [2024/03/15 11:28:29 ET]
Table '3729156878 1' 3-max Seat #2 is the button
Seat 1: Mahu2021 (500 in chips) 
Seat 2: boppboy (480 in chips) 
Seat 3: Kostos08 (520 in chips) 
Kostos08: posts small blind 10
Mahu2021: posts big blind 20
*** HOLE CARDS ***
Dealt to Mahu2021 [8c Ah]
boppboy: calls 20
Kostos08: folds 
Mahu2021: checks 
*** FLOP *** [8s Th Jh]
Mahu2021: bets 20
boppboy: calls 20
*** TURN *** [8s Th Jh] [4d]
Mahu2021: checks 
boppboy: bets 120
Mahu2021: folds 
Uncalled bet (120) returned to boppboy
boppboy collected 90 from pot
boppboy: doesn't show hand 
*** SUMMARY ***
Total pot 90 | Rake 0 
Board [8s Th Jh 4d]
Seat 1: Mahu2021 (big blind) folded on the Turn
Seat 2: boppboy (button) collected (90)
Seat 3: Kostos08 (small blind) folded before Flop



PokerStars Hand #249433291135: Tournament #3729156878, $1.84+$0.16 USD Hold'em No Limit - Level I (10/20) - 2024/03/15 16:28:48 CET [2024/03/15 11:28:48 ET]
Table '3729156878 1' 3-max Seat #3 is the button
Seat 1: Mahu2021 (460 in chips) 
Seat 2: boppboy (530 in chips) 
Seat 3: Kostos08 (510 in chips) 
Mahu2021: posts small blind 10
boppboy: posts big blind 20
*** HOLE CARDS ***
Dealt to Mahu2021 [7h 6d]
Kostos08: raises 40 to 60
Mahu2021: folds 
boppboy: calls 40
*** FLOP *** [Jh 9d 6h]
boppboy: checks 
Kostos08: bets 80
boppboy: folds 
Uncalled bet (80) returned to Kostos08
Kostos08 collected 130 from pot
Kostos08: doesn't show hand 
*** SUMMARY ***
Total pot 130 | Rake 0 
Board [Jh 9d 6h]
Seat 1: Mahu2021 (small blind) folded before Flop
Seat 2: boppboy (big blind) folded on the Flop
Seat 3: Kostos08 (button) collected (130)



PokerStars Hand #249433294265: Tournament #3729156878, $1.84+$0.16 USD Hold'em No Limit - Level I (10/20) - 2024/03/15 16:29:01 CET [2024/03/15 11:29:01 ET]
Table '3729156878 1' 3-max Seat #1 is the button
Seat 1: Mahu2021 (450 in chips) 
Seat 2: boppboy (470 in chips) 
Seat 3: Kostos08 (580 in chips) 
boppboy: posts small blind 10
Kostos08: posts big blind 20
*** HOLE CARDS ***
Dealt to Mahu2021 [8d 3d]
Mahu2021: folds 
boppboy: calls 10
Kostos08: checks 
*** FLOP *** [Js 4c 9c]
boppboy: bets 40
Kostos08: raises 40 to 80
boppboy: raises 200 to 280
Kostos08: calls 200
*** TURN *** [Js 4c 9c] [Ah]
boppboy: bets 170 and is all-in
Kostos08: calls 170
*** RIVER *** [Js 4c 9c Ah] [6d]
*** SHOW DOWN ***
boppboy: shows [9d 4d] (two pair, Nines and Fours)
Kostos08: shows [Qs Jd] (a pair of Jacks)
boppboy collected 940 from pot
*** SUMMARY ***
Total pot 940 | Rake 0 
Board [Js 4c 9c Ah 6d]
Seat 1: Mahu2021 (button) folded before Flop (didn't bet)
Seat 2: boppboy (small blind) showed [9d 4d] and won (940) with two pair, Nines and Fours
Seat 3: Kostos08 (big blind) showed [Qs Jd] and lost with a pair of Jacks



PokerStars Hand #249433299194: Tournament #3729156878, $1.84+$0.16 USD Hold'em No Limit - Level I (10/20) - 2024/03/15 16:29:23 CET [2024/03/15 11:29:23 ET]
Table '3729156878 1' 3-max Seat #2 is the button
Seat 1: Mahu2021 (450 in chips) 
Seat 2: boppboy (940 in chips) 
Seat 3: Kostos08 (110 in chips) 
Kostos08: posts small blind 10
Mahu2021: posts big blind 20
*** HOLE CARDS ***
Dealt to Mahu2021 [Kh Js]
boppboy: calls 20
Kostos08: raises 60 to 80
Mahu2021: calls 60
boppboy: folds 
*** FLOP *** [2h Jd Ks]
Kostos08: checks 
Mahu2021: bets 40
Kostos08: calls 30 and is all-in
Uncalled bet (10) returned to Mahu2021
*** TURN *** [2h Jd Ks] [Ad]
*** RIVER *** [2h Jd Ks Ad] [Jh]
*** SHOW DOWN ***
Kostos08: shows [8c 9c] (a pair of Jacks)
Mahu2021: shows [Kh Js] (a full house, Jacks full of Kings)
Mahu2021 collected 240 from pot
Kostos08 finished the tournament in 3rd place
*** SUMMARY ***
Total pot 240 | Rake 0 
Board [2h Jd Ks Ad Jh]
Seat 1: Mahu2021 (big blind) showed [Kh Js] and won (240) with a full house, Jacks full of Kings
Seat 2: boppboy (button) folded before Flop
Seat 3: Kostos08 (small blind) showed [8c 9c] and lost with a pair of Jacks



PokerStars Hand #249433304547: Tournament #3729156878, $1.84+$0.16 USD Hold'em No Limit - Level I (10/20) - 2024/03/15 16:29:47 CET [2024/03/15 11:29:47 ET]
Table '3729156878 1' 3-max Seat #1 is the button
Seat 1: Mahu2021 (580 in chips) 
Seat 2: boppboy (920 in chips) 
Mahu2021: posts small blind 10
boppboy: posts big blind 20
*** HOLE CARDS ***
Dealt to Mahu2021 [8h Ah]
Mahu2021: raises 20 to 40
boppboy: calls 20
*** FLOP *** [Jc 7c Qd]
boppboy: checks 
Mahu2021: checks 
*** TURN *** [Jc 7c Qd] [9d]
boppboy: bets 80
Mahu2021: folds 
Uncalled bet (80) returned to boppboy
boppboy collected 80 from pot
boppboy: doesn't show hand 
*** SUMMARY ***
Total pot 80 | Rake 0 
Board [Jc 7c Qd 9d]
Seat 1: Mahu2021 (button) (small blind) folded on the Turn
Seat 2: boppboy (big blind) collected (80)



PokerStars Hand #249433307741: Tournament #3729156878, $1.84+$0.16 USD Hold'em No Limit - Level I (10/20) - 2024/03/15 16:30:00 CET [2024/03/15 11:30:00 ET]
Table '3729156878 1' 3-max Seat #2 is the button
Seat 1: Mahu2021 (540 in chips) 
Seat 2: boppboy (960 in chips) 
boppboy: posts small blind 10
Mahu2021: posts big blind 20
*** HOLE CARDS ***
Dealt to Mahu2021 [Ac 9s]
boppboy: calls 10
Mahu2021: checks 
*** FLOP *** [8s Ad Kc]
Mahu2021: checks 
boppboy: bets 20
Mahu2021: calls 20
*** TURN *** [8s Ad Kc] [2d]
Mahu2021: checks 
boppboy: bets 20
Mahu2021: calls 20
*** RIVER *** [8s Ad Kc 2d] [Qh]
Mahu2021: checks 
boppboy: checks 
*** SHOW DOWN ***
Mahu2021: shows [Ac 9s] (a pair of Aces)
boppboy: mucks hand 
Mahu2021 collected 120 from pot
*** SUMMARY ***
Total pot 120 | Rake 0 
Board [8s Ad Kc 2d Qh]
Seat 1: Mahu2021 (big blind) showed [Ac 9s] and won (120) with a pair of Aces
Seat 2: boppboy (button) (small blind) mucked [3c Qc]



PokerStars Hand #249433311479: Tournament #3729156878, $1.84+$0.16 USD Hold'em No Limit - Level I (10/20) - 2024/03/15 16:30:16 CET [2024/03/15 11:30:16 ET]
Table '3729156878 1' 3-max Seat #1 is the button
Seat 1: Mahu2021 (600 in chips) 
Seat 2: boppboy (900 in chips) 
Mahu2021: posts small blind 10
boppboy: posts big blind 20
*** HOLE CARDS ***
Dealt to Mahu2021 [Tc 6h]
Mahu2021: calls 10
boppboy: checks 
*** FLOP *** [8h 3d Qc]
boppboy: bets 100
Mahu2021: folds 
Uncalled bet (100) returned to boppboy
boppboy collected 40 from pot
boppboy: doesn't show hand 
*** SUMMARY ***
Total pot 40 | Rake 0 
Board [8h 3d Qc]
Seat 1: Mahu2021 (button) (small blind) folded on the Flop
Seat 2: boppboy (big blind) collected (40)



PokerStars Hand #249433314158: Tournament #3729156878, $1.84+$0.16 USD Hold'em No Limit - Level I (10/20) - 2024/03/15 16:30:28 CET [2024/03/15 11:30:28 ET]
Table '3729156878 1' 3-max Seat #2 is the button
Seat 1: Mahu2021 (580 in chips) 
Seat 2: boppboy (920 in chips) 
boppboy: posts small blind 10
Mahu2021: posts big blind 20
*** HOLE CARDS ***
Dealt to Mahu2021 [2c 9d]
boppboy: calls 10
Mahu2021: checks 
*** FLOP *** [6c Ks 3c]
Mahu2021: checks 
boppboy: checks 
*** TURN *** [6c Ks 3c] [Ah]
Mahu2021: checks 
boppboy: checks 
*** RIVER *** [6c Ks 3c Ah] [Kc]
Mahu2021: checks 
boppboy: bets 40
Mahu2021: folds 
Uncalled bet (40) returned to boppboy
boppboy collected 40 from pot
boppboy: doesn't show hand 
*** SUMMARY ***
Total pot 40 | Rake 0 
Board [6c Ks 3c Ah Kc]
Seat 1: Mahu2021 (big blind) folded on the River
Seat 2: boppboy (button) (small blind) collected (40)



PokerStars Hand #249433317776: Tournament #3729156878, $1.84+$0.16 USD Hold'em No Limit - Level I (10/20) - 2024/03/15 16:30:43 CET [2024/03/15 11:30:43 ET]
Table '3729156878 1' 3-max Seat #1 is the button
Seat 1: Mahu2021 (560 in chips) 
Seat 2: boppboy (940 in chips) 
Mahu2021: posts small blind 10
boppboy: posts big blind 20
*** HOLE CARDS ***
Dealt to Mahu2021 [Qd Kh]
Mahu2021: raises 20 to 40
boppboy: folds 
Uncalled bet (20) returned to Mahu2021
Mahu2021 collected 40 from pot
Mahu2021: doesn't show hand 
*** SUMMARY ***
Total pot 40 | Rake 0 
Seat 1: Mahu2021 (button) (small blind) collected (40)
Seat 2: boppboy (big blind) folded before Flop



PokerStars Hand #249433319192: Tournament #3729156878, $1.84+$0.16 USD Hold'em No Limit - Level I (10/20) - 2024/03/15 16:30:49 CET [2024/03/15 11:30:49 ET]
Table '3729156878 1' 3-max Seat #2 is the button
Seat 1: Mahu2021 (580 in chips) 
Seat 2: boppboy (920 in chips) 
boppboy: posts small blind 10
Mahu2021: posts big blind 20
*** HOLE CARDS ***
Dealt to Mahu2021 [8s 2c]
boppboy: calls 10
Mahu2021: checks 
*** FLOP *** [6h 9c 5d]
Mahu2021: checks 
boppboy: bets 20
Mahu2021: calls 20
*** TURN *** [6h 9c 5d] [Jd]
Mahu2021: checks 
boppboy: bets 20
Mahu2021: folds 
Uncalled bet (20) returned to boppboy
boppboy collected 80 from pot
boppboy: doesn't show hand 
*** SUMMARY ***
Total pot 80 | Rake 0 
Board [6h 9c 5d Jd]
Seat 1: Mahu2021 (big blind) folded on the Turn
Seat 2: boppboy (button) (small blind) collected (80)



PokerStars Hand #249433322898: Tournament #3729156878, $1.84+$0.16 USD Hold'em No Limit - Level I (10/20) - 2024/03/15 16:31:05 CET [2024/03/15 11:31:05 ET]
Table '3729156878 1' 3-max Seat #1 is the button
Seat 1: Mahu2021 (540 in chips) 
Seat 2: boppboy (960 in chips) 
Mahu2021: posts small blind 10
boppboy: posts big blind 20
*** HOLE CARDS ***
Dealt to Mahu2021 [9h 5h]
Mahu2021: calls 10
boppboy: checks 
*** FLOP *** [As 7d Qs]
boppboy: checks 
Mahu2021: bets 20
boppboy: folds 
Uncalled bet (20) returned to Mahu2021
Mahu2021 collected 40 from pot
Mahu2021: doesn't show hand 
*** SUMMARY ***
Total pot 40 | Rake 0 
Board [As 7d Qs]
Seat 1: Mahu2021 (button) (small blind) collected (40)
Seat 2: boppboy (big blind) folded on the Flop



PokerStars Hand #249433326241: Tournament #3729156878, $1.84+$0.16 USD Hold'em No Limit - Level II (15/30) - 2024/03/15 16:31:19 CET [2024/03/15 11:31:19 ET]
Table '3729156878 1' 3-max Seat #2 is the button
Seat 1: Mahu2021 (560 in chips) 
Seat 2: boppboy (940 in chips) 
boppboy: posts small blind 15
Mahu2021: posts big blind 30
*** HOLE CARDS ***
Dealt to Mahu2021 [5h 2h]
boppboy: calls 15
Mahu2021: checks 
*** FLOP *** [Kh 7h As]
Mahu2021: checks 
boppboy: checks 
*** TURN *** [Kh 7h As] [4d]
Mahu2021: bets 30
boppboy: folds 
Uncalled bet (30) returned to Mahu2021
Mahu2021 collected 60 from pot
Mahu2021: doesn't show hand 
*** SUMMARY ***
Total pot 60 | Rake 0 
Board [Kh 7h As 4d]
Seat 1: Mahu2021 (big blind) collected (60)
Seat 2: boppboy (button) (small blind) folded on the Turn



PokerStars Hand #249433329015: Tournament #3729156878, $1.84+$0.16 USD Hold'em No Limit - Level II (15/30) - 2024/03/15 16:31:31 CET [2024/03/15 11:31:31 ET]
Table '3729156878 1' 3-max Seat #1 is the button
Seat 1: Mahu2021 (590 in chips) 
Seat 2: boppboy (910 in chips) 
Mahu2021: posts small blind 15
boppboy: posts big blind 30
*** HOLE CARDS ***
Dealt to Mahu2021 [5h Ks]
Mahu2021: raises 30 to 60
boppboy: folds 
Uncalled bet (30) returned to Mahu2021
Mahu2021 collected 60 from pot
Mahu2021: doesn't show hand 
*** SUMMARY ***
Total pot 60 | Rake 0 
Seat 1: Mahu2021 (button) (small blind) collected (60)
Seat 2: boppboy (big blind) folded before Flop



PokerStars Hand #249433330368: Tournament #3729156878, $1.84+$0.16 USD Hold'em No Limit - Level II (15/30) - 2024/03/15 16:31:37 CET [2024/03/15 11:31:37 ET]
Table '3729156878 1' 3-max Seat #2 is the button
Seat 1: Mahu2021 (620 in chips) 
Seat 2: boppboy (880 in chips) 
boppboy: posts small blind 15
Mahu2021: posts big blind 30
*** HOLE CARDS ***
Dealt to Mahu2021 [6d Jh]
boppboy: calls 15
Mahu2021: checks 
*** FLOP *** [8d 2d 6h]
Mahu2021: checks 
boppboy: checks 
*** TURN *** [8d 2d 6h] [8s]
Mahu2021: checks 
boppboy: checks 
*** RIVER *** [8d 2d 6h 8s] [As]
Mahu2021: checks 
boppboy: bets 30
Mahu2021: calls 30
*** SHOW DOWN ***
boppboy: shows [Js 5s] (a pair of Eights)
Mahu2021: shows [6d Jh] (two pair, Eights and Sixes)
Mahu2021 collected 120 from pot
*** SUMMARY ***
Total pot 120 | Rake 0 
Board [8d 2d 6h 8s As]
Seat 1: Mahu2021 (big blind) showed [6d Jh] and won (120) with two pair, Eights and Sixes
Seat 2: boppboy (button) (small blind) showed [Js 5s] and lost with a pair of Eights



PokerStars Hand #249433333690: Tournament #3729156878, $1.84+$0.16 USD Hold'em No Limit - Level II (15/30) - 2024/03/15 16:31:51 CET [2024/03/15 11:31:51 ET]
Table '3729156878 1' 3-max Seat #1 is the button
Seat 1: Mahu2021 (680 in chips) 
Seat 2: boppboy (820 in chips) 
Mahu2021: posts small blind 15
boppboy: posts big blind 30
*** HOLE CARDS ***
Dealt to Mahu2021 [Ah 3d]
Mahu2021: raises 30 to 60
boppboy: calls 30
*** FLOP *** [Ad 4h 5h]
boppboy: bets 30
Mahu2021: calls 30
*** TURN *** [Ad 4h 5h] [8c]
boppboy: bets 30
Mahu2021: calls 30
*** RIVER *** [Ad 4h 5h 8c] [2h]
boppboy: checks 
Mahu2021: bets 560 and is all-in
boppboy: calls 560
*** SHOW DOWN ***
Mahu2021: shows [Ah 3d] (a straight, Ace to Five)
boppboy: shows [7d 3c] (a straight, Ace to Five)
boppboy collected 680 from pot
Mahu2021 collected 680 from pot
*** SUMMARY ***
Total pot 1360 | Rake 0 
Board [Ad 4h 5h 8c 2h]
Seat 1: Mahu2021 (button) (small blind) showed [Ah 3d] and won (680) with a straight, Ace to Five
Seat 2: boppboy (big blind) showed [7d 3c] and won (680) with a straight, Ace to Five



PokerStars Hand #249433339567: Tournament #3729156878, $1.84+$0.16 USD Hold'em No Limit - Level II (15/30) - 2024/03/15 16:32:16 CET [2024/03/15 11:32:16 ET]
Table '3729156878 1' 3-max Seat #2 is the button
Seat 1: Mahu2021 (680 in chips) 
Seat 2: boppboy (820 in chips) 
boppboy: posts small blind 15
Mahu2021: posts big blind 30
*** HOLE CARDS ***
Dealt to Mahu2021 [As 2s]
boppboy: calls 15
Mahu2021: checks 
*** FLOP *** [Ac 8s 7s]
Mahu2021: bets 30
boppboy: raises 120 to 150
Mahu2021: raises 500 to 650 and is all-in
boppboy: calls 500
*** TURN *** [Ac 8s 7s] [6d]
*** RIVER *** [Ac 8s 7s 6d] [Jc]
*** SHOW DOWN ***
Mahu2021: shows [As 2s] (a pair of Aces)
boppboy: shows [5s Ah] (a pair of Aces)
Mahu2021 collected 680 from pot
boppboy collected 680 from pot
*** SUMMARY ***
Total pot 1360 | Rake 0 
Board [Ac 8s 7s 6d Jc]
Seat 1: Mahu2021 (big blind) showed [As 2s] and won (680) with a pair of Aces
Seat 2: boppboy (button) (small blind) showed [5s Ah] and won (680) with a pair of Aces



PokerStars Hand #249433343858: Tournament #3729156878, $1.84+$0.16 USD Hold'em No Limit - Level II (15/30) - 2024/03/15 16:32:34 CET [2024/03/15 11:32:34 ET]
Table '3729156878 1' 3-max Seat #1 is the button
Seat 1: Mahu2021 (680 in chips) 
Seat 2: boppboy (820 in chips) 
Mahu2021: posts small blind 15
boppboy: posts big blind 30
*** HOLE CARDS ***
Dealt to Mahu2021 [Ts 7h]
Mahu2021: calls 15
boppboy: checks 
*** FLOP *** [8h 4c Jd]
boppboy: checks 
Mahu2021: checks 
*** TURN *** [8h 4c Jd] [Kh]
boppboy: checks 
Mahu2021: checks 
*** RIVER *** [8h 4c Jd Kh] [2d]
boppboy: bets 30
Mahu2021: folds 
Uncalled bet (30) returned to boppboy
boppboy collected 60 from pot
boppboy: doesn't show hand 
*** SUMMARY ***
Total pot 60 | Rake 0 
Board [8h 4c Jd Kh 2d]
Seat 1: Mahu2021 (button) (small blind) folded on the River
Seat 2: boppboy (big blind) collected (60)



PokerStars Hand #249433347031: Tournament #3729156878, $1.84+$0.16 USD Hold'em No Limit - Level II (15/30) - 2024/03/15 16:32:48 CET [2024/03/15 11:32:48 ET]
Table '3729156878 1' 3-max Seat #2 is the button
Seat 1: Mahu2021 (650 in chips) 
Seat 2: boppboy (850 in chips) 
boppboy: posts small blind 15
Mahu2021: posts big blind 30
*** HOLE CARDS ***
Dealt to Mahu2021 [4c 5s]
boppboy: calls 15
Mahu2021: checks 
*** FLOP *** [Kd 3d 2s]
Mahu2021: bets 30
boppboy: folds 
Uncalled bet (30) returned to Mahu2021
Mahu2021 collected 60 from pot
Mahu2021: doesn't show hand 
*** SUMMARY ***
Total pot 60 | Rake 0 
Board [Kd 3d 2s]
Seat 1: Mahu2021 (big blind) collected (60)
Seat 2: boppboy (button) (small blind) folded on the Flop



PokerStars Hand #249433349256: Tournament #3729156878, $1.84+$0.16 USD Hold'em No Limit - Level II (15/30) - 2024/03/15 16:32:57 CET [2024/03/15 11:32:57 ET]
Table '3729156878 1' 3-max Seat #1 is the button
Seat 1: Mahu2021 (680 in chips) 
Seat 2: boppboy (820 in chips) 
Mahu2021: posts small blind 15
boppboy: posts big blind 30
*** HOLE CARDS ***
Dealt to Mahu2021 [Kc Tc]
Mahu2021: raises 30 to 60
boppboy: folds 
Uncalled bet (30) returned to Mahu2021
Mahu2021 collected 60 from pot
Mahu2021: doesn't show hand 
*** SUMMARY ***
Total pot 60 | Rake 0 
Seat 1: Mahu2021 (button) (small blind) collected (60)
Seat 2: boppboy (big blind) folded before Flop



PokerStars Hand #249433351281: Tournament #3729156878, $1.84+$0.16 USD Hold'em No Limit - Level II (15/30) - 2024/03/15 16:33:06 CET [2024/03/15 11:33:06 ET]
Table '3729156878 1' 3-max Seat #2 is the button
Seat 1: Mahu2021 (710 in chips) 
Seat 2: boppboy (790 in chips) 
boppboy: posts small blind 15
Mahu2021: posts big blind 30
*** HOLE CARDS ***
Dealt to Mahu2021 [9c 2d]
boppboy: calls 15
Mahu2021: checks 
*** FLOP *** [3h 6d 2h]
Mahu2021: checks 
boppboy: bets 30
Mahu2021: calls 30
*** TURN *** [3h 6d 2h] [2c]
Mahu2021: checks 
boppboy: bets 30
Mahu2021: calls 30
*** RIVER *** [3h 6d 2h 2c] [Jd]
Mahu2021: bets 180
boppboy: folds 
Uncalled bet (180) returned to Mahu2021
Mahu2021 collected 180 from pot
Mahu2021: doesn't show hand 
*** SUMMARY ***
Total pot 180 | Rake 0 
Board [3h 6d 2h 2c Jd]
Seat 1: Mahu2021 (big blind) collected (180)
Seat 2: boppboy (button) (small blind) folded on the River



PokerStars Hand #249433355432: Tournament #3729156878, $1.84+$0.16 USD Hold'em No Limit - Level II (15/30) - 2024/03/15 16:33:24 CET [2024/03/15 11:33:24 ET]
Table '3729156878 1' 3-max Seat #1 is the button
Seat 1: Mahu2021 (800 in chips) 
Seat 2: boppboy (700 in chips) 
Mahu2021: posts small blind 15
boppboy: posts big blind 30
*** HOLE CARDS ***
Dealt to Mahu2021 [7c Ks]
Mahu2021: calls 15
boppboy: checks 
*** FLOP *** [5s Ah 4d]
boppboy: checks 
Mahu2021: bets 30
boppboy: calls 30
*** TURN *** [5s Ah 4d] [2h]
boppboy: bets 30
Mahu2021: folds 
Uncalled bet (30) returned to boppboy
boppboy collected 120 from pot
boppboy: doesn't show hand 
*** SUMMARY ***
Total pot 120 | Rake 0 
Board [5s Ah 4d 2h]
Seat 1: Mahu2021 (button) (small blind) folded on the Turn
Seat 2: boppboy (big blind) collected (120)



PokerStars Hand #249433358686: Tournament #3729156878, $1.84+$0.16 USD Hold'em No Limit - Level II (15/30) - 2024/03/15 16:33:38 CET [2024/03/15 11:33:38 ET]
Table '3729156878 1' 3-max Seat #2 is the button
Seat 1: Mahu2021 (740 in chips) 
Seat 2: boppboy (760 in chips) 
boppboy: posts small blind 15
Mahu2021: posts big blind 30
*** HOLE CARDS ***
Dealt to Mahu2021 [Td 9c]
boppboy: calls 15
Mahu2021: checks 
*** FLOP *** [Jc 5s 3s]
Mahu2021: checks 
boppboy: checks 
*** TURN *** [Jc 5s 3s] [Js]
Mahu2021: checks 
boppboy: checks 
*** RIVER *** [Jc 5s 3s Js] [Kh]
Mahu2021: checks 
boppboy: checks 
*** SHOW DOWN ***
Mahu2021: shows [Td 9c] (a pair of Jacks)
boppboy: mucks hand 
Mahu2021 collected 60 from pot
*** SUMMARY ***
Total pot 60 | Rake 0 
Board [Jc 5s 3s Js Kh]
Seat 1: Mahu2021 (big blind) showed [Td 9c] and won (60) with a pair of Jacks
Seat 2: boppboy (button) (small blind) mucked [2s Tc]



PokerStars Hand #249433361775: Tournament #3729156878, $1.84+$0.16 USD Hold'em No Limit - Level II (15/30) - 2024/03/15 16:33:51 CET [2024/03/15 11:33:51 ET]
Table '3729156878 1' 3-max Seat #1 is the button
Seat 1: Mahu2021 (770 in chips) 
Seat 2: boppboy (730 in chips) 
Mahu2021: posts small blind 15
boppboy: posts big blind 30
*** HOLE CARDS ***
Dealt to Mahu2021 [Tc 9h]
Mahu2021: calls 15
boppboy: checks 
*** FLOP *** [8c 3c 8d]
boppboy: checks 
Mahu2021: checks 
*** TURN *** [8c 3c 8d] [8s]
boppboy: bets 30
Mahu2021: folds 
Uncalled bet (30) returned to boppboy
boppboy collected 60 from pot
boppboy: doesn't show hand 
*** SUMMARY ***
Total pot 60 | Rake 0 
Board [8c 3c 8d 8s]
Seat 1: Mahu2021 (button) (small blind) folded on the Turn
Seat 2: boppboy (big blind) collected (60)



PokerStars Hand #249433364503: Tournament #3729156878, $1.84+$0.16 USD Hold'em No Limit - Level II (15/30) - 2024/03/15 16:34:03 CET [2024/03/15 11:34:03 ET]
Table '3729156878 1' 3-max Seat #2 is the button
Seat 1: Mahu2021 (740 in chips) 
Seat 2: boppboy (760 in chips) 
boppboy: posts small blind 15
Mahu2021: posts big blind 30
*** HOLE CARDS ***
Dealt to Mahu2021 [3c Qh]
boppboy: calls 15
Mahu2021: checks 
*** FLOP *** [2c 4s 6h]
Mahu2021: checks 
boppboy: checks 
*** TURN *** [2c 4s 6h] [9c]
Mahu2021: bets 30
boppboy: calls 30
*** RIVER *** [2c 4s 6h 9c] [Th]
Mahu2021: checks 
boppboy: checks 
*** SHOW DOWN ***
Mahu2021: shows [3c Qh] (high card Queen)
boppboy: mucks hand 
Mahu2021 collected 120 from pot
*** SUMMARY ***
Total pot 120 | Rake 0 
Board [2c 4s 6h 9c Th]
Seat 1: Mahu2021 (big blind) showed [3c Qh] and won (120) with high card Queen
Seat 2: boppboy (button) (small blind) mucked [7c Jc]



PokerStars Hand #249433368778: Tournament #3729156878, $1.84+$0.16 USD Hold'em No Limit - Level III (20/40) - 2024/03/15 16:34:21 CET [2024/03/15 11:34:21 ET]
Table '3729156878 1' 3-max Seat #1 is the button
Seat 1: Mahu2021 (800 in chips) 
Seat 2: boppboy (700 in chips) 
Mahu2021: posts small blind 20
boppboy: posts big blind 40
*** HOLE CARDS ***
Dealt to Mahu2021 [4h 3c]
Mahu2021: calls 20
boppboy: checks 
*** FLOP *** [Td Qs 7d]
boppboy: bets 40
Mahu2021: folds 
Uncalled bet (40) returned to boppboy
boppboy collected 80 from pot
boppboy: doesn't show hand 
*** SUMMARY ***
Total pot 80 | Rake 0 
Board [Td Qs 7d]
Seat 1: Mahu2021 (button) (small blind) folded on the Flop
Seat 2: boppboy (big blind) collected (80)



PokerStars Hand #249433370926: Tournament #3729156878, $1.84+$0.16 USD Hold'em No Limit - Level III (20/40) - 2024/03/15 16:34:30 CET [2024/03/15 11:34:30 ET]
Table '3729156878 1' 3-max Seat #2 is the button
Seat 1: Mahu2021 (760 in chips) 
Seat 2: boppboy (740 in chips) 
boppboy: posts small blind 20
Mahu2021: posts big blind 40
*** HOLE CARDS ***
Dealt to Mahu2021 [6c As]
boppboy: calls 20
Mahu2021: checks 
*** FLOP *** [5h Ad 5c]
Mahu2021: bets 80
boppboy: calls 80
*** TURN *** [5h Ad 5c] [6d]
Mahu2021: bets 80
boppboy: calls 80
*** RIVER *** [5h Ad 5c 6d] [2h]
Mahu2021: bets 80
boppboy: calls 80
*** SHOW DOWN ***
Mahu2021: shows [6c As] (two pair, Aces and Sixes)
boppboy: mucks hand 
Mahu2021 collected 560 from pot
*** SUMMARY ***
Total pot 560 | Rake 0 
Board [5h Ad 5c 6d 2h]
Seat 1: Mahu2021 (big blind) showed [6c As] and won (560) with two pair, Aces and Sixes
Seat 2: boppboy (button) (small blind) mucked [Ah 3d]



PokerStars Hand #249433374961: Tournament #3729156878, $1.84+$0.16 USD Hold'em No Limit - Level III (20/40) - 2024/03/15 16:34:47 CET [2024/03/15 11:34:47 ET]
Table '3729156878 1' 3-max Seat #1 is the button
Seat 1: Mahu2021 (1040 in chips) 
Seat 2: boppboy (460 in chips) 
Mahu2021: posts small blind 20
boppboy: posts big blind 40
*** HOLE CARDS ***
Dealt to Mahu2021 [5s Ad]
Mahu2021: raises 40 to 80
boppboy: calls 40
*** FLOP *** [4h 5c Qh]
boppboy: checks 
Mahu2021: bets 160
boppboy: folds 
Uncalled bet (160) returned to Mahu2021
Mahu2021 collected 160 from pot
Mahu2021: doesn't show hand 
*** SUMMARY ***
Total pot 160 | Rake 0 
Board [4h 5c Qh]
Seat 1: Mahu2021 (button) (small blind) collected (160)
Seat 2: boppboy (big blind) folded on the Flop



PokerStars Hand #249433378109: Tournament #3729156878, $1.84+$0.16 USD Hold'em No Limit - Level III (20/40) - 2024/03/15 16:35:01 CET [2024/03/15 11:35:01 ET]
Table '3729156878 1' 3-max Seat #2 is the button
Seat 1: Mahu2021 (1120 in chips) 
Seat 2: boppboy (380 in chips) 
boppboy: posts small blind 20
Mahu2021: posts big blind 40
*** HOLE CARDS ***
Dealt to Mahu2021 [9c 9s]
boppboy: calls 20
Mahu2021: raises 1080 to 1120 and is all-in
boppboy: folds 
Uncalled bet (1080) returned to Mahu2021
Mahu2021 collected 80 from pot
Mahu2021: doesn't show hand 
*** SUMMARY ***
Total pot 80 | Rake 0 
Seat 1: Mahu2021 (big blind) collected (80)
Seat 2: boppboy (button) (small blind) folded before Flop



PokerStars Hand #249433379811: Tournament #3729156878, $1.84+$0.16 USD Hold'em No Limit - Level III (20/40) - 2024/03/15 16:35:08 CET [2024/03/15 11:35:08 ET]
Table '3729156878 1' 3-max Seat #1 is the button
Seat 1: Mahu2021 (1160 in chips) 
Seat 2: boppboy (340 in chips) 
Mahu2021: posts small blind 20
boppboy: posts big blind 40
*** HOLE CARDS ***
Dealt to Mahu2021 [6s Kd]
Mahu2021: calls 20
boppboy: checks 
*** FLOP *** [6d 3c 7d]
boppboy: bets 40
Mahu2021: calls 40
*** TURN *** [6d 3c 7d] [6c]
boppboy: bets 40
Mahu2021: calls 40
*** RIVER *** [6d 3c 7d 6c] [9s]
boppboy: checks 
Mahu2021: bets 80
boppboy: folds 
Uncalled bet (80) returned to Mahu2021
Mahu2021 collected 240 from pot
Mahu2021: doesn't show hand 
*** SUMMARY ***
Total pot 240 | Rake 0 
Board [6d 3c 7d 6c 9s]
Seat 1: Mahu2021 (button) (small blind) collected (240)
Seat 2: boppboy (big blind) folded on the River



PokerStars Hand #249433385129: Tournament #3729156878, $1.84+$0.16 USD Hold'em No Limit - Level III (20/40) - 2024/03/15 16:35:31 CET [2024/03/15 11:35:31 ET]
Table '3729156878 1' 3-max Seat #2 is the button
Seat 1: Mahu2021 (1280 in chips) 
Seat 2: boppboy (220 in chips) 
boppboy: posts small blind 20
Mahu2021: posts big blind 40
*** HOLE CARDS ***
Dealt to Mahu2021 [Kc 4d]
boppboy: calls 20
Mahu2021: checks 
*** FLOP *** [4c 8s 7s]
Mahu2021: bets 40
boppboy: calls 40
*** TURN *** [4c 8s 7s] [2c]
Mahu2021: checks 
boppboy: checks 
*** RIVER *** [4c 8s 7s 2c] [Qc]
Mahu2021: checks 
boppboy: bets 40
Mahu2021: calls 40
*** SHOW DOWN ***
boppboy: shows [Kd Ac] (high card Ace)
Mahu2021: shows [Kc 4d] (a pair of Fours)
Mahu2021 collected 240 from pot
*** SUMMARY ***
Total pot 240 | Rake 0 
Board [4c 8s 7s 2c Qc]
Seat 1: Mahu2021 (big blind) showed [Kc 4d] and won (240) with a pair of Fours
Seat 2: boppboy (button) (small blind) showed [Kd Ac] and lost with high card Ace



PokerStars Hand #249433388710: Tournament #3729156878, $1.84+$0.16 USD Hold'em No Limit - Level III (20/40) - 2024/03/15 16:35:46 CET [2024/03/15 11:35:46 ET]
Table '3729156878 1' 3-max Seat #1 is the button
Seat 1: Mahu2021 (1400 in chips) 
Seat 2: boppboy (100 in chips) 
Mahu2021: posts small blind 20
boppboy: posts big blind 40
*** HOLE CARDS ***
Dealt to Mahu2021 [7s 3d]
Mahu2021: folds 
Uncalled bet (20) returned to boppboy
boppboy collected 40 from pot
boppboy: doesn't show hand 
*** SUMMARY ***
Total pot 40 | Rake 0 
Seat 1: Mahu2021 (button) (small blind) folded before Flop
Seat 2: boppboy (big blind) collected (40)



PokerStars Hand #249433389808: Tournament #3729156878, $1.84+$0.16 USD Hold'em No Limit - Level III (20/40) - 2024/03/15 16:35:50 CET [2024/03/15 11:35:50 ET]
Table '3729156878 1' 3-max Seat #2 is the button
Seat 1: Mahu2021 (1380 in chips) 
Seat 2: boppboy (120 in chips) 
boppboy: posts small blind 20
Mahu2021: posts big blind 40
*** HOLE CARDS ***
Dealt to Mahu2021 [Jh 4d]
boppboy: calls 20
Mahu2021: checks 
*** FLOP *** [3s Kd Js]
Mahu2021: bets 80
boppboy: calls 80 and is all-in
*** TURN *** [3s Kd Js] [5d]
*** RIVER *** [3s Kd Js 5d] [8c]
*** SHOW DOWN ***
Mahu2021: shows [Jh 4d] (a pair of Jacks)
boppboy: shows [Qd 3h] (a pair of Threes)
Mahu2021 collected 240 from pot
boppboy finished the tournament in 2nd place
Mahu2021 wins the tournament and receives $6.00 - congratulations!
*** SUMMARY ***
Total pot 240 | Rake 0 
Board [3s Kd Js 5d 8c]
Seat 1: Mahu2021 (big blind) showed [Jh 4d] and won (240) with a pair of Jacks
Seat 2: boppboy (button) (small blind) showed [Qd 3h] and lost with a pair of Threes



