PokerStars Hand #248815438376: Tournament #3714253057, $1.84+$0.16 USD Hold'em No Limit - Level I (10/20) - 2024/02/11 12:09:48 CET [2024/02/11 6:09:48 ET]
Table '3714253057 1' 3-max Seat #1 is the button
Seat 1: Towergoats (500 in chips) 
Seat 2: Mahu2021 (500 in chips) 
Seat 3: RondonPablo (500 in chips) 
Mahu2021: posts small blind 10
RondonPablo: posts big blind 20
*** HOLE CARDS ***
Dealt to Mahu2021 [As 9s]
Towergoats: calls 20
Mahu2021: calls 10
RondonPablo: checks 
*** FLOP *** [4s 5h Ac]
Mahu2021: bets 20
RondonPablo: calls 20
Towergoats: calls 20
*** TURN *** [4s 5h Ac] [7d]
Mahu2021: bets 20
RondonPablo: calls 20
Towergoats: calls 20
*** RIVER *** [4s 5h Ac 7d] [2c]
Mahu2021: bets 20
RondonPablo: raises 110 to 130
Towergoats: folds 
Mahu2021: raises 310 to 440 and is all-in
RondonPablo: calls 310 and is all-in
*** SHOW DOWN ***
Mahu2021: shows [As 9s] (a pair of Aces)
RondonPablo: shows [9d 3d] (a straight, Ace to Five)
RondonPablo collected 1060 from pot
Mahu2021 finished the tournament in 3rd place
*** SUMMARY ***
Total pot 1060 | Rake 0 
Board [4s 5h Ac 7d 2c]
Seat 1: Towergoats (button) folded on the River
Seat 2: Mahu2021 (small blind) showed [As 9s] and lost with a pair of Aces
Seat 3: RondonPablo (big blind) showed [9d 3d] and won (1060) with a straight, Ace to Five



