PokerStars Hand #244298467198: Tournament #3605110981, $0.92+$0.08 USD Hold'em No Limit - Level I (10/20) - 2023/06/16 12:13:37 CET [2023/06/16 6:13:37 ET]
Table '3605110981 1' 3-max Seat #1 is the button
Seat 1: HuesD (500 in chips) 
Seat 2: Mahu2021 (500 in chips) 
Seat 3: Sindaragosa (500 in chips) 
Mahu2021: posts small blind 10
Sindaragosa: posts big blind 20
*** HOLE CARDS ***
Dealt to Mahu2021 [Th Jh]
HuesD: folds 
Mahu2021: calls 10
Sindaragosa: checks 
*** FLOP *** [3s Ks Qd]
Mahu2021: checks 
Sindaragosa: bets 20
Mahu2021: calls 20
*** TURN *** [3s Ks Qd] [9c]
Mahu2021: checks 
Sindaragosa: checks 
*** RIVER *** [3s Ks Qd 9c] [Jd]
Mahu2021: bets 80
Sindaragosa: folds 
Uncalled bet (80) returned to Mahu2021
Mahu2021 collected 80 from pot
Mahu2021: doesn't show hand 
*** SUMMARY ***
Total pot 80 | Rake 0 
Board [3s Ks Qd 9c Jd]
Seat 1: HuesD (button) folded before Flop (didn't bet)
Seat 2: Mahu2021 (small blind) collected (80)
Seat 3: Sindaragosa (big blind) folded on the River



PokerStars Hand #244298469429: Tournament #3605110981, $0.92+$0.08 USD Hold'em No Limit - Level I (10/20) - 2023/06/16 12:13:53 CET [2023/06/16 6:13:53 ET]
Table '3605110981 1' 3-max Seat #2 is the button
Seat 1: HuesD (500 in chips) 
Seat 2: Mahu2021 (540 in chips) 
Seat 3: Sindaragosa (460 in chips) 
Sindaragosa: posts small blind 10
HuesD: posts big blind 20
*** HOLE CARDS ***
Dealt to Mahu2021 [Jc Kh]
Mahu2021: raises 20 to 40
Sindaragosa: folds 
HuesD: calls 20
*** FLOP *** [Ts 7d 6c]
HuesD: checks 
Mahu2021: checks 
*** TURN *** [Ts 7d 6c] [9s]
HuesD: bets 25
Mahu2021: calls 25
*** RIVER *** [Ts 7d 6c 9s] [Kc]
HuesD: bets 70
Mahu2021: calls 70
*** SHOW DOWN ***
HuesD: shows [6d 8d] (a straight, Six to Ten)
Mahu2021: mucks hand 
HuesD collected 280 from pot
*** SUMMARY ***
Total pot 280 | Rake 0 
Board [Ts 7d 6c 9s Kc]
Seat 1: HuesD (big blind) showed [6d 8d] and won (280) with a straight, Six to Ten
Seat 2: Mahu2021 (button) mucked [Jc Kh]
Seat 3: Sindaragosa (small blind) folded before Flop



PokerStars Hand #244298473033: Tournament #3605110981, $0.92+$0.08 USD Hold'em No Limit - Level I (10/20) - 2023/06/16 12:14:20 CET [2023/06/16 6:14:20 ET]
Table '3605110981 1' 3-max Seat #3 is the button
Seat 1: HuesD (645 in chips) 
Seat 2: Mahu2021 (405 in chips) 
Seat 3: Sindaragosa (450 in chips) 
HuesD: posts small blind 10
Mahu2021: posts big blind 20
*** HOLE CARDS ***
Dealt to Mahu2021 [Tc 2c]
Sindaragosa: raises 20 to 40
HuesD: calls 30
Mahu2021: calls 20
*** FLOP *** [8h Kc 9s]
HuesD: checks 
Mahu2021: checks 
Sindaragosa: checks 
*** TURN *** [8h Kc 9s] [9c]
HuesD: bets 20
Mahu2021: calls 20
Sindaragosa: folds 
*** RIVER *** [8h Kc 9s 9c] [5d]
HuesD: checks 
Mahu2021: checks 
*** SHOW DOWN ***
HuesD: shows [Ac 7c] (a pair of Nines)
Mahu2021: mucks hand 
HuesD collected 160 from pot
*** SUMMARY ***
Total pot 160 | Rake 0 
Board [8h Kc 9s 9c 5d]
Seat 1: HuesD (small blind) showed [Ac 7c] and won (160) with a pair of Nines
Seat 2: Mahu2021 (big blind) mucked [Tc 2c]
Seat 3: Sindaragosa (button) folded on the Turn



PokerStars Hand #244298475804: Tournament #3605110981, $0.92+$0.08 USD Hold'em No Limit - Level I (10/20) - 2023/06/16 12:14:40 CET [2023/06/16 6:14:40 ET]
Table '3605110981 1' 3-max Seat #1 is the button
Seat 1: HuesD (745 in chips) 
Seat 2: Mahu2021 (345 in chips) 
Seat 3: Sindaragosa (410 in chips) 
Mahu2021: posts small blind 10
Sindaragosa: posts big blind 20
*** HOLE CARDS ***
Dealt to Mahu2021 [Kc 7c]
HuesD: folds 
Mahu2021: raises 20 to 40
Sindaragosa: folds 
Uncalled bet (20) returned to Mahu2021
Mahu2021 collected 40 from pot
Mahu2021: doesn't show hand 
*** SUMMARY ***
Total pot 40 | Rake 0 
Seat 1: HuesD (button) folded before Flop (didn't bet)
Seat 2: Mahu2021 (small blind) collected (40)
Seat 3: Sindaragosa (big blind) folded before Flop



PokerStars Hand #244298476637: Tournament #3605110981, $0.92+$0.08 USD Hold'em No Limit - Level I (10/20) - 2023/06/16 12:14:47 CET [2023/06/16 6:14:47 ET]
Table '3605110981 1' 3-max Seat #2 is the button
Seat 1: HuesD (745 in chips) 
Seat 2: Mahu2021 (365 in chips) 
Seat 3: Sindaragosa (390 in chips) 
Sindaragosa: posts small blind 10
HuesD: posts big blind 20
*** HOLE CARDS ***
Dealt to Mahu2021 [5s 2d]
Mahu2021: folds 
Sindaragosa: folds 
Uncalled bet (10) returned to HuesD
HuesD collected 20 from pot
*** SUMMARY ***
Total pot 20 | Rake 0 
Seat 1: HuesD (big blind) collected (20)
Seat 2: Mahu2021 (button) folded before Flop (didn't bet)
Seat 3: Sindaragosa (small blind) folded before Flop



PokerStars Hand #244298477317: Tournament #3605110981, $0.92+$0.08 USD Hold'em No Limit - Level I (10/20) - 2023/06/16 12:14:52 CET [2023/06/16 6:14:52 ET]
Table '3605110981 1' 3-max Seat #3 is the button
Seat 1: HuesD (755 in chips) 
Seat 2: Mahu2021 (365 in chips) 
Seat 3: Sindaragosa (380 in chips) 
HuesD: posts small blind 10
Mahu2021: posts big blind 20
*** HOLE CARDS ***
Dealt to Mahu2021 [Jd 7d]
Sindaragosa: folds 
HuesD: folds 
Uncalled bet (10) returned to Mahu2021
Mahu2021 collected 20 from pot
Mahu2021: doesn't show hand 
*** SUMMARY ***
Total pot 20 | Rake 0 
Seat 1: HuesD (small blind) folded before Flop
Seat 2: Mahu2021 (big blind) collected (20)
Seat 3: Sindaragosa (button) folded before Flop (didn't bet)



PokerStars Hand #244298478080: Tournament #3605110981, $0.92+$0.08 USD Hold'em No Limit - Level I (10/20) - 2023/06/16 12:14:58 CET [2023/06/16 6:14:58 ET]
Table '3605110981 1' 3-max Seat #1 is the button
Seat 1: HuesD (745 in chips) 
Seat 2: Mahu2021 (375 in chips) 
Seat 3: Sindaragosa (380 in chips) 
Mahu2021: posts small blind 10
Sindaragosa: posts big blind 20
*** HOLE CARDS ***
Dealt to Mahu2021 [5s Kh]
HuesD: calls 20
Mahu2021: calls 10
Sindaragosa: checks 
*** FLOP *** [Kd Ac Js]
Mahu2021: checks 
Sindaragosa: checks 
HuesD: bets 30
Mahu2021: folds 
Sindaragosa: folds 
Uncalled bet (30) returned to HuesD
HuesD collected 60 from pot
*** SUMMARY ***
Total pot 60 | Rake 0 
Board [Kd Ac Js]
Seat 1: HuesD (button) collected (60)
Seat 2: Mahu2021 (small blind) folded on the Flop
Seat 3: Sindaragosa (big blind) folded on the Flop



PokerStars Hand #244298479923: Tournament #3605110981, $0.92+$0.08 USD Hold'em No Limit - Level I (10/20) - 2023/06/16 12:15:11 CET [2023/06/16 6:15:11 ET]
Table '3605110981 1' 3-max Seat #2 is the button
Seat 1: HuesD (785 in chips) 
Seat 2: Mahu2021 (355 in chips) 
Seat 3: Sindaragosa (360 in chips) 
Sindaragosa: posts small blind 10
HuesD: posts big blind 20
*** HOLE CARDS ***
Dealt to Mahu2021 [Td Qh]
Mahu2021: calls 20
Sindaragosa: folds 
HuesD: checks 
*** FLOP *** [Kc 5s 3h]
HuesD: bets 25
Mahu2021: folds 
Uncalled bet (25) returned to HuesD
HuesD collected 50 from pot
*** SUMMARY ***
Total pot 50 | Rake 0 
Board [Kc 5s 3h]
Seat 1: HuesD (big blind) collected (50)
Seat 2: Mahu2021 (button) folded on the Flop
Seat 3: Sindaragosa (small blind) folded before Flop



PokerStars Hand #244298481473: Tournament #3605110981, $0.92+$0.08 USD Hold'em No Limit - Level I (10/20) - 2023/06/16 12:15:23 CET [2023/06/16 6:15:23 ET]
Table '3605110981 1' 3-max Seat #3 is the button
Seat 1: HuesD (815 in chips) 
Seat 2: Mahu2021 (335 in chips) 
Seat 3: Sindaragosa (350 in chips) 
HuesD: posts small blind 10
Mahu2021: posts big blind 20
*** HOLE CARDS ***
Dealt to Mahu2021 [Qh 3s]
Sindaragosa: raises 20 to 40
HuesD: folds 
Mahu2021: folds 
Uncalled bet (20) returned to Sindaragosa
Sindaragosa collected 50 from pot
*** SUMMARY ***
Total pot 50 | Rake 0 
Seat 1: HuesD (small blind) folded before Flop
Seat 2: Mahu2021 (big blind) folded before Flop
Seat 3: Sindaragosa (button) collected (50)



PokerStars Hand #244298482243: Tournament #3605110981, $0.92+$0.08 USD Hold'em No Limit - Level I (10/20) - 2023/06/16 12:15:29 CET [2023/06/16 6:15:29 ET]
Table '3605110981 1' 3-max Seat #1 is the button
Seat 1: HuesD (805 in chips) 
Seat 2: Mahu2021 (315 in chips) 
Seat 3: Sindaragosa (380 in chips) 
Mahu2021: posts small blind 10
Sindaragosa: posts big blind 20
*** HOLE CARDS ***
Dealt to Mahu2021 [7d Qs]
HuesD: folds 
Mahu2021: folds 
Uncalled bet (10) returned to Sindaragosa
Sindaragosa collected 20 from pot
*** SUMMARY ***
Total pot 20 | Rake 0 
Seat 1: HuesD (button) folded before Flop (didn't bet)
Seat 2: Mahu2021 (small blind) folded before Flop
Seat 3: Sindaragosa (big blind) collected (20)



PokerStars Hand #244298482892: Tournament #3605110981, $0.92+$0.08 USD Hold'em No Limit - Level I (10/20) - 2023/06/16 12:15:33 CET [2023/06/16 6:15:33 ET]
Table '3605110981 1' 3-max Seat #2 is the button
Seat 1: HuesD (805 in chips) 
Seat 2: Mahu2021 (305 in chips) 
Seat 3: Sindaragosa (390 in chips) 
Sindaragosa: posts small blind 10
HuesD: posts big blind 20
*** HOLE CARDS ***
Dealt to Mahu2021 [Ah 5s]
Mahu2021: calls 20
Sindaragosa: folds 
HuesD: checks 
*** FLOP *** [3s 9c Jh]
HuesD: checks 
Mahu2021: checks 
*** TURN *** [3s 9c Jh] [8c]
HuesD: bets 20
Mahu2021: folds 
Uncalled bet (20) returned to HuesD
HuesD collected 50 from pot
*** SUMMARY ***
Total pot 50 | Rake 0 
Board [3s 9c Jh 8c]
Seat 1: HuesD (big blind) collected (50)
Seat 2: Mahu2021 (button) folded on the Turn
Seat 3: Sindaragosa (small blind) folded before Flop



PokerStars Hand #244298485467: Tournament #3605110981, $0.92+$0.08 USD Hold'em No Limit - Level II (15/30) - 2023/06/16 12:15:52 CET [2023/06/16 6:15:52 ET]
Table '3605110981 1' 3-max Seat #3 is the button
Seat 1: HuesD (835 in chips) 
Seat 2: Mahu2021 (285 in chips) 
Seat 3: Sindaragosa (380 in chips) 
HuesD: posts small blind 15
Mahu2021: posts big blind 30
*** HOLE CARDS ***
Dealt to Mahu2021 [6d 3h]
Sindaragosa: raises 30 to 60
HuesD: calls 45
Mahu2021: folds 
*** FLOP *** [2c 3d Tc]
HuesD: checks 
Sindaragosa: checks 
*** TURN *** [2c 3d Tc] [7s]
HuesD: bets 75
Sindaragosa: folds 
Uncalled bet (75) returned to HuesD
HuesD collected 150 from pot
*** SUMMARY ***
Total pot 150 | Rake 0 
Board [2c 3d Tc 7s]
Seat 1: HuesD (small blind) collected (150)
Seat 2: Mahu2021 (big blind) folded before Flop
Seat 3: Sindaragosa (button) folded on the Turn



PokerStars Hand #244298487541: Tournament #3605110981, $0.92+$0.08 USD Hold'em No Limit - Level II (15/30) - 2023/06/16 12:16:08 CET [2023/06/16 6:16:08 ET]
Table '3605110981 1' 3-max Seat #1 is the button
Seat 1: HuesD (925 in chips) 
Seat 2: Mahu2021 (255 in chips) 
Seat 3: Sindaragosa (320 in chips) 
Mahu2021: posts small blind 15
Sindaragosa: posts big blind 30
*** HOLE CARDS ***
Dealt to Mahu2021 [9d 7h]
HuesD: folds 
Mahu2021: calls 15
Sindaragosa: checks 
*** FLOP *** [Qh Kc 5s]
Mahu2021: checks 
Sindaragosa: checks 
*** TURN *** [Qh Kc 5s] [Tc]
Mahu2021: checks 
Sindaragosa: checks 
*** RIVER *** [Qh Kc 5s Tc] [Js]
Mahu2021: bets 30
Sindaragosa: folds 
Uncalled bet (30) returned to Mahu2021
Mahu2021 collected 60 from pot
Mahu2021: doesn't show hand 
*** SUMMARY ***
Total pot 60 | Rake 0 
Board [Qh Kc 5s Tc Js]
Seat 1: HuesD (button) folded before Flop (didn't bet)
Seat 2: Mahu2021 (small blind) collected (60)
Seat 3: Sindaragosa (big blind) folded on the River



PokerStars Hand #244298489560: Tournament #3605110981, $0.92+$0.08 USD Hold'em No Limit - Level II (15/30) - 2023/06/16 12:16:22 CET [2023/06/16 6:16:22 ET]
Table '3605110981 1' 3-max Seat #2 is the button
Seat 1: HuesD (925 in chips) 
Seat 2: Mahu2021 (285 in chips) 
Seat 3: Sindaragosa (290 in chips) 
Sindaragosa: posts small blind 15
HuesD: posts big blind 30
*** HOLE CARDS ***
Dealt to Mahu2021 [Qd 5s]
Mahu2021: folds 
Sindaragosa: folds 
Uncalled bet (15) returned to HuesD
HuesD collected 30 from pot
*** SUMMARY ***
Total pot 30 | Rake 0 
Seat 1: HuesD (big blind) collected (30)
Seat 2: Mahu2021 (button) folded before Flop (didn't bet)
Seat 3: Sindaragosa (small blind) folded before Flop



PokerStars Hand #244298490344: Tournament #3605110981, $0.92+$0.08 USD Hold'em No Limit - Level II (15/30) - 2023/06/16 12:16:28 CET [2023/06/16 6:16:28 ET]
Table '3605110981 1' 3-max Seat #3 is the button
Seat 1: HuesD (940 in chips) 
Seat 2: Mahu2021 (285 in chips) 
Seat 3: Sindaragosa (275 in chips) 
HuesD: posts small blind 15
Mahu2021: posts big blind 30
*** HOLE CARDS ***
Dealt to Mahu2021 [3c Jc]
Sindaragosa: folds 
HuesD: folds 
Uncalled bet (15) returned to Mahu2021
Mahu2021 collected 30 from pot
Mahu2021: doesn't show hand 
*** SUMMARY ***
Total pot 30 | Rake 0 
Seat 1: HuesD (small blind) folded before Flop
Seat 2: Mahu2021 (big blind) collected (30)
Seat 3: Sindaragosa (button) folded before Flop (didn't bet)



PokerStars Hand #244298490969: Tournament #3605110981, $0.92+$0.08 USD Hold'em No Limit - Level II (15/30) - 2023/06/16 12:16:33 CET [2023/06/16 6:16:33 ET]
Table '3605110981 1' 3-max Seat #1 is the button
Seat 1: HuesD (925 in chips) 
Seat 2: Mahu2021 (300 in chips) 
Seat 3: Sindaragosa (275 in chips) 
Mahu2021: posts small blind 15
Sindaragosa: posts big blind 30
*** HOLE CARDS ***
Dealt to Mahu2021 [2s 5s]
HuesD: calls 30
Mahu2021: calls 15
Sindaragosa: checks 
*** FLOP *** [2c Ts Qh]
Mahu2021: checks 
Sindaragosa: checks 
HuesD: checks 
*** TURN *** [2c Ts Qh] [9h]
Mahu2021: checks 
Sindaragosa: checks 
HuesD: checks 
*** RIVER *** [2c Ts Qh 9h] [4s]
Mahu2021: bets 30
Sindaragosa: folds 
HuesD: folds 
Uncalled bet (30) returned to Mahu2021
Mahu2021 collected 90 from pot
Mahu2021: doesn't show hand 
*** SUMMARY ***
Total pot 90 | Rake 0 
Board [2c Ts Qh 9h 4s]
Seat 1: HuesD (button) folded on the River
Seat 2: Mahu2021 (small blind) collected (90)
Seat 3: Sindaragosa (big blind) folded on the River



PokerStars Hand #244298493675: Tournament #3605110981, $0.92+$0.08 USD Hold'em No Limit - Level II (15/30) - 2023/06/16 12:16:53 CET [2023/06/16 6:16:53 ET]
Table '3605110981 1' 3-max Seat #2 is the button
Seat 1: HuesD (895 in chips) 
Seat 2: Mahu2021 (360 in chips) 
Seat 3: Sindaragosa (245 in chips) 
Sindaragosa: posts small blind 15
HuesD: posts big blind 30
*** HOLE CARDS ***
Dealt to Mahu2021 [Jd Kd]
Mahu2021: raises 30 to 60
Sindaragosa: folds 
HuesD: calls 30
*** FLOP *** [8h Kc 9h]
HuesD: checks 
Mahu2021: bets 135
HuesD: folds 
Uncalled bet (135) returned to Mahu2021
Mahu2021 collected 135 from pot
Mahu2021: doesn't show hand 
*** SUMMARY ***
Total pot 135 | Rake 0 
Board [8h Kc 9h]
Seat 1: HuesD (big blind) folded on the Flop
Seat 2: Mahu2021 (button) collected (135)
Seat 3: Sindaragosa (small blind) folded before Flop



PokerStars Hand #244298495779: Tournament #3605110981, $0.92+$0.08 USD Hold'em No Limit - Level II (15/30) - 2023/06/16 12:17:08 CET [2023/06/16 6:17:08 ET]
Table '3605110981 1' 3-max Seat #3 is the button
Seat 1: HuesD (835 in chips) 
Seat 2: Mahu2021 (435 in chips) 
Seat 3: Sindaragosa (230 in chips) 
HuesD: posts small blind 15
Mahu2021: posts big blind 30
*** HOLE CARDS ***
Dealt to Mahu2021 [8s 8h]
Sindaragosa: folds 
HuesD: folds 
Uncalled bet (15) returned to Mahu2021
Mahu2021 collected 30 from pot
Mahu2021: doesn't show hand 
*** SUMMARY ***
Total pot 30 | Rake 0 
Seat 1: HuesD (small blind) folded before Flop
Seat 2: Mahu2021 (big blind) collected (30)
Seat 3: Sindaragosa (button) folded before Flop (didn't bet)



PokerStars Hand #244298496473: Tournament #3605110981, $0.92+$0.08 USD Hold'em No Limit - Level II (15/30) - 2023/06/16 12:17:13 CET [2023/06/16 6:17:13 ET]
Table '3605110981 1' 3-max Seat #1 is the button
Seat 1: HuesD (820 in chips) 
Seat 2: Mahu2021 (450 in chips) 
Seat 3: Sindaragosa (230 in chips) 
Mahu2021: posts small blind 15
Sindaragosa: posts big blind 30
*** HOLE CARDS ***
Dealt to Mahu2021 [Jc Td]
HuesD: folds 
Mahu2021: calls 15
Sindaragosa: checks 
*** FLOP *** [As 5d Qs]
Mahu2021: bets 30
Sindaragosa: folds 
Uncalled bet (30) returned to Mahu2021
Mahu2021 collected 60 from pot
Mahu2021: doesn't show hand 
*** SUMMARY ***
Total pot 60 | Rake 0 
Board [As 5d Qs]
Seat 1: HuesD (button) folded before Flop (didn't bet)
Seat 2: Mahu2021 (small blind) collected (60)
Seat 3: Sindaragosa (big blind) folded on the Flop



PokerStars Hand #244298497739: Tournament #3605110981, $0.92+$0.08 USD Hold'em No Limit - Level II (15/30) - 2023/06/16 12:17:23 CET [2023/06/16 6:17:23 ET]
Table '3605110981 1' 3-max Seat #2 is the button
Seat 1: HuesD (820 in chips) 
Seat 2: Mahu2021 (480 in chips) 
Seat 3: Sindaragosa (200 in chips) 
Sindaragosa: posts small blind 15
HuesD: posts big blind 30
*** HOLE CARDS ***
Dealt to Mahu2021 [3s Ah]
Mahu2021: calls 30
Sindaragosa: raises 170 to 200 and is all-in
HuesD: calls 170
Mahu2021: folds 
*** FLOP *** [3h 6d 8h]
*** TURN *** [3h 6d 8h] [7s]
*** RIVER *** [3h 6d 8h 7s] [Kd]
*** SHOW DOWN ***
Sindaragosa: shows [4c Kc] (a pair of Kings)
HuesD: shows [Qc Jc] (high card King)
Sindaragosa collected 430 from pot
*** SUMMARY ***
Total pot 430 | Rake 0 
Board [3h 6d 8h 7s Kd]
Seat 1: HuesD (big blind) showed [Qc Jc] and lost with high card King
Seat 2: Mahu2021 (button) folded before Flop
Seat 3: Sindaragosa (small blind) showed [4c Kc] and won (430) with a pair of Kings



PokerStars Hand #244298500283: Tournament #3605110981, $0.92+$0.08 USD Hold'em No Limit - Level III (20/40) - 2023/06/16 12:17:42 CET [2023/06/16 6:17:42 ET]
Table '3605110981 1' 3-max Seat #3 is the button
Seat 1: HuesD (620 in chips) 
Seat 2: Mahu2021 (450 in chips) 
Seat 3: Sindaragosa (430 in chips) 
HuesD: posts small blind 20
Mahu2021: posts big blind 40
*** HOLE CARDS ***
Dealt to Mahu2021 [6s 2d]
Sindaragosa: folds 
HuesD: calls 20
Mahu2021: checks 
*** FLOP *** [2s 5s Qh]
HuesD: checks 
Mahu2021: bets 40
HuesD: folds 
Uncalled bet (40) returned to Mahu2021
Mahu2021 collected 80 from pot
Mahu2021: doesn't show hand 
*** SUMMARY ***
Total pot 80 | Rake 0 
Board [2s 5s Qh]
Seat 1: HuesD (small blind) folded on the Flop
Seat 2: Mahu2021 (big blind) collected (80)
Seat 3: Sindaragosa (button) folded before Flop (didn't bet)



PokerStars Hand #244298502003: Tournament #3605110981, $0.92+$0.08 USD Hold'em No Limit - Level III (20/40) - 2023/06/16 12:17:55 CET [2023/06/16 6:17:55 ET]
Table '3605110981 1' 3-max Seat #1 is the button
Seat 1: HuesD (580 in chips) 
Seat 2: Mahu2021 (490 in chips) 
Seat 3: Sindaragosa (430 in chips) 
Mahu2021: posts small blind 20
Sindaragosa: posts big blind 40
*** HOLE CARDS ***
Dealt to Mahu2021 [8c Qs]
HuesD: calls 40
Mahu2021: calls 20
Sindaragosa: raises 390 to 430 and is all-in
HuesD: folds 
Mahu2021: folds 
Uncalled bet (390) returned to Sindaragosa
Sindaragosa collected 120 from pot
*** SUMMARY ***
Total pot 120 | Rake 0 
Seat 1: HuesD (button) folded before Flop
Seat 2: Mahu2021 (small blind) folded before Flop
Seat 3: Sindaragosa (big blind) collected (120)



PokerStars Hand #244298503199: Tournament #3605110981, $0.92+$0.08 USD Hold'em No Limit - Level III (20/40) - 2023/06/16 12:18:03 CET [2023/06/16 6:18:03 ET]
Table '3605110981 1' 3-max Seat #2 is the button
Seat 1: HuesD (540 in chips) 
Seat 2: Mahu2021 (450 in chips) 
Seat 3: Sindaragosa (510 in chips) 
Sindaragosa: posts small blind 20
HuesD: posts big blind 40
*** HOLE CARDS ***
Dealt to Mahu2021 [3s 8c]
Mahu2021: folds 
Sindaragosa: folds 
Uncalled bet (20) returned to HuesD
HuesD collected 40 from pot
*** SUMMARY ***
Total pot 40 | Rake 0 
Seat 1: HuesD (big blind) collected (40)
Seat 2: Mahu2021 (button) folded before Flop (didn't bet)
Seat 3: Sindaragosa (small blind) folded before Flop



PokerStars Hand #244298503900: Tournament #3605110981, $0.92+$0.08 USD Hold'em No Limit - Level III (20/40) - 2023/06/16 12:18:09 CET [2023/06/16 6:18:09 ET]
Table '3605110981 1' 3-max Seat #3 is the button
Seat 1: HuesD (560 in chips) 
Seat 2: Mahu2021 (450 in chips) 
Seat 3: Sindaragosa (490 in chips) 
HuesD: posts small blind 20
Mahu2021: posts big blind 40
*** HOLE CARDS ***
Dealt to Mahu2021 [6d Ah]
Sindaragosa: folds 
HuesD: folds 
Uncalled bet (20) returned to Mahu2021
Mahu2021 collected 40 from pot
Mahu2021: doesn't show hand 
*** SUMMARY ***
Total pot 40 | Rake 0 
Seat 1: HuesD (small blind) folded before Flop
Seat 2: Mahu2021 (big blind) collected (40)
Seat 3: Sindaragosa (button) folded before Flop (didn't bet)



PokerStars Hand #244298504593: Tournament #3605110981, $0.92+$0.08 USD Hold'em No Limit - Level III (20/40) - 2023/06/16 12:18:14 CET [2023/06/16 6:18:14 ET]
Table '3605110981 1' 3-max Seat #1 is the button
Seat 1: HuesD (540 in chips) 
Seat 2: Mahu2021 (470 in chips) 
Seat 3: Sindaragosa (490 in chips) 
Mahu2021: posts small blind 20
Sindaragosa: posts big blind 40
*** HOLE CARDS ***
Dealt to Mahu2021 [7c Qs]
HuesD: calls 40
Mahu2021: calls 20
Sindaragosa: checks 
*** FLOP *** [Jd 7d 9c]
Mahu2021: checks 
Sindaragosa: checks 
HuesD: checks 
*** TURN *** [Jd 7d 9c] [6c]
Mahu2021: checks 
Sindaragosa: checks 
HuesD: bets 60
Mahu2021: folds 
Sindaragosa: folds 
Uncalled bet (60) returned to HuesD
HuesD collected 120 from pot
*** SUMMARY ***
Total pot 120 | Rake 0 
Board [Jd 7d 9c 6c]
Seat 1: HuesD (button) collected (120)
Seat 2: Mahu2021 (small blind) folded on the Turn
Seat 3: Sindaragosa (big blind) folded on the Turn



PokerStars Hand #244298506956: Tournament #3605110981, $0.92+$0.08 USD Hold'em No Limit - Level III (20/40) - 2023/06/16 12:18:31 CET [2023/06/16 6:18:31 ET]
Table '3605110981 1' 3-max Seat #2 is the button
Seat 1: HuesD (620 in chips) 
Seat 2: Mahu2021 (430 in chips) 
Seat 3: Sindaragosa (450 in chips) 
Sindaragosa: posts small blind 20
HuesD: posts big blind 40
*** HOLE CARDS ***
Dealt to Mahu2021 [Kd Kc]
Mahu2021: raises 390 to 430 and is all-in
Sindaragosa: folds 
HuesD: folds 
Uncalled bet (390) returned to Mahu2021
Mahu2021 collected 100 from pot
Mahu2021: doesn't show hand 
*** SUMMARY ***
Total pot 100 | Rake 0 
Seat 1: HuesD (big blind) folded before Flop
Seat 2: Mahu2021 (button) collected (100)
Seat 3: Sindaragosa (small blind) folded before Flop



PokerStars Hand #244298507960: Tournament #3605110981, $0.92+$0.08 USD Hold'em No Limit - Level III (20/40) - 2023/06/16 12:18:38 CET [2023/06/16 6:18:38 ET]
Table '3605110981 1' 3-max Seat #3 is the button
Seat 1: HuesD (580 in chips) 
Seat 2: Mahu2021 (490 in chips) 
Seat 3: Sindaragosa (430 in chips) 
HuesD: posts small blind 20
Mahu2021: posts big blind 40
*** HOLE CARDS ***
Dealt to Mahu2021 [8d Qs]
Sindaragosa: folds 
HuesD: folds 
Uncalled bet (20) returned to Mahu2021
Mahu2021 collected 40 from pot
Mahu2021: doesn't show hand 
*** SUMMARY ***
Total pot 40 | Rake 0 
Seat 1: HuesD (small blind) folded before Flop
Seat 2: Mahu2021 (big blind) collected (40)
Seat 3: Sindaragosa (button) folded before Flop (didn't bet)



PokerStars Hand #244298508578: Tournament #3605110981, $0.92+$0.08 USD Hold'em No Limit - Level III (20/40) - 2023/06/16 12:18:42 CET [2023/06/16 6:18:42 ET]
Table '3605110981 1' 3-max Seat #1 is the button
Seat 1: HuesD (560 in chips) 
Seat 2: Mahu2021 (510 in chips) 
Seat 3: Sindaragosa (430 in chips) 
Mahu2021: posts small blind 20
Sindaragosa: posts big blind 40
*** HOLE CARDS ***
Dealt to Mahu2021 [Ah 4c]
HuesD: calls 40
Mahu2021: calls 20
Sindaragosa: raises 80 to 120
HuesD: calls 80
Mahu2021: folds 
*** FLOP *** [9c Tc Jh]
Sindaragosa: bets 160
HuesD: calls 160
*** TURN *** [9c Tc Jh] [5h]
Sindaragosa: bets 150 and is all-in
HuesD: calls 150
*** RIVER *** [9c Tc Jh 5h] [7d]
*** SHOW DOWN ***
Sindaragosa: shows [Jd Js] (three of a kind, Jacks)
HuesD: shows [Kd 8s] (a straight, Seven to Jack)
HuesD collected 900 from pot
Sindaragosa finished the tournament in 3rd place
*** SUMMARY ***
Total pot 900 | Rake 0 
Board [9c Tc Jh 5h 7d]
Seat 1: HuesD (button) showed [Kd 8s] and won (900) with a straight, Seven to Jack
Seat 2: Mahu2021 (small blind) folded before Flop
Seat 3: Sindaragosa (big blind) showed [Jd Js] and lost with three of a kind, Jacks



PokerStars Hand #244298513058: Tournament #3605110981, $0.92+$0.08 USD Hold'em No Limit - Level III (20/40) - 2023/06/16 12:19:15 CET [2023/06/16 6:19:15 ET]
Table '3605110981 1' 3-max Seat #2 is the button
Seat 1: HuesD (1030 in chips) 
Seat 2: Mahu2021 (470 in chips) 
Mahu2021: posts small blind 20
HuesD: posts big blind 40
*** HOLE CARDS ***
Dealt to Mahu2021 [Kh 6d]
Mahu2021: calls 20
HuesD: raises 990 to 1030 and is all-in
Mahu2021: folds 
Uncalled bet (990) returned to HuesD
HuesD collected 80 from pot
*** SUMMARY ***
Total pot 80 | Rake 0 
Seat 1: HuesD (big blind) collected (80)
Seat 2: Mahu2021 (button) (small blind) folded before Flop



PokerStars Hand #244298514053: Tournament #3605110981, $0.92+$0.08 USD Hold'em No Limit - Level III (20/40) - 2023/06/16 12:19:23 CET [2023/06/16 6:19:23 ET]
Table '3605110981 1' 3-max Seat #1 is the button
Seat 1: HuesD (1070 in chips) 
Seat 2: Mahu2021 (430 in chips) 
HuesD: posts small blind 20
Mahu2021: posts big blind 40
*** HOLE CARDS ***
Dealt to Mahu2021 [Qc 7c]
HuesD: folds 
Uncalled bet (20) returned to Mahu2021
Mahu2021 collected 40 from pot
Mahu2021: doesn't show hand 
*** SUMMARY ***
Total pot 40 | Rake 0 
Seat 1: HuesD (button) (small blind) folded before Flop
Seat 2: Mahu2021 (big blind) collected (40)



PokerStars Hand #244298514589: Tournament #3605110981, $0.92+$0.08 USD Hold'em No Limit - Level III (20/40) - 2023/06/16 12:19:26 CET [2023/06/16 6:19:26 ET]
Table '3605110981 1' 3-max Seat #2 is the button
Seat 1: HuesD (1050 in chips) 
Seat 2: Mahu2021 (450 in chips) 
Mahu2021: posts small blind 20
HuesD: posts big blind 40
*** HOLE CARDS ***
Dealt to Mahu2021 [8c 2s]
Mahu2021: folds 
Uncalled bet (20) returned to HuesD
HuesD collected 40 from pot
*** SUMMARY ***
Total pot 40 | Rake 0 
Seat 1: HuesD (big blind) collected (40)
Seat 2: Mahu2021 (button) (small blind) folded before Flop



PokerStars Hand #244298515164: Tournament #3605110981, $0.92+$0.08 USD Hold'em No Limit - Level III (20/40) - 2023/06/16 12:19:31 CET [2023/06/16 6:19:31 ET]
Table '3605110981 1' 3-max Seat #1 is the button
Seat 1: HuesD (1070 in chips) 
Seat 2: Mahu2021 (430 in chips) 
HuesD: posts small blind 20
Mahu2021: posts big blind 40
*** HOLE CARDS ***
Dealt to Mahu2021 [As Ac]
HuesD: folds 
Uncalled bet (20) returned to Mahu2021
Mahu2021 collected 40 from pot
Mahu2021: doesn't show hand 
*** SUMMARY ***
Total pot 40 | Rake 0 
Seat 1: HuesD (button) (small blind) folded before Flop
Seat 2: Mahu2021 (big blind) collected (40)



PokerStars Hand #244298515717: Tournament #3605110981, $0.92+$0.08 USD Hold'em No Limit - Level III (20/40) - 2023/06/16 12:19:35 CET [2023/06/16 6:19:35 ET]
Table '3605110981 1' 3-max Seat #2 is the button
Seat 1: HuesD (1050 in chips) 
Seat 2: Mahu2021 (450 in chips) 
Mahu2021: posts small blind 20
HuesD: posts big blind 40
*** HOLE CARDS ***
Dealt to Mahu2021 [Ac 7d]
Mahu2021: raises 40 to 80
HuesD: folds 
Uncalled bet (40) returned to Mahu2021
Mahu2021 collected 80 from pot
Mahu2021: doesn't show hand 
*** SUMMARY ***
Total pot 80 | Rake 0 
Seat 1: HuesD (big blind) folded before Flop
Seat 2: Mahu2021 (button) (small blind) collected (80)



PokerStars Hand #244298516908: Tournament #3605110981, $0.92+$0.08 USD Hold'em No Limit - Level IV (30/60) - 2023/06/16 12:19:44 CET [2023/06/16 6:19:44 ET]
Table '3605110981 1' 3-max Seat #1 is the button
Seat 1: HuesD (1010 in chips) 
Seat 2: Mahu2021 (490 in chips) 
HuesD: posts small blind 30
Mahu2021: posts big blind 60
*** HOLE CARDS ***
Dealt to Mahu2021 [4s Kh]
HuesD: calls 30
Mahu2021: raises 430 to 490 and is all-in
HuesD: folds 
Uncalled bet (430) returned to Mahu2021
Mahu2021 collected 120 from pot
Mahu2021: doesn't show hand 
*** SUMMARY ***
Total pot 120 | Rake 0 
Seat 1: HuesD (button) (small blind) folded before Flop
Seat 2: Mahu2021 (big blind) collected (120)



PokerStars Hand #244298517964: Tournament #3605110981, $0.92+$0.08 USD Hold'em No Limit - Level IV (30/60) - 2023/06/16 12:19:52 CET [2023/06/16 6:19:52 ET]
Table '3605110981 1' 3-max Seat #2 is the button
Seat 1: HuesD (950 in chips) 
Seat 2: Mahu2021 (550 in chips) 
Mahu2021: posts small blind 30
HuesD: posts big blind 60
*** HOLE CARDS ***
Dealt to Mahu2021 [Kd 8s]
Mahu2021: raises 60 to 120
HuesD: calls 60
*** FLOP *** [6h 7c 3c]
HuesD: checks 
Mahu2021: bets 240
HuesD: folds 
Uncalled bet (240) returned to Mahu2021
Mahu2021 collected 240 from pot
Mahu2021: doesn't show hand 
*** SUMMARY ***
Total pot 240 | Rake 0 
Board [6h 7c 3c]
Seat 1: HuesD (big blind) folded on the Flop
Seat 2: Mahu2021 (button) (small blind) collected (240)



PokerStars Hand #244298520001: Tournament #3605110981, $0.92+$0.08 USD Hold'em No Limit - Level IV (30/60) - 2023/06/16 12:20:06 CET [2023/06/16 6:20:06 ET]
Table '3605110981 1' 3-max Seat #1 is the button
Seat 1: HuesD (830 in chips) 
Seat 2: Mahu2021 (670 in chips) 
HuesD: posts small blind 30
Mahu2021: posts big blind 60
*** HOLE CARDS ***
Dealt to Mahu2021 [Ad 7s]
HuesD: folds 
Uncalled bet (30) returned to Mahu2021
Mahu2021 collected 60 from pot
Mahu2021: doesn't show hand 
*** SUMMARY ***
Total pot 60 | Rake 0 
Seat 1: HuesD (button) (small blind) folded before Flop
Seat 2: Mahu2021 (big blind) collected (60)



PokerStars Hand #244298520612: Tournament #3605110981, $0.92+$0.08 USD Hold'em No Limit - Level IV (30/60) - 2023/06/16 12:20:11 CET [2023/06/16 6:20:11 ET]
Table '3605110981 1' 3-max Seat #2 is the button
Seat 1: HuesD (800 in chips) 
Seat 2: Mahu2021 (700 in chips) 
Mahu2021: posts small blind 30
HuesD: posts big blind 60
*** HOLE CARDS ***
Dealt to Mahu2021 [As 3s]
Mahu2021: raises 60 to 120
HuesD: folds 
Uncalled bet (60) returned to Mahu2021
Mahu2021 collected 120 from pot
Mahu2021: doesn't show hand 
*** SUMMARY ***
Total pot 120 | Rake 0 
Seat 1: HuesD (big blind) folded before Flop
Seat 2: Mahu2021 (button) (small blind) collected (120)



PokerStars Hand #244298521698: Tournament #3605110981, $0.92+$0.08 USD Hold'em No Limit - Level IV (30/60) - 2023/06/16 12:20:19 CET [2023/06/16 6:20:19 ET]
Table '3605110981 1' 3-max Seat #1 is the button
Seat 1: HuesD (740 in chips) 
Seat 2: Mahu2021 (760 in chips) 
HuesD: posts small blind 30
Mahu2021: posts big blind 60
*** HOLE CARDS ***
Dealt to Mahu2021 [Qd 6s]
HuesD: raises 680 to 740 and is all-in
Mahu2021: folds 
Uncalled bet (680) returned to HuesD
HuesD collected 120 from pot
*** SUMMARY ***
Total pot 120 | Rake 0 
Seat 1: HuesD (button) (small blind) collected (120)
Seat 2: Mahu2021 (big blind) folded before Flop



PokerStars Hand #244298522466: Tournament #3605110981, $0.92+$0.08 USD Hold'em No Limit - Level IV (30/60) - 2023/06/16 12:20:25 CET [2023/06/16 6:20:25 ET]
Table '3605110981 1' 3-max Seat #2 is the button
Seat 1: HuesD (800 in chips) 
Seat 2: Mahu2021 (700 in chips) 
Mahu2021: posts small blind 30
HuesD: posts big blind 60
*** HOLE CARDS ***
Dealt to Mahu2021 [Jh Js]
Mahu2021: raises 640 to 700 and is all-in
HuesD: folds 
Uncalled bet (640) returned to Mahu2021
Mahu2021 collected 120 from pot
Mahu2021: doesn't show hand 
*** SUMMARY ***
Total pot 120 | Rake 0 
Seat 1: HuesD (big blind) folded before Flop
Seat 2: Mahu2021 (button) (small blind) collected (120)



PokerStars Hand #244298523368: Tournament #3605110981, $0.92+$0.08 USD Hold'em No Limit - Level IV (30/60) - 2023/06/16 12:20:31 CET [2023/06/16 6:20:31 ET]
Table '3605110981 1' 3-max Seat #1 is the button
Seat 1: HuesD (740 in chips) 
Seat 2: Mahu2021 (760 in chips) 
HuesD: posts small blind 30
Mahu2021: posts big blind 60
*** HOLE CARDS ***
Dealt to Mahu2021 [5h Ac]
HuesD: calls 30
Mahu2021: checks 
*** FLOP *** [4d 9c 6c]
Mahu2021: checks 
HuesD: bets 60
Mahu2021: folds 
Uncalled bet (60) returned to HuesD
HuesD collected 120 from pot
*** SUMMARY ***
Total pot 120 | Rake 0 
Board [4d 9c 6c]
Seat 1: HuesD (button) (small blind) collected (120)
Seat 2: Mahu2021 (big blind) folded on the Flop



PokerStars Hand #244298524679: Tournament #3605110981, $0.92+$0.08 USD Hold'em No Limit - Level IV (30/60) - 2023/06/16 12:20:41 CET [2023/06/16 6:20:41 ET]
Table '3605110981 1' 3-max Seat #2 is the button
Seat 1: HuesD (800 in chips) 
Seat 2: Mahu2021 (700 in chips) 
Mahu2021: posts small blind 30
HuesD: posts big blind 60
*** HOLE CARDS ***
Dealt to Mahu2021 [Td 7s]
Mahu2021: calls 30
HuesD: checks 
*** FLOP *** [9c 8h Tc]
HuesD: checks 
Mahu2021: bets 60
HuesD: calls 60
*** TURN *** [9c 8h Tc] [4h]
HuesD: checks 
Mahu2021: bets 60
HuesD: calls 60
*** RIVER *** [9c 8h Tc 4h] [As]
HuesD: checks 
Mahu2021: checks 
*** SHOW DOWN ***
HuesD: shows [Ks 8s] (a pair of Eights)
Mahu2021: shows [Td 7s] (a pair of Tens)
Mahu2021 collected 360 from pot
*** SUMMARY ***
Total pot 360 | Rake 0 
Board [9c 8h Tc 4h As]
Seat 1: HuesD (big blind) showed [Ks 8s] and lost with a pair of Eights
Seat 2: Mahu2021 (button) (small blind) showed [Td 7s] and won (360) with a pair of Tens



PokerStars Hand #244298527036: Tournament #3605110981, $0.92+$0.08 USD Hold'em No Limit - Level IV (30/60) - 2023/06/16 12:20:58 CET [2023/06/16 6:20:58 ET]
Table '3605110981 1' 3-max Seat #1 is the button
Seat 1: HuesD (620 in chips) 
Seat 2: Mahu2021 (880 in chips) 
HuesD: posts small blind 30
Mahu2021: posts big blind 60
*** HOLE CARDS ***
Dealt to Mahu2021 [2s 4d]
HuesD: calls 30
Mahu2021: checks 
*** FLOP *** [Ac Ad Qc]
Mahu2021: checks 
HuesD: bets 60
Mahu2021: folds 
Uncalled bet (60) returned to HuesD
HuesD collected 120 from pot
*** SUMMARY ***
Total pot 120 | Rake 0 
Board [Ac Ad Qc]
Seat 1: HuesD (button) (small blind) collected (120)
Seat 2: Mahu2021 (big blind) folded on the Flop



PokerStars Hand #244298528297: Tournament #3605110981, $0.92+$0.08 USD Hold'em No Limit - Level IV (30/60) - 2023/06/16 12:21:08 CET [2023/06/16 6:21:08 ET]
Table '3605110981 1' 3-max Seat #2 is the button
Seat 1: HuesD (680 in chips) 
Seat 2: Mahu2021 (820 in chips) 
Mahu2021: posts small blind 30
HuesD: posts big blind 60
*** HOLE CARDS ***
Dealt to Mahu2021 [3d 9d]
Mahu2021: calls 30
HuesD: raises 620 to 680 and is all-in
Mahu2021: folds 
Uncalled bet (620) returned to HuesD
HuesD collected 120 from pot
*** SUMMARY ***
Total pot 120 | Rake 0 
Seat 1: HuesD (big blind) collected (120)
Seat 2: Mahu2021 (button) (small blind) folded before Flop



PokerStars Hand #244298529198: Tournament #3605110981, $0.92+$0.08 USD Hold'em No Limit - Level IV (30/60) - 2023/06/16 12:21:15 CET [2023/06/16 6:21:15 ET]
Table '3605110981 1' 3-max Seat #1 is the button
Seat 1: HuesD (740 in chips) 
Seat 2: Mahu2021 (760 in chips) 
HuesD: posts small blind 30
Mahu2021: posts big blind 60
*** HOLE CARDS ***
Dealt to Mahu2021 [Ah Jh]
HuesD: folds 
Uncalled bet (30) returned to Mahu2021
Mahu2021 collected 60 from pot
Mahu2021: doesn't show hand 
*** SUMMARY ***
Total pot 60 | Rake 0 
Seat 1: HuesD (button) (small blind) folded before Flop
Seat 2: Mahu2021 (big blind) collected (60)



PokerStars Hand #244298530079: Tournament #3605110981, $0.92+$0.08 USD Hold'em No Limit - Level IV (30/60) - 2023/06/16 12:21:21 CET [2023/06/16 6:21:21 ET]
Table '3605110981 1' 3-max Seat #2 is the button
Seat 1: HuesD (710 in chips) 
Seat 2: Mahu2021 (790 in chips) 
Mahu2021: posts small blind 30
HuesD: posts big blind 60
*** HOLE CARDS ***
Dealt to Mahu2021 [5h 6s]
Mahu2021: calls 30
HuesD: checks 
*** FLOP *** [Ah 8s Qd]
HuesD: checks 
Mahu2021: bets 60
HuesD: calls 60
*** TURN *** [Ah 8s Qd] [7h]
HuesD: checks 
Mahu2021: checks 
*** RIVER *** [Ah 8s Qd 7h] [Qs]
HuesD: bets 60
Mahu2021: folds 
Uncalled bet (60) returned to HuesD
HuesD collected 240 from pot
*** SUMMARY ***
Total pot 240 | Rake 0 
Board [Ah 8s Qd 7h Qs]
Seat 1: HuesD (big blind) collected (240)
Seat 2: Mahu2021 (button) (small blind) folded on the River



PokerStars Hand #244298532324: Tournament #3605110981, $0.92+$0.08 USD Hold'em No Limit - Level IV (30/60) - 2023/06/16 12:21:38 CET [2023/06/16 6:21:38 ET]
Table '3605110981 1' 3-max Seat #1 is the button
Seat 1: HuesD (830 in chips) 
Seat 2: Mahu2021 (670 in chips) 
HuesD: posts small blind 30
Mahu2021: posts big blind 60
*** HOLE CARDS ***
Dealt to Mahu2021 [Ah 9c]
HuesD: calls 30
Mahu2021: raises 60 to 120
HuesD: folds 
Uncalled bet (60) returned to Mahu2021
Mahu2021 collected 120 from pot
Mahu2021: doesn't show hand 
*** SUMMARY ***
Total pot 120 | Rake 0 
Seat 1: HuesD (button) (small blind) folded before Flop
Seat 2: Mahu2021 (big blind) collected (120)



PokerStars Hand #244298533589: Tournament #3605110981, $0.92+$0.08 USD Hold'em No Limit - Level V (40/80) - 2023/06/16 12:21:47 CET [2023/06/16 6:21:47 ET]
Table '3605110981 1' 3-max Seat #2 is the button
Seat 1: HuesD (770 in chips) 
Seat 2: Mahu2021 (730 in chips) 
Mahu2021: posts small blind 40
HuesD: posts big blind 80
*** HOLE CARDS ***
Dealt to Mahu2021 [Jc 7c]
Mahu2021: calls 40
HuesD: checks 
*** FLOP *** [2s 9c Jh]
HuesD: checks 
Mahu2021: bets 80
HuesD: calls 80
*** TURN *** [2s 9c Jh] [Ac]
HuesD: checks 
Mahu2021: bets 160
HuesD: calls 160
*** RIVER *** [2s 9c Jh Ac] [8s]
HuesD: checks 
Mahu2021: checks 
*** SHOW DOWN ***
HuesD: shows [Qc Ks] (high card Ace)
Mahu2021: shows [Jc 7c] (a pair of Jacks)
Mahu2021 collected 640 from pot
*** SUMMARY ***
Total pot 640 | Rake 0 
Board [2s 9c Jh Ac 8s]
Seat 1: HuesD (big blind) showed [Qc Ks] and lost with high card Ace
Seat 2: Mahu2021 (button) (small blind) showed [Jc 7c] and won (640) with a pair of Jacks



PokerStars Hand #244298536721: Tournament #3605110981, $0.92+$0.08 USD Hold'em No Limit - Level V (40/80) - 2023/06/16 12:22:10 CET [2023/06/16 6:22:10 ET]
Table '3605110981 1' 3-max Seat #1 is the button
Seat 1: HuesD (450 in chips) 
Seat 2: Mahu2021 (1050 in chips) 
HuesD: posts small blind 40
Mahu2021: posts big blind 80
*** HOLE CARDS ***
Dealt to Mahu2021 [Jc 8s]
HuesD: calls 40
Mahu2021: checks 
*** FLOP *** [5s 2d 2h]
Mahu2021: checks 
HuesD: checks 
*** TURN *** [5s 2d 2h] [6c]
Mahu2021: checks 
HuesD: bets 80
Mahu2021: folds 
Uncalled bet (80) returned to HuesD
HuesD collected 160 from pot
*** SUMMARY ***
Total pot 160 | Rake 0 
Board [5s 2d 2h 6c]
Seat 1: HuesD (button) (small blind) collected (160)
Seat 2: Mahu2021 (big blind) folded on the Turn



PokerStars Hand #244298538962: Tournament #3605110981, $0.92+$0.08 USD Hold'em No Limit - Level V (40/80) - 2023/06/16 12:22:27 CET [2023/06/16 6:22:27 ET]
Table '3605110981 1' 3-max Seat #2 is the button
Seat 1: HuesD (530 in chips) 
Seat 2: Mahu2021 (970 in chips) 
Mahu2021: posts small blind 40
HuesD: posts big blind 80
*** HOLE CARDS ***
Dealt to Mahu2021 [Jh Ad]
Mahu2021: raises 80 to 160
HuesD: calls 80
*** FLOP *** [9c 6d Qh]
HuesD: bets 370 and is all-in
Mahu2021: folds 
Uncalled bet (370) returned to HuesD
HuesD collected 320 from pot
*** SUMMARY ***
Total pot 320 | Rake 0 
Board [9c 6d Qh]
Seat 1: HuesD (big blind) collected (320)
Seat 2: Mahu2021 (button) (small blind) folded on the Flop



PokerStars Hand #244298540531: Tournament #3605110981, $0.92+$0.08 USD Hold'em No Limit - Level V (40/80) - 2023/06/16 12:22:39 CET [2023/06/16 6:22:39 ET]
Table '3605110981 1' 3-max Seat #1 is the button
Seat 1: HuesD (690 in chips) 
Seat 2: Mahu2021 (810 in chips) 
HuesD: posts small blind 40
Mahu2021: posts big blind 80
*** HOLE CARDS ***
Dealt to Mahu2021 [3h Ac]
HuesD: calls 40
Mahu2021: checks 
*** FLOP *** [Kh Tc 4s]
Mahu2021: checks 
HuesD: bets 80
Mahu2021: folds 
Uncalled bet (80) returned to HuesD
HuesD collected 160 from pot
*** SUMMARY ***
Total pot 160 | Rake 0 
Board [Kh Tc 4s]
Seat 1: HuesD (button) (small blind) collected (160)
Seat 2: Mahu2021 (big blind) folded on the Flop



PokerStars Hand #244298541892: Tournament #3605110981, $0.92+$0.08 USD Hold'em No Limit - Level V (40/80) - 2023/06/16 12:22:49 CET [2023/06/16 6:22:49 ET]
Table '3605110981 1' 3-max Seat #2 is the button
Seat 1: HuesD (770 in chips) 
Seat 2: Mahu2021 (730 in chips) 
Mahu2021: posts small blind 40
HuesD: posts big blind 80
*** HOLE CARDS ***
Dealt to Mahu2021 [Th 6d]
Mahu2021: folds 
Uncalled bet (40) returned to HuesD
HuesD collected 80 from pot
*** SUMMARY ***
Total pot 80 | Rake 0 
Seat 1: HuesD (big blind) collected (80)
Seat 2: Mahu2021 (button) (small blind) folded before Flop



PokerStars Hand #244298542489: Tournament #3605110981, $0.92+$0.08 USD Hold'em No Limit - Level V (40/80) - 2023/06/16 12:22:54 CET [2023/06/16 6:22:54 ET]
Table '3605110981 1' 3-max Seat #1 is the button
Seat 1: HuesD (810 in chips) 
Seat 2: Mahu2021 (690 in chips) 
HuesD: posts small blind 40
Mahu2021: posts big blind 80
*** HOLE CARDS ***
Dealt to Mahu2021 [Td 9s]
HuesD: folds 
Uncalled bet (40) returned to Mahu2021
Mahu2021 collected 80 from pot
Mahu2021: doesn't show hand 
*** SUMMARY ***
Total pot 80 | Rake 0 
Seat 1: HuesD (button) (small blind) folded before Flop
Seat 2: Mahu2021 (big blind) collected (80)



PokerStars Hand #244298542997: Tournament #3605110981, $0.92+$0.08 USD Hold'em No Limit - Level V (40/80) - 2023/06/16 12:22:58 CET [2023/06/16 6:22:58 ET]
Table '3605110981 1' 3-max Seat #2 is the button
Seat 1: HuesD (770 in chips) 
Seat 2: Mahu2021 (730 in chips) 
Mahu2021: posts small blind 40
HuesD: posts big blind 80
*** HOLE CARDS ***
Dealt to Mahu2021 [Ks 9d]
Mahu2021: raises 80 to 160
HuesD: calls 80
*** FLOP *** [3h 8h Qh]
HuesD: checks 
Mahu2021: bets 80
HuesD: folds 
Uncalled bet (80) returned to Mahu2021
Mahu2021 collected 320 from pot
Mahu2021: doesn't show hand 
*** SUMMARY ***
Total pot 320 | Rake 0 
Board [3h 8h Qh]
Seat 1: HuesD (big blind) folded on the Flop
Seat 2: Mahu2021 (button) (small blind) collected (320)



PokerStars Hand #244298544710: Tournament #3605110981, $0.92+$0.08 USD Hold'em No Limit - Level V (40/80) - 2023/06/16 12:23:10 CET [2023/06/16 6:23:10 ET]
Table '3605110981 1' 3-max Seat #1 is the button
Seat 1: HuesD (610 in chips) 
Seat 2: Mahu2021 (890 in chips) 
HuesD: posts small blind 40
Mahu2021: posts big blind 80
*** HOLE CARDS ***
Dealt to Mahu2021 [5d Tc]
HuesD: calls 40
Mahu2021: checks 
*** FLOP *** [7d As 8h]
Mahu2021: checks 
HuesD: bets 80
Mahu2021: folds 
Uncalled bet (80) returned to HuesD
HuesD collected 160 from pot
*** SUMMARY ***
Total pot 160 | Rake 0 
Board [7d As 8h]
Seat 1: HuesD (button) (small blind) collected (160)
Seat 2: Mahu2021 (big blind) folded on the Flop



PokerStars Hand #244298546076: Tournament #3605110981, $0.92+$0.08 USD Hold'em No Limit - Level V (40/80) - 2023/06/16 12:23:20 CET [2023/06/16 6:23:20 ET]
Table '3605110981 1' 3-max Seat #2 is the button
Seat 1: HuesD (690 in chips) 
Seat 2: Mahu2021 (810 in chips) 
Mahu2021: posts small blind 40
HuesD: posts big blind 80
*** HOLE CARDS ***
Dealt to Mahu2021 [6s Td]
Mahu2021: folds 
Uncalled bet (40) returned to HuesD
HuesD collected 80 from pot
*** SUMMARY ***
Total pot 80 | Rake 0 
Seat 1: HuesD (big blind) collected (80)
Seat 2: Mahu2021 (button) (small blind) folded before Flop



PokerStars Hand #244298546721: Tournament #3605110981, $0.92+$0.08 USD Hold'em No Limit - Level V (40/80) - 2023/06/16 12:23:25 CET [2023/06/16 6:23:25 ET]
Table '3605110981 1' 3-max Seat #1 is the button
Seat 1: HuesD (730 in chips) 
Seat 2: Mahu2021 (770 in chips) 
HuesD: posts small blind 40
Mahu2021: posts big blind 80
*** HOLE CARDS ***
Dealt to Mahu2021 [5h 7c]
HuesD: folds 
Uncalled bet (40) returned to Mahu2021
Mahu2021 collected 80 from pot
Mahu2021: doesn't show hand 
*** SUMMARY ***
Total pot 80 | Rake 0 
Seat 1: HuesD (button) (small blind) folded before Flop
Seat 2: Mahu2021 (big blind) collected (80)



PokerStars Hand #244298547229: Tournament #3605110981, $0.92+$0.08 USD Hold'em No Limit - Level V (40/80) - 2023/06/16 12:23:28 CET [2023/06/16 6:23:28 ET]
Table '3605110981 1' 3-max Seat #2 is the button
Seat 1: HuesD (690 in chips) 
Seat 2: Mahu2021 (810 in chips) 
Mahu2021: posts small blind 40
HuesD: posts big blind 80
*** HOLE CARDS ***
Dealt to Mahu2021 [8d 7h]
Mahu2021: calls 40
HuesD: checks 
*** FLOP *** [7d 2c 8s]
HuesD: bets 80
Mahu2021: calls 80
*** TURN *** [7d 2c 8s] [8h]
HuesD: bets 80
Mahu2021: calls 80
*** RIVER *** [7d 2c 8s 8h] [Ac]
HuesD: bets 450 and is all-in
Mahu2021: calls 450
*** SHOW DOWN ***
HuesD: shows [5d 6d] (a pair of Eights)
Mahu2021: shows [8d 7h] (a full house, Eights full of Sevens)
Mahu2021 collected 1380 from pot
HuesD finished the tournament in 2nd place
Mahu2021 wins the tournament and receives $2.00 - congratulations!
*** SUMMARY ***
Total pot 1380 | Rake 0 
Board [7d 2c 8s 8h Ac]
Seat 1: HuesD (big blind) showed [5d 6d] and lost with a pair of Eights
Seat 2: Mahu2021 (button) (small blind) showed [8d 7h] and won (1380) with a full house, Eights full of Sevens



