PokerStars Hand #249824843724: Tournament #3738371285, $1.84+$0.16 USD Hold'em No Limit - Level I (10/20) - 2024/04/06 14:46:33 CET [2024/04/06 8:46:33 ET]
Table '3738371285 1' 3-max Seat #1 is the button
Seat 1: raegon35 (500 in chips) 
Seat 2: Mahu2021 (500 in chips) 
Seat 3: SklrZln2017 (500 in chips) 
Mahu2021: posts small blind 10
SklrZln2017: posts big blind 20
*** HOLE CARDS ***
Dealt to Mahu2021 [5c 9s]
raegon35: folds 
Mahu2021: folds 
Uncalled bet (10) returned to SklrZln2017
SklrZln2017 collected 20 from pot
SklrZln2017: doesn't show hand 
*** SUMMARY ***
Total pot 20 | Rake 0 
Seat 1: raegon35 (button) folded before Flop (didn't bet)
Seat 2: Mahu2021 (small blind) folded before Flop
Seat 3: SklrZln2017 (big blind) collected (20)



PokerStars Hand #249824844932: Tournament #3738371285, $1.84+$0.16 USD Hold'em No Limit - Level I (10/20) - 2024/04/06 14:46:39 CET [2024/04/06 8:46:39 ET]
Table '3738371285 1' 3-max Seat #2 is the button
Seat 1: raegon35 (500 in chips) 
Seat 2: Mahu2021 (490 in chips) 
Seat 3: SklrZln2017 (510 in chips) 
SklrZln2017: posts small blind 10
raegon35: posts big blind 20
*** HOLE CARDS ***
Dealt to Mahu2021 [5d 2d]
Mahu2021: folds 
SklrZln2017: raises 40 to 60
raegon35: folds 
Uncalled bet (40) returned to SklrZln2017
SklrZln2017 collected 40 from pot
SklrZln2017: doesn't show hand 
*** SUMMARY ***
Total pot 40 | Rake 0 
Seat 1: raegon35 (big blind) folded before Flop
Seat 2: Mahu2021 (button) folded before Flop (didn't bet)
Seat 3: SklrZln2017 (small blind) collected (40)



PokerStars Hand #249824846485: Tournament #3738371285, $1.84+$0.16 USD Hold'em No Limit - Level I (10/20) - 2024/04/06 14:46:47 CET [2024/04/06 8:46:47 ET]
Table '3738371285 1' 3-max Seat #3 is the button
Seat 1: raegon35 (480 in chips) 
Seat 2: Mahu2021 (490 in chips) 
Seat 3: SklrZln2017 (530 in chips) 
raegon35: posts small blind 10
Mahu2021: posts big blind 20
*** HOLE CARDS ***
Dealt to Mahu2021 [Ac 9s]
SklrZln2017: raises 40 to 60
raegon35: folds 
Mahu2021: calls 40
*** FLOP *** [Th Ts Kc]
Mahu2021: checks 
SklrZln2017: bets 40
Mahu2021: folds 
Uncalled bet (40) returned to SklrZln2017
SklrZln2017 collected 130 from pot
SklrZln2017: doesn't show hand 
*** SUMMARY ***
Total pot 130 | Rake 0 
Board [Th Ts Kc]
Seat 1: raegon35 (small blind) folded before Flop
Seat 2: Mahu2021 (big blind) folded on the Flop
Seat 3: SklrZln2017 (button) collected (130)



PokerStars Hand #249824849007: Tournament #3738371285, $1.84+$0.16 USD Hold'em No Limit - Level I (10/20) - 2024/04/06 14:46:59 CET [2024/04/06 8:46:59 ET]
Table '3738371285 1' 3-max Seat #1 is the button
Seat 1: raegon35 (470 in chips) 
Seat 2: Mahu2021 (430 in chips) 
Seat 3: SklrZln2017 (600 in chips) 
Mahu2021: posts small blind 10
SklrZln2017: posts big blind 20
*** HOLE CARDS ***
Dealt to Mahu2021 [Jc Js]
raegon35: calls 20
Mahu2021: raises 60 to 80
SklrZln2017: folds 
raegon35: folds 
Uncalled bet (60) returned to Mahu2021
Mahu2021 collected 60 from pot
Mahu2021: doesn't show hand 
*** SUMMARY ***
Total pot 60 | Rake 0 
Seat 1: raegon35 (button) folded before Flop
Seat 2: Mahu2021 (small blind) collected (60)
Seat 3: SklrZln2017 (big blind) folded before Flop



PokerStars Hand #249824851666: Tournament #3738371285, $1.84+$0.16 USD Hold'em No Limit - Level I (10/20) - 2024/04/06 14:47:12 CET [2024/04/06 8:47:12 ET]
Table '3738371285 1' 3-max Seat #2 is the button
Seat 1: raegon35 (450 in chips) 
Seat 2: Mahu2021 (470 in chips) 
Seat 3: SklrZln2017 (580 in chips) 
SklrZln2017: posts small blind 10
raegon35: posts big blind 20
*** HOLE CARDS ***
Dealt to Mahu2021 [6h Kh]
Mahu2021: calls 20
SklrZln2017: calls 10
raegon35: checks 
*** FLOP *** [2c 9h 7s]
SklrZln2017: checks 
raegon35: bets 40
Mahu2021: folds 
SklrZln2017: calls 40
*** TURN *** [2c 9h 7s] [Tc]
SklrZln2017: checks 
raegon35: checks 
*** RIVER *** [2c 9h 7s Tc] [Ts]
SklrZln2017: checks 
raegon35: bets 80
SklrZln2017: raises 80 to 160
raegon35: calls 80
*** SHOW DOWN ***
SklrZln2017: shows [Js 8d] (a straight, Seven to Jack)
raegon35: mucks hand 
SklrZln2017 collected 460 from pot
*** SUMMARY ***
Total pot 460 | Rake 0 
Board [2c 9h 7s Tc Ts]
Seat 1: raegon35 (big blind) mucked [As Jh]
Seat 2: Mahu2021 (button) folded on the Flop
Seat 3: SklrZln2017 (small blind) showed [Js 8d] and won (460) with a straight, Seven to Jack



PokerStars Hand #249824856475: Tournament #3738371285, $1.84+$0.16 USD Hold'em No Limit - Level I (10/20) - 2024/04/06 14:47:36 CET [2024/04/06 8:47:36 ET]
Table '3738371285 1' 3-max Seat #3 is the button
Seat 1: raegon35 (230 in chips) 
Seat 2: Mahu2021 (450 in chips) 
Seat 3: SklrZln2017 (820 in chips) 
raegon35: posts small blind 10
Mahu2021: posts big blind 20
*** HOLE CARDS ***
Dealt to Mahu2021 [5d 6h]
SklrZln2017: raises 40 to 60
raegon35: raises 170 to 230 and is all-in
Mahu2021: folds 
SklrZln2017: calls 170
*** FLOP *** [Jd Kd 3c]
*** TURN *** [Jd Kd 3c] [Ks]
*** RIVER *** [Jd Kd 3c Ks] [5h]
*** SHOW DOWN ***
raegon35: shows [Js Jh] (a full house, Jacks full of Kings)
SklrZln2017: shows [7s 2c] (a pair of Kings)
raegon35 collected 480 from pot
*** SUMMARY ***
Total pot 480 | Rake 0 
Board [Jd Kd 3c Ks 5h]
Seat 1: raegon35 (small blind) showed [Js Jh] and won (480) with a full house, Jacks full of Kings
Seat 2: Mahu2021 (big blind) folded before Flop
Seat 3: SklrZln2017 (button) showed [7s 2c] and lost with a pair of Kings



PokerStars Hand #249824860297: Tournament #3738371285, $1.84+$0.16 USD Hold'em No Limit - Level I (10/20) - 2024/04/06 14:47:55 CET [2024/04/06 8:47:55 ET]
Table '3738371285 1' 3-max Seat #1 is the button
Seat 1: raegon35 (480 in chips) 
Seat 2: Mahu2021 (430 in chips) 
Seat 3: SklrZln2017 (590 in chips) 
Mahu2021: posts small blind 10
SklrZln2017: posts big blind 20
*** HOLE CARDS ***
Dealt to Mahu2021 [4c 3c]
raegon35: calls 20
Mahu2021: calls 10
SklrZln2017: raises 100 to 120
raegon35: raises 360 to 480 and is all-in
Mahu2021: folds 
SklrZln2017: calls 360
*** FLOP *** [8s Kc Qs]
*** TURN *** [8s Kc Qs] [2c]
*** RIVER *** [8s Kc Qs 2c] [Jd]
*** SHOW DOWN ***
SklrZln2017: shows [Th Kh] (a pair of Kings)
raegon35: shows [6h Ah] (high card Ace)
SklrZln2017 collected 980 from pot
raegon35 finished the tournament in 3rd place
*** SUMMARY ***
Total pot 980 | Rake 0 
Board [8s Kc Qs 2c Jd]
Seat 1: raegon35 (button) showed [6h Ah] and lost with high card Ace
Seat 2: Mahu2021 (small blind) folded before Flop
Seat 3: SklrZln2017 (big blind) showed [Th Kh] and won (980) with a pair of Kings



PokerStars Hand #249824864691: Tournament #3738371285, $1.84+$0.16 USD Hold'em No Limit - Level I (10/20) - 2024/04/06 14:48:17 CET [2024/04/06 8:48:17 ET]
Table '3738371285 1' 3-max Seat #3 is the button
Seat 2: Mahu2021 (410 in chips) 
Seat 3: SklrZln2017 (1090 in chips) 
SklrZln2017: posts small blind 10
Mahu2021: posts big blind 20
*** HOLE CARDS ***
Dealt to Mahu2021 [6c 3c]
SklrZln2017: folds 
Uncalled bet (10) returned to Mahu2021
Mahu2021 collected 20 from pot
Mahu2021: doesn't show hand 
*** SUMMARY ***
Total pot 20 | Rake 0 
Seat 2: Mahu2021 (big blind) collected (20)
Seat 3: SklrZln2017 (button) (small blind) folded before Flop



PokerStars Hand #249824865508: Tournament #3738371285, $1.84+$0.16 USD Hold'em No Limit - Level I (10/20) - 2024/04/06 14:48:21 CET [2024/04/06 8:48:21 ET]
Table '3738371285 1' 3-max Seat #2 is the button
Seat 2: Mahu2021 (420 in chips) 
Seat 3: SklrZln2017 (1080 in chips) 
Mahu2021: posts small blind 10
SklrZln2017: posts big blind 20
*** HOLE CARDS ***
Dealt to Mahu2021 [7d 9h]
Mahu2021: calls 10
SklrZln2017: raises 60 to 80
Mahu2021: folds 
Uncalled bet (60) returned to SklrZln2017
SklrZln2017 collected 40 from pot
SklrZln2017: doesn't show hand 
*** SUMMARY ***
Total pot 40 | Rake 0 
Seat 2: Mahu2021 (button) (small blind) folded before Flop
Seat 3: SklrZln2017 (big blind) collected (40)



PokerStars Hand #249824867278: Tournament #3738371285, $1.84+$0.16 USD Hold'em No Limit - Level I (10/20) - 2024/04/06 14:48:30 CET [2024/04/06 8:48:30 ET]
Table '3738371285 1' 3-max Seat #3 is the button
Seat 2: Mahu2021 (400 in chips) 
Seat 3: SklrZln2017 (1100 in chips) 
SklrZln2017: posts small blind 10
Mahu2021: posts big blind 20
*** HOLE CARDS ***
Dealt to Mahu2021 [3s 2h]
SklrZln2017: raises 40 to 60
Mahu2021: folds 
Uncalled bet (40) returned to SklrZln2017
SklrZln2017 collected 40 from pot
SklrZln2017: doesn't show hand 
*** SUMMARY ***
Total pot 40 | Rake 0 
Seat 2: Mahu2021 (big blind) folded before Flop
Seat 3: SklrZln2017 (button) (small blind) collected (40)



PokerStars Hand #249824869045: Tournament #3738371285, $1.84+$0.16 USD Hold'em No Limit - Level II (15/30) - 2024/04/06 14:48:39 CET [2024/04/06 8:48:39 ET]
Table '3738371285 1' 3-max Seat #2 is the button
Seat 2: Mahu2021 (380 in chips) 
Seat 3: SklrZln2017 (1120 in chips) 
Mahu2021: posts small blind 15
SklrZln2017: posts big blind 30
*** HOLE CARDS ***
Dealt to Mahu2021 [4d Js]
Mahu2021: calls 15
SklrZln2017: raises 120 to 150
Mahu2021: folds 
Uncalled bet (120) returned to SklrZln2017
SklrZln2017 collected 60 from pot
SklrZln2017: doesn't show hand 
*** SUMMARY ***
Total pot 60 | Rake 0 
Seat 2: Mahu2021 (button) (small blind) folded before Flop
Seat 3: SklrZln2017 (big blind) collected (60)



PokerStars Hand #249824870572: Tournament #3738371285, $1.84+$0.16 USD Hold'em No Limit - Level II (15/30) - 2024/04/06 14:48:46 CET [2024/04/06 8:48:46 ET]
Table '3738371285 1' 3-max Seat #3 is the button
Seat 2: Mahu2021 (350 in chips) 
Seat 3: SklrZln2017 (1150 in chips) 
SklrZln2017: posts small blind 15
Mahu2021: posts big blind 30
*** HOLE CARDS ***
Dealt to Mahu2021 [Qs 5d]
SklrZln2017: folds 
Uncalled bet (15) returned to Mahu2021
Mahu2021 collected 30 from pot
Mahu2021: doesn't show hand 
*** SUMMARY ***
Total pot 30 | Rake 0 
Seat 2: Mahu2021 (big blind) collected (30)
Seat 3: SklrZln2017 (button) (small blind) folded before Flop



PokerStars Hand #249824871379: Tournament #3738371285, $1.84+$0.16 USD Hold'em No Limit - Level II (15/30) - 2024/04/06 14:48:50 CET [2024/04/06 8:48:50 ET]
Table '3738371285 1' 3-max Seat #2 is the button
Seat 2: Mahu2021 (365 in chips) 
Seat 3: SklrZln2017 (1135 in chips) 
Mahu2021: posts small blind 15
SklrZln2017: posts big blind 30
*** HOLE CARDS ***
Dealt to Mahu2021 [Qh Qd]
Mahu2021: calls 15
SklrZln2017: raises 90 to 120
Mahu2021: raises 245 to 365 and is all-in
SklrZln2017: calls 245
*** FLOP *** [8s 3c 9d]
*** TURN *** [8s 3c 9d] [Td]
*** RIVER *** [8s 3c 9d Td] [As]
*** SHOW DOWN ***
SklrZln2017: shows [Kc Qs] (high card Ace)
Mahu2021: shows [Qh Qd] (a pair of Queens)
Mahu2021 collected 730 from pot
*** SUMMARY ***
Total pot 730 | Rake 0 
Board [8s 3c 9d Td As]
Seat 2: Mahu2021 (button) (small blind) showed [Qh Qd] and won (730) with a pair of Queens
Seat 3: SklrZln2017 (big blind) showed [Kc Qs] and lost with high card Ace



PokerStars Hand #249824874592: Tournament #3738371285, $1.84+$0.16 USD Hold'em No Limit - Level II (15/30) - 2024/04/06 14:49:06 CET [2024/04/06 8:49:06 ET]
Table '3738371285 1' 3-max Seat #3 is the button
Seat 2: Mahu2021 (730 in chips) 
Seat 3: SklrZln2017 (770 in chips) 
SklrZln2017: posts small blind 15
Mahu2021: posts big blind 30
*** HOLE CARDS ***
Dealt to Mahu2021 [7s 8d]
SklrZln2017: raises 60 to 90
Mahu2021: calls 60
*** FLOP *** [Kc 9c 2s]
Mahu2021: checks 
SklrZln2017: bets 120
Mahu2021: folds 
Uncalled bet (120) returned to SklrZln2017
SklrZln2017 collected 180 from pot
SklrZln2017: doesn't show hand 
*** SUMMARY ***
Total pot 180 | Rake 0 
Board [Kc 9c 2s]
Seat 2: Mahu2021 (big blind) folded on the Flop
Seat 3: SklrZln2017 (button) (small blind) collected (180)



PokerStars Hand #249824876923: Tournament #3738371285, $1.84+$0.16 USD Hold'em No Limit - Level II (15/30) - 2024/04/06 14:49:18 CET [2024/04/06 8:49:18 ET]
Table '3738371285 1' 3-max Seat #2 is the button
Seat 2: Mahu2021 (640 in chips) 
Seat 3: SklrZln2017 (860 in chips) 
Mahu2021: posts small blind 15
SklrZln2017: posts big blind 30
*** HOLE CARDS ***
Dealt to Mahu2021 [2c Qd]
Mahu2021: folds 
Uncalled bet (15) returned to SklrZln2017
SklrZln2017 collected 30 from pot
SklrZln2017: doesn't show hand 
*** SUMMARY ***
Total pot 30 | Rake 0 
Seat 2: Mahu2021 (button) (small blind) folded before Flop
Seat 3: SklrZln2017 (big blind) collected (30)



PokerStars Hand #249824877816: Tournament #3738371285, $1.84+$0.16 USD Hold'em No Limit - Level II (15/30) - 2024/04/06 14:49:22 CET [2024/04/06 8:49:22 ET]
Table '3738371285 1' 3-max Seat #3 is the button
Seat 2: Mahu2021 (625 in chips) 
Seat 3: SklrZln2017 (875 in chips) 
SklrZln2017: posts small blind 15
Mahu2021: posts big blind 30
*** HOLE CARDS ***
Dealt to Mahu2021 [5h 7c]
SklrZln2017: raises 60 to 90
Mahu2021: folds 
Uncalled bet (60) returned to SklrZln2017
SklrZln2017 collected 60 from pot
SklrZln2017: doesn't show hand 
*** SUMMARY ***
Total pot 60 | Rake 0 
Seat 2: Mahu2021 (big blind) folded before Flop
Seat 3: SklrZln2017 (button) (small blind) collected (60)



PokerStars Hand #249824879069: Tournament #3738371285, $1.84+$0.16 USD Hold'em No Limit - Level II (15/30) - 2024/04/06 14:49:28 CET [2024/04/06 8:49:28 ET]
Table '3738371285 1' 3-max Seat #2 is the button
Seat 2: Mahu2021 (595 in chips) 
Seat 3: SklrZln2017 (905 in chips) 
Mahu2021: posts small blind 15
SklrZln2017: posts big blind 30
*** HOLE CARDS ***
Dealt to Mahu2021 [6s 8c]
Mahu2021: folds 
Uncalled bet (15) returned to SklrZln2017
SklrZln2017 collected 30 from pot
SklrZln2017: doesn't show hand 
*** SUMMARY ***
Total pot 30 | Rake 0 
Seat 2: Mahu2021 (button) (small blind) folded before Flop
Seat 3: SklrZln2017 (big blind) collected (30)



PokerStars Hand #249824879944: Tournament #3738371285, $1.84+$0.16 USD Hold'em No Limit - Level II (15/30) - 2024/04/06 14:49:33 CET [2024/04/06 8:49:33 ET]
Table '3738371285 1' 3-max Seat #3 is the button
Seat 2: Mahu2021 (580 in chips) 
Seat 3: SklrZln2017 (920 in chips) 
SklrZln2017: posts small blind 15
Mahu2021: posts big blind 30
*** HOLE CARDS ***
Dealt to Mahu2021 [Js 3c]
SklrZln2017: calls 15
Mahu2021: raises 90 to 120
SklrZln2017: calls 90
*** FLOP *** [Jc 6s 2d]
Mahu2021: bets 460 and is all-in
SklrZln2017: folds 
Uncalled bet (460) returned to Mahu2021
Mahu2021 collected 240 from pot
Mahu2021: doesn't show hand 
*** SUMMARY ***
Total pot 240 | Rake 0 
Board [Jc 6s 2d]
Seat 2: Mahu2021 (big blind) collected (240)
Seat 3: SklrZln2017 (button) (small blind) folded on the Flop



PokerStars Hand #249824882465: Tournament #3738371285, $1.84+$0.16 USD Hold'em No Limit - Level II (15/30) - 2024/04/06 14:49:45 CET [2024/04/06 8:49:45 ET]
Table '3738371285 1' 3-max Seat #2 is the button
Seat 2: Mahu2021 (700 in chips) 
Seat 3: SklrZln2017 (800 in chips) 
Mahu2021: posts small blind 15
SklrZln2017: posts big blind 30
*** HOLE CARDS ***
Dealt to Mahu2021 [Kc 2c]
Mahu2021: calls 15
SklrZln2017: checks 
*** FLOP *** [4c 4s Qh]
SklrZln2017: checks 
Mahu2021: checks 
*** TURN *** [4c 4s Qh] [Ac]
SklrZln2017: checks 
Mahu2021: bets 60
SklrZln2017: calls 60
*** RIVER *** [4c 4s Qh Ac] [9d]
SklrZln2017: checks 
Mahu2021: checks 
*** SHOW DOWN ***
SklrZln2017: shows [4h 3c] (three of a kind, Fours)
Mahu2021: mucks hand 
SklrZln2017 collected 180 from pot
*** SUMMARY ***
Total pot 180 | Rake 0 
Board [4c 4s Qh Ac 9d]
Seat 2: Mahu2021 (button) (small blind) mucked [Kc 2c]
Seat 3: SklrZln2017 (big blind) showed [4h 3c] and won (180) with three of a kind, Fours



PokerStars Hand #249824885614: Tournament #3738371285, $1.84+$0.16 USD Hold'em No Limit - Level II (15/30) - 2024/04/06 14:50:01 CET [2024/04/06 8:50:01 ET]
Table '3738371285 1' 3-max Seat #3 is the button
Seat 2: Mahu2021 (610 in chips) 
Seat 3: SklrZln2017 (890 in chips) 
SklrZln2017: posts small blind 15
Mahu2021: posts big blind 30
*** HOLE CARDS ***
Dealt to Mahu2021 [3c Kd]
SklrZln2017: calls 15
Mahu2021: checks 
*** FLOP *** [5h 3s 2h]
Mahu2021: checks 
SklrZln2017: bets 60
Mahu2021: calls 60
*** TURN *** [5h 3s 2h] [2c]
Mahu2021: checks 
SklrZln2017: bets 120
Mahu2021: calls 120
*** RIVER *** [5h 3s 2h 2c] [As]
Mahu2021: checks 
SklrZln2017: checks 
*** SHOW DOWN ***
Mahu2021: shows [3c Kd] (two pair, Threes and Deuces)
SklrZln2017: shows [9s 5s] (two pair, Fives and Deuces)
SklrZln2017 collected 420 from pot
*** SUMMARY ***
Total pot 420 | Rake 0 
Board [5h 3s 2h 2c As]
Seat 2: Mahu2021 (big blind) showed [3c Kd] and lost with two pair, Threes and Deuces
Seat 3: SklrZln2017 (button) (small blind) showed [9s 5s] and won (420) with two pair, Fives and Deuces



PokerStars Hand #249824889645: Tournament #3738371285, $1.84+$0.16 USD Hold'em No Limit - Level II (15/30) - 2024/04/06 14:50:21 CET [2024/04/06 8:50:21 ET]
Table '3738371285 1' 3-max Seat #2 is the button
Seat 2: Mahu2021 (400 in chips) 
Seat 3: SklrZln2017 (1100 in chips) 
Mahu2021: posts small blind 15
SklrZln2017: posts big blind 30
*** HOLE CARDS ***
Dealt to Mahu2021 [Ts 6d]
Mahu2021: folds 
Uncalled bet (15) returned to SklrZln2017
SklrZln2017 collected 30 from pot
SklrZln2017: doesn't show hand 
*** SUMMARY ***
Total pot 30 | Rake 0 
Seat 2: Mahu2021 (button) (small blind) folded before Flop
Seat 3: SklrZln2017 (big blind) collected (30)



PokerStars Hand #249824890551: Tournament #3738371285, $1.84+$0.16 USD Hold'em No Limit - Level II (15/30) - 2024/04/06 14:50:26 CET [2024/04/06 8:50:26 ET]
Table '3738371285 1' 3-max Seat #3 is the button
Seat 2: Mahu2021 (385 in chips) 
Seat 3: SklrZln2017 (1115 in chips) 
SklrZln2017: posts small blind 15
Mahu2021: posts big blind 30
*** HOLE CARDS ***
Dealt to Mahu2021 [7s Tc]
SklrZln2017: calls 15
Mahu2021: checks 
*** FLOP *** [9d 5d 8h]
Mahu2021: checks 
SklrZln2017: bets 30
Mahu2021: calls 30
*** TURN *** [9d 5d 8h] [Jh]
Mahu2021: checks 
SklrZln2017: bets 30
Mahu2021: calls 30
*** RIVER *** [9d 5d 8h Jh] [4c]
Mahu2021: bets 180
SklrZln2017: folds 
Uncalled bet (180) returned to Mahu2021
Mahu2021 collected 180 from pot
Mahu2021: doesn't show hand 
*** SUMMARY ***
Total pot 180 | Rake 0 
Board [9d 5d 8h Jh 4c]
Seat 2: Mahu2021 (big blind) collected (180)
Seat 3: SklrZln2017 (button) (small blind) folded on the River



PokerStars Hand #249824897283: Tournament #3738371285, $1.84+$0.16 USD Hold'em No Limit - Level III (20/40) - 2024/04/06 14:50:59 CET [2024/04/06 8:50:59 ET]
Table '3738371285 1' 3-max Seat #2 is the button
Seat 2: Mahu2021 (475 in chips) 
Seat 3: SklrZln2017 (1025 in chips) 
Mahu2021: posts small blind 20
SklrZln2017: posts big blind 40
*** HOLE CARDS ***
Dealt to Mahu2021 [Ac Td]
Mahu2021: raises 435 to 475 and is all-in
SklrZln2017: folds 
Uncalled bet (435) returned to Mahu2021
Mahu2021 collected 80 from pot
Mahu2021: doesn't show hand 
*** SUMMARY ***
Total pot 80 | Rake 0 
Seat 2: Mahu2021 (button) (small blind) collected (80)
Seat 3: SklrZln2017 (big blind) folded before Flop



PokerStars Hand #249824898711: Tournament #3738371285, $1.84+$0.16 USD Hold'em No Limit - Level III (20/40) - 2024/04/06 14:51:06 CET [2024/04/06 8:51:06 ET]
Table '3738371285 1' 3-max Seat #3 is the button
Seat 2: Mahu2021 (515 in chips) 
Seat 3: SklrZln2017 (985 in chips) 
SklrZln2017: posts small blind 20
Mahu2021: posts big blind 40
*** HOLE CARDS ***
Dealt to Mahu2021 [Th 7c]
SklrZln2017: raises 80 to 120
Mahu2021: folds 
Uncalled bet (80) returned to SklrZln2017
SklrZln2017 collected 80 from pot
SklrZln2017: doesn't show hand 
*** SUMMARY ***
Total pot 80 | Rake 0 
Seat 2: Mahu2021 (big blind) folded before Flop
Seat 3: SklrZln2017 (button) (small blind) collected (80)



PokerStars Hand #249824900132: Tournament #3738371285, $1.84+$0.16 USD Hold'em No Limit - Level III (20/40) - 2024/04/06 14:51:14 CET [2024/04/06 8:51:14 ET]
Table '3738371285 1' 3-max Seat #2 is the button
Seat 2: Mahu2021 (475 in chips) 
Seat 3: SklrZln2017 (1025 in chips) 
Mahu2021: posts small blind 20
SklrZln2017: posts big blind 40
*** HOLE CARDS ***
Dealt to Mahu2021 [Ac Js]
Mahu2021: calls 20
SklrZln2017: raises 120 to 160
Mahu2021: raises 315 to 475 and is all-in
SklrZln2017: calls 315
*** FLOP *** [3d 7h 5s]
*** TURN *** [3d 7h 5s] [9c]
*** RIVER *** [3d 7h 5s 9c] [Qd]
*** SHOW DOWN ***
SklrZln2017: shows [8s 9s] (a pair of Nines)
Mahu2021: shows [Ac Js] (high card Ace)
SklrZln2017 collected 950 from pot
Mahu2021 finished the tournament in 2nd place
SklrZln2017 wins the tournament and receives $4.00 - congratulations!
*** SUMMARY ***
Total pot 950 | Rake 0 
Board [3d 7h 5s 9c Qd]
Seat 2: Mahu2021 (button) (small blind) showed [Ac Js] and lost with high card Ace
Seat 3: SklrZln2017 (big blind) showed [8s 9s] and won (950) with a pair of Nines



