PokerStars Zoom Hand #252735390082:  Hold'em No Limit ($0.01/$0.02) - 2024/10/02 16:05:41 CET [2024/10/02 10:05:41 ET]
Table 'Halley' 6-max Seat #1 is the button
Seat 1: HSGVB81 ($5.15 in chips) 
Seat 2: Mahu2021 ($1.98 in chips) 
Seat 3: dunava ($2.74 in chips) 
Seat 4: pato04011998 ($2.17 in chips) 
Seat 5: RazeRaze96 ($3.99 in chips) 
Seat 6: pad_nikom ($2.25 in chips) 
Mahu2021: posts small blind $0.01
dunava: posts big blind $0.02
*** HOLE CARDS ***
Dealt to Mahu2021 [8c 7s]
pato04011998: folds 
RazeRaze96: folds 
pad_nikom: raises $0.04 to $0.06
HSGVB81: folds 
Mahu2021: folds 
dunava: folds 
Uncalled bet ($0.04) returned to pad_nikom
pad_nikom collected $0.05 from pot
pad_nikom: doesn't show hand 
*** SUMMARY ***
Total pot $0.05 | Rake $0 
Seat 1: HSGVB81 (button) folded before Flop (didn't bet)
Seat 2: Mahu2021 (small blind) folded before Flop
Seat 3: dunava (big blind) folded before Flop
Seat 4: pato04011998 folded before Flop (didn't bet)
Seat 5: RazeRaze96 folded before Flop (didn't bet)
Seat 6: pad_nikom collected ($0.05)



PokerStars Zoom Hand #252735390878:  Hold'em No Limit ($0.01/$0.02) - 2024/10/02 16:05:45 CET [2024/10/02 10:05:45 ET]
Table 'Halley' 6-max Seat #1 is the button
Seat 1: flechazoo ($2.58 in chips) 
Seat 2: CHWM ($7.50 in chips) 
Seat 3: 990ctan ($1 in chips) 
Seat 4: RmLBuck ($0.54 in chips) 
Seat 5: Mahu2021 ($1.97 in chips) 
Seat 6: vikkoboy ($10.12 in chips) 
CHWM: posts small blind $0.01
990ctan: posts big blind $0.02
*** HOLE CARDS ***
Dealt to Mahu2021 [Ad 3c]
RmLBuck: folds 
Mahu2021: folds 
vikkoboy: folds 
flechazoo: folds 
CHWM: raises $0.04 to $0.06
990ctan: folds 
Uncalled bet ($0.04) returned to CHWM
CHWM collected $0.04 from pot
CHWM: doesn't show hand 
*** SUMMARY ***
Total pot $0.04 | Rake $0 
Seat 1: flechazoo (button) folded before Flop (didn't bet)
Seat 2: CHWM (small blind) collected ($0.04)
Seat 3: 990ctan (big blind) folded before Flop
Seat 4: RmLBuck folded before Flop (didn't bet)
Seat 5: Mahu2021 folded before Flop (didn't bet)
Seat 6: vikkoboy folded before Flop (didn't bet)



PokerStars Zoom Hand #252735388428:  Hold'em No Limit ($0.01/$0.02) - 2024/10/02 16:05:32 CET [2024/10/02 10:05:32 ET]
Table 'Halley' 6-max Seat #1 is the button
Seat 1: Gibmirmeine150€ ($2.34 in chips) 
Seat 2: Babis000 ($0.78 in chips) 
Seat 3: Mahu2021 ($2 in chips) 
Seat 4: 990ctan ($1.03 in chips) 
Seat 5: bettanye ($2 in chips) 
Seat 6: pericotete ($3.02 in chips) 
Babis000: posts small blind $0.01
Mahu2021: posts big blind $0.02
*** HOLE CARDS ***
Dealt to Mahu2021 [5c 3h]
990ctan: folds 
bettanye: folds 
pericotete: folds 
Gibmirmeine150€: raises $0.03 to $0.05
Babis000: calls $0.04
Mahu2021: folds 
*** FLOP *** [9d Td 6s]
Babis000: checks 
Gibmirmeine150€: bets $0.04
Babis000: raises $0.69 to $0.73 and is all-in
Gibmirmeine150€: folds 
Uncalled bet ($0.69) returned to Babis000
Babis000 collected $0.19 from pot
Babis000: doesn't show hand 
*** SUMMARY ***
Total pot $0.20 | Rake $0.01 
Board [9d Td 6s]
Seat 1: Gibmirmeine150€ (button) folded on the Flop
Seat 2: Babis000 (small blind) collected ($0.19)
Seat 3: Mahu2021 (big blind) folded before Flop
Seat 4: 990ctan folded before Flop (didn't bet)
Seat 5: bettanye folded before Flop (didn't bet)
Seat 6: pericotete folded before Flop (didn't bet)



PokerStars Zoom Hand #252735391609:  Hold'em No Limit ($0.01/$0.02) - 2024/10/02 16:05:49 CET [2024/10/02 10:05:49 ET]
Table 'Halley' 6-max Seat #1 is the button
Seat 1: Mahu2021 ($1.97 in chips) 
Seat 2: hokkyokuguma ($2 in chips) 
Seat 3: vadimich79 ($3.61 in chips) 
Seat 4: Grand_Gena ($2.88 in chips) 
Seat 5: LimboD13 ($2.91 in chips) 
Seat 6: erdod1987 ($2.48 in chips) 
hokkyokuguma: posts small blind $0.01
vadimich79: posts big blind $0.02
*** HOLE CARDS ***
Dealt to Mahu2021 [Ac 3h]
Grand_Gena: folds 
LimboD13: folds 
erdod1987: raises $0.02 to $0.04
Mahu2021: calls $0.04
hokkyokuguma: folds 
vadimich79: folds 
*** FLOP *** [3s Jd Ks]
erdod1987: checks 
Mahu2021: checks 
*** TURN *** [3s Jd Ks] [5c]
erdod1987: bets $0.02
Mahu2021: calls $0.02
*** RIVER *** [3s Jd Ks 5c] [3c]
erdod1987: bets $0.02
Mahu2021: raises $0.08 to $0.10
erdod1987: folds 
Uncalled bet ($0.08) returned to Mahu2021
Mahu2021 collected $0.18 from pot
Mahu2021: doesn't show hand 
*** SUMMARY ***
Total pot $0.19 | Rake $0.01 
Board [3s Jd Ks 5c 3c]
Seat 1: Mahu2021 (button) collected ($0.18)
Seat 2: hokkyokuguma (small blind) folded before Flop
Seat 3: vadimich79 (big blind) folded before Flop
Seat 4: Grand_Gena folded before Flop (didn't bet)
Seat 5: LimboD13 folded before Flop (didn't bet)
Seat 6: erdod1987 folded on the River



PokerStars Zoom Hand #252735395771:  Hold'em No Limit ($0.01/$0.02) - 2024/10/02 16:06:12 CET [2024/10/02 10:06:12 ET]
Table 'Halley' 6-max Seat #1 is the button
Seat 1: strashilisht ($2.39 in chips) 
Seat 2: Gibmirmeine150€ ($2.25 in chips) 
Seat 3: Mahu2021 ($2.07 in chips) 
Seat 4: marioleaoo ($0.86 in chips) 
Seat 5: Lokietel ($2.79 in chips) 
Seat 6: luda9520 ($1.40 in chips) 
Gibmirmeine150€: posts small blind $0.01
Mahu2021: posts big blind $0.02
*** HOLE CARDS ***
Dealt to Mahu2021 [Ac Td]
marioleaoo: folds 
Lokietel: folds 
luda9520: raises $0.02 to $0.04
strashilisht: folds 
Gibmirmeine150€: folds 
Mahu2021: calls $0.02
*** FLOP *** [9c 6h Jd]
Mahu2021: checks 
luda9520: checks 
*** TURN *** [9c 6h Jd] [8d]
Mahu2021: checks 
luda9520: bets $0.05
Mahu2021: calls $0.05
*** RIVER *** [9c 6h Jd 8d] [Ah]
Mahu2021: checks 
luda9520: bets $0.09
Mahu2021: calls $0.09
*** SHOW DOWN ***
luda9520: shows [9h 8h] (two pair, Nines and Eights)
Mahu2021: mucks hand 
luda9520 collected $0.36 from pot
*** SUMMARY ***
Total pot $0.37 | Rake $0.01 
Board [9c 6h Jd 8d Ah]
Seat 1: strashilisht (button) folded before Flop (didn't bet)
Seat 2: Gibmirmeine150€ (small blind) folded before Flop
Seat 3: Mahu2021 (big blind) mucked [Ac Td]
Seat 4: marioleaoo folded before Flop (didn't bet)
Seat 5: Lokietel folded before Flop (didn't bet)
Seat 6: luda9520 showed [9h 8h] and won ($0.36) with two pair, Nines and Eights



PokerStars Zoom Hand #252735404113:  Hold'em No Limit ($0.01/$0.02) - 2024/10/02 16:06:56 CET [2024/10/02 10:06:56 ET]
Table 'Halley' 6-max Seat #1 is the button
Seat 1: garae ($2.15 in chips) 
Seat 2: vikkoboy ($10.13 in chips) 
Seat 3: KeiOuEl ($2.27 in chips) 
Seat 4: scroll7 ($1.21 in chips) 
Seat 5: boldhustler ($3.28 in chips) 
Seat 6: Mahu2021 ($1.89 in chips) 
vikkoboy: posts small blind $0.01
KeiOuEl: posts big blind $0.02
*** HOLE CARDS ***
Dealt to Mahu2021 [5s 5h]
scroll7: folds 
boldhustler: calls $0.02
Mahu2021: calls $0.02
garae: folds 
vikkoboy: folds 
KeiOuEl: raises $0.03 to $0.05
boldhustler: calls $0.03
Mahu2021: calls $0.03
*** FLOP *** [As 2d 3c]
KeiOuEl: checks 
boldhustler: bets $0.08
Mahu2021: calls $0.08
KeiOuEl: raises $0.22 to $0.30
boldhustler: folds 
Mahu2021: calls $0.22
*** TURN *** [As 2d 3c] [9c]
KeiOuEl: bets $0.41
Mahu2021: folds 
Uncalled bet ($0.41) returned to KeiOuEl
KeiOuEl collected $0.81 from pot
KeiOuEl: doesn't show hand 
*** SUMMARY ***
Total pot $0.84 | Rake $0.03 
Board [As 2d 3c 9c]
Seat 1: garae (button) folded before Flop (didn't bet)
Seat 2: vikkoboy (small blind) folded before Flop
Seat 3: KeiOuEl (big blind) collected ($0.81)
Seat 4: scroll7 folded before Flop (didn't bet)
Seat 5: boldhustler folded on the Flop
Seat 6: Mahu2021 folded on the Turn



PokerStars Zoom Hand #252735419594:  Hold'em No Limit ($0.01/$0.02) - 2024/10/02 16:08:19 CET [2024/10/02 10:08:19 ET]
Table 'Halley' 6-max Seat #1 is the button
Seat 1: IllMusso ($1.98 in chips) 
Seat 2: VlaamsBelang420 ($8.67 in chips) 
Seat 3: vencent28 ($1 in chips) 
Seat 4: slapikura ($2.13 in chips) 
Seat 5: FelixDeSouze ($2.61 in chips) 
Seat 6: Mahu2021 ($1.54 in chips) 
VlaamsBelang420: posts small blind $0.01
vencent28: posts big blind $0.02
*** HOLE CARDS ***
Dealt to Mahu2021 [Jc 8d]
slapikura: folds 
FelixDeSouze: folds 
Mahu2021: folds 
IllMusso: folds 
VlaamsBelang420: folds 
Uncalled bet ($0.01) returned to vencent28
vencent28 collected $0.02 from pot
vencent28: doesn't show hand 
*** SUMMARY ***
Total pot $0.02 | Rake $0 
Seat 1: IllMusso (button) folded before Flop (didn't bet)
Seat 2: VlaamsBelang420 (small blind) folded before Flop
Seat 3: vencent28 (big blind) collected ($0.02)
Seat 4: slapikura folded before Flop (didn't bet)
Seat 5: FelixDeSouze folded before Flop (didn't bet)
Seat 6: Mahu2021 folded before Flop (didn't bet)



PokerStars Zoom Hand #252735421814:  Hold'em No Limit ($0.01/$0.02) - 2024/10/02 16:08:31 CET [2024/10/02 10:08:31 ET]
Table 'Halley' 6-max Seat #1 is the button
Seat 1: hokkyokuguma ($2.23 in chips) 
Seat 2: TPRx88 ($1.97 in chips) 
Seat 3: GrimBanker18 ($1 in chips) 
Seat 4: FelixDeSouze ($3.42 in chips) 
Seat 5: Mahu2021 ($1.53 in chips) 
Seat 6: zhakewka ($4.78 in chips) 
TPRx88: posts small blind $0.01
GrimBanker18: posts big blind $0.02
*** HOLE CARDS ***
Dealt to Mahu2021 [3s 6h]
FelixDeSouze: folds 
Mahu2021: folds 
zhakewka: folds 
hokkyokuguma: folds 
TPRx88: calls $0.01
GrimBanker18: checks 
*** FLOP *** [Ad 5d Jd]
TPRx88: checks 
GrimBanker18: checks 
*** TURN *** [Ad 5d Jd] [Kh]
TPRx88: checks 
GrimBanker18: checks 
*** RIVER *** [Ad 5d Jd Kh] [Ts]
TPRx88: bets $0.02
GrimBanker18: calls $0.02
*** SHOW DOWN ***
TPRx88: shows [4d 6d] (a flush, Ace high)
GrimBanker18: mucks hand 
TPRx88 collected $0.08 from pot
*** SUMMARY ***
Total pot $0.08 | Rake $0 
Board [Ad 5d Jd Kh Ts]
Seat 1: hokkyokuguma (button) folded before Flop (didn't bet)
Seat 2: TPRx88 (small blind) showed [4d 6d] and won ($0.08) with a flush, Ace high
Seat 3: GrimBanker18 (big blind) mucked [6s Kd]
Seat 4: FelixDeSouze folded before Flop (didn't bet)
Seat 5: Mahu2021 folded before Flop (didn't bet)
Seat 6: zhakewka folded before Flop (didn't bet)



PokerStars Zoom Hand #252735423753:  Hold'em No Limit ($0.01/$0.02) - 2024/10/02 16:08:41 CET [2024/10/02 10:08:41 ET]
Table 'Halley' 6-max Seat #1 is the button
Seat 1: 7ax7 ($0.87 in chips) 
Seat 2: Strutt69 ($1.92 in chips) 
Seat 3: fiddler55 ($1.87 in chips) 
Seat 4: Mahu2021 ($1.53 in chips) 
Seat 5: tche46 ($0.96 in chips) 
Seat 6: genius369369 ($3.21 in chips) 
Strutt69: posts small blind $0.01
fiddler55: posts big blind $0.02
*** HOLE CARDS ***
Dealt to Mahu2021 [3d 7s]
Mahu2021: folds 
tche46: folds 
genius369369 is disconnected 
genius369369 has timed out while disconnected
genius369369: folds 
7ax7: folds 
Strutt69: folds 
Uncalled bet ($0.01) returned to fiddler55
fiddler55 collected $0.02 from pot
fiddler55: doesn't show hand 
*** SUMMARY ***
Total pot $0.02 | Rake $0 
Seat 1: 7ax7 (button) folded before Flop (didn't bet)
Seat 2: Strutt69 (small blind) folded before Flop
Seat 3: fiddler55 (big blind) collected ($0.02)
Seat 4: Mahu2021 folded before Flop (didn't bet)
Seat 5: tche46 folded before Flop (didn't bet)
Seat 6: genius369369 folded before Flop (didn't bet)



PokerStars Zoom Hand #252735427251:  Hold'em No Limit ($0.01/$0.02) - 2024/10/02 16:09:00 CET [2024/10/02 10:09:00 ET]
Table 'Halley' 6-max Seat #1 is the button
Seat 1: Alex366296 ($4.34 in chips) 
Seat 2: Mahu2021 ($1.51 in chips) 
Seat 3: youcoZz ($0.53 in chips) 
Seat 4: Tczirvniacov ($2.96 in chips) 
Seat 5: Strutt69 ($1.91 in chips) 
Seat 6: StubblyGooch ($1.44 in chips) 
Mahu2021: posts small blind $0.01
youcoZz: posts big blind $0.02
*** HOLE CARDS ***
Dealt to Mahu2021 [Qh 5d]
Tczirvniacov: folds 
Strutt69: folds 
StubblyGooch: folds 
Alex366296: folds 
Mahu2021: folds 
Uncalled bet ($0.01) returned to youcoZz
youcoZz collected $0.02 from pot
youcoZz: doesn't show hand 
*** SUMMARY ***
Total pot $0.02 | Rake $0 
Seat 1: Alex366296 (button) folded before Flop (didn't bet)
Seat 2: Mahu2021 (small blind) folded before Flop
Seat 3: youcoZz (big blind) collected ($0.02)
Seat 4: Tczirvniacov folded before Flop (didn't bet)
Seat 5: Strutt69 folded before Flop (didn't bet)
Seat 6: StubblyGooch folded before Flop (didn't bet)



PokerStars Zoom Hand #252735420215:  Hold'em No Limit ($0.01/$0.02) - 2024/10/02 16:08:22 CET [2024/10/02 10:08:22 ET]
Table 'Halley' 6-max Seat #1 is the button
Seat 1: ripbon ($2 in chips) 
Seat 2: Mahu2021 ($1.54 in chips) 
Seat 3: slapikura ($2.13 in chips) 
Seat 4: DeNN1s23 ($2.06 in chips) 
Seat 5: HousZee ($2.57 in chips) 
Seat 6: Drama911 ($4.14 in chips) 
Mahu2021: posts small blind $0.01
slapikura: posts big blind $0.02
*** HOLE CARDS ***
Dealt to Mahu2021 [8d 3s]
DeNN1s23: raises $0.04 to $0.06
HousZee: raises $0.16 to $0.22
Drama911: folds 
ripbon: folds 
Mahu2021: folds 
slapikura: folds 
DeNN1s23: calls $0.16
*** FLOP *** [Js 3c 7d]
DeNN1s23: checks 
HousZee: bets $0.20
DeNN1s23: calls $0.20
*** TURN *** [Js 3c 7d] [4d]
DeNN1s23: checks 
HousZee: checks 
*** RIVER *** [Js 3c 7d 4d] [4s]
DeNN1s23: checks 
HousZee: checks 
*** SHOW DOWN ***
DeNN1s23: shows [Jc Tc] (two pair, Jacks and Fours)
HousZee: mucks hand 
DeNN1s23 collected $0.84 from pot
*** SUMMARY ***
Total pot $0.87 | Rake $0.03 
Board [Js 3c 7d 4d 4s]
Seat 1: ripbon (button) folded before Flop (didn't bet)
Seat 2: Mahu2021 (small blind) folded before Flop
Seat 3: slapikura (big blind) folded before Flop
Seat 4: DeNN1s23 showed [Jc Tc] and won ($0.84) with two pair, Jacks and Fours
Seat 5: HousZee mucked [3h Ah]
Seat 6: Drama911 folded before Flop (didn't bet)



PokerStars Zoom Hand #252735428029:  Hold'em No Limit ($0.01/$0.02) - 2024/10/02 16:09:04 CET [2024/10/02 10:09:04 ET]
Table 'Halley' 6-max Seat #1 is the button
Seat 1: fiddler55 ($1.87 in chips) 
Seat 2: DiWerder ($2.98 in chips) 
Seat 3: dominik2511 ($2 in chips) 
Seat 4: PoeeeeN ($2.09 in chips) 
Seat 5: HSGVB81 ($2.02 in chips) 
Seat 6: Mahu2021 ($1.50 in chips) 
DiWerder: posts small blind $0.01
dominik2511: posts big blind $0.02
*** HOLE CARDS ***
Dealt to Mahu2021 [4s Jh]
PoeeeeN: folds 
HSGVB81: folds 
Mahu2021: folds 
fiddler55: folds 
DiWerder: folds 
Uncalled bet ($0.01) returned to dominik2511
dominik2511 collected $0.02 from pot
dominik2511: doesn't show hand 
*** SUMMARY ***
Total pot $0.02 | Rake $0 
Seat 1: fiddler55 (button) folded before Flop (didn't bet)
Seat 2: DiWerder (small blind) folded before Flop
Seat 3: dominik2511 (big blind) collected ($0.02)
Seat 4: PoeeeeN folded before Flop (didn't bet)
Seat 5: HSGVB81 folded before Flop (didn't bet)
Seat 6: Mahu2021 folded before Flop (didn't bet)



PokerStars Zoom Hand #252735422601:  Hold'em No Limit ($0.01/$0.02) - 2024/10/02 16:08:35 CET [2024/10/02 10:08:35 ET]
Table 'Halley' 6-max Seat #1 is the button
Seat 1: Mahu2021 ($1.53 in chips) 
Seat 2: gamw_TROIKA ($2.28 in chips) 
Seat 3: labelleyanie ($1.79 in chips) 
Seat 4: fiddler55 ($1.87 in chips) 
Seat 5: elmex886 ($2 in chips) 
Seat 6: Tony-Broke ($6.42 in chips) 
gamw_TROIKA: posts small blind $0.01
labelleyanie: posts big blind $0.02
*** HOLE CARDS ***
Dealt to Mahu2021 [9h 4s]
fiddler55: folds 
elmex886: folds 
Tony-Broke: folds 
Mahu2021: folds 
gamw_TROIKA: raises $0.02 to $0.04
labelleyanie: calls $0.02
*** FLOP *** [7d 3h 6d]
gamw_TROIKA: checks 
labelleyanie: checks 
*** TURN *** [7d 3h 6d] [Qc]
gamw_TROIKA: checks 
labelleyanie: checks 
*** RIVER *** [7d 3h 6d Qc] [9s]
gamw_TROIKA: checks 
labelleyanie: checks 
*** SHOW DOWN ***
gamw_TROIKA: shows [Jc 6c] (a pair of Sixes)
labelleyanie: shows [Kh 7s] (a pair of Sevens)
labelleyanie collected $0.08 from pot
*** SUMMARY ***
Total pot $0.08 | Rake $0 
Board [7d 3h 6d Qc 9s]
Seat 1: Mahu2021 (button) folded before Flop (didn't bet)
Seat 2: gamw_TROIKA (small blind) showed [Jc 6c] and lost with a pair of Sixes
Seat 3: labelleyanie (big blind) showed [Kh 7s] and won ($0.08) with a pair of Sevens
Seat 4: fiddler55 folded before Flop (didn't bet)
Seat 5: elmex886 folded before Flop (didn't bet)
Seat 6: Tony-Broke folded before Flop (didn't bet)



PokerStars Zoom Hand #252735429131:  Hold'em No Limit ($0.01/$0.02) - 2024/10/02 16:09:10 CET [2024/10/02 10:09:10 ET]
Table 'Halley' 6-max Seat #1 is the button
Seat 1: 3ezrael1 ($3.83 in chips) 
Seat 2: Casinoca$h ($6.97 in chips) 
Seat 3: OFSHOR ($3.80 in chips) 
Seat 4: bel_2302 ($2.42 in chips) 
Seat 5: Mahu2021 ($1.50 in chips) 
Seat 6: krj2n ($4 in chips) 
Casinoca$h: posts small blind $0.01
OFSHOR: posts big blind $0.02
*** HOLE CARDS ***
Dealt to Mahu2021 [9s 2s]
bel_2302: raises $0.02 to $0.04
Mahu2021: folds 
krj2n: folds 
3ezrael1: folds 
Casinoca$h: folds 
OFSHOR: folds 
Uncalled bet ($0.02) returned to bel_2302
bel_2302 collected $0.05 from pot
bel_2302: doesn't show hand 
*** SUMMARY ***
Total pot $0.05 | Rake $0 
Seat 1: 3ezrael1 (button) folded before Flop (didn't bet)
Seat 2: Casinoca$h (small blind) folded before Flop
Seat 3: OFSHOR (big blind) folded before Flop
Seat 4: bel_2302 collected ($0.05)
Seat 5: Mahu2021 folded before Flop (didn't bet)
Seat 6: krj2n folded before Flop (didn't bet)



PokerStars Zoom Hand #252735424340:  Hold'em No Limit ($0.01/$0.02) - 2024/10/02 16:08:44 CET [2024/10/02 10:08:44 ET]
Table 'Halley' 6-max Seat #1 is the button
Seat 1: boulis4 ($2.38 in chips) 
Seat 2: Yisyayup ($3.35 in chips) 
Seat 3: Mahu2021 ($1.53 in chips) 
Seat 4: LimboD13 ($4.13 in chips) 
Seat 5: OFSHOR ($4.93 in chips) 
Seat 6: Julio8763 ($3.12 in chips) 
Yisyayup: posts small blind $0.01
Mahu2021: posts big blind $0.02
*** HOLE CARDS ***
Dealt to Mahu2021 [Ah 4c]
LimboD13: folds 
OFSHOR: raises $0.03 to $0.05
Julio8763: calls $0.05
boulis4: calls $0.05
Yisyayup: raises $0.19 to $0.24
Mahu2021: folds 
OFSHOR: folds 
Julio8763: folds 
boulis4: calls $0.19
*** FLOP *** [8c Ts Tc]
Yisyayup: bets $0.19
boulis4: folds 
Uncalled bet ($0.19) returned to Yisyayup
Yisyayup collected $0.58 from pot
Yisyayup: doesn't show hand 
*** SUMMARY ***
Total pot $0.60 | Rake $0.02 
Board [8c Ts Tc]
Seat 1: boulis4 (button) folded on the Flop
Seat 2: Yisyayup (small blind) collected ($0.58)
Seat 3: Mahu2021 (big blind) folded before Flop
Seat 4: LimboD13 folded before Flop (didn't bet)
Seat 5: OFSHOR folded before Flop
Seat 6: Julio8763 folded before Flop



PokerStars Zoom Hand #252735428421:  Hold'em No Limit ($0.01/$0.02) - 2024/10/02 16:09:06 CET [2024/10/02 10:09:06 ET]
Table 'Halley' 6-max Seat #1 is the button
Seat 1: Jok777 ($2 in chips) 
Seat 2: Drama911 ($4.12 in chips) 
Seat 3: FelixDeSouze ($2.85 in chips) 
Seat 4: Mahu2021 ($1.50 in chips) 
Seat 5: capricorn181 ($2.11 in chips) 
Seat 6: ripbon ($2 in chips) 
Drama911: posts small blind $0.01
FelixDeSouze: posts big blind $0.02
*** HOLE CARDS ***
Dealt to Mahu2021 [Js 3d]
Mahu2021: folds 
capricorn181: folds 
ripbon: folds 
Jok777: raises $0.04 to $0.06
Drama911: calls $0.05
FelixDeSouze: folds 
*** FLOP *** [2c 9c As]
Drama911: checks 
Jok777: bets $0.05
Drama911: calls $0.05
*** TURN *** [2c 9c As] [Ah]
Drama911: checks 
Jok777: checks 
*** RIVER *** [2c 9c As Ah] [6c]
Drama911: bets $0.23
Jok777: folds 
Uncalled bet ($0.23) returned to Drama911
Drama911 collected $0.23 from pot
Drama911: doesn't show hand 
*** SUMMARY ***
Total pot $0.24 | Rake $0.01 
Board [2c 9c As Ah 6c]
Seat 1: Jok777 (button) folded on the River
Seat 2: Drama911 (small blind) collected ($0.23)
Seat 3: FelixDeSouze (big blind) folded before Flop
Seat 4: Mahu2021 folded before Flop (didn't bet)
Seat 5: capricorn181 folded before Flop (didn't bet)
Seat 6: ripbon folded before Flop (didn't bet)



PokerStars Zoom Hand #252735421083:  Hold'em No Limit ($0.01/$0.02) - 2024/10/02 16:08:27 CET [2024/10/02 10:08:27 ET]
Table 'Halley' 6-max Seat #1 is the button
Seat 1: Mahu2021 ($1.53 in chips) 
Seat 2: 23.tng ($0.52 in chips) 
Seat 3: Lokietel ($2.73 in chips) 
Seat 4: hokkyokuguma ($2.23 in chips) 
Seat 5: serotonine91 ($2.29 in chips) 
Seat 6: g12598 ($2.24 in chips) 
23.tng: posts small blind $0.01
Lokietel: posts big blind $0.02
*** HOLE CARDS ***
Dealt to Mahu2021 [Th 9c]
hokkyokuguma: folds 
serotonine91: raises $0.04 to $0.06
g12598: folds 
Mahu2021: folds 
23.tng: raises $0.14 to $0.20
Lokietel: folds 
serotonine91: raises $2.09 to $2.29 and is all-in
23.tng: calls $0.32 and is all-in
Uncalled bet ($1.77) returned to serotonine91
serotonine91 has timed out
*** FLOP *** [9s Ts Jc]
*** TURN *** [9s Ts Jc] [Qd]
*** RIVER *** [9s Ts Jc Qd] [Qs]
*** SHOW DOWN ***
23.tng: shows [Ks Js] (a straight flush, Nine to King)
serotonine91: shows [8s 8d] (a straight, Eight to Queen)
23.tng collected $1.02 from pot
*** SUMMARY ***
Total pot $1.06 | Rake $0.04 
Board [9s Ts Jc Qd Qs]
Seat 1: Mahu2021 (button) folded before Flop (didn't bet)
Seat 2: 23.tng (small blind) showed [Ks Js] and won ($1.02) with a straight flush, Nine to King
Seat 3: Lokietel (big blind) folded before Flop
Seat 4: hokkyokuguma folded before Flop (didn't bet)
Seat 5: serotonine91 showed [8s 8d] and lost with a straight, Eight to Queen
Seat 6: g12598 folded before Flop (didn't bet)



PokerStars Zoom Hand #252735429656:  Hold'em No Limit ($0.01/$0.02) - 2024/10/02 16:09:13 CET [2024/10/02 10:09:13 ET]
Table 'Halley' 6-max Seat #1 is the button
Seat 1: himatya ($2.37 in chips) 
Seat 2: athensfrance ($2 in chips) 
Seat 3: Mahu2021 ($1.50 in chips) 
Seat 4: tmlm333 ($2.30 in chips) 
Seat 5: M@jkel ($7.44 in chips) 
Seat 6: Alex366296 ($2.10 in chips) 
athensfrance: posts small blind $0.01
Mahu2021: posts big blind $0.02
*** HOLE CARDS ***
Dealt to Mahu2021 [9s 8h]
tmlm333: folds 
M@jkel: folds 
Alex366296: raises $0.02 to $0.04
himatya: folds 
athensfrance: folds 
Mahu2021: calls $0.02
*** FLOP *** [Td Js 3d]
Mahu2021: checks 
Alex366296: bets $0.02
Mahu2021: calls $0.02
*** TURN *** [Td Js 3d] [Qs]
Mahu2021: checks 
Alex366296: checks 
*** RIVER *** [Td Js 3d Qs] [Jh]
Mahu2021: bets $0.10
Alex366296: folds 
Uncalled bet ($0.10) returned to Mahu2021
Mahu2021 collected $0.13 from pot
Mahu2021: doesn't show hand 
*** SUMMARY ***
Total pot $0.13 | Rake $0 
Board [Td Js 3d Qs Jh]
Seat 1: himatya (button) folded before Flop (didn't bet)
Seat 2: athensfrance (small blind) folded before Flop
Seat 3: Mahu2021 (big blind) collected ($0.13)
Seat 4: tmlm333 folded before Flop (didn't bet)
Seat 5: M@jkel folded before Flop (didn't bet)
Seat 6: Alex366296 folded on the River



PokerStars Zoom Hand #252735439359:  Hold'em No Limit ($0.01/$0.02) - 2024/10/02 16:10:05 CET [2024/10/02 10:10:05 ET]
Table 'Halley' 6-max Seat #1 is the button
Seat 1: HousZee ($3.63 in chips) 
Seat 2: Niklaus MacG ($2.13 in chips) 
Seat 3: ripbon ($2.02 in chips) 
Seat 4: Mahu2021 ($1.57 in chips) 
Seat 5: FelixDeSouze ($2.54 in chips) 
Seat 6: 990ctan ($1.08 in chips) 
Niklaus MacG: posts small blind $0.01
ripbon: posts big blind $0.02
*** HOLE CARDS ***
Dealt to Mahu2021 [8d 4s]
Mahu2021: folds 
FelixDeSouze: folds 
990ctan: folds 
HousZee: raises $0.02 to $0.04
Niklaus MacG: folds 
ripbon: folds 
Uncalled bet ($0.02) returned to HousZee
HousZee collected $0.05 from pot
HousZee: doesn't show hand 
*** SUMMARY ***
Total pot $0.05 | Rake $0 
Seat 1: HousZee (button) collected ($0.05)
Seat 2: Niklaus MacG (small blind) folded before Flop
Seat 3: ripbon (big blind) folded before Flop
Seat 4: Mahu2021 folded before Flop (didn't bet)
Seat 5: FelixDeSouze folded before Flop (didn't bet)
Seat 6: 990ctan folded before Flop (didn't bet)



PokerStars Zoom Hand #252735440211:  Hold'em No Limit ($0.01/$0.02) - 2024/10/02 16:10:09 CET [2024/10/02 10:10:09 ET]
Table 'Halley' 6-max Seat #1 is the button
Seat 1: Niklaus MacG ($2.12 in chips) 
Seat 2: GrimBanker18 ($0.76 in chips) 
Seat 3: A7 J10 ($2.49 in chips) 
Seat 4: vadimich79 ($3.76 in chips) 
Seat 5: Mahu2021 ($1.57 in chips) 
Seat 6: erdod1987 ($2.79 in chips) 
GrimBanker18: posts small blind $0.01
A7 J10: posts big blind $0.02
*** HOLE CARDS ***
Dealt to Mahu2021 [Ac Th]
vadimich79: raises $0.03 to $0.05
Mahu2021: calls $0.05
erdod1987: folds 
Niklaus MacG: folds 
GrimBanker18: calls $0.04
A7 J10: calls $0.03
*** FLOP *** [4s 7c Kd]
GrimBanker18: checks 
A7 J10: checks 
vadimich79: bets $0.07
Mahu2021: folds 
GrimBanker18: calls $0.07
A7 J10: folds 
*** TURN *** [4s 7c Kd] [5d]
GrimBanker18: checks 
vadimich79: bets $0.25
GrimBanker18: folds 
Uncalled bet ($0.25) returned to vadimich79
vadimich79 collected $0.33 from pot
vadimich79: doesn't show hand 
*** SUMMARY ***
Total pot $0.34 | Rake $0.01 
Board [4s 7c Kd 5d]
Seat 1: Niklaus MacG (button) folded before Flop (didn't bet)
Seat 2: GrimBanker18 (small blind) folded on the Turn
Seat 3: A7 J10 (big blind) folded on the Flop
Seat 4: vadimich79 collected ($0.33)
Seat 5: Mahu2021 folded on the Flop
Seat 6: erdod1987 folded before Flop (didn't bet)



PokerStars Zoom Hand #252735445129:  Hold'em No Limit ($0.01/$0.02) - 2024/10/02 16:10:35 CET [2024/10/02 10:10:35 ET]
Table 'Halley' 6-max Seat #1 is the button
Seat 1: Xpokerfreak ($3.95 in chips) 
Seat 2: serotonine91 ($2 in chips) 
Seat 3: Tony-Broke ($2.97 in chips) 
Seat 4: Mahu2021 ($1.52 in chips) 
Seat 5: gamov ($2.04 in chips) 
Seat 6: OFSHOR ($3.72 in chips) 
serotonine91: posts small blind $0.01
Tony-Broke: posts big blind $0.02
*** HOLE CARDS ***
Dealt to Mahu2021 [Td 2d]
Mahu2021: folds 
gamov: raises $0.02 to $0.04
OFSHOR: folds 
Xpokerfreak: folds 
serotonine91: folds 
Tony-Broke: folds 
Uncalled bet ($0.02) returned to gamov
gamov collected $0.05 from pot
gamov: doesn't show hand 
*** SUMMARY ***
Total pot $0.05 | Rake $0 
Seat 1: Xpokerfreak (button) folded before Flop (didn't bet)
Seat 2: serotonine91 (small blind) folded before Flop
Seat 3: Tony-Broke (big blind) folded before Flop
Seat 4: Mahu2021 folded before Flop (didn't bet)
Seat 5: gamov collected ($0.05)
Seat 6: OFSHOR folded before Flop (didn't bet)



PokerStars Zoom Hand #252735445820:  Hold'em No Limit ($0.01/$0.02) - 2024/10/02 16:10:39 CET [2024/10/02 10:10:39 ET]
Table 'Halley' 6-max Seat #1 is the button
Seat 1: kerverosf1 ($1.98 in chips) 
Seat 2: Mahu2021 ($1.52 in chips) 
Seat 3: goggo19 ($2 in chips) 
Seat 4: gamw_TROIKA ($2.53 in chips) 
Seat 5: bel_2302 ($2.03 in chips) 
Seat 6: depress1031 ($3.41 in chips) 
Mahu2021: posts small blind $0.01
goggo19: posts big blind $0.02
*** HOLE CARDS ***
Dealt to Mahu2021 [Qs 2c]
gamw_TROIKA: folds 
bel_2302: raises $0.02 to $0.04
depress1031: folds 
kerverosf1: calls $0.04
Mahu2021: folds 
goggo19: folds 
*** FLOP *** [As 7h Ad]
bel_2302: bets $0.04
kerverosf1: folds 
Uncalled bet ($0.04) returned to bel_2302
bel_2302 collected $0.11 from pot
bel_2302: doesn't show hand 
*** SUMMARY ***
Total pot $0.11 | Rake $0 
Board [As 7h Ad]
Seat 1: kerverosf1 (button) folded on the Flop
Seat 2: Mahu2021 (small blind) folded before Flop
Seat 3: goggo19 (big blind) folded before Flop
Seat 4: gamw_TROIKA folded before Flop (didn't bet)
Seat 5: bel_2302 collected ($0.11)
Seat 6: depress1031 folded before Flop (didn't bet)



PokerStars Zoom Hand #252735447277:  Hold'em No Limit ($0.01/$0.02) - 2024/10/02 16:10:47 CET [2024/10/02 10:10:47 ET]
Table 'Halley' 6-max Seat #1 is the button
Seat 1: krj2n ($2.80 in chips) 
Seat 2: boulis4 ($2.13 in chips) 
Seat 3: AS3ra ($2.98 in chips) 
Seat 4: serotonine91 ($2.42 in chips) 
Seat 5: pericotete ($3.15 in chips) 
Seat 6: Mahu2021 ($1.51 in chips) 
boulis4: posts small blind $0.01
AS3ra: posts big blind $0.02
*** HOLE CARDS ***
Dealt to Mahu2021 [2h 6d]
serotonine91: folds 
pericotete: folds 
Mahu2021: folds 
krj2n: folds 
boulis4: raises $0.04 to $0.06
AS3ra: calls $0.04
*** FLOP *** [Qc 6s 9c]
boulis4: bets $0.06
AS3ra: folds 
Uncalled bet ($0.06) returned to boulis4
boulis4 collected $0.12 from pot
boulis4: doesn't show hand 
*** SUMMARY ***
Total pot $0.12 | Rake $0 
Board [Qc 6s 9c]
Seat 1: krj2n (button) folded before Flop (didn't bet)
Seat 2: boulis4 (small blind) collected ($0.12)
Seat 3: AS3ra (big blind) folded on the Flop
Seat 4: serotonine91 folded before Flop (didn't bet)
Seat 5: pericotete folded before Flop (didn't bet)
Seat 6: Mahu2021 folded before Flop (didn't bet)



PokerStars Zoom Hand #252735449888:  Hold'em No Limit ($0.01/$0.02) - 2024/10/02 16:11:01 CET [2024/10/02 10:11:01 ET]
Table 'Halley' 6-max Seat #1 is the button
Seat 1: JORDYLEON ($2 in chips) 
Seat 2: Mahu2021 ($1.49 in chips) 
Seat 3: gamw_TROIKA ($2.25 in chips) 
Seat 4: tche46 ($0.71 in chips) 
Seat 5: 7ax7 ($0.75 in chips) 
Seat 6: zemaitys ($0.88 in chips) 
Mahu2021: posts small blind $0.01
gamw_TROIKA: posts big blind $0.02
*** HOLE CARDS ***
Dealt to Mahu2021 [9h 5d]
tche46: folds 
7ax7: folds 
zemaitys: folds 
JORDYLEON: folds 
Mahu2021: folds 
Uncalled bet ($0.01) returned to gamw_TROIKA
gamw_TROIKA collected $0.02 from pot
gamw_TROIKA: doesn't show hand 
*** SUMMARY ***
Total pot $0.02 | Rake $0 
Seat 1: JORDYLEON (button) folded before Flop (didn't bet)
Seat 2: Mahu2021 (small blind) folded before Flop
Seat 3: gamw_TROIKA (big blind) collected ($0.02)
Seat 4: tche46 folded before Flop (didn't bet)
Seat 5: 7ax7 folded before Flop (didn't bet)
Seat 6: zemaitys folded before Flop (didn't bet)



PokerStars Zoom Hand #252735446550:  Hold'em No Limit ($0.01/$0.02) - 2024/10/02 16:10:43 CET [2024/10/02 10:10:43 ET]
Table 'Halley' 6-max Seat #1 is the button
Seat 1: Mahu2021 ($1.51 in chips) 
Seat 2: OFSHOR ($5.02 in chips) 
Seat 3: JuanChu070 ($2.12 in chips) 
Seat 4: Yusuke314 ($2.86 in chips) 
Seat 5: arttu97 ($1.69 in chips) 
Seat 6: gamw_TROIKA ($2 in chips) 
OFSHOR: posts small blind $0.01
JuanChu070: posts big blind $0.02
*** HOLE CARDS ***
Dealt to Mahu2021 [3c 8c]
Yusuke314: raises $0.04 to $0.06
arttu97: calls $0.06
gamw_TROIKA: folds 
Mahu2021: folds 
OFSHOR: folds 
JuanChu070: folds 
*** FLOP *** [Th 4d 4s]
Yusuke314: checks 
arttu97: bets $0.07
Yusuke314: folds 
Uncalled bet ($0.07) returned to arttu97
arttu97 collected $0.14 from pot
arttu97: doesn't show hand 
*** SUMMARY ***
Total pot $0.15 | Rake $0.01 
Board [Th 4d 4s]
Seat 1: Mahu2021 (button) folded before Flop (didn't bet)
Seat 2: OFSHOR (small blind) folded before Flop
Seat 3: JuanChu070 (big blind) folded before Flop
Seat 4: Yusuke314 folded on the Flop
Seat 5: arttu97 collected ($0.14)
Seat 6: gamw_TROIKA folded before Flop (didn't bet)



PokerStars Zoom Hand #252735450672:  Hold'em No Limit ($0.01/$0.02) - 2024/10/02 16:11:05 CET [2024/10/02 10:11:05 ET]
Table 'Halley' 6-max Seat #1 is the button
Seat 1: Mahu2021 ($1.48 in chips) 
Seat 2: zhakewka ($4.59 in chips) 
Seat 3: englishmannn ($2 in chips) 
Seat 4: marioleaoo ($0.75 in chips) 
Seat 5: Zyrus123 ($2.50 in chips) 
Seat 6: blackDread24 ($2 in chips) 
zhakewka: posts small blind $0.01
englishmannn: posts big blind $0.02
*** HOLE CARDS ***
Dealt to Mahu2021 [6c Td]
marioleaoo has timed out while disconnected
marioleaoo: folds 
Zyrus123: folds 
blackDread24: raises $0.03 to $0.05
Mahu2021: folds 
zhakewka: raises $0.12 to $0.17
englishmannn: folds 
blackDread24: folds 
Uncalled bet ($0.12) returned to zhakewka
zhakewka collected $0.12 from pot
zhakewka: doesn't show hand 
*** SUMMARY ***
Total pot $0.12 | Rake $0 
Seat 1: Mahu2021 (button) folded before Flop (didn't bet)
Seat 2: zhakewka (small blind) collected ($0.12)
Seat 3: englishmannn (big blind) folded before Flop
Seat 4: marioleaoo folded before Flop (didn't bet)
Seat 5: Zyrus123 folded before Flop (didn't bet)
Seat 6: blackDread24 folded before Flop



PokerStars Zoom Hand #252735452291:  Hold'em No Limit ($0.01/$0.02) - 2024/10/02 16:11:14 CET [2024/10/02 10:11:14 ET]
Table 'Halley' 6-max Seat #1 is the button
Seat 1: chrisochog ($2.12 in chips) 
Seat 2: athensfrance ($2.40 in chips) 
Seat 3: tovasss ($2.05 in chips) 
Seat 4: pad_nikom ($3.62 in chips) 
Seat 5: Mahu2021 ($1.48 in chips) 
Seat 6: gamw_TROIKA ($2 in chips) 
athensfrance: posts small blind $0.01
tovasss: posts big blind $0.02
*** HOLE CARDS ***
Dealt to Mahu2021 [6c 3s]
pad_nikom: folds 
Mahu2021: folds 
gamw_TROIKA: folds 
chrisochog: folds 
athensfrance: folds 
Uncalled bet ($0.01) returned to tovasss
tovasss collected $0.02 from pot
tovasss: doesn't show hand 
*** SUMMARY ***
Total pot $0.02 | Rake $0 
Seat 1: chrisochog (button) folded before Flop (didn't bet)
Seat 2: athensfrance (small blind) folded before Flop
Seat 3: tovasss (big blind) collected ($0.02)
Seat 4: pad_nikom folded before Flop (didn't bet)
Seat 5: Mahu2021 folded before Flop (didn't bet)
Seat 6: gamw_TROIKA folded before Flop (didn't bet)



PokerStars Zoom Hand #252735447807:  Hold'em No Limit ($0.01/$0.02) - 2024/10/02 16:10:50 CET [2024/10/02 10:10:50 ET]
Table 'Halley' 6-max Seat #1 is the button
Seat 1: LimboD13 ($3.01 in chips) 
Seat 2: ZGChevalier ($4.44 in chips) 
Seat 3: Mahu2021 ($1.51 in chips) 
Seat 4: Niklaus MacG ($2.09 in chips) 
Seat 5: marciano451 ($3.01 in chips) 
Seat 6: g12598 ($4.46 in chips) 
ZGChevalier: posts small blind $0.01
Mahu2021: posts big blind $0.02
*** HOLE CARDS ***
Dealt to Mahu2021 [8d Ks]
Niklaus MacG: folds 
marciano451: folds 
g12598: raises $0.03 to $0.05
LimboD13: calls $0.05
ZGChevalier: raises $0.03 to $0.08
Mahu2021: folds 
g12598: calls $0.03
LimboD13: calls $0.03
*** FLOP *** [6s Ad Td]
ZGChevalier: bets $0.25
g12598: folds 
LimboD13: folds 
Uncalled bet ($0.25) returned to ZGChevalier
ZGChevalier collected $0.25 from pot
ZGChevalier: doesn't show hand 
*** SUMMARY ***
Total pot $0.26 | Rake $0.01 
Board [6s Ad Td]
Seat 1: LimboD13 (button) folded on the Flop
Seat 2: ZGChevalier (small blind) collected ($0.25)
Seat 3: Mahu2021 (big blind) folded before Flop
Seat 4: Niklaus MacG folded before Flop (didn't bet)
Seat 5: marciano451 folded before Flop (didn't bet)
Seat 6: g12598 folded on the Flop



PokerStars Zoom Hand #252735452865:  Hold'em No Limit ($0.01/$0.02) - 2024/10/02 16:11:17 CET [2024/10/02 10:11:17 ET]
Table 'Halley' 6-max Seat #1 is the button
Seat 1: gamw_TROIKA ($2.25 in chips) 
Seat 2: OSP677 ($2.27 in chips) 
Seat 3: Mahu2021 ($1.48 in chips) 
Seat 4: GiLa340 ($1.14 in chips) 
Seat 5: labelleyanie ($1.82 in chips) 
Seat 6: kerverosf1 ($1.96 in chips) 
OSP677: posts small blind $0.01
Mahu2021: posts big blind $0.02
*** HOLE CARDS ***
Dealt to Mahu2021 [As 9d]
GiLa340: folds 
labelleyanie: folds 
kerverosf1: raises $0.02 to $0.04
gamw_TROIKA: folds 
OSP677: calls $0.03
Mahu2021: calls $0.02
*** FLOP *** [Jc Ts 4c]
OSP677: checks 
Mahu2021: checks 
kerverosf1: bets $0.04
OSP677: calls $0.04
Mahu2021: folds 
*** TURN *** [Jc Ts 4c] [6h]
OSP677: checks 
kerverosf1: checks 
*** RIVER *** [Jc Ts 4c 6h] [9s]
OSP677: bets $0.06
kerverosf1: folds 
Uncalled bet ($0.06) returned to OSP677
OSP677 collected $0.19 from pot
OSP677: doesn't show hand 
*** SUMMARY ***
Total pot $0.20 | Rake $0.01 
Board [Jc Ts 4c 6h 9s]
Seat 1: gamw_TROIKA (button) folded before Flop (didn't bet)
Seat 2: OSP677 (small blind) collected ($0.19)
Seat 3: Mahu2021 (big blind) folded on the Flop
Seat 4: GiLa340 folded before Flop (didn't bet)
Seat 5: labelleyanie folded before Flop (didn't bet)
Seat 6: kerverosf1 folded on the River



PokerStars Zoom Hand #252735455976:  Hold'em No Limit ($0.01/$0.02) - 2024/10/02 16:11:33 CET [2024/10/02 10:11:33 ET]
Table 'Halley' 6-max Seat #1 is the button
Seat 1: OFSHOR ($2.24 in chips) 
Seat 2: Formiidable ($2.55 in chips) 
Seat 3: blackDread24 ($2 in chips) 
Seat 4: Mahu2021 ($1.44 in chips) 
Seat 5: tovasss ($2.06 in chips) 
Seat 6: El Gato Alado ($2.26 in chips) 
Formiidable: posts small blind $0.01
blackDread24: posts big blind $0.02
*** HOLE CARDS ***
Dealt to Mahu2021 [Ts Qh]
Mahu2021: raises $0.02 to $0.04
tovasss: folds 
El Gato Alado: folds 
OFSHOR: folds 
Formiidable: folds 
blackDread24: folds 
Uncalled bet ($0.02) returned to Mahu2021
Mahu2021 collected $0.05 from pot
Mahu2021: doesn't show hand 
*** SUMMARY ***
Total pot $0.05 | Rake $0 
Seat 1: OFSHOR (button) folded before Flop (didn't bet)
Seat 2: Formiidable (small blind) folded before Flop
Seat 3: blackDread24 (big blind) folded before Flop
Seat 4: Mahu2021 collected ($0.05)
Seat 5: tovasss folded before Flop (didn't bet)
Seat 6: El Gato Alado folded before Flop (didn't bet)



PokerStars Zoom Hand #252735457779:  Hold'em No Limit ($0.01/$0.02) - 2024/10/02 16:11:43 CET [2024/10/02 10:11:43 ET]
Table 'Halley' 6-max Seat #1 is the button
Seat 1: Mahu2021 ($1.47 in chips) 
Seat 2: Yisyayup ($3.70 in chips) 
Seat 3: tmlm333 ($2.17 in chips) 
Seat 4: PonasBond ($3.60 in chips) 
Seat 5: Niklaus MacG ($2.03 in chips) 
Seat 6: pericotete ($3.18 in chips) 
Yisyayup: posts small blind $0.01
tmlm333: posts big blind $0.02
*** HOLE CARDS ***
Dealt to Mahu2021 [2c 6d]
PonasBond: folds 
Niklaus MacG: folds 
pericotete: folds 
Mahu2021: folds 
Yisyayup: raises $0.04 to $0.06
tmlm333: folds 
Uncalled bet ($0.04) returned to Yisyayup
Yisyayup collected $0.04 from pot
Yisyayup: doesn't show hand 
*** SUMMARY ***
Total pot $0.04 | Rake $0 
Seat 1: Mahu2021 (button) folded before Flop (didn't bet)
Seat 2: Yisyayup (small blind) collected ($0.04)
Seat 3: tmlm333 (big blind) folded before Flop
Seat 4: PonasBond folded before Flop (didn't bet)
Seat 5: Niklaus MacG folded before Flop (didn't bet)
Seat 6: pericotete folded before Flop (didn't bet)



PokerStars Zoom Hand #252735451411:  Hold'em No Limit ($0.01/$0.02) - 2024/10/02 16:11:09 CET [2024/10/02 10:11:09 ET]
Table 'Halley' 6-max Seat #1 is the button
Seat 1: quipstr ($1.24 in chips) 
Seat 2: chis1971 ($1.99 in chips) 
Seat 3: dominik2511 ($1.92 in chips) 
Seat 4: naimoan ($2 in chips) 
Seat 5: JuanChu070 ($2.10 in chips) 
Seat 6: Mahu2021 ($1.48 in chips) 
chis1971: posts small blind $0.01
dominik2511: posts big blind $0.02
*** HOLE CARDS ***
Dealt to Mahu2021 [4s 2c]
naimoan: raises $0.03 to $0.05
JuanChu070: folds 
Mahu2021: folds 
quipstr: folds 
chis1971: folds 
dominik2511: calls $0.03
*** FLOP *** [8h Qc Th]
dominik2511: checks 
naimoan: bets $0.04
dominik2511: calls $0.04
*** TURN *** [8h Qc Th] [6h]
dominik2511: checks 
naimoan: bets $0.27
dominik2511: folds 
Uncalled bet ($0.27) returned to naimoan
naimoan collected $0.18 from pot
naimoan: doesn't show hand 
*** SUMMARY ***
Total pot $0.19 | Rake $0.01 
Board [8h Qc Th 6h]
Seat 1: quipstr (button) folded before Flop (didn't bet)
Seat 2: chis1971 (small blind) folded before Flop
Seat 3: dominik2511 (big blind) folded on the Turn
Seat 4: naimoan collected ($0.18)
Seat 5: JuanChu070 folded before Flop (didn't bet)
Seat 6: Mahu2021 folded before Flop (didn't bet)



PokerStars Zoom Hand #252735459305:  Hold'em No Limit ($0.01/$0.02) - 2024/10/02 16:11:51 CET [2024/10/02 10:11:51 ET]
Table 'Halley' 6-max Seat #1 is the button
Seat 1: Lokietel ($2.78 in chips) 
Seat 2: Mahu2021 ($1.47 in chips) 
Seat 3: tmlm333 ($2.16 in chips) 
Seat 4: flechazoo ($2.23 in chips) 
Seat 5: pato04011998 ($2.76 in chips) 
Seat 6: 3ezrael1 ($3.57 in chips) 
Mahu2021: posts small blind $0.01
tmlm333: posts big blind $0.02
*** HOLE CARDS ***
Dealt to Mahu2021 [Js 3h]
flechazoo: folds 
pato04011998: folds 
3ezrael1: folds 
Lokietel: folds 
Mahu2021: folds 
Uncalled bet ($0.01) returned to tmlm333
tmlm333 collected $0.02 from pot
tmlm333: doesn't show hand 
*** SUMMARY ***
Total pot $0.02 | Rake $0 
Seat 1: Lokietel (button) folded before Flop (didn't bet)
Seat 2: Mahu2021 (small blind) folded before Flop
Seat 3: tmlm333 (big blind) collected ($0.02)
Seat 4: flechazoo folded before Flop (didn't bet)
Seat 5: pato04011998 folded before Flop (didn't bet)
Seat 6: 3ezrael1 folded before Flop (didn't bet)



PokerStars Zoom Hand #252735460829:  Hold'em No Limit ($0.01/$0.02) - 2024/10/02 16:11:59 CET [2024/10/02 10:11:59 ET]
Table 'Halley' 6-max Seat #1 is the button
Seat 1: Alex366296 ($3.68 in chips) 
Seat 2: tche46 ($0.67 in chips) 
Seat 3: Xpokerfreak ($1 in chips) 
Seat 4: tovasss ($2.03 in chips) 
Seat 5: Mahu2021 ($1.46 in chips) 
Seat 6: serotonine91 ($2 in chips) 
tche46: posts small blind $0.01
Xpokerfreak: posts big blind $0.02
*** HOLE CARDS ***
Dealt to Mahu2021 [As 2c]
tovasss: folds 
Mahu2021: folds 
serotonine91: folds 
Alex366296: folds 
tche46: folds 
Uncalled bet ($0.01) returned to Xpokerfreak
Xpokerfreak collected $0.02 from pot
Xpokerfreak: doesn't show hand 
*** SUMMARY ***
Total pot $0.02 | Rake $0 
Seat 1: Alex366296 (button) folded before Flop (didn't bet)
Seat 2: tche46 (small blind) folded before Flop
Seat 3: Xpokerfreak (big blind) collected ($0.02)
Seat 4: tovasss folded before Flop (didn't bet)
Seat 5: Mahu2021 folded before Flop (didn't bet)
Seat 6: serotonine91 folded before Flop (didn't bet)



PokerStars Zoom Hand #252735461550:  Hold'em No Limit ($0.01/$0.02) - 2024/10/02 16:12:03 CET [2024/10/02 10:12:03 ET]
Table 'Halley' 6-max Seat #1 is the button
Seat 1: siruneko ($2.54 in chips) 
Seat 2: F2000112 ($1.09 in chips) 
Seat 3: zemaitys ($2.15 in chips) 
Seat 4: Mahu2021 ($1.46 in chips) 
Seat 5: branx5 ($2 in chips) 
Seat 6: tovasss ($2.03 in chips) 
F2000112: posts small blind $0.01
zemaitys: posts big blind $0.02
*** HOLE CARDS ***
Dealt to Mahu2021 [Jd 9c]
Mahu2021: folds 
branx5: folds 
tovasss: folds 
siruneko: folds 
F2000112: calls $0.01
zemaitys: raises $0.04 to $0.06
F2000112: folds 
Uncalled bet ($0.04) returned to zemaitys
zemaitys collected $0.04 from pot
zemaitys: doesn't show hand 
*** SUMMARY ***
Total pot $0.04 | Rake $0 
Seat 1: siruneko (button) folded before Flop (didn't bet)
Seat 2: F2000112 (small blind) folded before Flop
Seat 3: zemaitys (big blind) collected ($0.04)
Seat 4: Mahu2021 folded before Flop (didn't bet)
Seat 5: branx5 folded before Flop (didn't bet)
Seat 6: tovasss folded before Flop (didn't bet)



PokerStars Zoom Hand #252735458569:  Hold'em No Limit ($0.01/$0.02) - 2024/10/02 16:11:47 CET [2024/10/02 10:11:47 ET]
Table 'Halley' 6-max Seat #1 is the button
Seat 1: 3ezrael1 ($3.57 in chips) 
Seat 2: serotonine91 ($2.69 in chips) 
Seat 3: Mattu 07 ($1.85 in chips) 
Seat 4: Profcelso ($2 in chips) 
Seat 5: siruneko ($2.55 in chips) 
Seat 6: Mahu2021 ($1.47 in chips) 
serotonine91: posts small blind $0.01
Mattu 07: posts big blind $0.02
*** HOLE CARDS ***
Dealt to Mahu2021 [7d 8c]
Profcelso: raises $0.03 to $0.05
siruneko: folds 
Mahu2021: folds 
3ezrael1: folds 
serotonine91: folds 
Mattu 07: calls $0.03
*** FLOP *** [5s Jh Qh]
Mattu 07: checks 
Profcelso: bets $0.04
Mattu 07: folds 
Uncalled bet ($0.04) returned to Profcelso
Profcelso collected $0.11 from pot
Profcelso: doesn't show hand 
*** SUMMARY ***
Total pot $0.11 | Rake $0 
Board [5s Jh Qh]
Seat 1: 3ezrael1 (button) folded before Flop (didn't bet)
Seat 2: serotonine91 (small blind) folded before Flop
Seat 3: Mattu 07 (big blind) folded on the Flop
Seat 4: Profcelso collected ($0.11)
Seat 5: siruneko folded before Flop (didn't bet)
Seat 6: Mahu2021 folded before Flop (didn't bet)



PokerStars Zoom Hand #252735463061:  Hold'em No Limit ($0.01/$0.02) - 2024/10/02 16:12:11 CET [2024/10/02 10:12:11 ET]
Table 'Halley' 6-max Seat #1 is the button
Seat 1: Mahu2021 ($1.44 in chips) 
Seat 2: 3 Titzen 3 ($0.92 in chips) 
Seat 3: pad_nikom ($3.64 in chips) 
Seat 4: Strutt69 ($1.04 in chips) 
Seat 5: anatoliw ($4.53 in chips) 
Seat 6: tche46 ($0.66 in chips) 
3 Titzen 3: posts small blind $0.01
pad_nikom: posts big blind $0.02
*** HOLE CARDS ***
Dealt to Mahu2021 [9d Tc]
Strutt69: folds 
anatoliw: folds 
tche46: folds 
Mahu2021: folds 
3 Titzen 3: calls $0.01
pad_nikom: checks 
*** FLOP *** [8h Ts 8d]
3 Titzen 3: checks 
pad_nikom: checks 
*** TURN *** [8h Ts 8d] [Qd]
3 Titzen 3: checks 
pad_nikom: checks 
*** RIVER *** [8h Ts 8d Qd] [As]
3 Titzen 3: checks 
pad_nikom: checks 
*** SHOW DOWN ***
3 Titzen 3: shows [Ks 5c] (a pair of Eights)
pad_nikom: mucks hand 
3 Titzen 3 collected $0.04 from pot
*** SUMMARY ***
Total pot $0.04 | Rake $0 
Board [8h Ts 8d Qd As]
Seat 1: Mahu2021 (button) folded before Flop (didn't bet)
Seat 2: 3 Titzen 3 (small blind) showed [Ks 5c] and won ($0.04) with a pair of Eights
Seat 3: pad_nikom (big blind) mucked [2c 4s]
Seat 4: Strutt69 folded before Flop (didn't bet)
Seat 5: anatoliw folded before Flop (didn't bet)
Seat 6: tche46 folded before Flop (didn't bet)



PokerStars Zoom Hand #252735464814:  Hold'em No Limit ($0.01/$0.02) - 2024/10/02 16:12:20 CET [2024/10/02 10:12:20 ET]
Table 'Halley' 6-max Seat #1 is the button
Seat 1: AS3ra ($2.98 in chips) 
Seat 2: Xpokerfreak ($0.65 in chips) 
Seat 3: OSP677 ($2.39 in chips) 
Seat 4: HEINZI63 ($2.59 in chips) 
Seat 5: cowpop3 ($3.87 in chips) 
Seat 6: Mahu2021 ($1.43 in chips) 
Xpokerfreak: posts small blind $0.01
OSP677: posts big blind $0.02
*** HOLE CARDS ***
Dealt to Mahu2021 [5d Kh]
HEINZI63: folds 
cowpop3: folds 
Mahu2021: folds 
AS3ra: raises $0.03 to $0.05
Xpokerfreak: folds 
OSP677: folds 
Uncalled bet ($0.03) returned to AS3ra
AS3ra collected $0.05 from pot
AS3ra: doesn't show hand 
*** SUMMARY ***
Total pot $0.05 | Rake $0 
Seat 1: AS3ra (button) collected ($0.05)
Seat 2: Xpokerfreak (small blind) folded before Flop
Seat 3: OSP677 (big blind) folded before Flop
Seat 4: HEINZI63 folded before Flop (didn't bet)
Seat 5: cowpop3 folded before Flop (didn't bet)
Seat 6: Mahu2021 folded before Flop (didn't bet)



PokerStars Zoom Hand #252735464054:  Hold'em No Limit ($0.01/$0.02) - 2024/10/02 16:12:16 CET [2024/10/02 10:12:16 ET]
Table 'Halley' 6-max Seat #1 is the button
Seat 1: LimboD13 ($4.33 in chips) 
Seat 2: Mahu2021 ($1.44 in chips) 
Seat 3: weezyck ($1.97 in chips) 
Seat 4: plusovich ($3.17 in chips) 
Seat 5: pato04011998 ($2.78 in chips) 
Seat 6: krj2n ($2 in chips) 
Mahu2021: posts small blind $0.01
weezyck: posts big blind $0.02
*** HOLE CARDS ***
Dealt to Mahu2021 [7h 6c]
plusovich: folds 
pato04011998 has timed out
pato04011998: folds 
krj2n: folds 
LimboD13: folds 
Mahu2021: folds 
Uncalled bet ($0.01) returned to weezyck
weezyck collected $0.02 from pot
weezyck: doesn't show hand 
*** SUMMARY ***
Total pot $0.02 | Rake $0 
Seat 1: LimboD13 (button) folded before Flop (didn't bet)
Seat 2: Mahu2021 (small blind) folded before Flop
Seat 3: weezyck (big blind) collected ($0.02)
Seat 4: plusovich folded before Flop (didn't bet)
Seat 5: pato04011998 folded before Flop (didn't bet)
Seat 6: krj2n folded before Flop (didn't bet)



PokerStars Zoom Hand #252735462165:  Hold'em No Limit ($0.01/$0.02) - 2024/10/02 16:12:07 CET [2024/10/02 10:12:07 ET]
Table 'Halley' 6-max Seat #1 is the button
Seat 1: RazeRaze96 ($3.84 in chips) 
Seat 2: Casinoca$h ($7.08 in chips) 
Seat 3: Mahu2021 ($1.46 in chips) 
Seat 4: dominik2511 ($1.82 in chips) 
Seat 5: tmlm333 ($2.61 in chips) 
Seat 6: Tony-Broke ($2.91 in chips) 
Casinoca$h: posts small blind $0.01
Mahu2021: posts big blind $0.02
*** HOLE CARDS ***
Dealt to Mahu2021 [6d Jc]
dominik2511: folds 
tmlm333: raises $0.03 to $0.05
Tony-Broke: calls $0.05
RazeRaze96: raises $0.10 to $0.15
Casinoca$h: folds 
Mahu2021: folds 
tmlm333: folds 
Tony-Broke: calls $0.10
*** FLOP *** [Ad Kc 7h]
Tony-Broke: checks 
RazeRaze96: bets $0.11
Tony-Broke: folds 
Uncalled bet ($0.11) returned to RazeRaze96
RazeRaze96 collected $0.37 from pot
RazeRaze96: doesn't show hand 
*** SUMMARY ***
Total pot $0.38 | Rake $0.01 
Board [Ad Kc 7h]
Seat 1: RazeRaze96 (button) collected ($0.37)
Seat 2: Casinoca$h (small blind) folded before Flop
Seat 3: Mahu2021 (big blind) folded before Flop
Seat 4: dominik2511 folded before Flop (didn't bet)
Seat 5: tmlm333 folded before Flop
Seat 6: Tony-Broke folded on the Flop



PokerStars Zoom Hand #252735465449:  Hold'em No Limit ($0.01/$0.02) - 2024/10/02 16:12:24 CET [2024/10/02 10:12:24 ET]
Table 'Halley' 6-max Seat #1 is the button
Seat 1: ZGChevalier ($4.70 in chips) 
Seat 2: quipstr ($1.19 in chips) 
Seat 3: g12598 ($4.38 in chips) 
Seat 4: tmlm333 ($2.56 in chips) 
Seat 5: Mahu2021 ($1.43 in chips) 
Seat 6: Strutt69 ($1.67 in chips) 
quipstr: posts small blind $0.01
g12598: posts big blind $0.02
*** HOLE CARDS ***
Dealt to Mahu2021 [Ac Kh]
tmlm333: folds 
Mahu2021: raises $0.02 to $0.04
Strutt69: folds 
ZGChevalier: raises $0.02 to $0.06
quipstr: folds 
g12598: folds 
Mahu2021: calls $0.02
*** FLOP *** [Jc 5h 8c]
Mahu2021: checks 
ZGChevalier: bets $0.14
Mahu2021: folds 
Uncalled bet ($0.14) returned to ZGChevalier
ZGChevalier collected $0.14 from pot
ZGChevalier: doesn't show hand 
*** SUMMARY ***
Total pot $0.15 | Rake $0.01 
Board [Jc 5h 8c]
Seat 1: ZGChevalier (button) collected ($0.14)
Seat 2: quipstr (small blind) folded before Flop
Seat 3: g12598 (big blind) folded before Flop
Seat 4: tmlm333 folded before Flop (didn't bet)
Seat 5: Mahu2021 folded on the Flop
Seat 6: Strutt69 folded before Flop (didn't bet)



PokerStars Zoom Hand #252735471829:  Hold'em No Limit ($0.01/$0.02) - 2024/10/02 16:12:58 CET [2024/10/02 10:12:58 ET]
Table 'Halley' 6-max Seat #1 is the button
Seat 1: OFSHOR ($3.95 in chips) 
Seat 2: gamw_TROIKA ($2 in chips) 
Seat 3: Necron4 ($2 in chips) 
Seat 4: Mahu2021 ($1.37 in chips) 
Seat 5: gamov ($1.94 in chips) 
Seat 6: EggMayo ($2 in chips) 
gamw_TROIKA: posts small blind $0.01
Necron4: posts big blind $0.02
*** HOLE CARDS ***
Dealt to Mahu2021 [Ks 4s]
Mahu2021: folds 
gamov: folds 
EggMayo: folds 
OFSHOR: folds 
gamw_TROIKA: folds 
Uncalled bet ($0.01) returned to Necron4
Necron4 collected $0.02 from pot
Necron4: doesn't show hand 
*** SUMMARY ***
Total pot $0.02 | Rake $0 
Seat 1: OFSHOR (button) folded before Flop (didn't bet)
Seat 2: gamw_TROIKA (small blind) folded before Flop
Seat 3: Necron4 (big blind) collected ($0.02)
Seat 4: Mahu2021 folded before Flop (didn't bet)
Seat 5: gamov folded before Flop (didn't bet)
Seat 6: EggMayo folded before Flop (didn't bet)



PokerStars Zoom Hand #252735472738:  Hold'em No Limit ($0.01/$0.02) - 2024/10/02 16:13:02 CET [2024/10/02 10:13:02 ET]
Table 'Halley' 6-max Seat #1 is the button
Seat 1: Mahu2021 ($1.37 in chips) 
Seat 2: florian60550 ($1.01 in chips) 
Seat 3: goggo19 ($2 in chips) 
Seat 4: LimboD13 ($2.83 in chips) 
Seat 5: OFSHOR ($3.95 in chips) 
Seat 6: PoeeeeN ($2.08 in chips) 
florian60550: posts small blind $0.01
goggo19: posts big blind $0.02
*** HOLE CARDS ***
Dealt to Mahu2021 [5c 6c]
LimboD13: folds 
OFSHOR: raises $0.03 to $0.05
PoeeeeN: folds 
Mahu2021: calls $0.05
florian60550: calls $0.04
goggo19: folds 
*** FLOP *** [Jd 8h Qc]
florian60550: checks 
OFSHOR: bets $0.10
Mahu2021: folds 
florian60550: folds 
Uncalled bet ($0.10) returned to OFSHOR
OFSHOR collected $0.16 from pot
OFSHOR: doesn't show hand 
*** SUMMARY ***
Total pot $0.17 | Rake $0.01 
Board [Jd 8h Qc]
Seat 1: Mahu2021 (button) folded on the Flop
Seat 2: florian60550 (small blind) folded on the Flop
Seat 3: goggo19 (big blind) folded before Flop
Seat 4: LimboD13 folded before Flop (didn't bet)
Seat 5: OFSHOR collected ($0.16)
Seat 6: PoeeeeN folded before Flop (didn't bet)



PokerStars Zoom Hand #252735476270:  Hold'em No Limit ($0.01/$0.02) - 2024/10/02 16:13:21 CET [2024/10/02 10:13:21 ET]
Table 'Halley' 6-max Seat #1 is the button
Seat 1: gamw_TROIKA ($2 in chips) 
Seat 2: Formiidable ($2 in chips) 
Seat 3: Mahu2021 ($1.32 in chips) 
Seat 4: 22pok22er ($2 in chips) 
Seat 5: Hugotcardoso91 ($1.46 in chips) 
Seat 6: dominik2511 ($1.90 in chips) 
Formiidable: posts small blind $0.01
Mahu2021: posts big blind $0.02
*** HOLE CARDS ***
Dealt to Mahu2021 [7s 7c]
22pok22er: folds 
Hugotcardoso91: folds 
dominik2511: folds 
gamw_TROIKA: folds 
Formiidable: raises $0.04 to $0.06
Mahu2021: raises $1.26 to $1.32 and is all-in
Formiidable: folds 
Uncalled bet ($1.26) returned to Mahu2021
Mahu2021 collected $0.12 from pot
Mahu2021: doesn't show hand 
*** SUMMARY ***
Total pot $0.12 | Rake $0 
Seat 1: gamw_TROIKA (button) folded before Flop (didn't bet)
Seat 2: Formiidable (small blind) folded before Flop
Seat 3: Mahu2021 (big blind) collected ($0.12)
Seat 4: 22pok22er folded before Flop (didn't bet)
Seat 5: Hugotcardoso91 folded before Flop (didn't bet)
Seat 6: dominik2511 folded before Flop (didn't bet)



PokerStars Zoom Hand #252735478713:  Hold'em No Limit ($0.01/$0.02) - 2024/10/02 16:13:35 CET [2024/10/02 10:13:35 ET]
Table 'Halley' 6-max Seat #1 is the button
Seat 1: 22pok22er ($2 in chips) 
Seat 2: g12598 ($4.36 in chips) 
Seat 3: Formiidable ($2 in chips) 
Seat 4: SystemBr.PKR ($2.65 in chips) 
Seat 5: Mahu2021 ($1.38 in chips) 
Seat 6: marioleaoo ($1.08 in chips) 
g12598: posts small blind $0.01
Formiidable: posts big blind $0.02
*** HOLE CARDS ***
Dealt to Mahu2021 [Qh 5c]
SystemBr.PKR: folds 
Mahu2021: folds 
marioleaoo: folds 
22pok22er: folds 
g12598: raises $0.03 to $0.05
Formiidable: folds 
Uncalled bet ($0.03) returned to g12598
g12598 collected $0.04 from pot
g12598: doesn't show hand 
*** SUMMARY ***
Total pot $0.04 | Rake $0 
Seat 1: 22pok22er (button) folded before Flop (didn't bet)
Seat 2: g12598 (small blind) collected ($0.04)
Seat 3: Formiidable (big blind) folded before Flop
Seat 4: SystemBr.PKR folded before Flop (didn't bet)
Seat 5: Mahu2021 folded before Flop (didn't bet)
Seat 6: marioleaoo folded before Flop (didn't bet)



PokerStars Zoom Hand #252735479456:  Hold'em No Limit ($0.01/$0.02) - 2024/10/02 16:13:39 CET [2024/10/02 10:13:39 ET]
Table 'Halley' 6-max Seat #1 is the button
Seat 1: Strutt69 ($1.95 in chips) 
Seat 2: 22pok22er ($2 in chips) 
Seat 3: rodrigofcruz7 ($2.62 in chips) 
Seat 4: RazeRaze96 ($3.38 in chips) 
Seat 5: Yusuke314 ($2.56 in chips) 
Seat 6: Mahu2021 ($1.38 in chips) 
22pok22er: posts small blind $0.01
rodrigofcruz7: posts big blind $0.02
*** HOLE CARDS ***
Dealt to Mahu2021 [Qs 4s]
RazeRaze96 has timed out
RazeRaze96: folds 
Yusuke314: folds 
Mahu2021: folds 
Strutt69: folds 
22pok22er: folds 
Uncalled bet ($0.01) returned to rodrigofcruz7
rodrigofcruz7 collected $0.02 from pot
rodrigofcruz7: doesn't show hand 
*** SUMMARY ***
Total pot $0.02 | Rake $0 
Seat 1: Strutt69 (button) folded before Flop (didn't bet)
Seat 2: 22pok22er (small blind) folded before Flop
Seat 3: rodrigofcruz7 (big blind) collected ($0.02)
Seat 4: RazeRaze96 folded before Flop (didn't bet)
Seat 5: Yusuke314 folded before Flop (didn't bet)
Seat 6: Mahu2021 folded before Flop (didn't bet)



PokerStars Zoom Hand #252735480956:  Hold'em No Limit ($0.01/$0.02) - 2024/10/02 16:13:47 CET [2024/10/02 10:13:47 ET]
Table 'Halley' 6-max Seat #1 is the button
Seat 1: Undrafted-99 ($2.28 in chips) 
Seat 2: VlaamsBelang420 ($7.92 in chips) 
Seat 3: serotonine91 ($2.68 in chips) 
Seat 4: Mahu2021 ($1.37 in chips) 
Seat 5: 990ctan ($2.01 in chips) 
Seat 6: LimboD13 ($2.80 in chips) 
VlaamsBelang420: posts small blind $0.01
serotonine91: posts big blind $0.02
*** HOLE CARDS ***
Dealt to Mahu2021 [3d Td]
Mahu2021: folds 
990ctan: folds 
LimboD13: folds 
Undrafted-99: folds 
VlaamsBelang420: folds 
Uncalled bet ($0.01) returned to serotonine91
serotonine91 collected $0.02 from pot
serotonine91: doesn't show hand 
*** SUMMARY ***
Total pot $0.02 | Rake $0 
Seat 1: Undrafted-99 (button) folded before Flop (didn't bet)
Seat 2: VlaamsBelang420 (small blind) folded before Flop
Seat 3: serotonine91 (big blind) collected ($0.02)
Seat 4: Mahu2021 folded before Flop (didn't bet)
Seat 5: 990ctan folded before Flop (didn't bet)
Seat 6: LimboD13 folded before Flop (didn't bet)



PokerStars Zoom Hand #252735481706:  Hold'em No Limit ($0.01/$0.02) - 2024/10/02 16:13:51 CET [2024/10/02 10:13:51 ET]
Table 'Halley' 6-max Seat #1 is the button
Seat 1: depress1031 ($2.48 in chips) 
Seat 2: WILLBET88 ($1.83 in chips) 
Seat 3: Mahu2021 ($1.37 in chips) 
Seat 4: 22pok22er ($2 in chips) 
Seat 5: HSGVB81 ($3.74 in chips) 
Seat 6: 990ctan ($1.05 in chips) 
WILLBET88: posts small blind $0.01
Mahu2021: posts big blind $0.02
*** HOLE CARDS ***
Dealt to Mahu2021 [8d Tc]
22pok22er: folds 
HSGVB81: folds 
990ctan: folds 
depress1031: raises $0.03 to $0.05
WILLBET88: folds 
Mahu2021: folds 
Uncalled bet ($0.03) returned to depress1031
depress1031 collected $0.05 from pot
depress1031: doesn't show hand 
*** SUMMARY ***
Total pot $0.05 | Rake $0 
Seat 1: depress1031 (button) collected ($0.05)
Seat 2: WILLBET88 (small blind) folded before Flop
Seat 3: Mahu2021 (big blind) folded before Flop
Seat 4: 22pok22er folded before Flop (didn't bet)
Seat 5: HSGVB81 folded before Flop (didn't bet)
Seat 6: 990ctan folded before Flop (didn't bet)



PokerStars Zoom Hand #252735484397:  Hold'em No Limit ($0.01/$0.02) - 2024/10/02 16:14:05 CET [2024/10/02 10:14:05 ET]
Table 'Halley' 6-max Seat #1 is the button
Seat 1: Wapneo ($0.51 in chips) 
Seat 2: gamw_TROIKA ($2 in chips) 
Seat 3: tmlm333 ($2.14 in chips) 
Seat 4: Mahu2021 ($1.35 in chips) 
Seat 5: AS3ra ($2.38 in chips) 
Seat 6: gamov ($2.99 in chips) 
gamw_TROIKA: posts small blind $0.01
tmlm333: posts big blind $0.02
*** HOLE CARDS ***
Dealt to Mahu2021 [3s 4s]
Mahu2021: folds 
AS3ra: folds 
gamov: folds 
Wapneo: folds 
gamw_TROIKA: folds 
Uncalled bet ($0.01) returned to tmlm333
tmlm333 collected $0.02 from pot
tmlm333: doesn't show hand 
*** SUMMARY ***
Total pot $0.02 | Rake $0 
Seat 1: Wapneo (button) folded before Flop (didn't bet)
Seat 2: gamw_TROIKA (small blind) folded before Flop
Seat 3: tmlm333 (big blind) collected ($0.02)
Seat 4: Mahu2021 folded before Flop (didn't bet)
Seat 5: AS3ra folded before Flop (didn't bet)
Seat 6: gamov folded before Flop (didn't bet)



PokerStars Zoom Hand #252735485141:  Hold'em No Limit ($0.01/$0.02) - 2024/10/02 16:14:09 CET [2024/10/02 10:14:09 ET]
Table 'Halley' 6-max Seat #1 is the button
Seat 1: Mahu2021 ($1.35 in chips) 
Seat 2: Grudinek ($2.06 in chips) 
Seat 3: janneftw ($2.43 in chips) 
Seat 4: pato04011998 ($2.04 in chips) 
Seat 5: Miels1986 ($2.01 in chips) 
Seat 6: scroll7 ($1.38 in chips) 
Grudinek: posts small blind $0.01
janneftw: posts big blind $0.02
*** HOLE CARDS ***
Dealt to Mahu2021 [8d 2s]
pato04011998: folds 
Miels1986: folds 
scroll7: raises $0.02 to $0.04
Mahu2021: folds 
Grudinek: folds 
janneftw: calls $0.02
*** FLOP *** [3h Jd Qh]
janneftw: bets $0.05
scroll7: calls $0.05
*** TURN *** [3h Jd Qh] [Qs]
janneftw: bets $0.09
scroll7: raises $0.28 to $0.37
janneftw: folds 
Uncalled bet ($0.28) returned to scroll7
scroll7 collected $0.36 from pot
scroll7: doesn't show hand 
*** SUMMARY ***
Total pot $0.37 | Rake $0.01 
Board [3h Jd Qh Qs]
Seat 1: Mahu2021 (button) folded before Flop (didn't bet)
Seat 2: Grudinek (small blind) folded before Flop
Seat 3: janneftw (big blind) folded on the Turn
Seat 4: pato04011998 folded before Flop (didn't bet)
Seat 5: Miels1986 folded before Flop (didn't bet)
Seat 6: scroll7 collected ($0.36)



PokerStars Zoom Hand #252735480196:  Hold'em No Limit ($0.01/$0.02) - 2024/10/02 16:13:43 CET [2024/10/02 10:13:43 ET]
Table 'Halley' 6-max Seat #1 is the button
Seat 1: mckinnon74 ($2.09 in chips) 
Seat 2: Mahu2021 ($1.38 in chips) 
Seat 3: zhakewka ($6.31 in chips) 
Seat 4: flechazoo ($2.32 in chips) 
Seat 5: muraxa1 ($1.81 in chips) 
Seat 6: Formiidable ($2.42 in chips) 
Mahu2021: posts small blind $0.01
zhakewka: posts big blind $0.02
*** HOLE CARDS ***
Dealt to Mahu2021 [8s 3c]
flechazoo: raises $0.02 to $0.04
muraxa1: folds 
Formiidable: folds 
mckinnon74: calls $0.04
Mahu2021: folds 
zhakewka: folds 
*** FLOP *** [3d 8c 9c]
flechazoo: checks 
mckinnon74: checks 
*** TURN *** [3d 8c 9c] [Qh]
flechazoo: bets $0.07
mckinnon74: folds 
Uncalled bet ($0.07) returned to flechazoo
flechazoo collected $0.11 from pot
flechazoo: doesn't show hand 
*** SUMMARY ***
Total pot $0.11 | Rake $0 
Board [3d 8c 9c Qh]
Seat 1: mckinnon74 (button) folded on the Turn
Seat 2: Mahu2021 (small blind) folded before Flop
Seat 3: zhakewka (big blind) folded before Flop
Seat 4: flechazoo collected ($0.11)
Seat 5: muraxa1 folded before Flop (didn't bet)
Seat 6: Formiidable folded before Flop (didn't bet)



PokerStars Zoom Hand #252735485859:  Hold'em No Limit ($0.01/$0.02) - 2024/10/02 16:14:13 CET [2024/10/02 10:14:13 ET]
Table 'Halley' 6-max Seat #1 is the button
Seat 1: Grudinek ($2.05 in chips) 
Seat 2: Mahu2021 ($1.35 in chips) 
Seat 3: goon97 ($0.68 in chips) 
Seat 4: quipstr ($1.09 in chips) 
Seat 5: Mattu 07 ($1.92 in chips) 
Seat 6: krj2n ($2.60 in chips) 
Mahu2021: posts small blind $0.01
goon97: posts big blind $0.02
*** HOLE CARDS ***
Dealt to Mahu2021 [Ah Ts]
quipstr has timed out
quipstr: folds 
Mattu 07: folds 
krj2n: folds 
Grudinek: folds 
Mahu2021: calls $0.01
goon97: checks 
*** FLOP *** [2h Ks 8s]
Mahu2021: checks 
goon97: bets $0.02
Mahu2021: calls $0.02
*** TURN *** [2h Ks 8s] [Jh]
Mahu2021: checks 
goon97: bets $0.05
Mahu2021: calls $0.05
*** RIVER *** [2h Ks 8s Jh] [4s]
Mahu2021: checks 
goon97: bets $0.08
Mahu2021: raises $0.18 to $0.26
goon97: calls $0.18
*** SHOW DOWN ***
Mahu2021: shows [Ah Ts] (high card Ace)
goon97: shows [Kh 7c] (a pair of Kings)
goon97 collected $0.68 from pot
*** SUMMARY ***
Total pot $0.70 | Rake $0.02 
Board [2h Ks 8s Jh 4s]
Seat 1: Grudinek (button) folded before Flop (didn't bet)
Seat 2: Mahu2021 (small blind) showed [Ah Ts] and lost with high card Ace
Seat 3: goon97 (big blind) showed [Kh 7c] and won ($0.68) with a pair of Kings
Seat 4: quipstr folded before Flop (didn't bet)
Seat 5: Mattu 07 folded before Flop (didn't bet)
Seat 6: krj2n folded before Flop (didn't bet)



PokerStars Zoom Hand #252735500370:  Hold'em No Limit ($0.01/$0.02) - 2024/10/02 16:15:27 CET [2024/10/02 10:15:27 ET]
Table 'Halley' 6-max Seat #1 is the button
Seat 1: athensfrance ($2.72 in chips) 
Seat 2: jordy422 ($2.23 in chips) 
Seat 3: Yisyayup ($3.57 in chips) 
Seat 4: muraxa1 ($1.64 in chips) 
Seat 5: beglorified ($2.02 in chips) 
Seat 6: Mahu2021 ($1 in chips) 
jordy422: posts small blind $0.01
Yisyayup: posts big blind $0.02
*** HOLE CARDS ***
Dealt to Mahu2021 [Kc Qh]
muraxa1: folds 
beglorified: folds 
Mahu2021: raises $0.02 to $0.04
athensfrance: raises $0.08 to $0.12
jordy422: folds 
Yisyayup: folds 
Mahu2021: calls $0.08
*** FLOP *** [9s 9d Jc]
Mahu2021: checks 
athensfrance: bets $0.13
Mahu2021: calls $0.13
*** TURN *** [9s 9d Jc] [Tc]
Mahu2021: checks 
athensfrance: bets $2.47 and is all-in
Mahu2021: calls $0.75 and is all-in
Uncalled bet ($1.72) returned to athensfrance
*** RIVER *** [9s 9d Jc Tc] [5c]
*** SHOW DOWN ***
Mahu2021: shows [Kc Qh] (a straight, Nine to King)
athensfrance: shows [Ah As] (two pair, Aces and Nines)
Mahu2021 collected $1.96 from pot
*** SUMMARY ***
Total pot $2.03 | Rake $0.07 
Board [9s 9d Jc Tc 5c]
Seat 1: athensfrance (button) showed [Ah As] and lost with two pair, Aces and Nines
Seat 2: jordy422 (small blind) folded before Flop
Seat 3: Yisyayup (big blind) folded before Flop
Seat 4: muraxa1 folded before Flop (didn't bet)
Seat 5: beglorified folded before Flop (didn't bet)
Seat 6: Mahu2021 showed [Kc Qh] and won ($1.96) with a straight, Nine to King



PokerStars Zoom Hand #252735506883:  Hold'em No Limit ($0.01/$0.02) - 2024/10/02 16:16:00 CET [2024/10/02 10:16:00 ET]
Table 'Halley' 6-max Seat #1 is the button
Seat 1: Formiidable ($4.75 in chips) 
Seat 2: zemaitys ($1.18 in chips) 
Seat 3: Lilikos60 ($0.26 in chips) 
Seat 4: PoeeeeN ($2.07 in chips) 
Seat 5: Mahu2021 ($1.96 in chips) 
Seat 6: mckinnon74 ($2.13 in chips) 
zemaitys: posts small blind $0.01
Lilikos60: posts big blind $0.02
*** HOLE CARDS ***
Dealt to Mahu2021 [7d Ad]
PoeeeeN: folds 
Mahu2021: raises $0.02 to $0.04
mckinnon74: folds 
Formiidable: folds 
zemaitys: folds 
Lilikos60: calls $0.02
*** FLOP *** [3c 9c Qc]
Lilikos60: checks 
Mahu2021: bets $0.02
Lilikos60: folds 
Uncalled bet ($0.02) returned to Mahu2021
Mahu2021 collected $0.09 from pot
Mahu2021: doesn't show hand 
*** SUMMARY ***
Total pot $0.09 | Rake $0 
Board [3c 9c Qc]
Seat 1: Formiidable (button) folded before Flop (didn't bet)
Seat 2: zemaitys (small blind) folded before Flop
Seat 3: Lilikos60 (big blind) folded on the Flop
Seat 4: PoeeeeN folded before Flop (didn't bet)
Seat 5: Mahu2021 collected ($0.09)
Seat 6: mckinnon74 folded before Flop (didn't bet)



PokerStars Zoom Hand #252735511912:  Hold'em No Limit ($0.01/$0.02) - 2024/10/02 16:16:25 CET [2024/10/02 10:16:25 ET]
Table 'Halley' 6-max Seat #1 is the button
Seat 1: englishmannn ($2 in chips) 
Seat 2: Lilikos60 ($0.22 in chips) 
Seat 3: Mahu2021 ($2.01 in chips) 
Seat 4: goon97 ($1 in chips) 
Seat 5: Lokietel ($3.34 in chips) 
Seat 6: boulis4 ($0.92 in chips) 
Lilikos60: posts small blind $0.01
Mahu2021: posts big blind $0.02
*** HOLE CARDS ***
Dealt to Mahu2021 [2h 5c]
goon97: folds 
Lokietel: raises $0.03 to $0.05
boulis4: raises $0.87 to $0.92 and is all-in
englishmannn: folds 
Lilikos60: folds 
Mahu2021: folds 
Lokietel: folds 
Uncalled bet ($0.87) returned to boulis4
boulis4 collected $0.13 from pot
boulis4: doesn't show hand 
*** SUMMARY ***
Total pot $0.13 | Rake $0 
Seat 1: englishmannn (button) folded before Flop (didn't bet)
Seat 2: Lilikos60 (small blind) folded before Flop
Seat 3: Mahu2021 (big blind) folded before Flop
Seat 4: goon97 folded before Flop (didn't bet)
Seat 5: Lokietel folded before Flop
Seat 6: boulis4 collected ($0.13)



PokerStars Zoom Hand #252735512910:  Hold'em No Limit ($0.01/$0.02) - 2024/10/02 16:16:30 CET [2024/10/02 10:16:30 ET]
Table 'Halley' 6-max Seat #1 is the button
Seat 1: Xpokerfreak ($0.47 in chips) 
Seat 2: Mahu2021 ($1.99 in chips) 
Seat 3: gamw_TROIKA ($4.45 in chips) 
Seat 4: chis1971 ($3 in chips) 
Seat 5: 23.tng ($4.70 in chips) 
Seat 6: shelterx ($7.32 in chips) 
Mahu2021: posts small blind $0.01
gamw_TROIKA: posts big blind $0.02
*** HOLE CARDS ***
Dealt to Mahu2021 [4d 2c]
chis1971: folds 
23.tng: folds 
shelterx: folds 
Xpokerfreak: folds 
Mahu2021: folds 
Uncalled bet ($0.01) returned to gamw_TROIKA
gamw_TROIKA collected $0.02 from pot
gamw_TROIKA: doesn't show hand 
*** SUMMARY ***
Total pot $0.02 | Rake $0 
Seat 1: Xpokerfreak (button) folded before Flop (didn't bet)
Seat 2: Mahu2021 (small blind) folded before Flop
Seat 3: gamw_TROIKA (big blind) collected ($0.02)
Seat 4: chis1971 folded before Flop (didn't bet)
Seat 5: 23.tng folded before Flop (didn't bet)
Seat 6: shelterx folded before Flop (didn't bet)



PokerStars Zoom Hand #252735513735:  Hold'em No Limit ($0.01/$0.02) - 2024/10/02 16:16:34 CET [2024/10/02 10:16:34 ET]
Table 'Halley' 6-max Seat #1 is the button
Seat 1: Mahu2021 ($1.98 in chips) 
Seat 2: FaccaoAzul91 ($2.59 in chips) 
Seat 3: Strutt69 ($1.98 in chips) 
Seat 4: shelterx ($7.32 in chips) 
Seat 5: pad_nikom ($2.01 in chips) 
Seat 6: OMGHubba ($1.97 in chips) 
FaccaoAzul91: posts small blind $0.01
Strutt69: posts big blind $0.02
*** HOLE CARDS ***
Dealt to Mahu2021 [Qh As]
shelterx: folds 
pad_nikom: folds 
OMGHubba: raises $0.04 to $0.06
Mahu2021: calls $0.06
FaccaoAzul91: folds 
Strutt69: folds 
*** FLOP *** [8s Kd 8d]
OMGHubba: checks 
Mahu2021: checks 
*** TURN *** [8s Kd 8d] [3s]
OMGHubba: checks 
Mahu2021: checks 
*** RIVER *** [8s Kd 8d 3s] [Ad]
OMGHubba: checks 
Mahu2021: checks 
*** SHOW DOWN ***
OMGHubba: shows [7h 7d] (two pair, Eights and Sevens)
Mahu2021: shows [Qh As] (two pair, Aces and Eights)
Mahu2021 collected $0.14 from pot
*** SUMMARY ***
Total pot $0.15 | Rake $0.01 
Board [8s Kd 8d 3s Ad]
Seat 1: Mahu2021 (button) showed [Qh As] and won ($0.14) with two pair, Aces and Eights
Seat 2: FaccaoAzul91 (small blind) folded before Flop
Seat 3: Strutt69 (big blind) folded before Flop
Seat 4: shelterx folded before Flop (didn't bet)
Seat 5: pad_nikom folded before Flop (didn't bet)
Seat 6: OMGHubba showed [7h 7d] and lost with two pair, Eights and Sevens



PokerStars Zoom Hand #252735511108:  Hold'em No Limit ($0.01/$0.02) - 2024/10/02 16:16:21 CET [2024/10/02 10:16:21 ET]
Table 'Halley' 6-max Seat #1 is the button
Seat 1: 22pok22er ($2.17 in chips) 
Seat 2: hokkyokuguma ($2.10 in chips) 
Seat 3: Strutt69 ($1.49 in chips) 
Seat 4: bettanye ($2 in chips) 
Seat 5: Mahu2021 ($2.01 in chips) 
Seat 6: Casinoca$h ($8.74 in chips) 
hokkyokuguma: posts small blind $0.01
Strutt69: posts big blind $0.02
*** HOLE CARDS ***
Dealt to Mahu2021 [9s 8c]
bettanye: folds 
Mahu2021: folds 
Casinoca$h: folds 
22pok22er: raises $0.03 to $0.05
hokkyokuguma: raises $0.15 to $0.20
Strutt69: folds 
22pok22er: calls $0.15
*** FLOP *** [8d Jd 5d]
hokkyokuguma: checks 
22pok22er: bets $0.14
hokkyokuguma: folds 
Uncalled bet ($0.14) returned to 22pok22er
22pok22er collected $0.41 from pot
22pok22er: doesn't show hand 
*** SUMMARY ***
Total pot $0.42 | Rake $0.01 
Board [8d Jd 5d]
Seat 1: 22pok22er (button) collected ($0.41)
Seat 2: hokkyokuguma (small blind) folded on the Flop
Seat 3: Strutt69 (big blind) folded before Flop
Seat 4: bettanye folded before Flop (didn't bet)
Seat 5: Mahu2021 folded before Flop (didn't bet)
Seat 6: Casinoca$h folded before Flop (didn't bet)



PokerStars Zoom Hand #252735519982:  Hold'em No Limit ($0.01/$0.02) - 2024/10/02 16:17:05 CET [2024/10/02 10:17:05 ET]
Table 'Halley' 6-max Seat #1 is the button
Seat 1: beglorified ($2.07 in chips) 
Seat 2: muraxa1 ($2.34 in chips) 
Seat 3: serotonine91 ($2.43 in chips) 
Seat 4: ZakoUA ($1.82 in chips) 
Seat 5: pato04011998 ($2.06 in chips) 
Seat 6: Mahu2021 ($2.06 in chips) 
muraxa1: posts small blind $0.01
serotonine91: posts big blind $0.02
*** HOLE CARDS ***
Dealt to Mahu2021 [6c 9d]
ZakoUA: folds 
pato04011998: folds 
Mahu2021: folds 
beglorified: raises $0.03 to $0.05
muraxa1: folds 
serotonine91: folds 
Uncalled bet ($0.03) returned to beglorified
beglorified collected $0.05 from pot
beglorified: doesn't show hand 
*** SUMMARY ***
Total pot $0.05 | Rake $0 
Seat 1: beglorified (button) collected ($0.05)
Seat 2: muraxa1 (small blind) folded before Flop
Seat 3: serotonine91 (big blind) folded before Flop
Seat 4: ZakoUA folded before Flop (didn't bet)
Seat 5: pato04011998 folded before Flop (didn't bet)
Seat 6: Mahu2021 folded before Flop (didn't bet)



PokerStars Zoom Hand #252735521121:  Hold'em No Limit ($0.01/$0.02) - 2024/10/02 16:17:11 CET [2024/10/02 10:17:11 ET]
Table 'Halley' 6-max Seat #1 is the button
Seat 1: 990ctan ($1.01 in chips) 
Seat 2: slapikura ($2.51 in chips) 
Seat 3: pericotete ($3.64 in chips) 
Seat 4: Mahu2021 ($2.06 in chips) 
Seat 5: HSGVB81 ($7.20 in chips) 
Seat 6: pato04011998 ($2.14 in chips) 
slapikura: posts small blind $0.01
pericotete: posts big blind $0.02
*** HOLE CARDS ***
Dealt to Mahu2021 [Th 5c]
Mahu2021: folds 
HSGVB81: folds 
pato04011998: folds 
990ctan: folds 
slapikura: raises $0.03 to $0.05
pericotete: folds 
Uncalled bet ($0.03) returned to slapikura
slapikura collected $0.04 from pot
slapikura: doesn't show hand 
*** SUMMARY ***
Total pot $0.04 | Rake $0 
Seat 1: 990ctan (button) folded before Flop (didn't bet)
Seat 2: slapikura (small blind) collected ($0.04)
Seat 3: pericotete (big blind) folded before Flop
Seat 4: Mahu2021 folded before Flop (didn't bet)
Seat 5: HSGVB81 folded before Flop (didn't bet)
Seat 6: pato04011998 folded before Flop (didn't bet)



PokerStars Zoom Hand #252735522104:  Hold'em No Limit ($0.01/$0.02) - 2024/10/02 16:17:16 CET [2024/10/02 10:17:16 ET]
Table 'Halley' 6-max Seat #1 is the button
Seat 1: PoeeeeN ($2 in chips) 
Seat 2: Nik0Mak0 ($2 in chips) 
Seat 3: C2DFMNLH ($2 in chips) 
Seat 4: Mahu2021 ($2.06 in chips) 
Seat 5: serotonine91 ($2 in chips) 
Seat 6: OMGHubba ($3.12 in chips) 
Nik0Mak0: posts small blind $0.01
C2DFMNLH: posts big blind $0.02
*** HOLE CARDS ***
Dealt to Mahu2021 [8h 4h]
Mahu2021: folds 
serotonine91: folds 
OMGHubba: raises $0.04 to $0.06
PoeeeeN: calls $0.06
Nik0Mak0: folds 
C2DFMNLH: calls $0.04
*** FLOP *** [2c 5d Ts]
C2DFMNLH: checks 
OMGHubba: bets $0.12
PoeeeeN: folds 
C2DFMNLH: folds 
Uncalled bet ($0.12) returned to OMGHubba
OMGHubba collected $0.18 from pot
OMGHubba: doesn't show hand 
*** SUMMARY ***
Total pot $0.19 | Rake $0.01 
Board [2c 5d Ts]
Seat 1: PoeeeeN (button) folded on the Flop
Seat 2: Nik0Mak0 (small blind) folded before Flop
Seat 3: C2DFMNLH (big blind) folded on the Flop
Seat 4: Mahu2021 folded before Flop (didn't bet)
Seat 5: serotonine91 folded before Flop (didn't bet)
Seat 6: OMGHubba collected ($0.18)



PokerStars Zoom Hand #252735522876:  Hold'em No Limit ($0.01/$0.02) - 2024/10/02 16:17:20 CET [2024/10/02 10:17:20 ET]
Table 'Halley' 6-max Seat #1 is the button
Seat 1: boulis4 ($1 in chips) 
Seat 2: Jmontoya1027 ($2 in chips) 
Seat 3: 990ctan ($1 in chips) 
Seat 4: englishmannn ($2.03 in chips) 
Seat 5: Mahu2021 ($2.06 in chips) 
Seat 6: Nik0Mak0 ($2 in chips) 
Jmontoya1027: posts small blind $0.01
990ctan: posts big blind $0.02
*** HOLE CARDS ***
Dealt to Mahu2021 [7c 6c]
englishmannn: folds 
Mahu2021: folds 
Nik0Mak0: folds 
boulis4: raises $0.98 to $1 and is all-in
Jmontoya1027: folds 
990ctan: folds 
Uncalled bet ($0.98) returned to boulis4
boulis4 collected $0.05 from pot
boulis4: doesn't show hand 
*** SUMMARY ***
Total pot $0.05 | Rake $0 
Seat 1: boulis4 (button) collected ($0.05)
Seat 2: Jmontoya1027 (small blind) folded before Flop
Seat 3: 990ctan (big blind) folded before Flop
Seat 4: englishmannn folded before Flop (didn't bet)
Seat 5: Mahu2021 folded before Flop (didn't bet)
Seat 6: Nik0Mak0 folded before Flop (didn't bet)



PokerStars Zoom Hand #252735526536:  Hold'em No Limit ($0.01/$0.02) - 2024/10/02 16:17:38 CET [2024/10/02 10:17:38 ET]
Table 'Halley' 6-max Seat #1 is the button
Seat 1: maru.ueda1 ($0.90 in chips) 
Seat 2: Mahu2021 ($2.04 in chips) 
Seat 3: LimboD13 ($2.06 in chips) 
Seat 4: HAL0710 ($2 in chips) 
Seat 5: slapikura ($2.53 in chips) 
Seat 6: krj2n ($3.75 in chips) 
Mahu2021: posts small blind $0.01
LimboD13: posts big blind $0.02
*** HOLE CARDS ***
Dealt to Mahu2021 [6d 4s]
HAL0710: folds 
slapikura: folds 
krj2n: folds 
maru.ueda1: folds 
Mahu2021: folds 
Uncalled bet ($0.01) returned to LimboD13
LimboD13 collected $0.02 from pot
LimboD13: doesn't show hand 
*** SUMMARY ***
Total pot $0.02 | Rake $0 
Seat 1: maru.ueda1 (button) folded before Flop (didn't bet)
Seat 2: Mahu2021 (small blind) folded before Flop
Seat 3: LimboD13 (big blind) collected ($0.02)
Seat 4: HAL0710 folded before Flop (didn't bet)
Seat 5: slapikura folded before Flop (didn't bet)
Seat 6: krj2n folded before Flop (didn't bet)



PokerStars Zoom Hand #252735523637:  Hold'em No Limit ($0.01/$0.02) - 2024/10/02 16:17:23 CET [2024/10/02 10:17:23 ET]
Table 'Halley' 6-max Seat #1 is the button
Seat 1: zemaitys ($1.20 in chips) 
Seat 2: vencent28 ($0.68 in chips) 
Seat 3: Mahu2021 ($2.06 in chips) 
Seat 4: EggMayo ($2.22 in chips) 
Seat 5: Jmontoya1027 ($2.38 in chips) 
Seat 6: matedogswe ($2.05 in chips) 
vencent28: posts small blind $0.01
Mahu2021: posts big blind $0.02
*** HOLE CARDS ***
Dealt to Mahu2021 [9d 5s]
EggMayo: folds 
Jmontoya1027: raises $0.03 to $0.05
matedogswe: folds 
zemaitys: folds 
vencent28: raises $0.09 to $0.14
Mahu2021: folds 
Jmontoya1027: raises $0.72 to $0.86
vencent28: calls $0.54 and is all-in
Uncalled bet ($0.18) returned to Jmontoya1027
*** FLOP *** [Js 6h 2c]
*** TURN *** [Js 6h 2c] [6s]
*** RIVER *** [Js 6h 2c 6s] [7s]
*** SHOW DOWN ***
vencent28: shows [Ad Jh] (two pair, Jacks and Sixes)
Jmontoya1027: shows [Ah Ac] (two pair, Aces and Sixes)
Jmontoya1027 collected $1.33 from pot
*** SUMMARY ***
Total pot $1.38 | Rake $0.05 
Board [Js 6h 2c 6s 7s]
Seat 1: zemaitys (button) folded before Flop (didn't bet)
Seat 2: vencent28 (small blind) showed [Ad Jh] and lost with two pair, Jacks and Sixes
Seat 3: Mahu2021 (big blind) folded before Flop
Seat 4: EggMayo folded before Flop (didn't bet)
Seat 5: Jmontoya1027 showed [Ah Ac] and won ($1.33) with two pair, Aces and Sixes
Seat 6: matedogswe folded before Flop (didn't bet)



PokerStars Zoom Hand #252735527982:  Hold'em No Limit ($0.01/$0.02) - 2024/10/02 16:17:45 CET [2024/10/02 10:17:45 ET]
Table 'Halley' 6-max Seat #1 is the button
Seat 1: 990ctan ($1 in chips) 
Seat 2: Staggus ($2 in chips) 
Seat 3: Mahu2021 ($2.03 in chips) 
Seat 4: MargoIsa ($2.30 in chips) 
Seat 5: Niklaus MacG ($2.43 in chips) 
Seat 6: Tutunn ($0.97 in chips) 
Staggus: posts small blind $0.01
Mahu2021: posts big blind $0.02
*** HOLE CARDS ***
Dealt to Mahu2021 [8h 2d]
MargoIsa: calls $0.02
Niklaus MacG: folds 
Tutunn: folds 
990ctan: folds 
Staggus: raises $0.03 to $0.05
Mahu2021: folds 
MargoIsa: calls $0.03
*** FLOP *** [Ks 6d 3c]
Staggus: bets $0.09
MargoIsa: folds 
Uncalled bet ($0.09) returned to Staggus
Staggus collected $0.12 from pot
Staggus: doesn't show hand 
*** SUMMARY ***
Total pot $0.12 | Rake $0 
Board [Ks 6d 3c]
Seat 1: 990ctan (button) folded before Flop (didn't bet)
Seat 2: Staggus (small blind) collected ($0.12)
Seat 3: Mahu2021 (big blind) folded before Flop
Seat 4: MargoIsa folded on the Flop
Seat 5: Niklaus MacG folded before Flop (didn't bet)
Seat 6: Tutunn folded before Flop (didn't bet)



PokerStars Zoom Hand #252735527510:  Hold'em No Limit ($0.01/$0.02) - 2024/10/02 16:17:43 CET [2024/10/02 10:17:43 ET]
Table 'Halley' 6-max Seat #1 is the button
Seat 1: Mahu2021 ($2.03 in chips) 
Seat 2: 3 Titzen 3 ($0.56 in chips) 
Seat 3: muz3001 ($1.68 in chips) 
Seat 4: muraxa1 ($2.33 in chips) 
Seat 5: Xpokerfreak ($1.41 in chips) 
Seat 6: arttu97 ($1.87 in chips) 
3 Titzen 3: posts small blind $0.01
muz3001: posts big blind $0.02
*** HOLE CARDS ***
Dealt to Mahu2021 [8h 6s]
muraxa1: folds 
Xpokerfreak: folds 
arttu97: raises $0.02 to $0.04
Mahu2021: folds 
3 Titzen 3: calls $0.03
muz3001: folds 
*** FLOP *** [5c 9s 9c]
3 Titzen 3: bets $0.02
arttu97: folds 
Uncalled bet ($0.02) returned to 3 Titzen 3
3 Titzen 3 collected $0.10 from pot
3 Titzen 3: doesn't show hand 
*** SUMMARY ***
Total pot $0.10 | Rake $0 
Board [5c 9s 9c]
Seat 1: Mahu2021 (button) folded before Flop (didn't bet)
Seat 2: 3 Titzen 3 (small blind) collected ($0.10)
Seat 3: muz3001 (big blind) folded before Flop
Seat 4: muraxa1 folded before Flop (didn't bet)
Seat 5: Xpokerfreak folded before Flop (didn't bet)
Seat 6: arttu97 folded on the Flop



PokerStars Zoom Hand #252735525522:  Hold'em No Limit ($0.01/$0.02) - 2024/10/02 16:17:33 CET [2024/10/02 10:17:33 ET]
Table 'Halley' 6-max Seat #1 is the button
Seat 1: capricorn181 ($2.34 in chips) 
Seat 2: mr0strich ($1.98 in chips) 
Seat 3: JuanChu070 ($1.84 in chips) 
Seat 4: Mahu2021 ($2.04 in chips) 
Seat 5: pyr1975 ($1.81 in chips) 
Seat 6: muz3001 ($1.68 in chips) 
mr0strich: posts small blind $0.01
JuanChu070: posts big blind $0.02
*** HOLE CARDS ***
Dealt to Mahu2021 [As 4c]
Mahu2021: folds 
pyr1975: raises $0.02 to $0.04
muz3001: folds 
capricorn181: folds 
mr0strich: raises $0.10 to $0.14
JuanChu070: folds 
pyr1975: calls $0.10
*** FLOP *** [Tc 6s Qh]
mr0strich: bets $0.02
pyr1975: raises $0.02 to $0.04
mr0strich: calls $0.02
*** TURN *** [Tc 6s Qh] [2h]
mr0strich: bets $0.02
pyr1975: raises $0.06 to $0.08
mr0strich: calls $0.06
*** RIVER *** [Tc 6s Qh 2h] [4d]
mr0strich: bets $0.52
pyr1975: raises $1.03 to $1.55 and is all-in
mr0strich: folds 
Uncalled bet ($1.03) returned to pyr1975
pyr1975 collected $1.52 from pot
pyr1975: doesn't show hand 
*** SUMMARY ***
Total pot $1.58 | Rake $0.06 
Board [Tc 6s Qh 2h 4d]
Seat 1: capricorn181 (button) folded before Flop (didn't bet)
Seat 2: mr0strich (small blind) folded on the River
Seat 3: JuanChu070 (big blind) folded before Flop
Seat 4: Mahu2021 folded before Flop (didn't bet)
Seat 5: pyr1975 collected ($1.52)
Seat 6: muz3001 folded before Flop (didn't bet)



PokerStars Zoom Hand #252735530093:  Hold'em No Limit ($0.01/$0.02) - 2024/10/02 16:17:55 CET [2024/10/02 10:17:55 ET]
Table 'Halley' 6-max Seat #1 is the button
Seat 1: 3ezrael1 ($3.30 in chips) 
Seat 2: 3 Titzen 3 ($2.41 in chips) 
Seat 3: PonasBond ($4.35 in chips) 
Seat 4: Jmontoya1027 ($2.44 in chips) 
Seat 5: tmlm333 ($2.02 in chips) 
Seat 6: Mahu2021 ($2.01 in chips) 
3 Titzen 3: posts small blind $0.01
PonasBond: posts big blind $0.02
*** HOLE CARDS ***
Dealt to Mahu2021 [Jd Ah]
Jmontoya1027: folds 
tmlm333: folds 
Mahu2021: raises $0.02 to $0.04
3ezrael1: folds 
3 Titzen 3: calls $0.03
PonasBond: calls $0.02
*** FLOP *** [5s 2s Tc]
3 Titzen 3: bets $0.02
PonasBond: folds 
Mahu2021: calls $0.02
*** TURN *** [5s 2s Tc] [Ks]
3 Titzen 3: checks 
Mahu2021: checks 
*** RIVER *** [5s 2s Tc Ks] [4d]
3 Titzen 3: checks 
Mahu2021: bets $0.04
3 Titzen 3: calls $0.04
*** SHOW DOWN ***
Mahu2021: shows [Jd Ah] (high card Ace)
3 Titzen 3: shows [9h 9d] (a pair of Nines)
3 Titzen 3 collected $0.23 from pot
*** SUMMARY ***
Total pot $0.24 | Rake $0.01 
Board [5s 2s Tc Ks 4d]
Seat 1: 3ezrael1 (button) folded before Flop (didn't bet)
Seat 2: 3 Titzen 3 (small blind) showed [9h 9d] and won ($0.23) with a pair of Nines
Seat 3: PonasBond (big blind) folded on the Flop
Seat 4: Jmontoya1027 folded before Flop (didn't bet)
Seat 5: tmlm333 folded before Flop (didn't bet)
Seat 6: Mahu2021 showed [Jd Ah] and lost with high card Ace



PokerStars Zoom Hand #252735537018:  Hold'em No Limit ($0.01/$0.02) - 2024/10/02 16:18:31 CET [2024/10/02 10:18:31 ET]
Table 'Halley' 6-max Seat #1 is the button
Seat 1: pad_nikom ($2.17 in chips) 
Seat 2: Cerebrum_1 ($2.73 in chips) 
Seat 3: 22pok22er ($2.35 in chips) 
Seat 4: Maquina18x ($3.83 in chips) 
Seat 5: Mahu2021 ($1.91 in chips) 
Seat 6: 3 Titzen 3 ($2.54 in chips) 
Cerebrum_1: posts small blind $0.01
22pok22er: posts big blind $0.02
*** HOLE CARDS ***
Dealt to Mahu2021 [8h Jc]
Maquina18x: raises $0.02 to $0.04
Mahu2021: folds 
3 Titzen 3: folds 
pad_nikom: folds 
Cerebrum_1: folds 
22pok22er: raises $0.02 to $0.06
Maquina18x: calls $0.02
*** FLOP *** [2c Ts 3d]
22pok22er: checks 
Maquina18x: checks 
*** TURN *** [2c Ts 3d] [2h]
22pok22er: checks 
Maquina18x: checks 
*** RIVER *** [2c Ts 3d 2h] [Kc]
22pok22er: checks 
Maquina18x: bets $0.13
22pok22er: folds 
Uncalled bet ($0.13) returned to Maquina18x
Maquina18x collected $0.13 from pot
Maquina18x: doesn't show hand 
*** SUMMARY ***
Total pot $0.13 | Rake $0 
Board [2c Ts 3d 2h Kc]
Seat 1: pad_nikom (button) folded before Flop (didn't bet)
Seat 2: Cerebrum_1 (small blind) folded before Flop
Seat 3: 22pok22er (big blind) folded on the River
Seat 4: Maquina18x collected ($0.13)
Seat 5: Mahu2021 folded before Flop (didn't bet)
Seat 6: 3 Titzen 3 folded before Flop (didn't bet)



PokerStars Zoom Hand #252735538301:  Hold'em No Limit ($0.01/$0.02) - 2024/10/02 16:18:37 CET [2024/10/02 10:18:37 ET]
Table 'Halley' 6-max Seat #1 is the button
Seat 1: MargoIsa ($2.22 in chips) 
Seat 2: Mahu2021 ($1.91 in chips) 
Seat 3: maru.ueda1 ($1.05 in chips) 
Seat 4: slapikura ($2.57 in chips) 
Seat 5: EggMayo ($2.11 in chips) 
Seat 6: AS3ra ($3.46 in chips) 
Mahu2021: posts small blind $0.01
maru.ueda1: posts big blind $0.02
*** HOLE CARDS ***
Dealt to Mahu2021 [5h 2d]
slapikura: folds 
EggMayo: folds 
AS3ra: folds 
MargoIsa: calls $0.02
Mahu2021: folds 
maru.ueda1: checks 
*** FLOP *** [4c Js 8h]
maru.ueda1: checks 
MargoIsa: checks 
*** TURN *** [4c Js 8h] [Qh]
maru.ueda1: bets $0.04
MargoIsa: calls $0.04
*** RIVER *** [4c Js 8h Qh] [4s]
maru.ueda1: checks 
MargoIsa: checks 
*** SHOW DOWN ***
maru.ueda1: shows [2s Qc] (two pair, Queens and Fours)
MargoIsa: mucks hand 
maru.ueda1 collected $0.13 from pot
*** SUMMARY ***
Total pot $0.13 | Rake $0 
Board [4c Js 8h Qh 4s]
Seat 1: MargoIsa (button) mucked [9d 8d]
Seat 2: Mahu2021 (small blind) folded before Flop
Seat 3: maru.ueda1 (big blind) showed [2s Qc] and won ($0.13) with two pair, Queens and Fours
Seat 4: slapikura folded before Flop (didn't bet)
Seat 5: EggMayo folded before Flop (didn't bet)
Seat 6: AS3ra folded before Flop (didn't bet)



PokerStars Zoom Hand #252735540627:  Hold'em No Limit ($0.01/$0.02) - 2024/10/02 16:18:49 CET [2024/10/02 10:18:49 ET]
Table 'Halley' 6-max Seat #1 is the button
Seat 1: g12598 ($2.09 in chips) 
Seat 2: Miels1986 ($2.36 in chips) 
Seat 3: matedogswe ($2.01 in chips) 
Seat 4: naimoan ($2 in chips) 
Seat 5: 990ctan ($1 in chips) 
Seat 6: Mahu2021 ($1.90 in chips) 
Miels1986: posts small blind $0.01
matedogswe: posts big blind $0.02
*** HOLE CARDS ***
Dealt to Mahu2021 [Kh Ts]
naimoan: folds 
990ctan: folds 
Mahu2021: raises $0.02 to $0.04
g12598: raises $0.14 to $0.18
Miels1986: folds 
matedogswe: folds 
Mahu2021: calls $0.14
*** FLOP *** [5c 2h 7s]
Mahu2021: checks 
g12598: checks 
*** TURN *** [5c 2h 7s] [Kd]
Mahu2021: bets $0.04
g12598: raises $0.16 to $0.20
Mahu2021: calls $0.16
*** RIVER *** [5c 2h 7s Kd] [8h]
Mahu2021: bets $1.52 and is all-in
g12598: folds 
Uncalled bet ($1.52) returned to Mahu2021
Mahu2021 collected $0.76 from pot
Mahu2021: doesn't show hand 
*** SUMMARY ***
Total pot $0.79 | Rake $0.03 
Board [5c 2h 7s Kd 8h]
Seat 1: g12598 (button) folded on the River
Seat 2: Miels1986 (small blind) folded before Flop
Seat 3: matedogswe (big blind) folded before Flop
Seat 4: naimoan folded before Flop (didn't bet)
Seat 5: 990ctan folded before Flop (didn't bet)
Seat 6: Mahu2021 collected ($0.76)



PokerStars Zoom Hand #252735553570:  Hold'em No Limit ($0.01/$0.02) - 2024/10/02 16:19:53 CET [2024/10/02 10:19:53 ET]
Table 'Halley' 6-max Seat #1 is the button
Seat 1: Mahu2021 ($2.28 in chips) 
Seat 2: inthenick11 ($3.18 in chips) 
Seat 3: gamov ($2.84 in chips) 
Seat 4: Jmontoya1027 ($2.51 in chips) 
Seat 5: M@jkel ($7.31 in chips) 
Seat 6: tmlm333 ($4.59 in chips) 
inthenick11: posts small blind $0.01
gamov: posts big blind $0.02
*** HOLE CARDS ***
Dealt to Mahu2021 [4s Th]
Jmontoya1027: raises $0.03 to $0.05
M@jkel: folds 
tmlm333: folds 
Mahu2021: folds 
inthenick11: folds 
gamov: folds 
Uncalled bet ($0.03) returned to Jmontoya1027
Jmontoya1027 collected $0.05 from pot
Jmontoya1027: doesn't show hand 
*** SUMMARY ***
Total pot $0.05 | Rake $0 
Seat 1: Mahu2021 (button) folded before Flop (didn't bet)
Seat 2: inthenick11 (small blind) folded before Flop
Seat 3: gamov (big blind) folded before Flop
Seat 4: Jmontoya1027 collected ($0.05)
Seat 5: M@jkel folded before Flop (didn't bet)
Seat 6: tmlm333 folded before Flop (didn't bet)



PokerStars Zoom Hand #252735556040:  Hold'em No Limit ($0.01/$0.02) - 2024/10/02 16:20:05 CET [2024/10/02 10:20:05 ET]
Table 'Halley' 6-max Seat #1 is the button
Seat 1: vadimich79 ($4.16 in chips) 
Seat 2: VMAzar ($3.91 in chips) 
Seat 3: Mahu2021 ($2.28 in chips) 
Seat 4: DOYAST ($3.91 in chips) 
Seat 5: beglorified ($2.12 in chips) 
Seat 6: Necron4 ($2.01 in chips) 
VMAzar: posts small blind $0.01
Mahu2021: posts big blind $0.02
*** HOLE CARDS ***
Dealt to Mahu2021 [6s Ac]
DOYAST: folds 
beglorified: folds 
Necron4: folds 
vadimich79: folds 
VMAzar: folds 
Uncalled bet ($0.01) returned to Mahu2021
Mahu2021 collected $0.02 from pot
Mahu2021: doesn't show hand 
*** SUMMARY ***
Total pot $0.02 | Rake $0 
Seat 1: vadimich79 (button) folded before Flop (didn't bet)
Seat 2: VMAzar (small blind) folded before Flop
Seat 3: Mahu2021 (big blind) collected ($0.02)
Seat 4: DOYAST folded before Flop (didn't bet)
Seat 5: beglorified folded before Flop (didn't bet)
Seat 6: Necron4 folded before Flop (didn't bet)



PokerStars Zoom Hand #252735554597:  Hold'em No Limit ($0.01/$0.02) - 2024/10/02 16:19:58 CET [2024/10/02 10:19:58 ET]
Table 'Halley' 6-max Seat #1 is the button
Seat 1: Necron4 ($2 in chips) 
Seat 2: Kallem28 ($2.06 in chips) 
Seat 3: RazeRaze96 ($3.55 in chips) 
Seat 4: JuanChu070 ($1.67 in chips) 
Seat 5: Mahu2021 ($2.28 in chips) 
Seat 6: isoo127 ($3.11 in chips) 
Kallem28: posts small blind $0.01
RazeRaze96: posts big blind $0.02
*** HOLE CARDS ***
Dealt to Mahu2021 [2h 7s]
JuanChu070: folds 
Mahu2021: folds 
isoo127: raises $0.03 to $0.05
Necron4: folds 
Kallem28: folds 
RazeRaze96: calls $0.03
*** FLOP *** [9s 5d 2c]
RazeRaze96: checks 
isoo127: checks 
*** TURN *** [9s 5d 2c] [4h]
RazeRaze96: checks 
isoo127: checks 
*** RIVER *** [9s 5d 2c 4h] [7c]
RazeRaze96: checks 
isoo127: checks 
*** SHOW DOWN ***
RazeRaze96: shows [3c Qc] (high card Queen)
isoo127: shows [Jh Ac] (high card Ace)
isoo127 collected $0.11 from pot
*** SUMMARY ***
Total pot $0.11 | Rake $0 
Board [9s 5d 2c 4h 7c]
Seat 1: Necron4 (button) folded before Flop (didn't bet)
Seat 2: Kallem28 (small blind) folded before Flop
Seat 3: RazeRaze96 (big blind) showed [3c Qc] and lost with high card Queen
Seat 4: JuanChu070 folded before Flop (didn't bet)
Seat 5: Mahu2021 folded before Flop (didn't bet)
Seat 6: isoo127 showed [Jh Ac] and won ($0.11) with high card Ace



PokerStars Zoom Hand #252735558457:  Hold'em No Limit ($0.01/$0.02) - 2024/10/02 16:20:17 CET [2024/10/02 10:20:17 ET]
Table 'Halley' 6-max Seat #1 is the button
Seat 1: vortace ($1.99 in chips) 
Seat 2: Mahu2021 ($2.29 in chips) 
Seat 3: AXU222 ($0.97 in chips) 
Seat 4: florian60550 ($1.82 in chips) 
Seat 5: M@jkel ($7.30 in chips) 
Seat 6: goon97 ($1.02 in chips) 
Mahu2021: posts small blind $0.01
AXU222: posts big blind $0.02
*** HOLE CARDS ***
Dealt to Mahu2021 [Ad Jh]
florian60550: folds 
M@jkel: folds 
goon97: folds 
vortace: folds 
Mahu2021: calls $0.01
AXU222: checks 
*** FLOP *** [6s 7c 5h]
Mahu2021: checks 
AXU222: bets $0.06
Mahu2021: folds 
Uncalled bet ($0.06) returned to AXU222
AXU222 collected $0.04 from pot
AXU222: doesn't show hand 
*** SUMMARY ***
Total pot $0.04 | Rake $0 
Board [6s 7c 5h]
Seat 1: vortace (button) folded before Flop (didn't bet)
Seat 2: Mahu2021 (small blind) folded on the Flop
Seat 3: AXU222 (big blind) collected ($0.04)
Seat 4: florian60550 folded before Flop (didn't bet)
Seat 5: M@jkel folded before Flop (didn't bet)
Seat 6: goon97 folded before Flop (didn't bet)



PokerStars Zoom Hand #252735555240:  Hold'em No Limit ($0.01/$0.02) - 2024/10/02 16:20:01 CET [2024/10/02 10:20:01 ET]
Table 'Halley' 6-max Seat #1 is the button
Seat 1: englishmannn ($2.17 in chips) 
Seat 2: capricorn181 ($2.16 in chips) 
Seat 3: 22pok22er ($2.24 in chips) 
Seat 4: Mahu2021 ($2.28 in chips) 
Seat 5: plusovich ($2.45 in chips) 
Seat 6: arttu97 ($1.81 in chips) 
capricorn181: posts small blind $0.01
22pok22er: posts big blind $0.02
*** HOLE CARDS ***
Dealt to Mahu2021 [Qd 9h]
Mahu2021: folds 
plusovich: folds 
arttu97: raises $0.04 to $0.06
englishmannn: folds 
capricorn181: folds 
22pok22er: folds 
Uncalled bet ($0.04) returned to arttu97
arttu97 collected $0.05 from pot
arttu97: doesn't show hand 
*** SUMMARY ***
Total pot $0.05 | Rake $0 
Seat 1: englishmannn (button) folded before Flop (didn't bet)
Seat 2: capricorn181 (small blind) folded before Flop
Seat 3: 22pok22er (big blind) folded before Flop
Seat 4: Mahu2021 folded before Flop (didn't bet)
Seat 5: plusovich folded before Flop (didn't bet)
Seat 6: arttu97 collected ($0.05)



PokerStars Zoom Hand #252735565927:  Hold'em No Limit ($0.01/$0.02) - 2024/10/02 16:20:54 CET [2024/10/02 10:20:54 ET]
Table 'Halley' 6-max Seat #1 is the button
Seat 1: beglorified ($2.08 in chips) 
Seat 2: Maquina18x ($4.64 in chips) 
Seat 3: Lokietel ($4.18 in chips) 
Seat 4: xDarSad ($3.31 in chips) 
Seat 5: EggMayo ($3 in chips) 
Seat 6: Mahu2021 ($2.22 in chips) 
Maquina18x: posts small blind $0.01
Lokietel: posts big blind $0.02
*** HOLE CARDS ***
Dealt to Mahu2021 [7h Kc]
xDarSad: folds 
EggMayo: raises $0.04 to $0.06
Mahu2021: folds 
beglorified: folds 
Maquina18x: folds 
Lokietel: folds 
Uncalled bet ($0.04) returned to EggMayo
EggMayo collected $0.05 from pot
EggMayo: doesn't show hand 
*** SUMMARY ***
Total pot $0.05 | Rake $0 
Seat 1: beglorified (button) folded before Flop (didn't bet)
Seat 2: Maquina18x (small blind) folded before Flop
Seat 3: Lokietel (big blind) folded before Flop
Seat 4: xDarSad folded before Flop (didn't bet)
Seat 5: EggMayo collected ($0.05)
Seat 6: Mahu2021 folded before Flop (didn't bet)



PokerStars Zoom Hand #252735568225:  Hold'em No Limit ($0.01/$0.02) - 2024/10/02 16:21:06 CET [2024/10/02 10:21:06 ET]
Table 'Halley' 6-max Seat #1 is the button
Seat 1: Kallem28 ($4.60 in chips) 
Seat 2: Casinoca$h ($9.47 in chips) 
Seat 3: Mahu2021 ($2.22 in chips) 
Seat 4: scroll7 ($1.54 in chips) 
Seat 5: EggMayo ($2.06 in chips) 
Seat 6: Drama911 ($3.75 in chips) 
Casinoca$h: posts small blind $0.01
Mahu2021: posts big blind $0.02
*** HOLE CARDS ***
Dealt to Mahu2021 [5d 4s]
scroll7: folds 
EggMayo: folds 
Drama911: folds 
Kallem28: folds 
Casinoca$h: folds 
Uncalled bet ($0.01) returned to Mahu2021
Mahu2021 collected $0.02 from pot
Mahu2021: doesn't show hand 
*** SUMMARY ***
Total pot $0.02 | Rake $0 
Seat 1: Kallem28 (button) folded before Flop (didn't bet)
Seat 2: Casinoca$h (small blind) folded before Flop
Seat 3: Mahu2021 (big blind) collected ($0.02)
Seat 4: scroll7 folded before Flop (didn't bet)
Seat 5: EggMayo folded before Flop (didn't bet)
Seat 6: Drama911 folded before Flop (didn't bet)



PokerStars Zoom Hand #252735562041:  Hold'em No Limit ($0.01/$0.02) - 2024/10/02 16:20:35 CET [2024/10/02 10:20:35 ET]
Table 'Halley' 6-max Seat #1 is the button
Seat 1: Mahu2021 ($2.27 in chips) 
Seat 2: marciano451 ($2.37 in chips) 
Seat 3: Rakekandelin ($0.97 in chips) 
Seat 4: DiWerder ($2.50 in chips) 
Seat 5: Kallem28 ($2.03 in chips) 
Seat 6: KeiOuEl ($2.07 in chips) 
marciano451: posts small blind $0.01
Rakekandelin: posts big blind $0.02
*** HOLE CARDS ***
Dealt to Mahu2021 [Jd 8d]
DiWerder: folds 
Kallem28: folds 
KeiOuEl: raises $0.03 to $0.05
Mahu2021: calls $0.05
marciano451: calls $0.04
Rakekandelin: folds 
*** FLOP *** [Ac 9c As]
marciano451: checks 
KeiOuEl: bets $0.08
Mahu2021: folds 
marciano451: calls $0.08
*** TURN *** [Ac 9c As] [3c]
marciano451: checks 
KeiOuEl: checks 
*** RIVER *** [Ac 9c As 3c] [4c]
marciano451: checks 
KeiOuEl: checks 
*** SHOW DOWN ***
marciano451: shows [Qs Ah] (three of a kind, Aces)
KeiOuEl: mucks hand 
marciano451 collected $0.32 from pot
*** SUMMARY ***
Total pot $0.33 | Rake $0.01 
Board [Ac 9c As 3c 4c]
Seat 1: Mahu2021 (button) folded on the Flop
Seat 2: marciano451 (small blind) showed [Qs Ah] and won ($0.32) with three of a kind, Aces
Seat 3: Rakekandelin (big blind) folded before Flop
Seat 4: DiWerder folded before Flop (didn't bet)
Seat 5: Kallem28 folded before Flop (didn't bet)
Seat 6: KeiOuEl mucked [2d Ad]



PokerStars Zoom Hand #252735567513:  Hold'em No Limit ($0.01/$0.02) - 2024/10/02 16:21:02 CET [2024/10/02 10:21:02 ET]
Table 'Halley' 6-max Seat #1 is the button
Seat 1: marioleaoo ($1.63 in chips) 
Seat 2: gamma720 ($4.36 in chips) 
Seat 3: ZakoUA ($1.22 in chips) 
Seat 4: Mahu2021 ($2.22 in chips) 
Seat 5: scroll7 ($1.54 in chips) 
Seat 6: depress1031 ($3.27 in chips) 
gamma720: posts small blind $0.01
ZakoUA: posts big blind $0.02
*** HOLE CARDS ***
Dealt to Mahu2021 [As 2h]
Mahu2021: folds 
scroll7: folds 
depress1031: folds 
marioleaoo: raises $0.02 to $0.04
gamma720: folds 
ZakoUA: raises $0.18 to $0.22
marioleaoo: folds 
Uncalled bet ($0.18) returned to ZakoUA
ZakoUA collected $0.09 from pot
ZakoUA: doesn't show hand 
*** SUMMARY ***
Total pot $0.09 | Rake $0 
Seat 1: marioleaoo (button) folded before Flop
Seat 2: gamma720 (small blind) folded before Flop
Seat 3: ZakoUA (big blind) collected ($0.09)
Seat 4: Mahu2021 folded before Flop (didn't bet)
Seat 5: scroll7 folded before Flop (didn't bet)
Seat 6: depress1031 folded before Flop (didn't bet)



PokerStars Zoom Hand #252735566880:  Hold'em No Limit ($0.01/$0.02) - 2024/10/02 16:20:59 CET [2024/10/02 10:20:59 ET]
Table 'Halley' 6-max Seat #1 is the button
Seat 1: capricorn181 ($2.15 in chips) 
Seat 2: pato04011998 ($3.38 in chips) 
Seat 3: Yisyayup ($4.49 in chips) 
Seat 4: Mahu2021 ($2.22 in chips) 
Seat 5: tmlm333 ($4.73 in chips) 
Seat 6: Miels1986 ($2.23 in chips) 
pato04011998: posts small blind $0.01
Yisyayup: posts big blind $0.02
*** HOLE CARDS ***
Dealt to Mahu2021 [4c 7h]
Mahu2021: folds 
tmlm333: folds 
Miels1986: raises $0.03 to $0.05
capricorn181: calls $0.05
pato04011998: folds 
Yisyayup: calls $0.03
*** FLOP *** [Js 7s 5h]
Yisyayup: checks 
Miels1986: bets $0.08
capricorn181: calls $0.08
Yisyayup: raises $0.28 to $0.36
Miels1986: folds 
capricorn181: folds 
Uncalled bet ($0.28) returned to Yisyayup
Yisyayup collected $0.39 from pot
Yisyayup: doesn't show hand 
*** SUMMARY ***
Total pot $0.40 | Rake $0.01 
Board [Js 7s 5h]
Seat 1: capricorn181 (button) folded on the Flop
Seat 2: pato04011998 (small blind) folded before Flop
Seat 3: Yisyayup (big blind) collected ($0.39)
Seat 4: Mahu2021 folded before Flop (didn't bet)
Seat 5: tmlm333 folded before Flop (didn't bet)
Seat 6: Miels1986 folded on the Flop



PokerStars Zoom Hand #252735570862:  Hold'em No Limit ($0.01/$0.02) - 2024/10/02 16:21:19 CET [2024/10/02 10:21:19 ET]
Table 'Halley' 6-max Seat #1 is the button
Seat 1: Strutt69 ($2.10 in chips) 
Seat 2: Mahu2021 ($2.23 in chips) 
Seat 3: mamede1002 ($2 in chips) 
Seat 4: Jmontoya1027 ($2.72 in chips) 
Seat 5: labelleyanie ($1.91 in chips) 
Seat 6: depress1031 ($3.89 in chips) 
Mahu2021: posts small blind $0.01
mamede1002: posts big blind $0.02
*** HOLE CARDS ***
Dealt to Mahu2021 [Qs Td]
Jmontoya1027: folds 
labelleyanie: folds 
depress1031: folds 
Strutt69: folds 
Mahu2021: raises $0.02 to $0.04
mamede1002: folds 
Uncalled bet ($0.02) returned to Mahu2021
Mahu2021 collected $0.04 from pot
Mahu2021: doesn't show hand 
*** SUMMARY ***
Total pot $0.04 | Rake $0 
Seat 1: Strutt69 (button) folded before Flop (didn't bet)
Seat 2: Mahu2021 (small blind) collected ($0.04)
Seat 3: mamede1002 (big blind) folded before Flop
Seat 4: Jmontoya1027 folded before Flop (didn't bet)
Seat 5: labelleyanie folded before Flop (didn't bet)
Seat 6: depress1031 folded before Flop (didn't bet)



PokerStars Zoom Hand #252735574698:  Hold'em No Limit ($0.01/$0.02) - 2024/10/02 16:21:38 CET [2024/10/02 10:21:38 ET]
Table 'Halley' 6-max Seat #1 is the button
Seat 1: englishmannn ($2.03 in chips) 
Seat 2: LimboD13 ($2.52 in chips) 
Seat 3: gedou_toshi ($2.11 in chips) 
Seat 4: Maquina18x ($4.70 in chips) 
Seat 5: garae ($4.05 in chips) 
Seat 6: Mahu2021 ($2.25 in chips) 
LimboD13: posts small blind $0.01
gedou_toshi: posts big blind $0.02
*** HOLE CARDS ***
Dealt to Mahu2021 [3s Ks]
Maquina18x: raises $0.02 to $0.04
garae: folds 
Mahu2021: folds 
englishmannn: folds 
LimboD13: folds 
gedou_toshi: folds 
Uncalled bet ($0.02) returned to Maquina18x
Maquina18x collected $0.05 from pot
Maquina18x: doesn't show hand 
*** SUMMARY ***
Total pot $0.05 | Rake $0 
Seat 1: englishmannn (button) folded before Flop (didn't bet)
Seat 2: LimboD13 (small blind) folded before Flop
Seat 3: gedou_toshi (big blind) folded before Flop
Seat 4: Maquina18x collected ($0.05)
Seat 5: garae folded before Flop (didn't bet)
Seat 6: Mahu2021 folded before Flop (didn't bet)



PokerStars Zoom Hand #252735575480:  Hold'em No Limit ($0.01/$0.02) - 2024/10/02 16:21:42 CET [2024/10/02 10:21:42 ET]
Table 'Halley' 6-max Seat #1 is the button
Seat 1: Mahu2021 ($2.25 in chips) 
Seat 2: BoredLucan ($1.95 in chips) 
Seat 3: hokkyokuguma ($2 in chips) 
Seat 4: Staggus ($2.13 in chips) 
Seat 5: Necron4 ($2.01 in chips) 
Seat 6: marioleaoo ($1.58 in chips) 
BoredLucan: posts small blind $0.01
hokkyokuguma: posts big blind $0.02
*** HOLE CARDS ***
Dealt to Mahu2021 [Jc 5s]
Staggus: raises $0.03 to $0.05
Necron4: folds 
marioleaoo: folds 
Mahu2021: calls $0.05
BoredLucan: folds 
hokkyokuguma: folds 
*** FLOP *** [7d 5c 7s]
Staggus: bets $0.04
Mahu2021: raises $0.06 to $0.10
Staggus: folds 
Uncalled bet ($0.06) returned to Mahu2021
Mahu2021 collected $0.20 from pot
Mahu2021: doesn't show hand 
*** SUMMARY ***
Total pot $0.21 | Rake $0.01 
Board [7d 5c 7s]
Seat 1: Mahu2021 (button) collected ($0.20)
Seat 2: BoredLucan (small blind) folded before Flop
Seat 3: hokkyokuguma (big blind) folded before Flop
Seat 4: Staggus folded on the Flop
Seat 5: Necron4 folded before Flop (didn't bet)
Seat 6: marioleaoo folded before Flop (didn't bet)



PokerStars Zoom Hand #252735580806:  Hold'em No Limit ($0.01/$0.02) - 2024/10/02 16:22:09 CET [2024/10/02 10:22:09 ET]
Table 'Halley' 6-max Seat #1 is the button
Seat 1: krj2n ($2 in chips) 
Seat 2: Undrafted-99 ($1.85 in chips) 
Seat 3: englishmannn ($2 in chips) 
Seat 4: Mahu2021 ($2.36 in chips) 
Seat 5: OFSHOR ($4.96 in chips) 
Seat 6: Hank1998 ($2.02 in chips) 
Undrafted-99: posts small blind $0.01
englishmannn: posts big blind $0.02
*** HOLE CARDS ***
Dealt to Mahu2021 [Qh 9s]
Mahu2021: folds 
OFSHOR: folds 
Hank1998: folds 
krj2n: raises $0.03 to $0.05
Undrafted-99: folds 
englishmannn: folds 
Uncalled bet ($0.03) returned to krj2n
krj2n collected $0.05 from pot
krj2n: doesn't show hand 
*** SUMMARY ***
Total pot $0.05 | Rake $0 
Seat 1: krj2n (button) collected ($0.05)
Seat 2: Undrafted-99 (small blind) folded before Flop
Seat 3: englishmannn (big blind) folded before Flop
Seat 4: Mahu2021 folded before Flop (didn't bet)
Seat 5: OFSHOR folded before Flop (didn't bet)
Seat 6: Hank1998 folded before Flop (didn't bet)



PokerStars Zoom Hand #252735580017:  Hold'em No Limit ($0.01/$0.02) - 2024/10/02 16:22:05 CET [2024/10/02 10:22:05 ET]
Table 'Halley' 6-max Seat #1 is the button
Seat 1: depress1031 ($3.18 in chips) 
Seat 2: strashilisht ($2.11 in chips) 
Seat 3: DiWerder ($2.71 in chips) 
Seat 4: vadimich79 ($4.11 in chips) 
Seat 5: Mahu2021 ($2.36 in chips) 
Seat 6: LimboD13 ($2.51 in chips) 
strashilisht: posts small blind $0.01
DiWerder: posts big blind $0.02
*** HOLE CARDS ***
Dealt to Mahu2021 [4c 3s]
vadimich79: folds 
Mahu2021: folds 
LimboD13: folds 
depress1031: folds 
strashilisht: raises $0.04 to $0.06
DiWerder: calls $0.04
*** FLOP *** [Ad 7s As]
strashilisht: bets $0.09
DiWerder: calls $0.09
*** TURN *** [Ad 7s As] [5d]
strashilisht: bets $0.22
DiWerder: calls $0.22
*** RIVER *** [Ad 7s As 5d] [3d]
strashilisht: bets $0.23
DiWerder: folds 
Uncalled bet ($0.23) returned to strashilisht
strashilisht collected $0.71 from pot
strashilisht: doesn't show hand 
*** SUMMARY ***
Total pot $0.74 | Rake $0.03 
Board [Ad 7s As 5d 3d]
Seat 1: depress1031 (button) folded before Flop (didn't bet)
Seat 2: strashilisht (small blind) collected ($0.71)
Seat 3: DiWerder (big blind) folded on the River
Seat 4: vadimich79 folded before Flop (didn't bet)
Seat 5: Mahu2021 folded before Flop (didn't bet)
Seat 6: LimboD13 folded before Flop (didn't bet)



PokerStars Zoom Hand #252735586441:  Hold'em No Limit ($0.01/$0.02) - 2024/10/02 16:22:37 CET [2024/10/02 10:22:37 ET]
Table 'Halley' 6-max Seat #1 is the button
Seat 1: 7ax7 ($0.71 in chips) 
Seat 2: genius369369 ($2 in chips) 
Seat 3: Mahu2021 ($2.32 in chips) 
Seat 4: anatoliw ($0.10 in chips) 
Seat 5: BPS21619 ($4.10 in chips) 
Seat 6: luda9520 ($1.05 in chips) 
genius369369: posts small blind $0.01
Mahu2021: posts big blind $0.02
*** HOLE CARDS ***
Dealt to Mahu2021 [Qh 8d]
anatoliw: folds 
BPS21619: folds 
luda9520: folds 
7ax7: raises $0.04 to $0.06
genius369369: folds 
Mahu2021: folds 
Uncalled bet ($0.04) returned to 7ax7
7ax7 collected $0.05 from pot
7ax7: doesn't show hand 
*** SUMMARY ***
Total pot $0.05 | Rake $0 
Seat 1: 7ax7 (button) collected ($0.05)
Seat 2: genius369369 (small blind) folded before Flop
Seat 3: Mahu2021 (big blind) folded before Flop
Seat 4: anatoliw folded before Flop (didn't bet)
Seat 5: BPS21619 folded before Flop (didn't bet)
Seat 6: luda9520 folded before Flop (didn't bet)



PokerStars Zoom Hand #252735588498:  Hold'em No Limit ($0.01/$0.02) - 2024/10/02 16:22:47 CET [2024/10/02 10:22:47 ET]
Table 'Halley' 6-max Seat #1 is the button
Seat 1: gamw_TROIKA ($2.34 in chips) 
Seat 2: Mattu 07 ($1.82 in chips) 
Seat 3: Miels1986 ($2.74 in chips) 
Seat 4: Mahu2021 ($2.30 in chips) 
Seat 5: luda9520 ($1.05 in chips) 
Seat 6: krj2n ($3.84 in chips) 
Mattu 07: posts small blind $0.01
Miels1986: posts big blind $0.02
*** HOLE CARDS ***
Dealt to Mahu2021 [6c 9c]
Mahu2021: folds 
luda9520: folds 
krj2n: folds 
gamw_TROIKA: folds 
Mattu 07: folds 
Uncalled bet ($0.01) returned to Miels1986
Miels1986 collected $0.02 from pot
Miels1986: doesn't show hand 
*** SUMMARY ***
Total pot $0.02 | Rake $0 
Seat 1: gamw_TROIKA (button) folded before Flop (didn't bet)
Seat 2: Mattu 07 (small blind) folded before Flop
Seat 3: Miels1986 (big blind) collected ($0.02)
Seat 4: Mahu2021 folded before Flop (didn't bet)
Seat 5: luda9520 folded before Flop (didn't bet)
Seat 6: krj2n folded before Flop (didn't bet)



PokerStars Zoom Hand #252735581451:  Hold'em No Limit ($0.01/$0.02) - 2024/10/02 16:22:12 CET [2024/10/02 10:22:12 ET]
Table 'Halley' 6-max Seat #1 is the button
Seat 1: serotonine91 ($2.26 in chips) 
Seat 2: xDarSad ($6.42 in chips) 
Seat 3: muraxa1 ($1.60 in chips) 
Seat 4: Mahu2021 ($2.36 in chips) 
Seat 5: VMAzar ($3.60 in chips) 
Seat 6: romanpupi1 ($2.19 in chips) 
xDarSad: posts small blind $0.01
muraxa1: posts big blind $0.02
*** HOLE CARDS ***
Dealt to Mahu2021 [7h Ah]
xDarSad is disconnected 
Mahu2021: raises $0.02 to $0.04
VMAzar: folds 
romanpupi1: raises $0.16 to $0.20
serotonine91: folds 
xDarSad has timed out while disconnected
xDarSad: folds 
muraxa1: folds 
Mahu2021: folds 
Uncalled bet ($0.16) returned to romanpupi1
romanpupi1 collected $0.11 from pot
romanpupi1: doesn't show hand 
*** SUMMARY ***
Total pot $0.11 | Rake $0 
Seat 1: serotonine91 (button) folded before Flop (didn't bet)
Seat 2: xDarSad (small blind) folded before Flop
Seat 3: muraxa1 (big blind) folded before Flop
Seat 4: Mahu2021 folded before Flop
Seat 5: VMAzar folded before Flop (didn't bet)
Seat 6: romanpupi1 collected ($0.11)



PokerStars Zoom Hand #252735589324:  Hold'em No Limit ($0.01/$0.02) - 2024/10/02 16:22:51 CET [2024/10/02 10:22:51 ET]
Table 'Halley' 6-max Seat #1 is the button
Seat 1: Grand_Gena ($4.76 in chips) 
Seat 2: Mahu2021 ($2.30 in chips) 
Seat 3: pato04011998 ($2.15 in chips) 
Seat 4: JackShepp ($2.14 in chips) 
Seat 5: tche46 ($0.39 in chips) 
Seat 6: Necron4 ($2.08 in chips) 
Mahu2021: posts small blind $0.01
pato04011998: posts big blind $0.02
*** HOLE CARDS ***
Dealt to Mahu2021 [As 8s]
JackShepp has timed out
JackShepp: folds 
tche46: folds 
Necron4: folds 
Grand_Gena: raises $0.03 to $0.05
Mahu2021: calls $0.04
pato04011998: calls $0.03
*** FLOP *** [Kd 9c 7s]
Mahu2021: checks 
pato04011998: checks 
Grand_Gena: checks 
*** TURN *** [Kd 9c 7s] [Ad]
Mahu2021: bets $0.04
pato04011998: folds 
Grand_Gena: folds 
Uncalled bet ($0.04) returned to Mahu2021
Mahu2021 collected $0.14 from pot
Mahu2021: doesn't show hand 
*** SUMMARY ***
Total pot $0.15 | Rake $0.01 
Board [Kd 9c 7s Ad]
Seat 1: Grand_Gena (button) folded on the Turn
Seat 2: Mahu2021 (small blind) collected ($0.14)
Seat 3: pato04011998 (big blind) folded on the Turn
Seat 4: JackShepp folded before Flop (didn't bet)
Seat 5: tche46 folded before Flop (didn't bet)
Seat 6: Necron4 folded before Flop (didn't bet)



PokerStars Zoom Hand #252735597190:  Hold'em No Limit ($0.01/$0.02) - 2024/10/02 16:23:31 CET [2024/10/02 10:23:31 ET]
Table 'Halley' 6-max Seat #1 is the button
Seat 1: Mahu2021 ($2.39 in chips) 
Seat 2: muz3001 ($1.10 in chips) 
Seat 3: Necron4 ($2 in chips) 
Seat 4: chundada1 ($2.10 in chips) 
Seat 5: luda9520 ($0.82 in chips) 
Seat 6: weezyck ($2.27 in chips) 
muz3001: posts small blind $0.01
Necron4: posts big blind $0.02
*** HOLE CARDS ***
Dealt to Mahu2021 [Ah Ks]
chundada1: raises $0.02 to $0.04
luda9520: folds 
weezyck: folds 
Mahu2021: calls $0.04
muz3001: folds 
Necron4: folds 
*** FLOP *** [6h 6s 3h]
chundada1: checks 
Mahu2021: checks 
*** TURN *** [6h 6s 3h] [Jh]
chundada1: bets $0.04
Mahu2021: calls $0.04
*** RIVER *** [6h 6s 3h Jh] [Jd]
chundada1: bets $0.04
Mahu2021: raises $0.70 to $0.74
chundada1: folds 
Uncalled bet ($0.70) returned to Mahu2021
Mahu2021 collected $0.26 from pot
Mahu2021: doesn't show hand 
*** SUMMARY ***
Total pot $0.27 | Rake $0.01 
Board [6h 6s 3h Jh Jd]
Seat 1: Mahu2021 (button) collected ($0.26)
Seat 2: muz3001 (small blind) folded before Flop
Seat 3: Necron4 (big blind) folded before Flop
Seat 4: chundada1 folded on the River
Seat 5: luda9520 folded before Flop (didn't bet)
Seat 6: weezyck folded before Flop (didn't bet)



PokerStars Zoom Hand #252735607131:  Hold'em No Limit ($0.01/$0.02) - 2024/10/02 16:24:21 CET [2024/10/02 10:24:21 ET]
Table 'Halley' 6-max Seat #1 is the button
Seat 1: PoeeeeN ($2.08 in chips) 
Seat 2: ARG|S2|BRA ($1.87 in chips) 
Seat 3: Mahu2021 ($2.53 in chips) 
Seat 4: gamw_TROIKA ($2 in chips) 
Seat 5: DiWerder ($2.68 in chips) 
Seat 6: EggMayo ($3.19 in chips) 
ARG|S2|BRA: posts small blind $0.01
Mahu2021: posts big blind $0.02
*** HOLE CARDS ***
Dealt to Mahu2021 [Jd Qd]
gamw_TROIKA: folds 
DiWerder: folds 
EggMayo: raises $0.04 to $0.06
PoeeeeN: folds 
ARG|S2|BRA: folds 
Mahu2021: calls $0.04
*** FLOP *** [4s 6d Ts]
Mahu2021: checks 
EggMayo: bets $0.04
Mahu2021: calls $0.04
*** TURN *** [4s 6d Ts] [9h]
Mahu2021: checks 
EggMayo: checks 
*** RIVER *** [4s 6d Ts 9h] [7d]
Mahu2021: checks 
EggMayo: checks 
*** SHOW DOWN ***
Mahu2021: shows [Jd Qd] (high card Queen)
EggMayo: shows [Qc Ac] (high card Ace)
EggMayo collected $0.20 from pot
*** SUMMARY ***
Total pot $0.21 | Rake $0.01 
Board [4s 6d Ts 9h 7d]
Seat 1: PoeeeeN (button) folded before Flop (didn't bet)
Seat 2: ARG|S2|BRA (small blind) folded before Flop
Seat 3: Mahu2021 (big blind) showed [Jd Qd] and lost with high card Queen
Seat 4: gamw_TROIKA folded before Flop (didn't bet)
Seat 5: DiWerder folded before Flop (didn't bet)
Seat 6: EggMayo showed [Qc Ac] and won ($0.20) with high card Ace



PokerStars Zoom Hand #252735613382:  Hold'em No Limit ($0.01/$0.02) - 2024/10/02 16:24:52 CET [2024/10/02 10:24:52 ET]
Table 'Halley' 6-max Seat #1 is the button
Seat 1: TPRx88 ($1.07 in chips) 
Seat 2: PoeeeeN ($3.29 in chips) 
Seat 3: ARG|S2|BRA ($1.86 in chips) 
Seat 4: 3 Titzen 3 ($0.79 in chips) 
Seat 5: vadimich79 ($2.18 in chips) 
Seat 6: Mahu2021 ($2.43 in chips) 
PoeeeeN: posts small blind $0.01
ARG|S2|BRA: posts big blind $0.02
*** HOLE CARDS ***
Dealt to Mahu2021 [9s Ks]
3 Titzen 3: calls $0.02
vadimich79: folds 
Mahu2021: calls $0.02
TPRx88: folds 
PoeeeeN: raises $0.18 to $0.20
ARG|S2|BRA: folds 
3 Titzen 3: folds 
Mahu2021: folds 
Uncalled bet ($0.18) returned to PoeeeeN
PoeeeeN collected $0.08 from pot
PoeeeeN: doesn't show hand 
*** SUMMARY ***
Total pot $0.08 | Rake $0 
Seat 1: TPRx88 (button) folded before Flop (didn't bet)
Seat 2: PoeeeeN (small blind) collected ($0.08)
Seat 3: ARG|S2|BRA (big blind) folded before Flop
Seat 4: 3 Titzen 3 folded before Flop
Seat 5: vadimich79 folded before Flop (didn't bet)
Seat 6: Mahu2021 folded before Flop



PokerStars Zoom Hand #252735616982:  Hold'em No Limit ($0.01/$0.02) - 2024/10/02 16:25:10 CET [2024/10/02 10:25:10 ET]
Table 'Halley' 6-max Seat #1 is the button
Seat 1: elmex886 ($1.85 in chips) 
Seat 2: Profcelso ($2.09 in chips) 
Seat 3: Niklaus MacG ($4.72 in chips) 
Seat 4: OFSHOR ($2.11 in chips) 
Seat 5: pato04011998 ($2.43 in chips) 
Seat 6: Mahu2021 ($2.40 in chips) 
Profcelso: posts small blind $0.01
Niklaus MacG: posts big blind $0.02
*** HOLE CARDS ***
Dealt to Mahu2021 [4h 5c]
OFSHOR: folds 
pato04011998: raises $0.03 to $0.05
Mahu2021: folds 
elmex886: folds 
Profcelso: folds 
Niklaus MacG: folds 
Uncalled bet ($0.03) returned to pato04011998
pato04011998 collected $0.05 from pot
pato04011998: doesn't show hand 
*** SUMMARY ***
Total pot $0.05 | Rake $0 
Seat 1: elmex886 (button) folded before Flop (didn't bet)
Seat 2: Profcelso (small blind) folded before Flop
Seat 3: Niklaus MacG (big blind) folded before Flop
Seat 4: OFSHOR folded before Flop (didn't bet)
Seat 5: pato04011998 collected ($0.05)
Seat 6: Mahu2021 folded before Flop (didn't bet)



PokerStars Zoom Hand #252735618524:  Hold'em No Limit ($0.01/$0.02) - 2024/10/02 16:25:19 CET [2024/10/02 10:25:19 ET]
Table 'Halley' 6-max Seat #1 is the button
Seat 1: Mahu2021 ($2.40 in chips) 
Seat 2: LimboD13 ($3.71 in chips) 
Seat 3: weezyck ($1.64 in chips) 
Seat 4: Miels1986 ($4.83 in chips) 
Seat 5: VlaamsBelang420 ($7.24 in chips) 
Seat 6: Strutt69 ($1.58 in chips) 
LimboD13: posts small blind $0.01
weezyck: posts big blind $0.02
*** HOLE CARDS ***
Dealt to Mahu2021 [Kc 2s]
Miels1986: folds 
VlaamsBelang420: folds 
Strutt69: folds 
Mahu2021: raises $0.02 to $0.04
LimboD13: folds 
weezyck: folds 
Uncalled bet ($0.02) returned to Mahu2021
Mahu2021 collected $0.05 from pot
Mahu2021: doesn't show hand 
*** SUMMARY ***
Total pot $0.05 | Rake $0 
Seat 1: Mahu2021 (button) collected ($0.05)
Seat 2: LimboD13 (small blind) folded before Flop
Seat 3: weezyck (big blind) folded before Flop
Seat 4: Miels1986 folded before Flop (didn't bet)
Seat 5: VlaamsBelang420 folded before Flop (didn't bet)
Seat 6: Strutt69 folded before Flop (didn't bet)



PokerStars Zoom Hand #252735617573:  Hold'em No Limit ($0.01/$0.02) - 2024/10/02 16:25:14 CET [2024/10/02 10:25:14 ET]
Table 'Halley' 6-max Seat #1 is the button
Seat 1: despot17 ($1.46 in chips) 
Seat 2: dersor111 ($2.33 in chips) 
Seat 3: VlaamsBelang420 ($7.26 in chips) 
Seat 4: Drama911 ($3.19 in chips) 
Seat 5: Mahu2021 ($2.40 in chips) 
Seat 6: krj2n ($2.01 in chips) 
dersor111: posts small blind $0.01
VlaamsBelang420: posts big blind $0.02
*** HOLE CARDS ***
Dealt to Mahu2021 [9s Qd]
Drama911: raises $0.02 to $0.04
Mahu2021: folds 
krj2n: folds 
despot17: folds 
dersor111: calls $0.03
VlaamsBelang420: folds 
*** FLOP *** [7c 6d 9h]
dersor111: checks 
Drama911: bets $0.10
dersor111: folds 
Uncalled bet ($0.10) returned to Drama911
Drama911 collected $0.10 from pot
Drama911: doesn't show hand 
*** SUMMARY ***
Total pot $0.10 | Rake $0 
Board [7c 6d 9h]
Seat 1: despot17 (button) folded before Flop (didn't bet)
Seat 2: dersor111 (small blind) folded on the Flop
Seat 3: VlaamsBelang420 (big blind) folded before Flop
Seat 4: Drama911 collected ($0.10)
Seat 5: Mahu2021 folded before Flop (didn't bet)
Seat 6: krj2n folded before Flop (didn't bet)



PokerStars Zoom Hand #252735616358:  Hold'em No Limit ($0.01/$0.02) - 2024/10/02 16:25:07 CET [2024/10/02 10:25:07 ET]
Table 'Halley' 6-max Seat #1 is the button
Seat 1: 990ctan ($1.29 in chips) 
Seat 2: Mahu2021 ($2.41 in chips) 
Seat 3: Charliie014 ($2.88 in chips) 
Seat 4: serotonine91 ($2.22 in chips) 
Seat 5: gamov ($3.55 in chips) 
Seat 6: Casinoca$h ($9.91 in chips) 
Mahu2021: posts small blind $0.01
Charliie014: posts big blind $0.02
*** HOLE CARDS ***
Dealt to Mahu2021 [3s 2d]
serotonine91: folds 
gamov: folds 
Casinoca$h: raises $0.04 to $0.06
990ctan: raises $0.11 to $0.17
Mahu2021: folds 
Charliie014: folds 
Casinoca$h: calls $0.11
*** FLOP *** [2c As Qs]
Casinoca$h: checks 
990ctan: checks 
*** TURN *** [2c As Qs] [5h]
Casinoca$h: checks 
990ctan: checks 
*** RIVER *** [2c As Qs 5h] [2h]
Casinoca$h: checks 
990ctan: checks 
*** SHOW DOWN ***
Casinoca$h: shows [4c Qc] (two pair, Queens and Deuces)
990ctan: shows [Kc Kh] (two pair, Kings and Deuces)
990ctan collected $0.36 from pot
*** SUMMARY ***
Total pot $0.37 | Rake $0.01 
Board [2c As Qs 5h 2h]
Seat 1: 990ctan (button) showed [Kc Kh] and won ($0.36) with two pair, Kings and Deuces
Seat 2: Mahu2021 (small blind) folded before Flop
Seat 3: Charliie014 (big blind) folded before Flop
Seat 4: serotonine91 folded before Flop (didn't bet)
Seat 5: gamov folded before Flop (didn't bet)
Seat 6: Casinoca$h showed [4c Qc] and lost with two pair, Queens and Deuces



PokerStars Zoom Hand #252735621943:  Hold'em No Limit ($0.01/$0.02) - 2024/10/02 16:25:36 CET [2024/10/02 10:25:36 ET]
Table 'Halley' 6-max Seat #1 is the button
Seat 1: luda9520 ($0.80 in chips) 
Seat 2: Mattu 07 ($1.60 in chips) 
Seat 3: dersor111 ($2.29 in chips) 
Seat 4: tmlm333 ($2.18 in chips) 
Seat 5: krj2n ($3.26 in chips) 
Seat 6: Mahu2021 ($2.43 in chips) 
Mattu 07: posts small blind $0.01
dersor111: posts big blind $0.02
*** HOLE CARDS ***
Dealt to Mahu2021 [4s Qh]
tmlm333: folds 
krj2n: folds 
Mahu2021: folds 
luda9520: raises $0.02 to $0.04
Mattu 07: folds 
dersor111: calls $0.02
*** FLOP *** [7d 5h 7s]
dersor111: checks 
luda9520: checks 
*** TURN *** [7d 5h 7s] [6d]
dersor111: checks 
luda9520: checks 
*** RIVER *** [7d 5h 7s 6d] [2c]
dersor111: checks 
luda9520: bets $0.06
dersor111: folds 
Uncalled bet ($0.06) returned to luda9520
luda9520 collected $0.09 from pot
luda9520: doesn't show hand 
*** SUMMARY ***
Total pot $0.09 | Rake $0 
Board [7d 5h 7s 6d 2c]
Seat 1: luda9520 (button) collected ($0.09)
Seat 2: Mattu 07 (small blind) folded before Flop
Seat 3: dersor111 (big blind) folded on the River
Seat 4: tmlm333 folded before Flop (didn't bet)
Seat 5: krj2n folded before Flop (didn't bet)
Seat 6: Mahu2021 folded before Flop (didn't bet)



PokerStars Zoom Hand #252735627306:  Hold'em No Limit ($0.01/$0.02) - 2024/10/02 16:26:03 CET [2024/10/02 10:26:03 ET]
Table 'Halley' 6-max Seat #1 is the button
Seat 1: g12598 ($1.92 in chips) 
Seat 2: Littlegreyman ($0.75 in chips) 
Seat 3: mariman99 ($0.97 in chips) 
Seat 4: Tutunn ($1.49 in chips) 
Seat 5: Mahu2021 ($2.40 in chips) 
Seat 6: Grand_Gena ($2.86 in chips) 
Littlegreyman: posts small blind $0.01
mariman99: posts big blind $0.02
*** HOLE CARDS ***
Dealt to Mahu2021 [3s Td]
Tutunn: folds 
Mahu2021: folds 
Grand_Gena: raises $0.04 to $0.06
g12598: folds 
Littlegreyman: folds 
mariman99: folds 
Uncalled bet ($0.04) returned to Grand_Gena
Grand_Gena collected $0.05 from pot
Grand_Gena: doesn't show hand 
*** SUMMARY ***
Total pot $0.05 | Rake $0 
Seat 1: g12598 (button) folded before Flop (didn't bet)
Seat 2: Littlegreyman (small blind) folded before Flop
Seat 3: mariman99 (big blind) folded before Flop
Seat 4: Tutunn folded before Flop (didn't bet)
Seat 5: Mahu2021 folded before Flop (didn't bet)
Seat 6: Grand_Gena collected ($0.05)



PokerStars Zoom Hand #252735624281:  Hold'em No Limit ($0.01/$0.02) - 2024/10/02 16:25:48 CET [2024/10/02 10:25:48 ET]
Table 'Halley' 6-max Seat #1 is the button
Seat 1: Miels1986 ($2.78 in chips) 
Seat 2: RazeRaze96 ($4.73 in chips) 
Seat 3: terekhvlad ($1.67 in chips) 
Seat 4: zemaitys ($1 in chips) 
Seat 5: Mahu2021 ($2.41 in chips) 
Seat 6: pericotete ($3.40 in chips) 
RazeRaze96: posts small blind $0.01
terekhvlad: posts big blind $0.02
*** HOLE CARDS ***
Dealt to Mahu2021 [2s Ad]
zemaitys: folds 
Mahu2021: folds 
pericotete: folds 
Miels1986: folds 
RazeRaze96: raises $0.04 to $0.06
terekhvlad has timed out
terekhvlad: folds 
Uncalled bet ($0.04) returned to RazeRaze96
RazeRaze96 collected $0.04 from pot
RazeRaze96: doesn't show hand 
*** SUMMARY ***
Total pot $0.04 | Rake $0 
Seat 1: Miels1986 (button) folded before Flop (didn't bet)
Seat 2: RazeRaze96 (small blind) collected ($0.04)
Seat 3: terekhvlad (big blind) folded before Flop
Seat 4: zemaitys folded before Flop (didn't bet)
Seat 5: Mahu2021 folded before Flop (didn't bet)
Seat 6: pericotete folded before Flop (didn't bet)



PokerStars Zoom Hand #252735628912:  Hold'em No Limit ($0.01/$0.02) - 2024/10/02 16:26:11 CET [2024/10/02 10:26:11 ET]
Table 'Halley' 6-max Seat #1 is the button
Seat 1: quipstr ($1.01 in chips) 
Seat 2: Hugotcardoso91 ($1.83 in chips) 
Seat 3: Mahu2021 ($2.40 in chips) 
Seat 4: pkrbireal ($2.35 in chips) 
Seat 5: PoeeeeN ($2.26 in chips) 
Seat 6: bel_2302 ($2.42 in chips) 
Hugotcardoso91: posts small blind $0.01
Mahu2021: posts big blind $0.02
*** HOLE CARDS ***
Dealt to Mahu2021 [Th 2h]
pkrbireal: folds 
PoeeeeN: folds 
bel_2302: folds 
quipstr: folds 
Hugotcardoso91: raises $0.04 to $0.06
Mahu2021: folds 
Uncalled bet ($0.04) returned to Hugotcardoso91
Hugotcardoso91 collected $0.04 from pot
Hugotcardoso91: doesn't show hand 
*** SUMMARY ***
Total pot $0.04 | Rake $0 
Seat 1: quipstr (button) folded before Flop (didn't bet)
Seat 2: Hugotcardoso91 (small blind) collected ($0.04)
Seat 3: Mahu2021 (big blind) folded before Flop
Seat 4: pkrbireal folded before Flop (didn't bet)
Seat 5: PoeeeeN folded before Flop (didn't bet)
Seat 6: bel_2302 folded before Flop (didn't bet)



PokerStars Zoom Hand #252735626466:  Hold'em No Limit ($0.01/$0.02) - 2024/10/02 16:25:59 CET [2024/10/02 10:25:59 ET]
Table 'Halley' 6-max Seat #1 is the button
Seat 1: Mahu2021 ($2.40 in chips) 
Seat 2: kerverosf1 ($1.69 in chips) 
Seat 3: weezyck ($1.61 in chips) 
Seat 4: Grand_Gena ($2.86 in chips) 
Seat 5: zhakewka ($3.64 in chips) 
Seat 6: Charliie014 ($2 in chips) 
kerverosf1: posts small blind $0.01
weezyck: posts big blind $0.02
*** HOLE CARDS ***
Dealt to Mahu2021 [6h 8s]
Grand_Gena: folds 
zhakewka: folds 
Charliie014: raises $0.02 to $0.04
Mahu2021: folds 
kerverosf1: calls $0.03
weezyck: folds 
*** FLOP *** [8h Ah 5d]
kerverosf1: checks 
Charliie014: checks 
*** TURN *** [8h Ah 5d] [5h]
kerverosf1: checks 
Charliie014: checks 
*** RIVER *** [8h Ah 5d 5h] [4c]
kerverosf1: checks 
Charliie014: checks 
*** SHOW DOWN ***
kerverosf1: shows [Qs 8c] (two pair, Eights and Fives)
Charliie014: mucks hand 
kerverosf1 collected $0.10 from pot
*** SUMMARY ***
Total pot $0.10 | Rake $0 
Board [8h Ah 5d 5h 4c]
Seat 1: Mahu2021 (button) folded before Flop (didn't bet)
Seat 2: kerverosf1 (small blind) showed [Qs 8c] and won ($0.10) with two pair, Eights and Fives
Seat 3: weezyck (big blind) folded before Flop
Seat 4: Grand_Gena folded before Flop (didn't bet)
Seat 5: zhakewka folded before Flop (didn't bet)
Seat 6: Charliie014 mucked [Jc 9c]



PokerStars Zoom Hand #252735622728:  Hold'em No Limit ($0.01/$0.02) - 2024/10/02 16:25:40 CET [2024/10/02 10:25:40 ET]
Table 'Halley' 6-max Seat #1 is the button
Seat 1: tmlm333 ($2.18 in chips) 
Seat 2: Niklaus MacG ($2.45 in chips) 
Seat 3: Mahu2021 ($2.43 in chips) 
Seat 4: rekomS_6 ($3.62 in chips) 
Seat 5: TPRx88 ($1.04 in chips) 
Seat 6: JuanChu070 ($1.68 in chips) 
Niklaus MacG: posts small blind $0.01
Mahu2021: posts big blind $0.02
*** HOLE CARDS ***
Dealt to Mahu2021 [Th 3d]
rekomS_6: raises $0.02 to $0.04
TPRx88: calls $0.04
JuanChu070: folds 
tmlm333: folds 
Niklaus MacG: folds 
Mahu2021: folds 
*** FLOP *** [9c 6c Ad]
rekomS_6: bets $0.04
TPRx88: calls $0.04
*** TURN *** [9c 6c Ad] [2s]
rekomS_6: checks 
TPRx88: checks 
*** RIVER *** [9c 6c Ad 2s] [2d]
rekomS_6: checks 
TPRx88: bets $0.09
rekomS_6: folds 
Uncalled bet ($0.09) returned to TPRx88
TPRx88 collected $0.18 from pot
TPRx88: doesn't show hand 
*** SUMMARY ***
Total pot $0.19 | Rake $0.01 
Board [9c 6c Ad 2s 2d]
Seat 1: tmlm333 (button) folded before Flop (didn't bet)
Seat 2: Niklaus MacG (small blind) folded before Flop
Seat 3: Mahu2021 (big blind) folded before Flop
Seat 4: rekomS_6 folded on the River
Seat 5: TPRx88 collected ($0.18)
Seat 6: JuanChu070 folded before Flop (didn't bet)



PokerStars Zoom Hand #252735625069:  Hold'em No Limit ($0.01/$0.02) - 2024/10/02 16:25:52 CET [2024/10/02 10:25:52 ET]
Table 'Halley' 6-max Seat #1 is the button
Seat 1: Grudinek ($2 in chips) 
Seat 2: Mahu2021 ($2.41 in chips) 
Seat 3: stelili ($2 in chips) 
Seat 4: mariman99 ($0.97 in chips) 
Seat 5: Miels1986 ($2.66 in chips) 
Seat 6: ECEGO ($2.08 in chips) 
Mahu2021: posts small blind $0.01
stelili: posts big blind $0.02
*** HOLE CARDS ***
Dealt to Mahu2021 [Tc 4c]
mariman99: folds 
Miels1986: raises $0.03 to $0.05
ECEGO: folds 
Grudinek: folds 
Mahu2021: folds 
stelili: calls $0.03
*** FLOP *** [2s Qh 9s]
stelili: checks 
Miels1986: bets $0.03
stelili: calls $0.03
*** TURN *** [2s Qh 9s] [8c]
stelili: checks 
Miels1986: bets $0.12
stelili: calls $0.12
*** RIVER *** [2s Qh 9s 8c] [Ad]
stelili: bets $0.20
Miels1986: folds 
Uncalled bet ($0.20) returned to stelili
stelili collected $0.40 from pot
stelili: doesn't show hand 
*** SUMMARY ***
Total pot $0.41 | Rake $0.01 
Board [2s Qh 9s 8c Ad]
Seat 1: Grudinek (button) folded before Flop (didn't bet)
Seat 2: Mahu2021 (small blind) folded before Flop
Seat 3: stelili (big blind) collected ($0.40)
Seat 4: mariman99 folded before Flop (didn't bet)
Seat 5: Miels1986 folded on the River
Seat 6: ECEGO folded before Flop (didn't bet)



PokerStars Zoom Hand #252735620224:  Hold'em No Limit ($0.01/$0.02) - 2024/10/02 16:25:27 CET [2024/10/02 10:25:27 ET]
Table 'Halley' 6-max Seat #1 is the button
Seat 1: EggMayo ($2.40 in chips) 
Seat 2: Tony-Broke ($2.76 in chips) 
Seat 3: despot17 ($0.92 in chips) 
Seat 4: Strutt69 ($1.58 in chips) 
Seat 5: Mahu2021 ($2.43 in chips) 
Seat 6: PonasBond ($4.12 in chips) 
Tony-Broke: posts small blind $0.01
despot17: posts big blind $0.02
*** HOLE CARDS ***
Dealt to Mahu2021 [Kh 3d]
Strutt69: folds 
Mahu2021: folds 
PonasBond: raises $0.04 to $0.06
EggMayo: folds 
Tony-Broke: folds 
despot17: calls $0.04
*** FLOP *** [Ac 2c Jd]
despot17: checks 
PonasBond: bets $0.07
despot17: calls $0.07
*** TURN *** [Ac 2c Jd] [Kc]
despot17: checks 
PonasBond: checks 
*** RIVER *** [Ac 2c Jd Kc] [Jh]
despot17: bets $0.20
PonasBond: raises $0.33 to $0.53
despot17: calls $0.33
*** SHOW DOWN ***
PonasBond: shows [Ah Jc] (a full house, Jacks full of Aces)
despot17: mucks hand 
PonasBond collected $1.28 from pot
*** SUMMARY ***
Total pot $1.33 | Rake $0.05 
Board [Ac 2c Jd Kc Jh]
Seat 1: EggMayo (button) folded before Flop (didn't bet)
Seat 2: Tony-Broke (small blind) folded before Flop
Seat 3: despot17 (big blind) mucked [6c Qc]
Seat 4: Strutt69 folded before Flop (didn't bet)
Seat 5: Mahu2021 folded before Flop (didn't bet)
Seat 6: PonasBond showed [Ah Jc] and won ($1.28) with a full house, Jacks full of Aces



PokerStars Zoom Hand #252735630892:  Hold'em No Limit ($0.01/$0.02) - 2024/10/02 16:26:21 CET [2024/10/02 10:26:21 ET]
Table 'Halley' 6-max Seat #1 is the button
Seat 1: g12598 ($3.85 in chips) 
Seat 2: Mahu2021 ($2.38 in chips) 
Seat 3: Formiidable ($2.58 in chips) 
Seat 4: ECEGO ($2.07 in chips) 
Seat 5: florian60550 ($3.72 in chips) 
Seat 6: wester1980 ($1.97 in chips) 
Mahu2021: posts small blind $0.01
Formiidable: posts big blind $0.02
*** HOLE CARDS ***
Dealt to Mahu2021 [9d 4c]
ECEGO: folds 
florian60550: raises $0.04 to $0.06
wester1980: folds 
g12598: folds 
Mahu2021: folds 
Formiidable: folds 
Uncalled bet ($0.04) returned to florian60550
florian60550 collected $0.05 from pot
florian60550: doesn't show hand 
*** SUMMARY ***
Total pot $0.05 | Rake $0 
Seat 1: g12598 (button) folded before Flop (didn't bet)
Seat 2: Mahu2021 (small blind) folded before Flop
Seat 3: Formiidable (big blind) folded before Flop
Seat 4: ECEGO folded before Flop (didn't bet)
Seat 5: florian60550 collected ($0.05)
Seat 6: wester1980 folded before Flop (didn't bet)



PokerStars Zoom Hand #252735628092:  Hold'em No Limit ($0.01/$0.02) - 2024/10/02 16:26:07 CET [2024/10/02 10:26:07 ET]
Table 'Halley' 6-max Seat #1 is the button
Seat 1: PoeeeeN ($2.26 in chips) 
Seat 2: tmlm333 ($2.27 in chips) 
Seat 3: Jmontoya1027 ($2.43 in chips) 
Seat 4: isoo127 ($2.04 in chips) 
Seat 5: pato04011998 ($2.47 in chips) 
Seat 6: Mahu2021 ($2.40 in chips) 
tmlm333: posts small blind $0.01
Jmontoya1027: posts big blind $0.02
*** HOLE CARDS ***
Dealt to Mahu2021 [4d Jc]
isoo127: folds 
pato04011998: raises $0.03 to $0.05
Mahu2021: folds 
PoeeeeN: folds 
tmlm333: folds 
Jmontoya1027: calls $0.03
*** FLOP *** [7h Qs Ad]
Jmontoya1027: checks 
pato04011998: bets $0.06
Jmontoya1027: calls $0.06
*** TURN *** [7h Qs Ad] [Qc]
Jmontoya1027: checks 
pato04011998: checks 
*** RIVER *** [7h Qs Ad Qc] [Kh]
Jmontoya1027: bets $0.18
pato04011998: folds 
Uncalled bet ($0.18) returned to Jmontoya1027
Jmontoya1027 collected $0.22 from pot
Jmontoya1027: doesn't show hand 
*** SUMMARY ***
Total pot $0.23 | Rake $0.01 
Board [7h Qs Ad Qc Kh]
Seat 1: PoeeeeN (button) folded before Flop (didn't bet)
Seat 2: tmlm333 (small blind) folded before Flop
Seat 3: Jmontoya1027 (big blind) collected ($0.22)
Seat 4: isoo127 folded before Flop (didn't bet)
Seat 5: pato04011998 folded on the River
Seat 6: Mahu2021 folded before Flop (didn't bet)



PokerStars Zoom Hand #252735631667:  Hold'em No Limit ($0.01/$0.02) - 2024/10/02 16:26:25 CET [2024/10/02 10:26:25 ET]
Table 'Halley' 6-max Seat #1 is the button
Seat 1: Drak13 ($2.25 in chips) 
Seat 2: Xpokerfreak ($1.85 in chips) 
Seat 3: zhakewka ($3.63 in chips) 
Seat 4: Mahu2021 ($2.37 in chips) 
Seat 5: goon97 ($0.68 in chips) 
Seat 6: quipstr ($1.02 in chips) 
Xpokerfreak: posts small blind $0.01
zhakewka: posts big blind $0.02
*** HOLE CARDS ***
Dealt to Mahu2021 [6d Jd]
Mahu2021: folds 
goon97: folds 
quipstr: folds 
Drak13: raises $0.02 to $0.04
Xpokerfreak: calls $0.03
zhakewka: folds 
*** FLOP *** [3s Th 9d]
Xpokerfreak: checks 
Drak13: bets $0.05
Xpokerfreak: calls $0.05
*** TURN *** [3s Th 9d] [Js]
Xpokerfreak: bets $0.19
Drak13: folds 
Uncalled bet ($0.19) returned to Xpokerfreak
Xpokerfreak collected $0.19 from pot
Xpokerfreak: doesn't show hand 
*** SUMMARY ***
Total pot $0.20 | Rake $0.01 
Board [3s Th 9d Js]
Seat 1: Drak13 (button) folded on the Turn
Seat 2: Xpokerfreak (small blind) collected ($0.19)
Seat 3: zhakewka (big blind) folded before Flop
Seat 4: Mahu2021 folded before Flop (didn't bet)
Seat 5: goon97 folded before Flop (didn't bet)
Seat 6: quipstr folded before Flop (didn't bet)



PokerStars Zoom Hand #252735632419:  Hold'em No Limit ($0.01/$0.02) - 2024/10/02 16:26:29 CET [2024/10/02 10:26:29 ET]
Table 'Halley' 6-max Seat #1 is the button
Seat 1: Mahu2021 ($2.37 in chips) 
Seat 2: 3ezrael1 ($2.21 in chips) 
Seat 3: blackDread24 ($3.76 in chips) 
Seat 4: tmlm333 ($2.07 in chips) 
Seat 5: HAL0710 ($2.93 in chips) 
Seat 6: krj2n ($3.52 in chips) 
3ezrael1: posts small blind $0.01
blackDread24: posts big blind $0.02
*** HOLE CARDS ***
Dealt to Mahu2021 [Js Qs]
tmlm333: folds 
HAL0710: folds 
krj2n: folds 
Mahu2021: raises $0.02 to $0.04
3ezrael1: folds 
blackDread24: calls $0.02
*** FLOP *** [Ks Ad 3c]
blackDread24: checks 
Mahu2021: checks 
*** TURN *** [Ks Ad 3c] [7s]
blackDread24: bets $0.03
Mahu2021: calls $0.03
*** RIVER *** [Ks Ad 3c 7s] [3s]
blackDread24: checks 
Mahu2021: bets $0.14
blackDread24: calls $0.14
*** SHOW DOWN ***
Mahu2021: shows [Js Qs] (a flush, King high)
blackDread24: mucks hand 
Mahu2021 collected $0.41 from pot
*** SUMMARY ***
Total pot $0.43 | Rake $0.02 
Board [Ks Ad 3c 7s 3s]
Seat 1: Mahu2021 (button) showed [Js Qs] and won ($0.41) with a flush, King high
Seat 2: 3ezrael1 (small blind) folded before Flop
Seat 3: blackDread24 (big blind) mucked [9h Ah]
Seat 4: tmlm333 folded before Flop (didn't bet)
Seat 5: HAL0710 folded before Flop (didn't bet)
Seat 6: krj2n folded before Flop (didn't bet)



PokerStars Zoom Hand #252735640636:  Hold'em No Limit ($0.01/$0.02) - 2024/10/02 16:27:10 CET [2024/10/02 10:27:10 ET]
Table 'Halley' 6-max Seat #1 is the button
Seat 1: EggMayo ($4.65 in chips) 
Seat 2: luda9520 ($0.80 in chips) 
Seat 3: pkrbireal ($2.22 in chips) 
Seat 4: Mahu2021 ($2.57 in chips) 
Seat 5: RazeRaze96 ($3.46 in chips) 
Seat 6: Gattini37 ($2.05 in chips) 
luda9520: posts small blind $0.01
pkrbireal: posts big blind $0.02
*** HOLE CARDS ***
Dealt to Mahu2021 [2h 6d]
Mahu2021: folds 
RazeRaze96: raises $0.02 to $0.04
Gattini37: raises $0.10 to $0.14
EggMayo: folds 
luda9520: folds 
pkrbireal: folds 
RazeRaze96: raises $0.31 to $0.45
Gattini37: folds 
Uncalled bet ($0.31) returned to RazeRaze96
RazeRaze96 collected $0.31 from pot
RazeRaze96: doesn't show hand 
*** SUMMARY ***
Total pot $0.31 | Rake $0 
Seat 1: EggMayo (button) folded before Flop (didn't bet)
Seat 2: luda9520 (small blind) folded before Flop
Seat 3: pkrbireal (big blind) folded before Flop
Seat 4: Mahu2021 folded before Flop (didn't bet)
Seat 5: RazeRaze96 collected ($0.31)
Seat 6: Gattini37 folded before Flop



PokerStars Zoom Hand #252735647394:  Hold'em No Limit ($0.01/$0.02) - 2024/10/02 16:27:44 CET [2024/10/02 10:27:44 ET]
Table 'Halley' 6-max Seat #1 is the button
Seat 1: HAL0710 ($2.99 in chips) 
Seat 2: godlikestar ($1.25 in chips) 
Seat 3: Mahu2021 ($2.53 in chips) 
Seat 4: krj2n ($3 in chips) 
Seat 5: OFSHOR ($2 in chips) 
Seat 6: tovasss ($2 in chips) 
godlikestar: posts small blind $0.01
Mahu2021: posts big blind $0.02
*** HOLE CARDS ***
Dealt to Mahu2021 [3h Kd]
krj2n: folds 
OFSHOR: folds 
tovasss: folds 
HAL0710: raises $0.03 to $0.05
godlikestar: folds 
Mahu2021: folds 
Uncalled bet ($0.03) returned to HAL0710
HAL0710 collected $0.05 from pot
HAL0710: doesn't show hand 
*** SUMMARY ***
Total pot $0.05 | Rake $0 
Seat 1: HAL0710 (button) collected ($0.05)
Seat 2: godlikestar (small blind) folded before Flop
Seat 3: Mahu2021 (big blind) folded before Flop
Seat 4: krj2n folded before Flop (didn't bet)
Seat 5: OFSHOR folded before Flop (didn't bet)
Seat 6: tovasss folded before Flop (didn't bet)



PokerStars Zoom Hand #252735641446:  Hold'em No Limit ($0.01/$0.02) - 2024/10/02 16:27:14 CET [2024/10/02 10:27:14 ET]
Table 'Halley' 6-max Seat #1 is the button
Seat 1: Xpokerfreak ($1.85 in chips) 
Seat 2: gamw_TROIKA ($2 in chips) 
Seat 3: ina806 ($1 in chips) 
Seat 4: EggMayo ($2 in chips) 
Seat 5: 0cipsev0 ($1.97 in chips) 
Seat 6: Mahu2021 ($2.57 in chips) 
gamw_TROIKA: posts small blind $0.01
ina806: posts big blind $0.02
*** HOLE CARDS ***
Dealt to Mahu2021 [Qs Kd]
EggMayo: folds 
0cipsev0: raises $0.02 to $0.04
Mahu2021: calls $0.04
Xpokerfreak: folds 
gamw_TROIKA: calls $0.03
ina806: calls $0.02
*** FLOP *** [2h 6d Tc]
gamw_TROIKA: checks 
ina806: checks 
0cipsev0: bets $0.10
Mahu2021: folds 
gamw_TROIKA: raises $0.19 to $0.29
ina806: folds 
0cipsev0: raises $1.64 to $1.93 and is all-in
gamw_TROIKA: calls $1.64
*** TURN *** [2h 6d Tc] [Qc]
*** RIVER *** [2h 6d Tc Qc] [5c]
*** SHOW DOWN ***
gamw_TROIKA: shows [Ad Ts] (a pair of Tens)
0cipsev0: shows [2s 2c] (three of a kind, Deuces)
0cipsev0 collected $3.88 from pot
*** SUMMARY ***
Total pot $4.02 | Rake $0.14 
Board [2h 6d Tc Qc 5c]
Seat 1: Xpokerfreak (button) folded before Flop (didn't bet)
Seat 2: gamw_TROIKA (small blind) showed [Ad Ts] and lost with a pair of Tens
Seat 3: ina806 (big blind) folded on the Flop
Seat 4: EggMayo folded before Flop (didn't bet)
Seat 5: 0cipsev0 showed [2s 2c] and won ($3.88) with three of a kind, Deuces
Seat 6: Mahu2021 folded on the Flop



PokerStars Zoom Hand #252735650096:  Hold'em No Limit ($0.01/$0.02) - 2024/10/02 16:27:58 CET [2024/10/02 10:27:58 ET]
Table 'Halley' 6-max Seat #1 is the button
Seat 1: capricorn181 ($2.06 in chips) 
Seat 2: sherlost ($1.98 in chips) 
Seat 3: 00Lii ($2.02 in chips) 
Seat 4: SfinX_de ($3.57 in chips) 
Seat 5: Mahu2021 ($2.51 in chips) 
Seat 6: RazeRaze96 ($4.79 in chips) 
sherlost: posts small blind $0.01
00Lii: posts big blind $0.02
*** HOLE CARDS ***
Dealt to Mahu2021 [3d Ah]
SfinX_de: raises $0.02 to $0.04
Mahu2021: folds 
RazeRaze96: folds 
capricorn181: folds 
sherlost: folds 
00Lii: folds 
Uncalled bet ($0.02) returned to SfinX_de
SfinX_de collected $0.05 from pot
SfinX_de: doesn't show hand 
*** SUMMARY ***
Total pot $0.05 | Rake $0 
Seat 1: capricorn181 (button) folded before Flop (didn't bet)
Seat 2: sherlost (small blind) folded before Flop
Seat 3: 00Lii (big blind) folded before Flop
Seat 4: SfinX_de collected ($0.05)
Seat 5: Mahu2021 folded before Flop (didn't bet)
Seat 6: RazeRaze96 folded before Flop (didn't bet)



PokerStars Zoom Hand #252735651073:  Hold'em No Limit ($0.01/$0.02) - 2024/10/02 16:28:03 CET [2024/10/02 10:28:03 ET]
Table 'Halley' 6-max Seat #1 is the button
Seat 1: Charliie014 ($2.88 in chips) 
Seat 2: Mahu2021 ($2.51 in chips) 
Seat 3: Necron4 ($2 in chips) 
Seat 4: dersor111 ($2.12 in chips) 
Seat 5: Niklaus MacG ($2.34 in chips) 
Seat 6: gamov ($1.89 in chips) 
Mahu2021: posts small blind $0.01
Necron4: posts big blind $0.02
*** HOLE CARDS ***
Dealt to Mahu2021 [2d 9d]
dersor111: folds 
Niklaus MacG: folds 
gamov: raises $0.02 to $0.04
Charliie014: folds 
Mahu2021: folds 
Necron4: folds 
Uncalled bet ($0.02) returned to gamov
gamov collected $0.05 from pot
gamov: doesn't show hand 
*** SUMMARY ***
Total pot $0.05 | Rake $0 
Seat 1: Charliie014 (button) folded before Flop (didn't bet)
Seat 2: Mahu2021 (small blind) folded before Flop
Seat 3: Necron4 (big blind) folded before Flop
Seat 4: dersor111 folded before Flop (didn't bet)
Seat 5: Niklaus MacG folded before Flop (didn't bet)
Seat 6: gamov collected ($0.05)



PokerStars Zoom Hand #252735651800:  Hold'em No Limit ($0.01/$0.02) - 2024/10/02 16:28:06 CET [2024/10/02 10:28:06 ET]
Table 'Halley' 6-max Seat #1 is the button
Seat 1: Mahu2021 ($2.50 in chips) 
Seat 2: zhakewka ($3.45 in chips) 
Seat 3: Rakekandelin ($0.82 in chips) 
Seat 4: Yisyayup ($2.16 in chips) 
Seat 5: scroll7 ($1.42 in chips) 
Seat 6: despot17 ($1.09 in chips) 
zhakewka: posts small blind $0.01
Rakekandelin: posts big blind $0.02
*** HOLE CARDS ***
Dealt to Mahu2021 [5d 5h]
Yisyayup: folds 
scroll7: folds 
despot17: folds 
Mahu2021: raises $0.02 to $0.04
zhakewka: calls $0.03
Rakekandelin: raises $0.10 to $0.14
Mahu2021: calls $0.10
zhakewka: calls $0.10
*** FLOP *** [Js 8s Ad]
zhakewka: checks 
Rakekandelin: bets $0.22
Mahu2021: folds 
zhakewka: raises $3.09 to $3.31 and is all-in
Rakekandelin: folds 
Uncalled bet ($3.09) returned to zhakewka
zhakewka collected $0.83 from pot
zhakewka: doesn't show hand 
*** SUMMARY ***
Total pot $0.86 | Rake $0.03 
Board [Js 8s Ad]
Seat 1: Mahu2021 (button) folded on the Flop
Seat 2: zhakewka (small blind) collected ($0.83)
Seat 3: Rakekandelin (big blind) folded on the Flop
Seat 4: Yisyayup folded before Flop (didn't bet)
Seat 5: scroll7 folded before Flop (didn't bet)
Seat 6: despot17 folded before Flop (didn't bet)



PokerStars Zoom Hand #252735656340:  Hold'em No Limit ($0.01/$0.02) - 2024/10/02 16:28:29 CET [2024/10/02 10:28:29 ET]
Table 'Halley' 6-max Seat #1 is the button
Seat 1: Jmontoya1027 ($2.61 in chips) 
Seat 2: ECEGO ($2.03 in chips) 
Seat 3: culika23 ($0.65 in chips) 
Seat 4: Yusuke314 ($3.70 in chips) 
Seat 5: 00Lii ($2.07 in chips) 
Seat 6: Mahu2021 ($2.36 in chips) 
ECEGO: posts small blind $0.01
culika23: posts big blind $0.02
*** HOLE CARDS ***
Dealt to Mahu2021 [Th 6d]
Yusuke314: raises $0.05 to $0.07
00Lii: folds 
Mahu2021: folds 
Jmontoya1027: folds 
ECEGO: folds 
culika23: folds 
Uncalled bet ($0.05) returned to Yusuke314
Yusuke314 collected $0.05 from pot
Yusuke314: doesn't show hand 
*** SUMMARY ***
Total pot $0.05 | Rake $0 
Seat 1: Jmontoya1027 (button) folded before Flop (didn't bet)
Seat 2: ECEGO (small blind) folded before Flop
Seat 3: culika23 (big blind) folded before Flop
Seat 4: Yusuke314 collected ($0.05)
Seat 5: 00Lii folded before Flop (didn't bet)
Seat 6: Mahu2021 folded before Flop (didn't bet)



PokerStars Zoom Hand #252735657113:  Hold'em No Limit ($0.01/$0.02) - 2024/10/02 16:28:33 CET [2024/10/02 10:28:33 ET]
Table 'Halley' 6-max Seat #1 is the button
Seat 1: PonasBond ($4.75 in chips) 
Seat 2: muz3001 ($0.77 in chips) 
Seat 3: 0cipsev0 ($2.29 in chips) 
Seat 4: kasvuhoone ($2.90 in chips) 
Seat 5: Mahu2021 ($2.36 in chips) 
Seat 6: krj2n ($3.02 in chips) 
muz3001: posts small blind $0.01
0cipsev0: posts big blind $0.02
*** HOLE CARDS ***
Dealt to Mahu2021 [4s 2s]
kasvuhoone: raises $0.02 to $0.04
Mahu2021: folds 
krj2n: folds 
PonasBond: folds 
muz3001: folds 
0cipsev0: folds 
Uncalled bet ($0.02) returned to kasvuhoone
kasvuhoone collected $0.05 from pot
kasvuhoone: doesn't show hand 
*** SUMMARY ***
Total pot $0.05 | Rake $0 
Seat 1: PonasBond (button) folded before Flop (didn't bet)
Seat 2: muz3001 (small blind) folded before Flop
Seat 3: 0cipsev0 (big blind) folded before Flop
Seat 4: kasvuhoone collected ($0.05)
Seat 5: Mahu2021 folded before Flop (didn't bet)
Seat 6: krj2n folded before Flop (didn't bet)



PokerStars Zoom Hand #252735657957:  Hold'em No Limit ($0.01/$0.02) - 2024/10/02 16:28:37 CET [2024/10/02 10:28:37 ET]
Table 'Halley' 6-max Seat #1 is the button
Seat 1: Mattu 07 ($1.12 in chips) 
Seat 2: boulis4 ($4.21 in chips) 
Seat 3: Mahu2021 ($2.36 in chips) 
Seat 4: nerd90481 ($1.99 in chips) 
Seat 5: ECEGO ($1.98 in chips) 
Seat 6: muz3001 ($0.76 in chips) 
boulis4: posts small blind $0.01
Mahu2021: posts big blind $0.02
*** HOLE CARDS ***
Dealt to Mahu2021 [7h Tc]
nerd90481: folds 
ECEGO: folds 
muz3001: folds 
Mattu 07: folds 
boulis4: folds 
Uncalled bet ($0.01) returned to Mahu2021
Mahu2021 collected $0.02 from pot
Mahu2021: doesn't show hand 
*** SUMMARY ***
Total pot $0.02 | Rake $0 
Seat 1: Mattu 07 (button) folded before Flop (didn't bet)
Seat 2: boulis4 (small blind) folded before Flop
Seat 3: Mahu2021 (big blind) collected ($0.02)
Seat 4: nerd90481 folded before Flop (didn't bet)
Seat 5: ECEGO folded before Flop (didn't bet)
Seat 6: muz3001 folded before Flop (didn't bet)



PokerStars Zoom Hand #252735661124:  Hold'em No Limit ($0.01/$0.02) - 2024/10/02 16:28:53 CET [2024/10/02 10:28:53 ET]
Table 'Halley' 6-max Seat #1 is the button
Seat 1: quipstr ($0.95 in chips) 
Seat 2: Mahu2021 ($2.37 in chips) 
Seat 3: nerd90481 ($1.99 in chips) 
Seat 4: Marv3191 ($2.49 in chips) 
Seat 5: Jmontoya1027 ($2.61 in chips) 
Seat 6: ECEGO ($2 in chips) 
Mahu2021: posts small blind $0.01
nerd90481: posts big blind $0.02
*** HOLE CARDS ***
Dealt to Mahu2021 [7d 4c]
Marv3191: folds 
Jmontoya1027: raises $0.03 to $0.05
ECEGO: folds 
quipstr: folds 
Mahu2021: folds 
nerd90481: folds 
Uncalled bet ($0.03) returned to Jmontoya1027
Jmontoya1027 collected $0.05 from pot
Jmontoya1027: doesn't show hand 
*** SUMMARY ***
Total pot $0.05 | Rake $0 
Seat 1: quipstr (button) folded before Flop (didn't bet)
Seat 2: Mahu2021 (small blind) folded before Flop
Seat 3: nerd90481 (big blind) folded before Flop
Seat 4: Marv3191 folded before Flop (didn't bet)
Seat 5: Jmontoya1027 collected ($0.05)
Seat 6: ECEGO folded before Flop (didn't bet)



PokerStars Zoom Hand #252735662719:  Hold'em No Limit ($0.01/$0.02) - 2024/10/02 16:29:01 CET [2024/10/02 10:29:01 ET]
Table 'Halley' 6-max Seat #1 is the button
Seat 1: Mahu2021 ($2.36 in chips) 
Seat 2: 3ezrael1 ($2.06 in chips) 
Seat 3: zhakewka ($3.91 in chips) 
Seat 4: HAL0710 ($2.23 in chips) 
Seat 5: depress1031 ($2.67 in chips) 
Seat 6: arturco200 ($2.22 in chips) 
3ezrael1: posts small blind $0.01
zhakewka: posts big blind $0.02
*** HOLE CARDS ***
Dealt to Mahu2021 [3d 9s]
HAL0710: folds 
depress1031: folds 
arturco200: folds 
Mahu2021: folds 
3ezrael1: folds 
Uncalled bet ($0.01) returned to zhakewka
zhakewka collected $0.02 from pot
zhakewka: doesn't show hand 
*** SUMMARY ***
Total pot $0.02 | Rake $0 
Seat 1: Mahu2021 (button) folded before Flop (didn't bet)
Seat 2: 3ezrael1 (small blind) folded before Flop
Seat 3: zhakewka (big blind) collected ($0.02)
Seat 4: HAL0710 folded before Flop (didn't bet)
Seat 5: depress1031 folded before Flop (didn't bet)
Seat 6: arturco200 folded before Flop (didn't bet)



PokerStars Zoom Hand #252735663356:  Hold'em No Limit ($0.01/$0.02) - 2024/10/02 16:29:04 CET [2024/10/02 10:29:04 ET]
Table 'Halley' 6-max Seat #1 is the button
Seat 1: nerd90481 ($1.96 in chips) 
Seat 2: Wapneo ($0.71 in chips) 
Seat 3: Oliilopro ($2.02 in chips) 
Seat 4: muraxa1 ($1.63 in chips) 
Seat 5: Mahu2021 ($2.36 in chips) 
Seat 6: Elfritator ($4.13 in chips) 
Wapneo: posts small blind $0.01
Oliilopro: posts big blind $0.02
*** HOLE CARDS ***
Dealt to Mahu2021 [Ts 9d]
muraxa1: folds 
Mahu2021: folds 
Elfritator: folds 
nerd90481: folds 
Wapneo: calls $0.01
Oliilopro: raises $0.06 to $0.08
Wapneo: folds 
Uncalled bet ($0.06) returned to Oliilopro
Oliilopro collected $0.04 from pot
Oliilopro: doesn't show hand 
*** SUMMARY ***
Total pot $0.04 | Rake $0 
Seat 1: nerd90481 (button) folded before Flop (didn't bet)
Seat 2: Wapneo (small blind) folded before Flop
Seat 3: Oliilopro (big blind) collected ($0.04)
Seat 4: muraxa1 folded before Flop (didn't bet)
Seat 5: Mahu2021 folded before Flop (didn't bet)
Seat 6: Elfritator folded before Flop (didn't bet)



PokerStars Zoom Hand #252735661900:  Hold'em No Limit ($0.01/$0.02) - 2024/10/02 16:28:57 CET [2024/10/02 10:28:57 ET]
Table 'Halley' 6-max Seat #1 is the button
Seat 1: WILLBET88 ($2.87 in chips) 
Seat 2: Charliie014 ($2 in chips) 
Seat 3: TriWatson ($1.97 in chips) 
Seat 4: Mahu2021 ($2.36 in chips) 
Seat 5: yla67 ($2.07 in chips) 
Seat 6: M@jkel ($7.26 in chips) 
Charliie014: posts small blind $0.01
TriWatson: posts big blind $0.02
*** HOLE CARDS ***
Dealt to Mahu2021 [Jd 4s]
Mahu2021: folds 
yla67: calls $0.02
M@jkel: folds 
WILLBET88: calls $0.02
Charliie014: folds 
TriWatson: checks 
*** FLOP *** [Jc 4d 8c]
TriWatson: checks 
yla67: checks 
WILLBET88: bets $0.04
TriWatson: folds 
yla67: folds 
Uncalled bet ($0.04) returned to WILLBET88
WILLBET88 collected $0.07 from pot
WILLBET88: doesn't show hand 
*** SUMMARY ***
Total pot $0.07 | Rake $0 
Board [Jc 4d 8c]
Seat 1: WILLBET88 (button) collected ($0.07)
Seat 2: Charliie014 (small blind) folded before Flop
Seat 3: TriWatson (big blind) folded on the Flop
Seat 4: Mahu2021 folded before Flop (didn't bet)
Seat 5: yla67 folded on the Flop
Seat 6: M@jkel folded before Flop (didn't bet)



PokerStars Zoom Hand #252735664350:  Hold'em No Limit ($0.01/$0.02) - 2024/10/02 16:29:09 CET [2024/10/02 10:29:09 ET]
Table 'Halley' 6-max Seat #1 is the button
Seat 1: Elfritator ($4.13 in chips) 
Seat 2: Yusuke314 ($3.71 in chips) 
Seat 3: quipstr ($0.95 in chips) 
Seat 4: arttu97 ($2.28 in chips) 
Seat 5: Xpokerfreak ($1.20 in chips) 
Seat 6: Mahu2021 ($2.36 in chips) 
Yusuke314: posts small blind $0.01
quipstr: posts big blind $0.02
*** HOLE CARDS ***
Dealt to Mahu2021 [9d Kh]
arttu97: raises $0.02 to $0.04
Xpokerfreak: folds 
Mahu2021: folds 
Elfritator: calls $0.04
Yusuke314: folds 
quipstr: folds 
*** FLOP *** [5s Tc Ac]
arttu97: bets $0.06
Elfritator: calls $0.06
*** TURN *** [5s Tc Ac] [Ks]
arttu97: checks 
Elfritator: bets $0.08
arttu97: calls $0.08
*** RIVER *** [5s Tc Ac Ks] [7c]
arttu97: checks 
Elfritator: bets $0.22
arttu97: folds 
Uncalled bet ($0.22) returned to Elfritator
Elfritator collected $0.38 from pot
Elfritator: doesn't show hand 
*** SUMMARY ***
Total pot $0.39 | Rake $0.01 
Board [5s Tc Ac Ks 7c]
Seat 1: Elfritator (button) collected ($0.38)
Seat 2: Yusuke314 (small blind) folded before Flop
Seat 3: quipstr (big blind) folded before Flop
Seat 4: arttu97 folded on the River
Seat 5: Xpokerfreak folded before Flop (didn't bet)
Seat 6: Mahu2021 folded before Flop (didn't bet)



PokerStars Zoom Hand #252735665125:  Hold'em No Limit ($0.01/$0.02) - 2024/10/02 16:29:13 CET [2024/10/02 10:29:13 ET]
Table 'Halley' 6-max Seat #1 is the button
Seat 1: wester1980 ($3.59 in chips) 
Seat 2: Quorthon_Zei ($3.98 in chips) 
Seat 3: Mahu2021 ($2.36 in chips) 
Seat 4: ECEGO ($1.97 in chips) 
Seat 5: 7ax7 ($1.19 in chips) 
Seat 6: Mattu 07 ($1.63 in chips) 
Quorthon_Zei: posts small blind $0.01
Mahu2021: posts big blind $0.02
*** HOLE CARDS ***
Dealt to Mahu2021 [Kd Qh]
ECEGO: folds 
7ax7: folds 
Mattu 07: raises $0.03 to $0.05
wester1980: folds 
Quorthon_Zei: folds 
Mahu2021: calls $0.03
*** FLOP *** [9h Jc 5h]
Mahu2021: checks 
Mattu 07: bets $0.06
Mahu2021: calls $0.06
*** TURN *** [9h Jc 5h] [Kh]
Mahu2021: checks 
Mattu 07: checks 
*** RIVER *** [9h Jc 5h Kh] [2c]
Mahu2021: bets $0.10
Mattu 07: folds 
Uncalled bet ($0.10) returned to Mahu2021
Mahu2021 collected $0.22 from pot
Mahu2021: doesn't show hand 
*** SUMMARY ***
Total pot $0.23 | Rake $0.01 
Board [9h Jc 5h Kh 2c]
Seat 1: wester1980 (button) folded before Flop (didn't bet)
Seat 2: Quorthon_Zei (small blind) folded before Flop
Seat 3: Mahu2021 (big blind) collected ($0.22)
Seat 4: ECEGO folded before Flop (didn't bet)
Seat 5: 7ax7 folded before Flop (didn't bet)
Seat 6: Mattu 07 folded on the River



PokerStars Zoom Hand #252735675105:  Hold'em No Limit ($0.01/$0.02) - 2024/10/02 16:30:02 CET [2024/10/02 10:30:02 ET]
Table 'Halley' 6-max Seat #1 is the button
Seat 1: PoeeeeN ($2.09 in chips) 
Seat 2: Mahu2021 ($2.47 in chips) 
Seat 3: MSB1155 ($2 in chips) 
Seat 4: Xpokerfreak ($2.65 in chips) 
Seat 5: Grand_Gena ($3.09 in chips) 
Seat 6: tmlm333 ($2.46 in chips) 
Mahu2021: posts small blind $0.01
MSB1155: posts big blind $0.02
*** HOLE CARDS ***
Dealt to Mahu2021 [3d 7h]
Xpokerfreak: folds 
Grand_Gena: folds 
tmlm333: folds 
PoeeeeN: folds 
Mahu2021: folds 
Uncalled bet ($0.01) returned to MSB1155
MSB1155 collected $0.02 from pot
MSB1155: doesn't show hand 
*** SUMMARY ***
Total pot $0.02 | Rake $0 
Seat 1: PoeeeeN (button) folded before Flop (didn't bet)
Seat 2: Mahu2021 (small blind) folded before Flop
Seat 3: MSB1155 (big blind) collected ($0.02)
Seat 4: Xpokerfreak folded before Flop (didn't bet)
Seat 5: Grand_Gena folded before Flop (didn't bet)
Seat 6: tmlm333 folded before Flop (didn't bet)



PokerStars Zoom Hand #252735675909:  Hold'em No Limit ($0.01/$0.02) - 2024/10/02 16:30:06 CET [2024/10/02 10:30:06 ET]
Table 'Halley' 6-max Seat #1 is the button
Seat 1: Mahu2021 ($2.46 in chips) 
Seat 2: Gattini37 ($2 in chips) 
Seat 3: PonasBond ($4.62 in chips) 
Seat 4: krj2n ($3 in chips) 
Seat 5: maru.ueda1 ($1.21 in chips) 
Seat 6: tovasss ($2 in chips) 
Gattini37: posts small blind $0.01
PonasBond: posts big blind $0.02
*** HOLE CARDS ***
Dealt to Mahu2021 [2c Qc]
krj2n: folds 
maru.ueda1: folds 
tovasss: folds 
Gattini37 is disconnected 
Mahu2021: raises $0.02 to $0.04
Gattini37: raises $0.18 to $0.22
PonasBond: folds 
Mahu2021: folds 
Uncalled bet ($0.18) returned to Gattini37
Gattini37 collected $0.10 from pot
Gattini37: doesn't show hand 
*** SUMMARY ***
Total pot $0.10 | Rake $0 
Seat 1: Mahu2021 (button) folded before Flop
Seat 2: Gattini37 (small blind) collected ($0.10)
Seat 3: PonasBond (big blind) folded before Flop
Seat 4: krj2n folded before Flop (didn't bet)
Seat 5: maru.ueda1 folded before Flop (didn't bet)
Seat 6: tovasss folded before Flop (didn't bet)



PokerStars Zoom Hand #252735679983:  Hold'em No Limit ($0.01/$0.02) - 2024/10/02 16:30:26 CET [2024/10/02 10:30:26 ET]
Table 'Halley' 6-max Seat #1 is the button
Seat 1: bel_2302 ($2.23 in chips) 
Seat 2: Necron4 ($2.03 in chips) 
Seat 3: TriWatson ($1.88 in chips) 
Seat 4: Mahu2021 ($2.42 in chips) 
Seat 5: g12598 ($3.62 in chips) 
Seat 6: 3 Titzen 3 ($0.82 in chips) 
Necron4: posts small blind $0.01
TriWatson: posts big blind $0.02
*** HOLE CARDS ***
Dealt to Mahu2021 [Kc Tc]
Mahu2021: raises $0.02 to $0.04
g12598: folds 
3 Titzen 3: calls $0.04
bel_2302: folds 
Necron4: folds 
TriWatson: calls $0.02
*** FLOP *** [7h 9s 6d]
TriWatson: checks 
Mahu2021: checks 
3 Titzen 3: bets $0.02
TriWatson: calls $0.02
Mahu2021: calls $0.02
*** TURN *** [7h 9s 6d] [6c]
TriWatson: checks 
Mahu2021: checks 
3 Titzen 3: checks 
*** RIVER *** [7h 9s 6d 6c] [4h]
TriWatson: checks 
Mahu2021: checks 
3 Titzen 3: checks 
*** SHOW DOWN ***
TriWatson: shows [9d 8d] (two pair, Nines and Sixes)
Mahu2021: mucks hand 
3 Titzen 3: mucks hand 
TriWatson collected $0.18 from pot
*** SUMMARY ***
Total pot $0.19 | Rake $0.01 
Board [7h 9s 6d 6c 4h]
Seat 1: bel_2302 (button) folded before Flop (didn't bet)
Seat 2: Necron4 (small blind) folded before Flop
Seat 3: TriWatson (big blind) showed [9d 8d] and won ($0.18) with two pair, Nines and Sixes
Seat 4: Mahu2021 mucked [Kc Tc]
Seat 5: g12598 folded before Flop (didn't bet)
Seat 6: 3 Titzen 3 mucked [As 7d]



PokerStars Zoom Hand #252735690326:  Hold'em No Limit ($0.01/$0.02) - 2024/10/02 16:31:17 CET [2024/10/02 10:31:17 ET]
Table 'Halley' 6-max Seat #1 is the button
Seat 1: Strutt69 ($2.36 in chips) 
Seat 2: Grand_Gena ($2.77 in chips) 
Seat 3: meeseshun ($1.70 in chips) 
Seat 4: JackShepp ($2.06 in chips) 
Seat 5: tmlm333 ($2.46 in chips) 
Seat 6: Mahu2021 ($2.36 in chips) 
Grand_Gena: posts small blind $0.01
meeseshun: posts big blind $0.02
*** HOLE CARDS ***
Dealt to Mahu2021 [2h Ks]
JackShepp: folds 
tmlm333: folds 
Mahu2021: folds 
Strutt69: folds 
Grand_Gena: raises $0.04 to $0.06
meeseshun: folds 
Uncalled bet ($0.04) returned to Grand_Gena
Grand_Gena collected $0.04 from pot
Grand_Gena: doesn't show hand 
*** SUMMARY ***
Total pot $0.04 | Rake $0 
Seat 1: Strutt69 (button) folded before Flop (didn't bet)
Seat 2: Grand_Gena (small blind) collected ($0.04)
Seat 3: meeseshun (big blind) folded before Flop
Seat 4: JackShepp folded before Flop (didn't bet)
Seat 5: tmlm333 folded before Flop (didn't bet)
Seat 6: Mahu2021 folded before Flop (didn't bet)



PokerStars Zoom Hand #252735691152:  Hold'em No Limit ($0.01/$0.02) - 2024/10/02 16:31:21 CET [2024/10/02 10:31:21 ET]
Table 'Halley' 6-max Seat #1 is the button
Seat 1: culika23 ($0.62 in chips) 
Seat 2: boulis4 ($4.25 in chips) 
Seat 3: Mahu2021 ($2.36 in chips) 
Seat 4: hugo agui366 ($1.88 in chips) 
Seat 5: Grudinek ($2.14 in chips) 
Seat 6: tmlm333 ($2.46 in chips) 
boulis4: posts small blind $0.01
Mahu2021: posts big blind $0.02
*** HOLE CARDS ***
Dealt to Mahu2021 [6c 5h]
hugo agui366: folds 
Grudinek: folds 
tmlm333: raises $0.03 to $0.05
culika23: folds 
boulis4: folds 
Mahu2021: folds 
Uncalled bet ($0.03) returned to tmlm333
tmlm333 collected $0.05 from pot
tmlm333: doesn't show hand 
*** SUMMARY ***
Total pot $0.05 | Rake $0 
Seat 1: culika23 (button) folded before Flop (didn't bet)
Seat 2: boulis4 (small blind) folded before Flop
Seat 3: Mahu2021 (big blind) folded before Flop
Seat 4: hugo agui366 folded before Flop (didn't bet)
Seat 5: Grudinek folded before Flop (didn't bet)
Seat 6: tmlm333 collected ($0.05)



PokerStars Zoom Hand #252735694603:  Hold'em No Limit ($0.01/$0.02) - 2024/10/02 16:31:38 CET [2024/10/02 10:31:38 ET]
Table 'Halley' 6-max Seat #1 is the button
Seat 1: Jmontoya1027 ($2.92 in chips) 
Seat 2: Mahu2021 ($2.34 in chips) 
Seat 3: Necron4 ($2.13 in chips) 
Seat 4: yla67 ($2.71 in chips) 
Seat 5: 0cipsev0 ($3.86 in chips) 
Seat 6: mariman99 ($1.39 in chips) 
Mahu2021: posts small blind $0.01
Necron4: posts big blind $0.02
*** HOLE CARDS ***
Dealt to Mahu2021 [5h Qc]
yla67: folds 
0cipsev0: folds 
mariman99: folds 
Jmontoya1027: folds 
Mahu2021: folds 
Uncalled bet ($0.01) returned to Necron4
Necron4 collected $0.02 from pot
Necron4: doesn't show hand 
*** SUMMARY ***
Total pot $0.02 | Rake $0 
Seat 1: Jmontoya1027 (button) folded before Flop (didn't bet)
Seat 2: Mahu2021 (small blind) folded before Flop
Seat 3: Necron4 (big blind) collected ($0.02)
Seat 4: yla67 folded before Flop (didn't bet)
Seat 5: 0cipsev0 folded before Flop (didn't bet)
Seat 6: mariman99 folded before Flop (didn't bet)



PokerStars Zoom Hand #252735695308:  Hold'em No Limit ($0.01/$0.02) - 2024/10/02 16:31:41 CET [2024/10/02 10:31:41 ET]
Table 'Halley' 6-max Seat #1 is the button
Seat 1: RazeRaze96 ($4.81 in chips) 
Seat 2: Elfritator ($5.83 in chips) 
Seat 3: marcio14 ($2 in chips) 
Seat 4: Mahu2021 ($2.33 in chips) 
Seat 5: Pinacotan ($2 in chips) 
Seat 6: LimboD13 ($2.79 in chips) 
Elfritator: posts small blind $0.01
marcio14: posts big blind $0.02
*** HOLE CARDS ***
Dealt to Mahu2021 [3s Kh]
Mahu2021: folds 
Pinacotan: folds 
LimboD13: folds 
RazeRaze96: folds 
Elfritator: raises $0.02 to $0.04
marcio14: folds 
Uncalled bet ($0.02) returned to Elfritator
Elfritator collected $0.04 from pot
Elfritator: doesn't show hand 
*** SUMMARY ***
Total pot $0.04 | Rake $0 
Seat 1: RazeRaze96 (button) folded before Flop (didn't bet)
Seat 2: Elfritator (small blind) collected ($0.04)
Seat 3: marcio14 (big blind) folded before Flop
Seat 4: Mahu2021 folded before Flop (didn't bet)
Seat 5: Pinacotan folded before Flop (didn't bet)
Seat 6: LimboD13 folded before Flop (didn't bet)



PokerStars Zoom Hand #252735696284:  Hold'em No Limit ($0.01/$0.02) - 2024/10/02 16:31:46 CET [2024/10/02 10:31:46 ET]
Table 'Halley' 6-max Seat #1 is the button
Seat 1: OSP677 ($0.89 in chips) 
Seat 2: OFSHOR ($3.81 in chips) 
Seat 3: Mahu2021 ($2.33 in chips) 
Seat 4: hokkyokuguma ($2 in chips) 
Seat 5: Gattini37 ($2.15 in chips) 
Seat 6: yla67 ($2.70 in chips) 
OFSHOR: posts small blind $0.01
Mahu2021: posts big blind $0.02
*** HOLE CARDS ***
Dealt to Mahu2021 [8c 6c]
hokkyokuguma: raises $0.03 to $0.05
Gattini37: raises $0.10 to $0.15
yla67: folds 
OSP677: folds 
OFSHOR: folds 
Mahu2021: folds 
hokkyokuguma: raises $0.30 to $0.45
Gattini37: folds 
Uncalled bet ($0.30) returned to hokkyokuguma
hokkyokuguma collected $0.33 from pot
hokkyokuguma: doesn't show hand 
*** SUMMARY ***
Total pot $0.33 | Rake $0 
Seat 1: OSP677 (button) folded before Flop (didn't bet)
Seat 2: OFSHOR (small blind) folded before Flop
Seat 3: Mahu2021 (big blind) folded before Flop
Seat 4: hokkyokuguma collected ($0.33)
Seat 5: Gattini37 folded before Flop
Seat 6: yla67 folded before Flop (didn't bet)



PokerStars Zoom Hand #252735699737:  Hold'em No Limit ($0.01/$0.02) - 2024/10/02 16:32:03 CET [2024/10/02 10:32:03 ET]
Table 'Halley' 6-max Seat #1 is the button
Seat 1: Realinko ($1.60 in chips) 
Seat 2: luda9520 ($1.22 in chips) 
Seat 3: Staggus ($4.48 in chips) 
Seat 4: RazeRaze96 ($4.35 in chips) 
Seat 5: Mahu2021 ($2.31 in chips) 
Seat 6: OFSHOR ($5.67 in chips) 
luda9520: posts small blind $0.01
Staggus: posts big blind $0.02
*** HOLE CARDS ***
Dealt to Mahu2021 [5c 7s]
RazeRaze96: folds 
Mahu2021: folds 
OFSHOR: folds 
Realinko: folds 
luda9520: folds 
Uncalled bet ($0.01) returned to Staggus
Staggus collected $0.02 from pot
Staggus: doesn't show hand 
*** SUMMARY ***
Total pot $0.02 | Rake $0 
Seat 1: Realinko (button) folded before Flop (didn't bet)
Seat 2: luda9520 (small blind) folded before Flop
Seat 3: Staggus (big blind) collected ($0.02)
Seat 4: RazeRaze96 folded before Flop (didn't bet)
Seat 5: Mahu2021 folded before Flop (didn't bet)
Seat 6: OFSHOR folded before Flop (didn't bet)



PokerStars Zoom Hand #252735693816:  Hold'em No Limit ($0.01/$0.02) - 2024/10/02 16:31:34 CET [2024/10/02 10:31:34 ET]
Table 'Halley' 6-max Seat #1 is the button
Seat 1: arttu97 ($2.19 in chips) 
Seat 2: Ederconc ($2 in chips) 
Seat 3: Hugotcardoso91 ($2.03 in chips) 
Seat 4: BabyD3412 ($1.39 in chips) 
Seat 5: Mahu2021 ($2.34 in chips) 
Seat 6: eojs5ds ($1.87 in chips) 
Ederconc: posts small blind $0.01
Hugotcardoso91: posts big blind $0.02
*** HOLE CARDS ***
Dealt to Mahu2021 [3d Jc]
BabyD3412: folds 
Mahu2021: folds 
eojs5ds: folds 
arttu97: folds 
Ederconc: raises $0.03 to $0.05
Hugotcardoso91: calls $0.03
*** FLOP *** [8s Ts Kc]
Ederconc: bets $0.05
Hugotcardoso91: raises $0.05 to $0.10
Ederconc: calls $0.05
*** TURN *** [8s Ts Kc] [Qc]
Ederconc: checks 
Hugotcardoso91: checks 
*** RIVER *** [8s Ts Kc Qc] [Ah]
Ederconc: bets $0.35
Hugotcardoso91: folds 
Uncalled bet ($0.35) returned to Ederconc
Ederconc collected $0.29 from pot
Ederconc: doesn't show hand 
*** SUMMARY ***
Total pot $0.30 | Rake $0.01 
Board [8s Ts Kc Qc Ah]
Seat 1: arttu97 (button) folded before Flop (didn't bet)
Seat 2: Ederconc (small blind) collected ($0.29)
Seat 3: Hugotcardoso91 (big blind) folded on the River
Seat 4: BabyD3412 folded before Flop (didn't bet)
Seat 5: Mahu2021 folded before Flop (didn't bet)
Seat 6: eojs5ds folded before Flop (didn't bet)



PokerStars Zoom Hand #252735698992:  Hold'em No Limit ($0.01/$0.02) - 2024/10/02 16:31:59 CET [2024/10/02 10:31:59 ET]
Table 'Halley' 6-max Seat #1 is the button
Seat 1: Mahu2021 ($2.31 in chips) 
Seat 2: zemaitys ($3.91 in chips) 
Seat 3: pato04011998 ($2.24 in chips) 
Seat 4: krj2n ($4.18 in chips) 
Seat 5: 3 Titzen 3 ($1.42 in chips) 
Seat 6: mariman99 ($1.37 in chips) 
zemaitys: posts small blind $0.01
pato04011998: posts big blind $0.02
*** HOLE CARDS ***
Dealt to Mahu2021 [Ks 5h]
krj2n: folds 
3 Titzen 3: folds 
mariman99: raises $0.02 to $0.04
Mahu2021: folds 
zemaitys: folds 
pato04011998: folds 
Uncalled bet ($0.02) returned to mariman99
mariman99 collected $0.05 from pot
mariman99: doesn't show hand 
*** SUMMARY ***
Total pot $0.05 | Rake $0 
Seat 1: Mahu2021 (button) folded before Flop (didn't bet)
Seat 2: zemaitys (small blind) folded before Flop
Seat 3: pato04011998 (big blind) folded before Flop
Seat 4: krj2n folded before Flop (didn't bet)
Seat 5: 3 Titzen 3 folded before Flop (didn't bet)
Seat 6: mariman99 collected ($0.05)



PokerStars Zoom Hand #252735701190:  Hold'em No Limit ($0.01/$0.02) - 2024/10/02 16:32:10 CET [2024/10/02 10:32:10 ET]
Table 'Halley' 6-max Seat #1 is the button
Seat 1: Whopey ($2.10 in chips) 
Seat 2: Gerox118 ($1.10 in chips) 
Seat 3: Formiidable ($2.49 in chips) 
Seat 4: Elfritator ($5.85 in chips) 
Seat 5: Jmontoya1027 ($2.91 in chips) 
Seat 6: Mahu2021 ($2.31 in chips) 
Gerox118: posts small blind $0.01
Formiidable: posts big blind $0.02
*** HOLE CARDS ***
Dealt to Mahu2021 [Td Jd]
Elfritator: raises $0.02 to $0.04
Jmontoya1027: folds 
Mahu2021: calls $0.04
Whopey: calls $0.04
Gerox118: folds 
Formiidable: folds 
*** FLOP *** [6h 7s 6d]
Elfritator: bets $0.08
Mahu2021: folds 
Whopey: folds 
Uncalled bet ($0.08) returned to Elfritator
Elfritator collected $0.14 from pot
Elfritator: doesn't show hand 
*** SUMMARY ***
Total pot $0.15 | Rake $0.01 
Board [6h 7s 6d]
Seat 1: Whopey (button) folded on the Flop
Seat 2: Gerox118 (small blind) folded before Flop
Seat 3: Formiidable (big blind) folded before Flop
Seat 4: Elfritator collected ($0.14)
Seat 5: Jmontoya1027 folded before Flop (didn't bet)
Seat 6: Mahu2021 folded on the Flop



PokerStars Zoom Hand #252735700416:  Hold'em No Limit ($0.01/$0.02) - 2024/10/02 16:32:06 CET [2024/10/02 10:32:06 ET]
Table 'Halley' 6-max Seat #1 is the button
Seat 1: 00Lii ($2.54 in chips) 
Seat 2: KleinIrmgard ($2.58 in chips) 
Seat 3: JuanChu070 ($2 in chips) 
Seat 4: Mahu2021 ($2.31 in chips) 
Seat 5: other ideas ($1.46 in chips) 
Seat 6: 0cipsev0 ($3.84 in chips) 
KleinIrmgard: posts small blind $0.01
JuanChu070: posts big blind $0.02
*** HOLE CARDS ***
Dealt to Mahu2021 [Kd 9s]
Mahu2021: folds 
other ideas: calls $0.02
0cipsev0: folds 
00Lii: folds 
KleinIrmgard: folds 
JuanChu070: checks 
*** FLOP *** [9d 4c 7c]
JuanChu070: checks 
other ideas: bets $0.06
JuanChu070: folds 
Uncalled bet ($0.06) returned to other ideas
other ideas collected $0.05 from pot
other ideas: doesn't show hand 
*** SUMMARY ***
Total pot $0.05 | Rake $0 
Board [9d 4c 7c]
Seat 1: 00Lii (button) folded before Flop (didn't bet)
Seat 2: KleinIrmgard (small blind) folded before Flop
Seat 3: JuanChu070 (big blind) folded on the Flop
Seat 4: Mahu2021 folded before Flop (didn't bet)
Seat 5: other ideas collected ($0.05)
Seat 6: 0cipsev0 folded before Flop (didn't bet)



PokerStars Zoom Hand #252735705433:  Hold'em No Limit ($0.01/$0.02) - 2024/10/02 16:32:31 CET [2024/10/02 10:32:31 ET]
Table 'Halley' 6-max Seat #1 is the button
Seat 1: ECEGO ($1.90 in chips) 
Seat 2: weezyck ($1.98 in chips) 
Seat 3: Gibmirmeine150€ ($3.04 in chips) 
Seat 4: Mahu2021 ($2.27 in chips) 
Seat 5: 0cipsev0 ($3.83 in chips) 
Seat 6: luda9520 ($0.96 in chips) 
weezyck: posts small blind $0.01
Gibmirmeine150€: posts big blind $0.02
*** HOLE CARDS ***
Dealt to Mahu2021 [Td Qc]
Mahu2021: raises $0.02 to $0.04
0cipsev0: calls $0.04
luda9520: folds 
ECEGO: folds 
weezyck: folds 
Gibmirmeine150€: calls $0.02
*** FLOP *** [9d Qh Jh]
Gibmirmeine150€: checks 
Mahu2021: checks 
0cipsev0: bets $0.09
Gibmirmeine150€: folds 
Mahu2021: calls $0.09
*** TURN *** [9d Qh Jh] [Kd]
Mahu2021: checks 
0cipsev0: bets $0.20
Mahu2021: calls $0.20
*** RIVER *** [9d Qh Jh Kd] [Ad]
Mahu2021: checks 
0cipsev0: checks 
*** SHOW DOWN ***
Mahu2021: shows [Td Qc] (a straight, Ten to Ace)
0cipsev0: mucks hand 
Mahu2021 collected $0.69 from pot
*** SUMMARY ***
Total pot $0.71 | Rake $0.02 
Board [9d Qh Jh Kd Ad]
Seat 1: ECEGO (button) folded before Flop (didn't bet)
Seat 2: weezyck (small blind) folded before Flop
Seat 3: Gibmirmeine150€ (big blind) folded on the Flop
Seat 4: Mahu2021 showed [Td Qc] and won ($0.69) with a straight, Ten to Ace
Seat 5: 0cipsev0 mucked [9c 9h]
Seat 6: luda9520 folded before Flop (didn't bet)



PokerStars Zoom Hand #252735712672:  Hold'em No Limit ($0.01/$0.02) - 2024/10/02 16:33:07 CET [2024/10/02 10:33:07 ET]
Table 'Halley' 6-max Seat #1 is the button
Seat 1: Necron4 ($2.29 in chips) 
Seat 2: Mahu2021 ($2.63 in chips) 
Seat 3: PoeeeeN ($2.17 in chips) 
Seat 4: Wh1ty92 ($1.95 in chips) 
Seat 5: bel_2302 ($2.57 in chips) 
Seat 6: Xpokerfreak ($1.59 in chips) 
Mahu2021: posts small blind $0.01
PoeeeeN: posts big blind $0.02
*** HOLE CARDS ***
Dealt to Mahu2021 [2c Kd]
Wh1ty92: raises $0.02 to $0.04
bel_2302: folds 
Xpokerfreak: calls $0.04
Necron4: folds 
Mahu2021: folds 
PoeeeeN: folds 
*** FLOP *** [8s 3h Ad]
Wh1ty92: checks 
Xpokerfreak: checks 
*** TURN *** [8s 3h Ad] [5h]
Wh1ty92: checks 
Xpokerfreak: checks 
*** RIVER *** [8s 3h Ad 5h] [Tc]
Wh1ty92: checks 
Xpokerfreak: checks 
*** SHOW DOWN ***
Wh1ty92: shows [Kc Qh] (high card Ace)
Xpokerfreak: mucks hand 
Wh1ty92 collected $0.11 from pot
*** SUMMARY ***
Total pot $0.11 | Rake $0 
Board [8s 3h Ad 5h Tc]
Seat 1: Necron4 (button) folded before Flop (didn't bet)
Seat 2: Mahu2021 (small blind) folded before Flop
Seat 3: PoeeeeN (big blind) folded before Flop
Seat 4: Wh1ty92 showed [Kc Qh] and won ($0.11) with high card Ace
Seat 5: bel_2302 folded before Flop (didn't bet)
Seat 6: Xpokerfreak mucked [Jh Qc]



PokerStars Zoom Hand #252735714608:  Hold'em No Limit ($0.01/$0.02) - 2024/10/02 16:33:16 CET [2024/10/02 10:33:16 ET]
Table 'Halley' 6-max Seat #1 is the button
Seat 1: Mahu2021 ($2.62 in chips) 
Seat 2: 3ezrael1 ($1.95 in chips) 
Seat 3: zenox321 ($2.14 in chips) 
Seat 4: MSB1155 ($1.26 in chips) 
Seat 5: muraxa1 ($1.68 in chips) 
Seat 6: Quorthon_Zei ($10.36 in chips) 
3ezrael1: posts small blind $0.01
zenox321: posts big blind $0.02
*** HOLE CARDS ***
Dealt to Mahu2021 [Qs 4d]
MSB1155: folds 
muraxa1: folds 
Quorthon_Zei has timed out
Quorthon_Zei: folds 
Mahu2021: folds 
3ezrael1: calls $0.01
zenox321: checks 
*** FLOP *** [2d 4s 8h]
3ezrael1: checks 
zenox321: bets $0.02
3ezrael1: folds 
Uncalled bet ($0.02) returned to zenox321
zenox321 collected $0.04 from pot
zenox321: doesn't show hand 
*** SUMMARY ***
Total pot $0.04 | Rake $0 
Board [2d 4s 8h]
Seat 1: Mahu2021 (button) folded before Flop (didn't bet)
Seat 2: 3ezrael1 (small blind) folded on the Flop
Seat 3: zenox321 (big blind) collected ($0.04)
Seat 4: MSB1155 folded before Flop (didn't bet)
Seat 5: muraxa1 folded before Flop (didn't bet)
Seat 6: Quorthon_Zei folded before Flop (didn't bet)



PokerStars Zoom Hand #252735717418:  Hold'em No Limit ($0.01/$0.02) - 2024/10/02 16:33:29 CET [2024/10/02 10:33:29 ET]
Table 'Halley' 6-max Seat #1 is the button
Seat 1: 22pok22er ($2.61 in chips) 
Seat 2: weezyck ($1.97 in chips) 
Seat 3: Mahu2021 ($2.62 in chips) 
Seat 4: Ederconc ($2.03 in chips) 
Seat 5: pkrbireal ($2.49 in chips) 
Seat 6: keeperke76 ($2.43 in chips) 
weezyck: posts small blind $0.01
Mahu2021: posts big blind $0.02
*** HOLE CARDS ***
Dealt to Mahu2021 [Td 8d]
Ederconc: folds 
pkrbireal: folds 
keeperke76: raises $0.05 to $0.07
22pok22er: folds 
weezyck: folds 
Mahu2021: folds 
Uncalled bet ($0.05) returned to keeperke76
keeperke76 collected $0.05 from pot
keeperke76: doesn't show hand 
*** SUMMARY ***
Total pot $0.05 | Rake $0 
Seat 1: 22pok22er (button) folded before Flop (didn't bet)
Seat 2: weezyck (small blind) folded before Flop
Seat 3: Mahu2021 (big blind) folded before Flop
Seat 4: Ederconc folded before Flop (didn't bet)
Seat 5: pkrbireal folded before Flop (didn't bet)
Seat 6: keeperke76 collected ($0.05)



PokerStars Zoom Hand #252735713470:  Hold'em No Limit ($0.01/$0.02) - 2024/10/02 16:33:11 CET [2024/10/02 10:33:11 ET]
Table 'Halley' 6-max Seat #1 is the button
Seat 1: Ederconc ($2.18 in chips) 
Seat 2: marcio14 ($2 in chips) 
Seat 3: culika23 ($0.59 in chips) 
Seat 4: Mahu2021 ($2.62 in chips) 
Seat 5: capricorn181 ($1.98 in chips) 
Seat 6: johnnaytallus ($2.71 in chips) 
marcio14: posts small blind $0.01
culika23: posts big blind $0.02
*** HOLE CARDS ***
Dealt to Mahu2021 [7d 3s]
Mahu2021: folds 
capricorn181: folds 
johnnaytallus: folds 
Ederconc: raises $0.03 to $0.05
marcio14: raises $0.15 to $0.20
culika23: folds 
Ederconc: folds 
Uncalled bet ($0.15) returned to marcio14
marcio14 collected $0.12 from pot
marcio14: doesn't show hand 
*** SUMMARY ***
Total pot $0.12 | Rake $0 
Seat 1: Ederconc (button) folded before Flop
Seat 2: marcio14 (small blind) collected ($0.12)
Seat 3: culika23 (big blind) folded before Flop
Seat 4: Mahu2021 folded before Flop (didn't bet)
Seat 5: capricorn181 folded before Flop (didn't bet)
Seat 6: johnnaytallus folded before Flop (didn't bet)



PokerStars Zoom Hand #252735723848:  Hold'em No Limit ($0.01/$0.02) - 2024/10/02 16:34:01 CET [2024/10/02 10:34:01 ET]
Table 'Halley' 6-max Seat #1 is the button
Seat 1: Strutt69 ($3.51 in chips) 
Seat 2: Mahu2021 ($2.60 in chips) 
Seat 3: Charliie014 ($3.84 in chips) 
Seat 4: anatoliw ($1.56 in chips) 
Seat 5: PoeeeeN ($2.34 in chips) 
Seat 6: Necron4 ($2.32 in chips) 
Mahu2021: posts small blind $0.01
Charliie014: posts big blind $0.02
*** HOLE CARDS ***
Dealt to Mahu2021 [Jc 7c]
anatoliw: calls $0.02
PoeeeeN: folds 
Necron4: folds 
Strutt69: folds 
Mahu2021: calls $0.01
Charliie014: checks 
*** FLOP *** [Ah 7h 2s]
Mahu2021: bets $0.02
Charliie014: folds 
anatoliw: folds 
Uncalled bet ($0.02) returned to Mahu2021
Mahu2021 collected $0.06 from pot
Mahu2021: doesn't show hand 
*** SUMMARY ***
Total pot $0.06 | Rake $0 
Board [Ah 7h 2s]
Seat 1: Strutt69 (button) folded before Flop (didn't bet)
Seat 2: Mahu2021 (small blind) collected ($0.06)
Seat 3: Charliie014 (big blind) folded on the Flop
Seat 4: anatoliw folded on the Flop
Seat 5: PoeeeeN folded before Flop (didn't bet)
Seat 6: Necron4 folded before Flop (didn't bet)



PokerStars Zoom Hand #252735721331:  Hold'em No Limit ($0.01/$0.02) - 2024/10/02 16:33:49 CET [2024/10/02 10:33:49 ET]
Table 'Halley' 6-max Seat #1 is the button
Seat 1: tche46 ($0.32 in chips) 
Seat 2: OFSHOR ($5.96 in chips) 
Seat 3: Necron4 ($2 in chips) 
Seat 4: zenox321 ($2.16 in chips) 
Seat 5: Edusparkn ($1.70 in chips) 
Seat 6: Mahu2021 ($2.60 in chips) 
OFSHOR: posts small blind $0.01
Necron4: posts big blind $0.02
*** HOLE CARDS ***
Dealt to Mahu2021 [6h Jd]
zenox321: folds 
Edusparkn: raises $0.04 to $0.06
Mahu2021: folds 
tche46: folds 
OFSHOR: folds 
Necron4: calls $0.04
*** FLOP *** [7d Kc Kh]
Necron4: checks 
Edusparkn: checks 
*** TURN *** [7d Kc Kh] [4s]
Necron4: checks 
Edusparkn: checks 
*** RIVER *** [7d Kc Kh 4s] [7c]
Necron4: checks 
Edusparkn: checks 
*** SHOW DOWN ***
Necron4: shows [Tc Ac] (two pair, Kings and Sevens)
Edusparkn: shows [6d Ad] (two pair, Kings and Sevens)
Necron4 collected $0.07 from pot
Edusparkn collected $0.06 from pot
*** SUMMARY ***
Total pot $0.13 | Rake $0 
Board [7d Kc Kh 4s 7c]
Seat 1: tche46 (button) folded before Flop (didn't bet)
Seat 2: OFSHOR (small blind) folded before Flop
Seat 3: Necron4 (big blind) showed [Tc Ac] and won ($0.07) with two pair, Kings and Sevens
Seat 4: zenox321 folded before Flop (didn't bet)
Seat 5: Edusparkn showed [6d Ad] and won ($0.06) with two pair, Kings and Sevens
Seat 6: Mahu2021 folded before Flop (didn't bet)



PokerStars Zoom Hand #252735722794:  Hold'em No Limit ($0.01/$0.02) - 2024/10/02 16:33:56 CET [2024/10/02 10:33:56 ET]
Table 'Halley' 6-max Seat #1 is the button
Seat 1: Ederconc ($2.03 in chips) 
Seat 2: BadBeat Bert ($1.98 in chips) 
Seat 3: genius369369 ($2.02 in chips) 
Seat 4: pkrbireal ($2.47 in chips) 
Seat 5: Mahu2021 ($2.60 in chips) 
Seat 6: Strutt69 ($2.89 in chips) 
BadBeat Bert: posts small blind $0.01
genius369369: posts big blind $0.02
*** HOLE CARDS ***
Dealt to Mahu2021 [3h 6s]
pkrbireal: folds 
Mahu2021: folds 
Strutt69: folds 
Ederconc: raises $0.03 to $0.05
BadBeat Bert: calls $0.04
genius369369: folds 
*** FLOP *** [8d 8h 5s]
BadBeat Bert: checks 
Ederconc: checks 
*** TURN *** [8d 8h 5s] [Jd]
BadBeat Bert: bets $0.06
Ederconc: calls $0.06
*** RIVER *** [8d 8h 5s Jd] [4c]
BadBeat Bert: bets $0.12
Ederconc: folds 
Uncalled bet ($0.12) returned to BadBeat Bert
BadBeat Bert collected $0.23 from pot
BadBeat Bert: doesn't show hand 
*** SUMMARY ***
Total pot $0.24 | Rake $0.01 
Board [8d 8h 5s Jd 4c]
Seat 1: Ederconc (button) folded on the River
Seat 2: BadBeat Bert (small blind) collected ($0.23)
Seat 3: genius369369 (big blind) folded before Flop
Seat 4: pkrbireal folded before Flop (didn't bet)
Seat 5: Mahu2021 folded before Flop (didn't bet)
Seat 6: Strutt69 folded before Flop (didn't bet)



PokerStars Zoom Hand #252735727378:  Hold'em No Limit ($0.01/$0.02) - 2024/10/02 16:34:18 CET [2024/10/02 10:34:18 ET]
Table 'Halley' 6-max Seat #1 is the button
Seat 1: Mahu2021 ($2.64 in chips) 
Seat 2: quipstr ($0.84 in chips) 
Seat 3: 00Lii ($2.60 in chips) 
Seat 4: EggMayo ($4.33 in chips) 
Seat 5: gamov ($1.97 in chips) 
Seat 6: Strutt69 ($2.34 in chips) 
quipstr: posts small blind $0.01
00Lii: posts big blind $0.02
*** HOLE CARDS ***
Dealt to Mahu2021 [6s 3s]
EggMayo: folds 
gamov: raises $0.04 to $0.06
Strutt69: folds 
Mahu2021: calls $0.06
quipstr: folds 
00Lii: calls $0.04
*** FLOP *** [2c 5d 3d]
00Lii: checks 
gamov: bets $0.18
Mahu2021: calls $0.18
00Lii: folds 
*** TURN *** [2c 5d 3d] [9s]
gamov: bets $0.27
Mahu2021: calls $0.27
*** RIVER *** [2c 5d 3d 9s] [7c]
gamov: checks 
Mahu2021: bets $2.13 and is all-in
gamov: folds 
Uncalled bet ($2.13) returned to Mahu2021
Mahu2021 collected $1.05 from pot
Mahu2021: doesn't show hand 
*** SUMMARY ***
Total pot $1.09 | Rake $0.04 
Board [2c 5d 3d 9s 7c]
Seat 1: Mahu2021 (button) collected ($1.05)
Seat 2: quipstr (small blind) folded before Flop
Seat 3: 00Lii (big blind) folded on the Flop
Seat 4: EggMayo folded before Flop (didn't bet)
Seat 5: gamov folded on the River
Seat 6: Strutt69 folded before Flop (didn't bet)



PokerStars Zoom Hand #252735736243:  Hold'em No Limit ($0.01/$0.02) - 2024/10/02 16:35:02 CET [2024/10/02 10:35:02 ET]
Table 'Halley' 6-max Seat #1 is the button
Seat 1: PoeeeeN ($2 in chips) 
Seat 2: pato04011998 ($2.09 in chips) 
Seat 3: bel_2302 ($2.14 in chips) 
Seat 4: Charliie014 ($2.98 in chips) 
Seat 5: capricorn181 ($2.22 in chips) 
Seat 6: Mahu2021 ($3.18 in chips) 
pato04011998: posts small blind $0.01
bel_2302: posts big blind $0.02
*** HOLE CARDS ***
Dealt to Mahu2021 [4d 8h]
Charliie014: raises $0.02 to $0.04
capricorn181: folds 
Mahu2021: folds 
PoeeeeN: folds 
pato04011998: folds 
bel_2302: folds 
Uncalled bet ($0.02) returned to Charliie014
Charliie014 collected $0.05 from pot
Charliie014: doesn't show hand 
*** SUMMARY ***
Total pot $0.05 | Rake $0 
Seat 1: PoeeeeN (button) folded before Flop (didn't bet)
Seat 2: pato04011998 (small blind) folded before Flop
Seat 3: bel_2302 (big blind) folded before Flop
Seat 4: Charliie014 collected ($0.05)
Seat 5: capricorn181 folded before Flop (didn't bet)
Seat 6: Mahu2021 folded before Flop (didn't bet)



PokerStars Zoom Hand #252735737707:  Hold'em No Limit ($0.01/$0.02) - 2024/10/02 16:35:09 CET [2024/10/02 10:35:09 ET]
Table 'Halley' 6-max Seat #1 is the button
Seat 1: keeperke76 ($2 in chips) 
Seat 2: 23.tng ($2.40 in chips) 
Seat 3: Mahu2021 ($3.18 in chips) 
Seat 4: BadBeat Bert ($2.10 in chips) 
Seat 5: Orisso30198 ($2.07 in chips) 
Seat 6: 3ezrael1 ($1.98 in chips) 
23.tng: posts small blind $0.01
Mahu2021: posts big blind $0.02
*** HOLE CARDS ***
Dealt to Mahu2021 [6c Qc]
BadBeat Bert: folds 
Orisso30198: folds 
3ezrael1: folds 
keeperke76: raises $0.05 to $0.07
23.tng: folds 
Mahu2021: folds 
Uncalled bet ($0.05) returned to keeperke76
keeperke76 collected $0.05 from pot
keeperke76: doesn't show hand 
*** SUMMARY ***
Total pot $0.05 | Rake $0 
Seat 1: keeperke76 (button) collected ($0.05)
Seat 2: 23.tng (small blind) folded before Flop
Seat 3: Mahu2021 (big blind) folded before Flop
Seat 4: BadBeat Bert folded before Flop (didn't bet)
Seat 5: Orisso30198 folded before Flop (didn't bet)
Seat 6: 3ezrael1 folded before Flop (didn't bet)



PokerStars Zoom Hand #252735744645:  Hold'em No Limit ($0.01/$0.02) - 2024/10/02 16:35:43 CET [2024/10/02 10:35:43 ET]
Table 'Halley' 6-max Seat #1 is the button
Seat 1: 3ezrael1 ($1.94 in chips) 
Seat 2: Grudinek ($2 in chips) 
Seat 3: ECEGO ($1.58 in chips) 
Seat 4: Mahu2021 ($3.15 in chips) 
Seat 5: Necron4 ($2.26 in chips) 
Seat 6: OFSHOR ($5.96 in chips) 
Grudinek: posts small blind $0.01
ECEGO: posts big blind $0.02
*** HOLE CARDS ***
Dealt to Mahu2021 [4h Js]
Mahu2021: folds 
Necron4: folds 
OFSHOR: folds 
3ezrael1: folds 
Grudinek: folds 
Uncalled bet ($0.01) returned to ECEGO
ECEGO collected $0.02 from pot
ECEGO: doesn't show hand 
*** SUMMARY ***
Total pot $0.02 | Rake $0 
Seat 1: 3ezrael1 (button) folded before Flop (didn't bet)
Seat 2: Grudinek (small blind) folded before Flop
Seat 3: ECEGO (big blind) collected ($0.02)
Seat 4: Mahu2021 folded before Flop (didn't bet)
Seat 5: Necron4 folded before Flop (didn't bet)
Seat 6: OFSHOR folded before Flop (didn't bet)



PokerStars Zoom Hand #252735743860:  Hold'em No Limit ($0.01/$0.02) - 2024/10/02 16:35:39 CET [2024/10/02 10:35:39 ET]
Table 'Halley' 6-max Seat #1 is the button
Seat 1: Gibmirmeine150€ ($3.12 in chips) 
Seat 2: mariman99 ($1.91 in chips) 
Seat 3: Jmontoya1027 ($4.11 in chips) 
Seat 4: weezyck ($1.99 in chips) 
Seat 5: Mahu2021 ($3.15 in chips) 
Seat 6: ZGChevalier ($6.19 in chips) 
mariman99: posts small blind $0.01
Jmontoya1027: posts big blind $0.02
*** HOLE CARDS ***
Dealt to Mahu2021 [2c Ac]
weezyck: folds 
Mahu2021: folds 
ZGChevalier: folds 
Gibmirmeine150€: folds 
mariman99: raises $0.04 to $0.06
Jmontoya1027: folds 
Uncalled bet ($0.04) returned to mariman99
mariman99 collected $0.04 from pot
mariman99: doesn't show hand 
*** SUMMARY ***
Total pot $0.04 | Rake $0 
Seat 1: Gibmirmeine150€ (button) folded before Flop (didn't bet)
Seat 2: mariman99 (small blind) collected ($0.04)
Seat 3: Jmontoya1027 (big blind) folded before Flop
Seat 4: weezyck folded before Flop (didn't bet)
Seat 5: Mahu2021 folded before Flop (didn't bet)
Seat 6: ZGChevalier folded before Flop (didn't bet)



PokerStars Zoom Hand #252735741296:  Hold'em No Limit ($0.01/$0.02) - 2024/10/02 16:35:27 CET [2024/10/02 10:35:27 ET]
Table 'Halley' 6-max Seat #1 is the button
Seat 1: Hugotcardoso91 ($1.82 in chips) 
Seat 2: Mahu2021 ($3.16 in chips) 
Seat 3: vikkoboy ($10.45 in chips) 
Seat 4: oo1463 ($2.22 in chips) 
Seat 5: OSP677 ($0.98 in chips) 
Seat 6: Charliie014 ($3 in chips) 
Mahu2021: posts small blind $0.01
vikkoboy: posts big blind $0.02
*** HOLE CARDS ***
Dealt to Mahu2021 [6h 2h]
oo1463: folds 
OSP677: folds 
Charliie014: raises $0.02 to $0.04
Hugotcardoso91: calls $0.04
Mahu2021: folds 
vikkoboy: folds 
*** FLOP *** [4h 6s 5s]
Charliie014: checks 
Hugotcardoso91: bets $0.08
Charliie014: folds 
Uncalled bet ($0.08) returned to Hugotcardoso91
Hugotcardoso91 collected $0.11 from pot
Hugotcardoso91: doesn't show hand 
*** SUMMARY ***
Total pot $0.11 | Rake $0 
Board [4h 6s 5s]
Seat 1: Hugotcardoso91 (button) collected ($0.11)
Seat 2: Mahu2021 (small blind) folded before Flop
Seat 3: vikkoboy (big blind) folded before Flop
Seat 4: oo1463 folded before Flop (didn't bet)
Seat 5: OSP677 folded before Flop (didn't bet)
Seat 6: Charliie014 folded on the Flop



PokerStars Zoom Hand #252735746051:  Hold'em No Limit ($0.01/$0.02) - 2024/10/02 16:35:50 CET [2024/10/02 10:35:50 ET]
Table 'Halley' 6-max Seat #1 is the button
Seat 1: Mahu2021 ($3.15 in chips) 
Seat 2: pato04011998 ($2.99 in chips) 
Seat 3: zemaitys ($3.49 in chips) 
Seat 4: Nitt333 ($1.75 in chips) 
Seat 5: MSB1155 ($3.48 in chips) 
Seat 6: Xpokerfreak ($0.97 in chips) 
pato04011998: posts small blind $0.01
zemaitys: posts big blind $0.02
*** HOLE CARDS ***
Dealt to Mahu2021 [Th Ts]
Nitt333: folds 
MSB1155: folds 
Xpokerfreak: folds 
Mahu2021: calls $0.02
pato04011998: folds 
zemaitys: checks 
*** FLOP *** [7h 4h 3s]
zemaitys: checks 
Mahu2021: checks 
*** TURN *** [7h 4h 3s] [9s]
zemaitys: bets $0.02
Mahu2021: calls $0.02
*** RIVER *** [7h 4h 3s 9s] [Qc]
zemaitys: bets $0.12
Mahu2021: calls $0.12
*** SHOW DOWN ***
zemaitys: shows [Qh 7s] (two pair, Queens and Sevens)
Mahu2021: mucks hand 
zemaitys collected $0.32 from pot
*** SUMMARY ***
Total pot $0.33 | Rake $0.01 
Board [7h 4h 3s 9s Qc]
Seat 1: Mahu2021 (button) mucked [Th Ts]
Seat 2: pato04011998 (small blind) folded before Flop
Seat 3: zemaitys (big blind) showed [Qh 7s] and won ($0.32) with two pair, Queens and Sevens
Seat 4: Nitt333 folded before Flop (didn't bet)
Seat 5: MSB1155 folded before Flop (didn't bet)
Seat 6: Xpokerfreak folded before Flop (didn't bet)



PokerStars Zoom Hand #252735750894:  Hold'em No Limit ($0.01/$0.02) - 2024/10/02 16:36:14 CET [2024/10/02 10:36:14 ET]
Table 'Halley' 6-max Seat #1 is the button
Seat 1: cockney82 ($1.39 in chips) 
Seat 2: krj2n ($3.94 in chips) 
Seat 3: Mahu2021 ($2.99 in chips) 
Seat 4: mordr ($1.22 in chips) 
Seat 5: Profcelso ($2 in chips) 
Seat 6: Quorthon_Zei ($12.06 in chips) 
krj2n: posts small blind $0.01
Mahu2021: posts big blind $0.02
*** HOLE CARDS ***
Dealt to Mahu2021 [4c 9h]
mordr: raises $0.02 to $0.04
Profcelso: folds 
Quorthon_Zei: folds 
cockney82: folds 
krj2n: folds 
Mahu2021: folds 
Uncalled bet ($0.02) returned to mordr
mordr collected $0.05 from pot
mordr: doesn't show hand 
*** SUMMARY ***
Total pot $0.05 | Rake $0 
Seat 1: cockney82 (button) folded before Flop (didn't bet)
Seat 2: krj2n (small blind) folded before Flop
Seat 3: Mahu2021 (big blind) folded before Flop
Seat 4: mordr collected ($0.05)
Seat 5: Profcelso folded before Flop (didn't bet)
Seat 6: Quorthon_Zei folded before Flop (didn't bet)



PokerStars Zoom Hand #252735745265:  Hold'em No Limit ($0.01/$0.02) - 2024/10/02 16:35:46 CET [2024/10/02 10:35:46 ET]
Table 'Halley' 6-max Seat #1 is the button
Seat 1: OSP677 ($0.96 in chips) 
Seat 2: JackShepp ($2.63 in chips) 
Seat 3: AXU222 ($1.27 in chips) 
Seat 4: Mahu2021 ($3.15 in chips) 
Seat 5: Grand_Gena ($3.13 in chips) 
Seat 6: Realinko ($1.40 in chips) 
JackShepp: posts small blind $0.01
AXU222: posts big blind $0.02
*** HOLE CARDS ***
Dealt to Mahu2021 [Td 4s]
Mahu2021: folds 
Grand_Gena: raises $0.04 to $0.06
Realinko: folds 
OSP677: folds 
JackShepp: folds 
AXU222: calls $0.04
*** FLOP *** [9c Qs 2h]
AXU222: checks 
Grand_Gena: bets $0.04
AXU222: calls $0.04
*** TURN *** [9c Qs 2h] [2d]
AXU222: checks 
Grand_Gena: bets $0.06
AXU222: raises $0.06 to $0.12
Grand_Gena: calls $0.06
*** RIVER *** [9c Qs 2h 2d] [8c]
AXU222: bets $1.05 and is all-in
Grand_Gena: folds 
Uncalled bet ($1.05) returned to AXU222
AXU222 collected $0.43 from pot
AXU222: doesn't show hand 
*** SUMMARY ***
Total pot $0.45 | Rake $0.02 
Board [9c Qs 2h 2d 8c]
Seat 1: OSP677 (button) folded before Flop (didn't bet)
Seat 2: JackShepp (small blind) folded before Flop
Seat 3: AXU222 (big blind) collected ($0.43)
Seat 4: Mahu2021 folded before Flop (didn't bet)
Seat 5: Grand_Gena folded on the River
Seat 6: Realinko folded before Flop (didn't bet)



