PokerStars Hand #243010302456: Tournament #3575624984, $0.92+$0.08 USD Hold'em No Limit - Level I (10/20) - 2023/04/10 21:03:30 CET [2023/04/10 15:03:30 ET]
Table '3575624984 1' 3-max Seat #1 is the button
Seat 1: Mahu2021 (500 in chips) 
Seat 2: marissid (500 in chips) 
Seat 3: Daz_Turk (500 in chips) 
marissid: posts small blind 10
Daz_Turk: posts big blind 20
*** HOLE CARDS ***
Dealt to Mahu2021 [3c Tc]
Mahu2021: folds 
marissid: folds 
Uncalled bet (10) returned to Daz_Turk
Daz_Turk collected 20 from pot
*** SUMMARY ***
Total pot 20 | Rake 0 
Seat 1: Mahu2021 (button) folded before Flop (didn't bet)
Seat 2: marissid (small blind) folded before Flop
Seat 3: Daz_Turk (big blind) collected (20)



PokerStars Hand #243010305286: Tournament #3575624984, $0.92+$0.08 USD Hold'em No Limit - Level I (10/20) - 2023/04/10 21:03:37 CET [2023/04/10 15:03:37 ET]
Table '3575624984 1' 3-max Seat #2 is the button
Seat 1: Mahu2021 (500 in chips) 
Seat 2: marissid (490 in chips) 
Seat 3: Daz_Turk (510 in chips) 
Daz_Turk: posts small blind 10
Mahu2021: posts big blind 20
*** HOLE CARDS ***
Dealt to Mahu2021 [3c 7d]
marissid: folds 
Daz_Turk: raises 80 to 100
Mahu2021: folds 
Uncalled bet (80) returned to Daz_Turk
Daz_Turk collected 40 from pot
*** SUMMARY ***
Total pot 40 | Rake 0 
Seat 1: Mahu2021 (big blind) folded before Flop
Seat 2: marissid (button) folded before Flop (didn't bet)
Seat 3: Daz_Turk (small blind) collected (40)



PokerStars Hand #243010308937: Tournament #3575624984, $0.92+$0.08 USD Hold'em No Limit - Level I (10/20) - 2023/04/10 21:03:46 CET [2023/04/10 15:03:46 ET]
Table '3575624984 1' 3-max Seat #3 is the button
Seat 1: Mahu2021 (480 in chips) 
Seat 2: marissid (490 in chips) 
Seat 3: Daz_Turk (530 in chips) 
Mahu2021: posts small blind 10
marissid: posts big blind 20
*** HOLE CARDS ***
Dealt to Mahu2021 [Jh 2h]
Daz_Turk: calls 20
Mahu2021: calls 10
marissid: checks 
*** FLOP *** [Qd Jd Qs]
Mahu2021: bets 40
marissid: calls 40
Daz_Turk: folds 
*** TURN *** [Qd Jd Qs] [7h]
Mahu2021: bets 40
marissid: calls 40
*** RIVER *** [Qd Jd Qs 7h] [Ks]
Mahu2021: bets 40
marissid: raises 300 to 340
Mahu2021: folds 
Uncalled bet (300) returned to marissid
marissid collected 300 from pot
marissid: doesn't show hand 
*** SUMMARY ***
Total pot 300 | Rake 0 
Board [Qd Jd Qs 7h Ks]
Seat 1: Mahu2021 (small blind) folded on the River
Seat 2: marissid (big blind) collected (300)
Seat 3: Daz_Turk (button) folded on the Flop



PokerStars Hand #243010320071: Tournament #3575624984, $0.92+$0.08 USD Hold'em No Limit - Level I (10/20) - 2023/04/10 21:04:14 CET [2023/04/10 15:04:14 ET]
Table '3575624984 1' 3-max Seat #1 is the button
Seat 1: Mahu2021 (340 in chips) 
Seat 2: marissid (650 in chips) 
Seat 3: Daz_Turk (510 in chips) 
marissid: posts small blind 10
Daz_Turk: posts big blind 20
*** HOLE CARDS ***
Dealt to Mahu2021 [9h 6d]
Mahu2021: folds 
marissid: calls 10
Daz_Turk: checks 
*** FLOP *** [5s 8d Qc]
marissid: checks 
Daz_Turk: bets 20
marissid: folds 
Uncalled bet (20) returned to Daz_Turk
Daz_Turk collected 40 from pot
*** SUMMARY ***
Total pot 40 | Rake 0 
Board [5s 8d Qc]
Seat 1: Mahu2021 (button) folded before Flop (didn't bet)
Seat 2: marissid (small blind) folded on the Flop
Seat 3: Daz_Turk (big blind) collected (40)



PokerStars Hand #243010325231: Tournament #3575624984, $0.92+$0.08 USD Hold'em No Limit - Level I (10/20) - 2023/04/10 21:04:27 CET [2023/04/10 15:04:27 ET]
Table '3575624984 1' 3-max Seat #2 is the button
Seat 1: Mahu2021 (340 in chips) 
Seat 2: marissid (630 in chips) 
Seat 3: Daz_Turk (530 in chips) 
Daz_Turk: posts small blind 10
Mahu2021: posts big blind 20
*** HOLE CARDS ***
Dealt to Mahu2021 [7c Js]
marissid: raises 20 to 40
Daz_Turk: folds 
Mahu2021: calls 20
*** FLOP *** [Tc 9s Ks]
Mahu2021: bets 300 and is all-in
marissid: calls 300
*** TURN *** [Tc 9s Ks] [Ah]
*** RIVER *** [Tc 9s Ks Ah] [6d]
*** SHOW DOWN ***
Mahu2021: shows [7c Js] (high card Ace)
marissid: shows [Ac Jd] (a pair of Aces)
marissid collected 690 from pot
Mahu2021 finished the tournament in 3rd place
*** SUMMARY ***
Total pot 690 | Rake 0 
Board [Tc 9s Ks Ah 6d]
Seat 1: Mahu2021 (big blind) showed [7c Js] and lost with high card Ace
Seat 2: marissid (button) showed [Ac Jd] and won (690) with a pair of Aces
Seat 3: Daz_Turk (small blind) folded before Flop



