PokerStars Hand #249594808793: Tournament #3732954274, $1.84+$0.16 USD Hold'em No Limit - Level I (10/20) - 2024/03/24 14:34:59 CET [2024/03/24 9:34:59 ET]
Table '3732954274 1' 3-max Seat #1 is the button
Seat 1: ZubZebo21 (500 in chips) 
Seat 2: BILKIL633 (500 in chips) 
Seat 3: Mahu2021 (500 in chips) 
BILKIL633: posts small blind 10
Mahu2021: posts big blind 20
*** HOLE CARDS ***
Dealt to Mahu2021 [6c 9h]
ZubZebo21: calls 20
BILKIL633: raises 20 to 40
Mahu2021: folds 
ZubZebo21: calls 20
*** FLOP *** [Jh Th 3c]
BILKIL633: bets 50
ZubZebo21: folds 
Uncalled bet (50) returned to BILKIL633
BILKIL633 collected 100 from pot
BILKIL633: doesn't show hand 
*** SUMMARY ***
Total pot 100 | Rake 0 
Board [Jh Th 3c]
Seat 1: ZubZebo21 (button) folded on the Flop
Seat 2: BILKIL633 (small blind) collected (100)
Seat 3: Mahu2021 (big blind) folded before Flop



PokerStars Hand #249594812907: Tournament #3732954274, $1.84+$0.16 USD Hold'em No Limit - Level I (10/20) - 2024/03/24 14:35:18 CET [2024/03/24 9:35:18 ET]
Table '3732954274 1' 3-max Seat #2 is the button
Seat 1: ZubZebo21 (460 in chips) 
Seat 2: BILKIL633 (560 in chips) 
Seat 3: Mahu2021 (480 in chips) 
Mahu2021: posts small blind 10
ZubZebo21: posts big blind 20
*** HOLE CARDS ***
Dealt to Mahu2021 [9s 7h]
BILKIL633: folds 
Mahu2021: folds 
Uncalled bet (10) returned to ZubZebo21
ZubZebo21 collected 20 from pot
*** SUMMARY ***
Total pot 20 | Rake 0 
Seat 1: ZubZebo21 (big blind) collected (20)
Seat 2: BILKIL633 (button) folded before Flop (didn't bet)
Seat 3: Mahu2021 (small blind) folded before Flop



PokerStars Hand #249594814037: Tournament #3732954274, $1.84+$0.16 USD Hold'em No Limit - Level I (10/20) - 2024/03/24 14:35:23 CET [2024/03/24 9:35:23 ET]
Table '3732954274 1' 3-max Seat #3 is the button
Seat 1: ZubZebo21 (470 in chips) 
Seat 2: BILKIL633 (560 in chips) 
Seat 3: Mahu2021 (470 in chips) 
ZubZebo21: posts small blind 10
BILKIL633: posts big blind 20
*** HOLE CARDS ***
Dealt to Mahu2021 [Jd Td]
Mahu2021: raises 20 to 40
ZubZebo21: calls 30
BILKIL633: calls 20
*** FLOP *** [Jh Ts Qs]
ZubZebo21: checks 
BILKIL633: checks 
Mahu2021: bets 120
ZubZebo21: folds 
BILKIL633: folds 
Uncalled bet (120) returned to Mahu2021
Mahu2021 collected 120 from pot
Mahu2021: doesn't show hand 
*** SUMMARY ***
Total pot 120 | Rake 0 
Board [Jh Ts Qs]
Seat 1: ZubZebo21 (small blind) folded on the Flop
Seat 2: BILKIL633 (big blind) folded on the Flop
Seat 3: Mahu2021 (button) collected (120)



PokerStars Hand #249594821434: Tournament #3732954274, $1.84+$0.16 USD Hold'em No Limit - Level I (10/20) - 2024/03/24 14:35:57 CET [2024/03/24 9:35:57 ET]
Table '3732954274 1' 3-max Seat #1 is the button
Seat 1: ZubZebo21 (430 in chips) 
Seat 2: BILKIL633 (520 in chips) 
Seat 3: Mahu2021 (550 in chips) 
BILKIL633: posts small blind 10
Mahu2021: posts big blind 20
*** HOLE CARDS ***
Dealt to Mahu2021 [Qs Ks]
ZubZebo21: raises 410 to 430 and is all-in
BILKIL633: folds 
Mahu2021: folds 
Uncalled bet (410) returned to ZubZebo21
ZubZebo21 collected 50 from pot
*** SUMMARY ***
Total pot 50 | Rake 0 
Seat 1: ZubZebo21 (button) collected (50)
Seat 2: BILKIL633 (small blind) folded before Flop
Seat 3: Mahu2021 (big blind) folded before Flop



PokerStars Hand #249594824791: Tournament #3732954274, $1.84+$0.16 USD Hold'em No Limit - Level I (10/20) - 2024/03/24 14:36:13 CET [2024/03/24 9:36:13 ET]
Table '3732954274 1' 3-max Seat #2 is the button
Seat 1: ZubZebo21 (460 in chips) 
Seat 2: BILKIL633 (510 in chips) 
Seat 3: Mahu2021 (530 in chips) 
Mahu2021: posts small blind 10
ZubZebo21: posts big blind 20
*** HOLE CARDS ***
Dealt to Mahu2021 [9s Qs]
BILKIL633: folds 
Mahu2021: raises 20 to 40
ZubZebo21: raises 420 to 460 and is all-in
Mahu2021: folds 
Uncalled bet (420) returned to ZubZebo21
ZubZebo21 collected 80 from pot
*** SUMMARY ***
Total pot 80 | Rake 0 
Seat 1: ZubZebo21 (big blind) collected (80)
Seat 2: BILKIL633 (button) folded before Flop (didn't bet)
Seat 3: Mahu2021 (small blind) folded before Flop



PokerStars Hand #249594827432: Tournament #3732954274, $1.84+$0.16 USD Hold'em No Limit - Level I (10/20) - 2024/03/24 14:36:25 CET [2024/03/24 9:36:25 ET]
Table '3732954274 1' 3-max Seat #3 is the button
Seat 1: ZubZebo21 (500 in chips) 
Seat 2: BILKIL633 (510 in chips) 
Seat 3: Mahu2021 (490 in chips) 
ZubZebo21: posts small blind 10
BILKIL633: posts big blind 20
*** HOLE CARDS ***
Dealt to Mahu2021 [4h Jh]
Mahu2021: folds 
ZubZebo21: calls 10
BILKIL633: raises 490 to 510 and is all-in
ZubZebo21: folds 
Uncalled bet (490) returned to BILKIL633
BILKIL633 collected 40 from pot
BILKIL633: doesn't show hand 
*** SUMMARY ***
Total pot 40 | Rake 0 
Seat 1: ZubZebo21 (small blind) folded before Flop
Seat 2: BILKIL633 (big blind) collected (40)
Seat 3: Mahu2021 (button) folded before Flop (didn't bet)



PokerStars Hand #249594830139: Tournament #3732954274, $1.84+$0.16 USD Hold'em No Limit - Level I (10/20) - 2024/03/24 14:36:38 CET [2024/03/24 9:36:38 ET]
Table '3732954274 1' 3-max Seat #1 is the button
Seat 1: ZubZebo21 (480 in chips) 
Seat 2: BILKIL633 (530 in chips) 
Seat 3: Mahu2021 (490 in chips) 
BILKIL633: posts small blind 10
Mahu2021: posts big blind 20
*** HOLE CARDS ***
Dealt to Mahu2021 [8c 3h]
ZubZebo21: calls 20
BILKIL633: folds 
Mahu2021: checks 
*** FLOP *** [4c As Js]
Mahu2021: checks 
ZubZebo21: checks 
*** TURN *** [4c As Js] [5h]
Mahu2021: checks 
ZubZebo21: checks 
*** RIVER *** [4c As Js 5h] [Ah]
Mahu2021: bets 40
ZubZebo21: calls 40
*** SHOW DOWN ***
Mahu2021: shows [8c 3h] (a pair of Aces)
ZubZebo21: shows [Td Qc] (a pair of Aces - Queen kicker)
ZubZebo21 collected 130 from pot
*** SUMMARY ***
Total pot 130 | Rake 0 
Board [4c As Js 5h Ah]
Seat 1: ZubZebo21 (button) showed [Td Qc] and won (130) with a pair of Aces
Seat 2: BILKIL633 (small blind) folded before Flop
Seat 3: Mahu2021 (big blind) showed [8c 3h] and lost with a pair of Aces



PokerStars Hand #249594837578: Tournament #3732954274, $1.84+$0.16 USD Hold'em No Limit - Level II (15/30) - 2024/03/24 14:37:12 CET [2024/03/24 9:37:12 ET]
Table '3732954274 1' 3-max Seat #2 is the button
Seat 1: ZubZebo21 (550 in chips) 
Seat 2: BILKIL633 (520 in chips) 
Seat 3: Mahu2021 (430 in chips) 
Mahu2021: posts small blind 15
ZubZebo21: posts big blind 30
*** HOLE CARDS ***
Dealt to Mahu2021 [8s Qd]
BILKIL633: calls 30
Mahu2021: folds 
ZubZebo21: checks 
*** FLOP *** [Jd Th Tc]
ZubZebo21: checks 
BILKIL633: checks 
*** TURN *** [Jd Th Tc] [3h]
ZubZebo21: checks 
BILKIL633: bets 30
ZubZebo21: folds 
Uncalled bet (30) returned to BILKIL633
BILKIL633 collected 75 from pot
BILKIL633: doesn't show hand 
*** SUMMARY ***
Total pot 75 | Rake 0 
Board [Jd Th Tc 3h]
Seat 1: ZubZebo21 (big blind) folded on the Turn
Seat 2: BILKIL633 (button) collected (75)
Seat 3: Mahu2021 (small blind) folded before Flop



PokerStars Hand #249594844837: Tournament #3732954274, $1.84+$0.16 USD Hold'em No Limit - Level II (15/30) - 2024/03/24 14:37:45 CET [2024/03/24 9:37:45 ET]
Table '3732954274 1' 3-max Seat #3 is the button
Seat 1: ZubZebo21 (520 in chips) 
Seat 2: BILKIL633 (565 in chips) 
Seat 3: Mahu2021 (415 in chips) 
ZubZebo21: posts small blind 15
BILKIL633: posts big blind 30
*** HOLE CARDS ***
Dealt to Mahu2021 [3s Qc]
Mahu2021: folds 
ZubZebo21: folds 
Uncalled bet (15) returned to BILKIL633
BILKIL633 collected 30 from pot
BILKIL633: doesn't show hand 
*** SUMMARY ***
Total pot 30 | Rake 0 
Seat 1: ZubZebo21 (small blind) folded before Flop
Seat 2: BILKIL633 (big blind) collected (30)
Seat 3: Mahu2021 (button) folded before Flop (didn't bet)



PokerStars Hand #249594846113: Tournament #3732954274, $1.84+$0.16 USD Hold'em No Limit - Level II (15/30) - 2024/03/24 14:37:51 CET [2024/03/24 9:37:51 ET]
Table '3732954274 1' 3-max Seat #1 is the button
Seat 1: ZubZebo21 (505 in chips) 
Seat 2: BILKIL633 (580 in chips) 
Seat 3: Mahu2021 (415 in chips) 
BILKIL633: posts small blind 15
Mahu2021: posts big blind 30
*** HOLE CARDS ***
Dealt to Mahu2021 [6s 9s]
ZubZebo21: raises 475 to 505 and is all-in
BILKIL633: folds 
Mahu2021: folds 
Uncalled bet (475) returned to ZubZebo21
ZubZebo21 collected 75 from pot
*** SUMMARY ***
Total pot 75 | Rake 0 
Seat 1: ZubZebo21 (button) collected (75)
Seat 2: BILKIL633 (small blind) folded before Flop
Seat 3: Mahu2021 (big blind) folded before Flop



PokerStars Hand #249594849175: Tournament #3732954274, $1.84+$0.16 USD Hold'em No Limit - Level II (15/30) - 2024/03/24 14:38:05 CET [2024/03/24 9:38:05 ET]
Table '3732954274 1' 3-max Seat #2 is the button
Seat 1: ZubZebo21 (550 in chips) 
Seat 2: BILKIL633 (565 in chips) 
Seat 3: Mahu2021 (385 in chips) 
Mahu2021: posts small blind 15
ZubZebo21: posts big blind 30
*** HOLE CARDS ***
Dealt to Mahu2021 [As 4d]
BILKIL633: folds 
Mahu2021: raises 355 to 385 and is all-in
ZubZebo21: calls 355
*** FLOP *** [9s Ah 7h]
*** TURN *** [9s Ah 7h] [Ks]
*** RIVER *** [9s Ah 7h Ks] [7s]
*** SHOW DOWN ***
Mahu2021: shows [As 4d] (two pair, Aces and Sevens)
ZubZebo21: shows [6h 6c] (two pair, Sevens and Sixes)
Mahu2021 collected 770 from pot
*** SUMMARY ***
Total pot 770 | Rake 0 
Board [9s Ah 7h Ks 7s]
Seat 1: ZubZebo21 (big blind) showed [6h 6c] and lost with two pair, Sevens and Sixes
Seat 2: BILKIL633 (button) folded before Flop (didn't bet)
Seat 3: Mahu2021 (small blind) showed [As 4d] and won (770) with two pair, Aces and Sevens



PokerStars Hand #249594852188: Tournament #3732954274, $1.84+$0.16 USD Hold'em No Limit - Level II (15/30) - 2024/03/24 14:38:19 CET [2024/03/24 9:38:19 ET]
Table '3732954274 1' 3-max Seat #3 is the button
Seat 1: ZubZebo21 (165 in chips) 
Seat 2: BILKIL633 (565 in chips) 
Seat 3: Mahu2021 (770 in chips) 
ZubZebo21: posts small blind 15
BILKIL633: posts big blind 30
*** HOLE CARDS ***
Dealt to Mahu2021 [Jh 5c]
Mahu2021: folds 
ZubZebo21: calls 15
BILKIL633: checks 
*** FLOP *** [Qc Ts 9h]
ZubZebo21: bets 30
BILKIL633: folds 
Uncalled bet (30) returned to ZubZebo21
ZubZebo21 collected 60 from pot
*** SUMMARY ***
Total pot 60 | Rake 0 
Board [Qc Ts 9h]
Seat 1: ZubZebo21 (small blind) collected (60)
Seat 2: BILKIL633 (big blind) folded on the Flop
Seat 3: Mahu2021 (button) folded before Flop (didn't bet)



PokerStars Hand #249594856767: Tournament #3732954274, $1.84+$0.16 USD Hold'em No Limit - Level II (15/30) - 2024/03/24 14:38:40 CET [2024/03/24 9:38:40 ET]
Table '3732954274 1' 3-max Seat #1 is the button
Seat 1: ZubZebo21 (195 in chips) 
Seat 2: BILKIL633 (535 in chips) 
Seat 3: Mahu2021 (770 in chips) 
BILKIL633: posts small blind 15
Mahu2021: posts big blind 30
*** HOLE CARDS ***
Dealt to Mahu2021 [2d 5h]
ZubZebo21: raises 30 to 60
BILKIL633: folds 
Mahu2021: folds 
Uncalled bet (30) returned to ZubZebo21
ZubZebo21 collected 75 from pot
*** SUMMARY ***
Total pot 75 | Rake 0 
Seat 1: ZubZebo21 (button) collected (75)
Seat 2: BILKIL633 (small blind) folded before Flop
Seat 3: Mahu2021 (big blind) folded before Flop



PokerStars Hand #249594858128: Tournament #3732954274, $1.84+$0.16 USD Hold'em No Limit - Level II (15/30) - 2024/03/24 14:38:47 CET [2024/03/24 9:38:47 ET]
Table '3732954274 1' 3-max Seat #2 is the button
Seat 1: ZubZebo21 (240 in chips) 
Seat 2: BILKIL633 (520 in chips) 
Seat 3: Mahu2021 (740 in chips) 
Mahu2021: posts small blind 15
ZubZebo21: posts big blind 30
*** HOLE CARDS ***
Dealt to Mahu2021 [Js 6s]
BILKIL633: raises 30 to 60
Mahu2021: folds 
ZubZebo21: calls 30
*** FLOP *** [3s 3d Ad]
ZubZebo21: checks 
BILKIL633: checks 
*** TURN *** [3s 3d Ad] [3c]
ZubZebo21: bets 180 and is all-in
BILKIL633: calls 180
*** RIVER *** [3s 3d Ad 3c] [Jd]
*** SHOW DOWN ***
ZubZebo21: shows [Td Ah] (a full house, Threes full of Aces)
BILKIL633: shows [As 8d] (a full house, Threes full of Aces)
ZubZebo21 collected 248 from pot
BILKIL633 collected 247 from pot
*** SUMMARY ***
Total pot 495 | Rake 0 
Board [3s 3d Ad 3c Jd]
Seat 1: ZubZebo21 (big blind) showed [Td Ah] and won (248) with a full house, Threes full of Aces
Seat 2: BILKIL633 (button) showed [As 8d] and won (247) with a full house, Threes full of Aces
Seat 3: Mahu2021 (small blind) folded before Flop



PokerStars Hand #249594863563: Tournament #3732954274, $1.84+$0.16 USD Hold'em No Limit - Level III (20/40) - 2024/03/24 14:39:12 CET [2024/03/24 9:39:12 ET]
Table '3732954274 1' 3-max Seat #3 is the button
Seat 1: ZubZebo21 (248 in chips) 
Seat 2: BILKIL633 (527 in chips) 
Seat 3: Mahu2021 (725 in chips) 
ZubZebo21: posts small blind 20
BILKIL633: posts big blind 40
*** HOLE CARDS ***
Dealt to Mahu2021 [4h Kc]
Mahu2021: folds 
ZubZebo21: raises 208 to 248 and is all-in
BILKIL633: folds 
Uncalled bet (208) returned to ZubZebo21
ZubZebo21 collected 80 from pot
*** SUMMARY ***
Total pot 80 | Rake 0 
Seat 1: ZubZebo21 (small blind) collected (80)
Seat 2: BILKIL633 (big blind) folded before Flop
Seat 3: Mahu2021 (button) folded before Flop (didn't bet)



PokerStars Hand #249594866078: Tournament #3732954274, $1.84+$0.16 USD Hold'em No Limit - Level III (20/40) - 2024/03/24 14:39:23 CET [2024/03/24 9:39:23 ET]
Table '3732954274 1' 3-max Seat #1 is the button
Seat 1: ZubZebo21 (288 in chips) 
Seat 2: BILKIL633 (487 in chips) 
Seat 3: Mahu2021 (725 in chips) 
BILKIL633: posts small blind 20
Mahu2021: posts big blind 40
*** HOLE CARDS ***
Dealt to Mahu2021 [Jd 4c]
ZubZebo21: raises 248 to 288 and is all-in
BILKIL633: raises 199 to 487 and is all-in
Mahu2021: folds 
Uncalled bet (199) returned to BILKIL633
*** FLOP *** [Kh 2c Qs]
*** TURN *** [Kh 2c Qs] [Th]
*** RIVER *** [Kh 2c Qs Th] [8h]
*** SHOW DOWN ***
BILKIL633: shows [Ts 8s] (two pair, Tens and Eights)
ZubZebo21: shows [9h 9d] (a pair of Nines)
BILKIL633 collected 616 from pot
ZubZebo21 finished the tournament in 3rd place
*** SUMMARY ***
Total pot 616 | Rake 0 
Board [Kh 2c Qs Th 8h]
Seat 1: ZubZebo21 (button) showed [9h 9d] and lost with a pair of Nines
Seat 2: BILKIL633 (small blind) showed [Ts 8s] and won (616) with two pair, Tens and Eights
Seat 3: Mahu2021 (big blind) folded before Flop



PokerStars Hand #249594870712: Tournament #3732954274, $1.84+$0.16 USD Hold'em No Limit - Level III (20/40) - 2024/03/24 14:39:44 CET [2024/03/24 9:39:44 ET]
Table '3732954274 1' 3-max Seat #3 is the button
Seat 2: BILKIL633 (815 in chips) 
Seat 3: Mahu2021 (685 in chips) 
Mahu2021: posts small blind 20
BILKIL633: posts big blind 40
*** HOLE CARDS ***
Dealt to Mahu2021 [Ts 2c]
Mahu2021: folds 
Uncalled bet (20) returned to BILKIL633
BILKIL633 collected 40 from pot
BILKIL633: doesn't show hand 
*** SUMMARY ***
Total pot 40 | Rake 0 
Seat 2: BILKIL633 (big blind) collected (40)
Seat 3: Mahu2021 (button) (small blind) folded before Flop



PokerStars Hand #249594871644: Tournament #3732954274, $1.84+$0.16 USD Hold'em No Limit - Level III (20/40) - 2024/03/24 14:39:48 CET [2024/03/24 9:39:48 ET]
Table '3732954274 1' 3-max Seat #2 is the button
Seat 2: BILKIL633 (835 in chips) 
Seat 3: Mahu2021 (665 in chips) 
BILKIL633: posts small blind 20
Mahu2021: posts big blind 40
*** HOLE CARDS ***
Dealt to Mahu2021 [6c Ts]
BILKIL633: calls 20
Mahu2021: checks 
*** FLOP *** [9h 9s As]
Mahu2021: checks 
BILKIL633: checks 
*** TURN *** [9h 9s As] [8d]
Mahu2021: checks 
BILKIL633: bets 40
Mahu2021: calls 40
*** RIVER *** [9h 9s As 8d] [Ad]
Mahu2021: checks 
BILKIL633: checks 
*** SHOW DOWN ***
Mahu2021: shows [6c Ts] (two pair, Aces and Nines)
BILKIL633: shows [6d Js] (two pair, Aces and Nines - Jack kicker)
BILKIL633 collected 160 from pot
*** SUMMARY ***
Total pot 160 | Rake 0 
Board [9h 9s As 8d Ad]
Seat 2: BILKIL633 (button) (small blind) showed [6d Js] and won (160) with two pair, Aces and Nines
Seat 3: Mahu2021 (big blind) showed [6c Ts] and lost with two pair, Aces and Nines



PokerStars Hand #249594875780: Tournament #3732954274, $1.84+$0.16 USD Hold'em No Limit - Level III (20/40) - 2024/03/24 14:40:07 CET [2024/03/24 9:40:07 ET]
Table '3732954274 1' 3-max Seat #3 is the button
Seat 2: BILKIL633 (915 in chips) 
Seat 3: Mahu2021 (585 in chips) 
Mahu2021: posts small blind 20
BILKIL633: posts big blind 40
*** HOLE CARDS ***
Dealt to Mahu2021 [8h 4s]
Mahu2021: folds 
Uncalled bet (20) returned to BILKIL633
BILKIL633 collected 40 from pot
BILKIL633: doesn't show hand 
*** SUMMARY ***
Total pot 40 | Rake 0 
Seat 2: BILKIL633 (big blind) collected (40)
Seat 3: Mahu2021 (button) (small blind) folded before Flop



PokerStars Hand #249594876682: Tournament #3732954274, $1.84+$0.16 USD Hold'em No Limit - Level III (20/40) - 2024/03/24 14:40:11 CET [2024/03/24 9:40:11 ET]
Table '3732954274 1' 3-max Seat #2 is the button
Seat 2: BILKIL633 (935 in chips) 
Seat 3: Mahu2021 (565 in chips) 
BILKIL633: posts small blind 20
Mahu2021: posts big blind 40
*** HOLE CARDS ***
Dealt to Mahu2021 [4d 4s]
BILKIL633: calls 20
Mahu2021: raises 525 to 565 and is all-in
BILKIL633: folds 
Uncalled bet (525) returned to Mahu2021
Mahu2021 collected 80 from pot
Mahu2021: doesn't show hand 
*** SUMMARY ***
Total pot 80 | Rake 0 
Seat 2: BILKIL633 (button) (small blind) folded before Flop
Seat 3: Mahu2021 (big blind) collected (80)



PokerStars Hand #249594878444: Tournament #3732954274, $1.84+$0.16 USD Hold'em No Limit - Level III (20/40) - 2024/03/24 14:40:19 CET [2024/03/24 9:40:19 ET]
Table '3732954274 1' 3-max Seat #3 is the button
Seat 2: BILKIL633 (895 in chips) 
Seat 3: Mahu2021 (605 in chips) 
Mahu2021: posts small blind 20
BILKIL633: posts big blind 40
*** HOLE CARDS ***
Dealt to Mahu2021 [Qd 9d]
Mahu2021: raises 40 to 80
BILKIL633: folds 
Uncalled bet (40) returned to Mahu2021
Mahu2021 collected 80 from pot
Mahu2021: doesn't show hand 
*** SUMMARY ***
Total pot 80 | Rake 0 
Seat 2: BILKIL633 (big blind) folded before Flop
Seat 3: Mahu2021 (button) (small blind) collected (80)



PokerStars Hand #249594879961: Tournament #3732954274, $1.84+$0.16 USD Hold'em No Limit - Level III (20/40) - 2024/03/24 14:40:26 CET [2024/03/24 9:40:26 ET]
Table '3732954274 1' 3-max Seat #2 is the button
Seat 2: BILKIL633 (855 in chips) 
Seat 3: Mahu2021 (645 in chips) 
BILKIL633: posts small blind 20
Mahu2021: posts big blind 40
*** HOLE CARDS ***
Dealt to Mahu2021 [7s 6c]
BILKIL633: raises 40 to 80
Mahu2021: calls 40
*** FLOP *** [6s Th 9d]
Mahu2021: checks 
BILKIL633: bets 120
Mahu2021: raises 445 to 565 and is all-in
BILKIL633: calls 445
*** TURN *** [6s Th 9d] [7d]
*** RIVER *** [6s Th 9d 7d] [4s]
*** SHOW DOWN ***
Mahu2021: shows [7s 6c] (two pair, Sevens and Sixes)
BILKIL633: shows [As Ts] (a pair of Tens)
Mahu2021 collected 1290 from pot
*** SUMMARY ***
Total pot 1290 | Rake 0 
Board [6s Th 9d 7d 4s]
Seat 2: BILKIL633 (button) (small blind) showed [As Ts] and lost with a pair of Tens
Seat 3: Mahu2021 (big blind) showed [7s 6c] and won (1290) with two pair, Sevens and Sixes



PokerStars Hand #249594885406: Tournament #3732954274, $1.84+$0.16 USD Hold'em No Limit - Level III (20/40) - 2024/03/24 14:40:51 CET [2024/03/24 9:40:51 ET]
Table '3732954274 1' 3-max Seat #3 is the button
Seat 2: BILKIL633 (210 in chips) 
Seat 3: Mahu2021 (1290 in chips) 
Mahu2021: posts small blind 20
BILKIL633: posts big blind 40
*** HOLE CARDS ***
Dealt to Mahu2021 [8d Ad]
Mahu2021: raises 80 to 120
BILKIL633: raises 90 to 210 and is all-in
Mahu2021: calls 90
*** FLOP *** [2h Kd 2c]
*** TURN *** [2h Kd 2c] [Ts]
*** RIVER *** [2h Kd 2c Ts] [6d]
*** SHOW DOWN ***
BILKIL633: shows [8s Jd] (a pair of Deuces)
Mahu2021: shows [8d Ad] (a pair of Deuces - Ace kicker)
Mahu2021 collected 420 from pot
BILKIL633 finished the tournament in 2nd place
Mahu2021 wins the tournament and receives $4.00 - congratulations!
*** SUMMARY ***
Total pot 420 | Rake 0 
Board [2h Kd 2c Ts 6d]
Seat 2: BILKIL633 (big blind) showed [8s Jd] and lost with a pair of Deuces
Seat 3: Mahu2021 (button) (small blind) showed [8d Ad] and won (420) with a pair of Deuces



