PokerStars Hand #253202612780: Tournament #3818863423, $1.84+$0.16 USD Hold'em No Limit - Level I (10/20) - 2024/11/01 17:12:15 CET [2024/11/01 12:12:15 ET]
Table '3818863423 1' 3-max Seat #1 is the button
Seat 1: Toni197534 (500 in chips) 
Seat 2: Pitzki19 (500 in chips) 
Seat 3: Mahu2021 (500 in chips) 
Pitzki19: posts small blind 10
Mahu2021: posts big blind 20
*** HOLE CARDS ***
Dealt to Mahu2021 [Qs 6d]
Toni197534: folds 
Pitzki19: folds 
Uncalled bet (10) returned to Mahu2021
Mahu2021 collected 20 from pot
Mahu2021: doesn't show hand 
*** SUMMARY ***
Total pot 20 | Rake 0 
Seat 1: Toni197534 (button) folded before Flop (didn't bet)
Seat 2: Pitzki19 (small blind) folded before Flop
Seat 3: Mahu2021 (big blind) collected (20)



PokerStars Hand #253202614091: Tournament #3818863423, $1.84+$0.16 USD Hold'em No Limit - Level I (10/20) - 2024/11/01 17:12:20 CET [2024/11/01 12:12:20 ET]
Table '3818863423 1' 3-max Seat #2 is the button
Seat 1: Toni197534 (500 in chips) 
Seat 2: Pitzki19 (490 in chips) 
Seat 3: Mahu2021 (510 in chips) 
Mahu2021: posts small blind 10
Toni197534: posts big blind 20
*** HOLE CARDS ***
Dealt to Mahu2021 [4c Ts]
Pitzki19: raises 20 to 40
Mahu2021: folds 
Toni197534: calls 20
*** FLOP *** [5h 4s Th]
Toni197534: checks 
Pitzki19: checks 
*** TURN *** [5h 4s Th] [Kd]
Toni197534: bets 90
Pitzki19: raises 90 to 180
Toni197534: folds 
Uncalled bet (90) returned to Pitzki19
Pitzki19 collected 270 from pot
*** SUMMARY ***
Total pot 270 | Rake 0 
Board [5h 4s Th Kd]
Seat 1: Toni197534 (big blind) folded on the Turn
Seat 2: Pitzki19 (button) collected (270)
Seat 3: Mahu2021 (small blind) folded before Flop



PokerStars Hand #253202620525: Tournament #3818863423, $1.84+$0.16 USD Hold'em No Limit - Level I (10/20) - 2024/11/01 17:12:49 CET [2024/11/01 12:12:49 ET]
Table '3818863423 1' 3-max Seat #3 is the button
Seat 1: Toni197534 (370 in chips) 
Seat 2: Pitzki19 (630 in chips) 
Seat 3: Mahu2021 (500 in chips) 
Toni197534: posts small blind 10
Pitzki19: posts big blind 20
*** HOLE CARDS ***
Dealt to Mahu2021 [Qd Kh]
Mahu2021: raises 20 to 40
Toni197534: raises 330 to 370 and is all-in
Pitzki19: raises 260 to 630 and is all-in
Mahu2021: folds 
Uncalled bet (260) returned to Pitzki19
*** FLOP *** [Jc As Qc]
*** TURN *** [Jc As Qc] [Tc]
*** RIVER *** [Jc As Qc Tc] [Kd]
*** SHOW DOWN ***
Toni197534: shows [8d 8h] (a straight, Ten to Ace)
Pitzki19: shows [9s 9d] (a straight, Ten to Ace)
Toni197534 collected 390 from pot
Pitzki19 collected 390 from pot
*** SUMMARY ***
Total pot 780 | Rake 0 
Board [Jc As Qc Tc Kd]
Seat 1: Toni197534 (small blind) showed [8d 8h] and won (390) with a straight, Ten to Ace
Seat 2: Pitzki19 (big blind) showed [9s 9d] and won (390) with a straight, Ten to Ace
Seat 3: Mahu2021 (button) folded before Flop



PokerStars Hand #253202624334: Tournament #3818863423, $1.84+$0.16 USD Hold'em No Limit - Level I (10/20) - 2024/11/01 17:13:05 CET [2024/11/01 12:13:05 ET]
Table '3818863423 1' 3-max Seat #1 is the button
Seat 1: Toni197534 (390 in chips) 
Seat 2: Pitzki19 (650 in chips) 
Seat 3: Mahu2021 (460 in chips) 
Pitzki19: posts small blind 10
Mahu2021: posts big blind 20
*** HOLE CARDS ***
Dealt to Mahu2021 [Td Qs]
Toni197534: folds 
Pitzki19: folds 
Uncalled bet (10) returned to Mahu2021
Mahu2021 collected 20 from pot
Mahu2021: doesn't show hand 
*** SUMMARY ***
Total pot 20 | Rake 0 
Seat 1: Toni197534 (button) folded before Flop (didn't bet)
Seat 2: Pitzki19 (small blind) folded before Flop
Seat 3: Mahu2021 (big blind) collected (20)



PokerStars Hand #253202625719: Tournament #3818863423, $1.84+$0.16 USD Hold'em No Limit - Level I (10/20) - 2024/11/01 17:13:11 CET [2024/11/01 12:13:11 ET]
Table '3818863423 1' 3-max Seat #2 is the button
Seat 1: Toni197534 (390 in chips) 
Seat 2: Pitzki19 (640 in chips) 
Seat 3: Mahu2021 (470 in chips) 
Mahu2021: posts small blind 10
Toni197534: posts big blind 20
*** HOLE CARDS ***
Dealt to Mahu2021 [3c 4d]
Pitzki19: folds 
Mahu2021: calls 10
Toni197534: checks 
*** FLOP *** [6d Kc 9s]
Mahu2021: checks 
Toni197534: bets 40
Mahu2021: folds 
Uncalled bet (40) returned to Toni197534
Toni197534 collected 40 from pot
Toni197534: doesn't show hand 
*** SUMMARY ***
Total pot 40 | Rake 0 
Board [6d Kc 9s]
Seat 1: Toni197534 (big blind) collected (40)
Seat 2: Pitzki19 (button) folded before Flop (didn't bet)
Seat 3: Mahu2021 (small blind) folded on the Flop



PokerStars Hand #253202629318: Tournament #3818863423, $1.84+$0.16 USD Hold'em No Limit - Level I (10/20) - 2024/11/01 17:13:26 CET [2024/11/01 12:13:26 ET]
Table '3818863423 1' 3-max Seat #3 is the button
Seat 1: Toni197534 (410 in chips) 
Seat 2: Pitzki19 (640 in chips) 
Seat 3: Mahu2021 (450 in chips) 
Toni197534: posts small blind 10
Pitzki19: posts big blind 20
*** HOLE CARDS ***
Dealt to Mahu2021 [9c 3d]
Mahu2021: folds 
Toni197534: calls 10
Pitzki19: checks 
*** FLOP *** [6s 9s 9h]
Toni197534: bets 20
Pitzki19: folds 
Uncalled bet (20) returned to Toni197534
Toni197534 collected 40 from pot
Toni197534: doesn't show hand 
*** SUMMARY ***
Total pot 40 | Rake 0 
Board [6s 9s 9h]
Seat 1: Toni197534 (small blind) collected (40)
Seat 2: Pitzki19 (big blind) folded on the Flop
Seat 3: Mahu2021 (button) folded before Flop (didn't bet)



PokerStars Hand #253202632632: Tournament #3818863423, $1.84+$0.16 USD Hold'em No Limit - Level I (10/20) - 2024/11/01 17:13:41 CET [2024/11/01 12:13:41 ET]
Table '3818863423 1' 3-max Seat #1 is the button
Seat 1: Toni197534 (430 in chips) 
Seat 2: Pitzki19 (620 in chips) 
Seat 3: Mahu2021 (450 in chips) 
Pitzki19: posts small blind 10
Mahu2021: posts big blind 20
*** HOLE CARDS ***
Dealt to Mahu2021 [3c 3s]
Toni197534: calls 20
Pitzki19: folds 
Mahu2021: checks 
*** FLOP *** [Jc Ad 6s]
Mahu2021: checks 
Toni197534: checks 
*** TURN *** [Jc Ad 6s] [4s]
Mahu2021: bets 20
Toni197534: folds 
Uncalled bet (20) returned to Mahu2021
Mahu2021 collected 50 from pot
Mahu2021: doesn't show hand 
*** SUMMARY ***
Total pot 50 | Rake 0 
Board [Jc Ad 6s 4s]
Seat 1: Toni197534 (button) folded on the Turn
Seat 2: Pitzki19 (small blind) folded before Flop
Seat 3: Mahu2021 (big blind) collected (50)



PokerStars Hand #253202636085: Tournament #3818863423, $1.84+$0.16 USD Hold'em No Limit - Level I (10/20) - 2024/11/01 17:13:56 CET [2024/11/01 12:13:56 ET]
Table '3818863423 1' 3-max Seat #2 is the button
Seat 1: Toni197534 (410 in chips) 
Seat 2: Pitzki19 (610 in chips) 
Seat 3: Mahu2021 (480 in chips) 
Mahu2021: posts small blind 10
Toni197534: posts big blind 20
*** HOLE CARDS ***
Dealt to Mahu2021 [Ac 3d]
Pitzki19: calls 20
Mahu2021: calls 10
Toni197534: checks 
*** FLOP *** [As Kc 4s]
Mahu2021: bets 20
Toni197534: folds 
Pitzki19: calls 20
*** TURN *** [As Kc 4s] [6c]
Mahu2021: bets 20
Pitzki19: calls 20
*** RIVER *** [As Kc 4s 6c] [8d]
Mahu2021: bets 20
Pitzki19: calls 20
*** SHOW DOWN ***
Mahu2021: shows [Ac 3d] (a pair of Aces)
Pitzki19: mucks hand 
Mahu2021 collected 180 from pot
*** SUMMARY ***
Total pot 180 | Rake 0 
Board [As Kc 4s 6c 8d]
Seat 1: Toni197534 (big blind) folded on the Flop
Seat 2: Pitzki19 (button) mucked [Ks 2h]
Seat 3: Mahu2021 (small blind) showed [Ac 3d] and won (180) with a pair of Aces



PokerStars Hand #253202641079: Tournament #3818863423, $1.84+$0.16 USD Hold'em No Limit - Level I (10/20) - 2024/11/01 17:14:18 CET [2024/11/01 12:14:18 ET]
Table '3818863423 1' 3-max Seat #3 is the button
Seat 1: Toni197534 (390 in chips) 
Seat 2: Pitzki19 (530 in chips) 
Seat 3: Mahu2021 (580 in chips) 
Toni197534: posts small blind 10
Pitzki19: posts big blind 20
*** HOLE CARDS ***
Dealt to Mahu2021 [Qd Kh]
Mahu2021: raises 20 to 40
Toni197534: calls 30
Pitzki19: folds 
*** FLOP *** [2h Jh 8c]
Toni197534: checks 
Mahu2021: checks 
*** TURN *** [2h Jh 8c] [8s]
Toni197534: checks 
Mahu2021: checks 
*** RIVER *** [2h Jh 8c 8s] [7h]
Toni197534: checks 
Mahu2021: checks 
*** SHOW DOWN ***
Toni197534: shows [Qh Ts] (a pair of Eights)
Mahu2021: shows [Qd Kh] (a pair of Eights - King kicker)
Mahu2021 collected 100 from pot
*** SUMMARY ***
Total pot 100 | Rake 0 
Board [2h Jh 8c 8s 7h]
Seat 1: Toni197534 (small blind) showed [Qh Ts] and lost with a pair of Eights
Seat 2: Pitzki19 (big blind) folded before Flop
Seat 3: Mahu2021 (button) showed [Qd Kh] and won (100) with a pair of Eights



PokerStars Hand #253202645529: Tournament #3818863423, $1.84+$0.16 USD Hold'em No Limit - Level I (10/20) - 2024/11/01 17:14:37 CET [2024/11/01 12:14:37 ET]
Table '3818863423 1' 3-max Seat #1 is the button
Seat 1: Toni197534 (350 in chips) 
Seat 2: Pitzki19 (510 in chips) 
Seat 3: Mahu2021 (640 in chips) 
Pitzki19: posts small blind 10
Mahu2021: posts big blind 20
*** HOLE CARDS ***
Dealt to Mahu2021 [6d 7d]
Toni197534: folds 
Pitzki19: raises 20 to 40
Mahu2021: calls 20
*** FLOP *** [9d 3c Kh]
Pitzki19: checks 
Mahu2021: checks 
*** TURN *** [9d 3c Kh] [3h]
Pitzki19: checks 
Mahu2021: checks 
*** RIVER *** [9d 3c Kh 3h] [Jh]
Pitzki19: checks 
Mahu2021: checks 
*** SHOW DOWN ***
Pitzki19: shows [8c Ah] (a pair of Threes)
Mahu2021: mucks hand 
Pitzki19 collected 80 from pot
*** SUMMARY ***
Total pot 80 | Rake 0 
Board [9d 3c Kh 3h Jh]
Seat 1: Toni197534 (button) folded before Flop (didn't bet)
Seat 2: Pitzki19 (small blind) showed [8c Ah] and won (80) with a pair of Threes
Seat 3: Mahu2021 (big blind) mucked [6d 7d]



PokerStars Hand #253202650820: Tournament #3818863423, $1.84+$0.16 USD Hold'em No Limit - Level I (10/20) - 2024/11/01 17:15:00 CET [2024/11/01 12:15:00 ET]
Table '3818863423 1' 3-max Seat #2 is the button
Seat 1: Toni197534 (350 in chips) 
Seat 2: Pitzki19 (550 in chips) 
Seat 3: Mahu2021 (600 in chips) 
Mahu2021: posts small blind 10
Toni197534: posts big blind 20
*** HOLE CARDS ***
Dealt to Mahu2021 [Qd Kd]
Pitzki19: calls 20
Mahu2021: calls 10
Toni197534: checks 
*** FLOP *** [Qh Ac As]
Mahu2021: bets 20
Toni197534: folds 
Pitzki19: calls 20
*** TURN *** [Qh Ac As] [3s]
Mahu2021: bets 20
Pitzki19: calls 20
*** RIVER *** [Qh Ac As 3s] [7d]
Mahu2021: bets 20
Pitzki19: calls 20
*** SHOW DOWN ***
Mahu2021: shows [Qd Kd] (two pair, Aces and Queens)
Pitzki19: mucks hand 
Mahu2021 collected 180 from pot
*** SUMMARY ***
Total pot 180 | Rake 0 
Board [Qh Ac As 3s 7d]
Seat 1: Toni197534 (big blind) folded on the Flop
Seat 2: Pitzki19 (button) mucked [5h 5d]
Seat 3: Mahu2021 (small blind) showed [Qd Kd] and won (180) with two pair, Aces and Queens



PokerStars Hand #253202658011: Tournament #3818863423, $1.84+$0.16 USD Hold'em No Limit - Level II (15/30) - 2024/11/01 17:15:30 CET [2024/11/01 12:15:30 ET]
Table '3818863423 1' 3-max Seat #3 is the button
Seat 1: Toni197534 (330 in chips) 
Seat 2: Pitzki19 (470 in chips) 
Seat 3: Mahu2021 (700 in chips) 
Toni197534: posts small blind 15
Pitzki19: posts big blind 30
*** HOLE CARDS ***
Dealt to Mahu2021 [Kd 4s]
Mahu2021: folds 
Toni197534: calls 15
Pitzki19: checks 
*** FLOP *** [Jh 9h 4h]
Toni197534: checks 
Pitzki19: checks 
*** TURN *** [Jh 9h 4h] [5c]
Toni197534: checks 
Pitzki19: checks 
*** RIVER *** [Jh 9h 4h 5c] [Ad]
Toni197534: bets 60
Pitzki19: folds 
Uncalled bet (60) returned to Toni197534
Toni197534 collected 60 from pot
Toni197534: doesn't show hand 
*** SUMMARY ***
Total pot 60 | Rake 0 
Board [Jh 9h 4h 5c Ad]
Seat 1: Toni197534 (small blind) collected (60)
Seat 2: Pitzki19 (big blind) folded on the River
Seat 3: Mahu2021 (button) folded before Flop (didn't bet)



PokerStars Hand #253202662710: Tournament #3818863423, $1.84+$0.16 USD Hold'em No Limit - Level II (15/30) - 2024/11/01 17:15:51 CET [2024/11/01 12:15:51 ET]
Table '3818863423 1' 3-max Seat #1 is the button
Seat 1: Toni197534 (360 in chips) 
Seat 2: Pitzki19 (440 in chips) 
Seat 3: Mahu2021 (700 in chips) 
Pitzki19: posts small blind 15
Mahu2021: posts big blind 30
*** HOLE CARDS ***
Dealt to Mahu2021 [Th 9s]
Toni197534: folds 
Pitzki19: folds 
Uncalled bet (15) returned to Mahu2021
Mahu2021 collected 30 from pot
Mahu2021: doesn't show hand 
*** SUMMARY ***
Total pot 30 | Rake 0 
Seat 1: Toni197534 (button) folded before Flop (didn't bet)
Seat 2: Pitzki19 (small blind) folded before Flop
Seat 3: Mahu2021 (big blind) collected (30)



PokerStars Hand #253202664176: Tournament #3818863423, $1.84+$0.16 USD Hold'em No Limit - Level II (15/30) - 2024/11/01 17:15:57 CET [2024/11/01 12:15:57 ET]
Table '3818863423 1' 3-max Seat #2 is the button
Seat 1: Toni197534 (360 in chips) 
Seat 2: Pitzki19 (425 in chips) 
Seat 3: Mahu2021 (715 in chips) 
Mahu2021: posts small blind 15
Toni197534: posts big blind 30
*** HOLE CARDS ***
Dealt to Mahu2021 [8h 7h]
Pitzki19: calls 30
Mahu2021: calls 15
Toni197534: checks 
*** FLOP *** [Qh 6d 9s]
Mahu2021: checks 
Toni197534: checks 
Pitzki19: checks 
*** TURN *** [Qh 6d 9s] [8s]
Mahu2021: checks 
Toni197534: bets 90
Pitzki19: folds 
Mahu2021: calls 90
*** RIVER *** [Qh 6d 9s 8s] [Jh]
Mahu2021: checks 
Toni197534: checks 
*** SHOW DOWN ***
Mahu2021: shows [8h 7h] (a pair of Eights)
Toni197534: shows [5s Js] (a pair of Jacks)
Toni197534 collected 270 from pot
*** SUMMARY ***
Total pot 270 | Rake 0 
Board [Qh 6d 9s 8s Jh]
Seat 1: Toni197534 (big blind) showed [5s Js] and won (270) with a pair of Jacks
Seat 2: Pitzki19 (button) folded on the Turn
Seat 3: Mahu2021 (small blind) showed [8h 7h] and lost with a pair of Eights



PokerStars Hand #253202669302: Tournament #3818863423, $1.84+$0.16 USD Hold'em No Limit - Level II (15/30) - 2024/11/01 17:16:19 CET [2024/11/01 12:16:19 ET]
Table '3818863423 1' 3-max Seat #3 is the button
Seat 1: Toni197534 (510 in chips) 
Seat 2: Pitzki19 (395 in chips) 
Seat 3: Mahu2021 (595 in chips) 
Toni197534: posts small blind 15
Pitzki19: posts big blind 30
*** HOLE CARDS ***
Dealt to Mahu2021 [9d Jh]
Mahu2021: raises 30 to 60
Toni197534: calls 45
Pitzki19: calls 30
*** FLOP *** [3s 9s 5s]
Toni197534: checks 
Pitzki19: checks 
Mahu2021: bets 180
Toni197534: folds 
Pitzki19: folds 
Uncalled bet (180) returned to Mahu2021
Mahu2021 collected 180 from pot
Mahu2021: doesn't show hand 
*** SUMMARY ***
Total pot 180 | Rake 0 
Board [3s 9s 5s]
Seat 1: Toni197534 (small blind) folded on the Flop
Seat 2: Pitzki19 (big blind) folded on the Flop
Seat 3: Mahu2021 (button) collected (180)



PokerStars Hand #253202674150: Tournament #3818863423, $1.84+$0.16 USD Hold'em No Limit - Level II (15/30) - 2024/11/01 17:16:39 CET [2024/11/01 12:16:39 ET]
Table '3818863423 1' 3-max Seat #1 is the button
Seat 1: Toni197534 (450 in chips) 
Seat 2: Pitzki19 (335 in chips) 
Seat 3: Mahu2021 (715 in chips) 
Pitzki19: posts small blind 15
Mahu2021: posts big blind 30
*** HOLE CARDS ***
Dealt to Mahu2021 [9h 8c]
Toni197534: folds 
Pitzki19: folds 
Uncalled bet (15) returned to Mahu2021
Mahu2021 collected 30 from pot
Mahu2021: doesn't show hand 
*** SUMMARY ***
Total pot 30 | Rake 0 
Seat 1: Toni197534 (button) folded before Flop (didn't bet)
Seat 2: Pitzki19 (small blind) folded before Flop
Seat 3: Mahu2021 (big blind) collected (30)



PokerStars Hand #253202675547: Tournament #3818863423, $1.84+$0.16 USD Hold'em No Limit - Level II (15/30) - 2024/11/01 17:16:45 CET [2024/11/01 12:16:45 ET]
Table '3818863423 1' 3-max Seat #2 is the button
Seat 1: Toni197534 (450 in chips) 
Seat 2: Pitzki19 (320 in chips) 
Seat 3: Mahu2021 (730 in chips) 
Mahu2021: posts small blind 15
Toni197534: posts big blind 30
*** HOLE CARDS ***
Dealt to Mahu2021 [Ts 8s]
Pitzki19: calls 30
Mahu2021: calls 15
Toni197534: checks 
*** FLOP *** [6d Js 4d]
Mahu2021: checks 
Toni197534: checks 
Pitzki19: checks 
*** TURN *** [6d Js 4d] [Kc]
Mahu2021: checks 
Toni197534: checks 
Pitzki19: checks 
*** RIVER *** [6d Js 4d Kc] [4s]
Mahu2021: checks 
Toni197534: checks 
Pitzki19: checks 
*** SHOW DOWN ***
Mahu2021: shows [Ts 8s] (a pair of Fours)
Toni197534: mucks hand 
Pitzki19: shows [Qh 8d] (a pair of Fours - King+Queen kicker)
Pitzki19 collected 90 from pot
*** SUMMARY ***
Total pot 90 | Rake 0 
Board [6d Js 4d Kc 4s]
Seat 1: Toni197534 (big blind) mucked [3s 2d]
Seat 2: Pitzki19 (button) showed [Qh 8d] and won (90) with a pair of Fours
Seat 3: Mahu2021 (small blind) showed [Ts 8s] and lost with a pair of Fours



PokerStars Hand #253202679962: Tournament #3818863423, $1.84+$0.16 USD Hold'em No Limit - Level II (15/30) - 2024/11/01 17:17:04 CET [2024/11/01 12:17:04 ET]
Table '3818863423 1' 3-max Seat #3 is the button
Seat 1: Toni197534 (420 in chips) 
Seat 2: Pitzki19 (380 in chips) 
Seat 3: Mahu2021 (700 in chips) 
Toni197534: posts small blind 15
Pitzki19: posts big blind 30
*** HOLE CARDS ***
Dealt to Mahu2021 [9s 5c]
Mahu2021: folds 
Toni197534: calls 15
Pitzki19: checks 
*** FLOP *** [4s 3d 6d]
Toni197534: checks 
Pitzki19: bets 30
Toni197534: folds 
Uncalled bet (30) returned to Pitzki19
Pitzki19 collected 60 from pot
*** SUMMARY ***
Total pot 60 | Rake 0 
Board [4s 3d 6d]
Seat 1: Toni197534 (small blind) folded on the Flop
Seat 2: Pitzki19 (big blind) collected (60)
Seat 3: Mahu2021 (button) folded before Flop (didn't bet)



PokerStars Hand #253202683905: Tournament #3818863423, $1.84+$0.16 USD Hold'em No Limit - Level II (15/30) - 2024/11/01 17:17:22 CET [2024/11/01 12:17:22 ET]
Table '3818863423 1' 3-max Seat #1 is the button
Seat 1: Toni197534 (390 in chips) 
Seat 2: Pitzki19 (410 in chips) 
Seat 3: Mahu2021 (700 in chips) 
Pitzki19: posts small blind 15
Mahu2021: posts big blind 30
*** HOLE CARDS ***
Dealt to Mahu2021 [Jh 5h]
Toni197534: folds 
Pitzki19: calls 15
Mahu2021: checks 
*** FLOP *** [4h Ks 8d]
Pitzki19: checks 
Mahu2021: checks 
*** TURN *** [4h Ks 8d] [Qh]
Pitzki19: bets 30
Mahu2021: calls 30
*** RIVER *** [4h Ks 8d Qh] [8s]
Pitzki19: checks 
Mahu2021: checks 
*** SHOW DOWN ***
Pitzki19: shows [6h 9h] (a pair of Eights)
Mahu2021: shows [Jh 5h] (a pair of Eights - King+Queen+Jack kicker)
Mahu2021 collected 120 from pot
*** SUMMARY ***
Total pot 120 | Rake 0 
Board [4h Ks 8d Qh 8s]
Seat 1: Toni197534 (button) folded before Flop (didn't bet)
Seat 2: Pitzki19 (small blind) showed [6h 9h] and lost with a pair of Eights
Seat 3: Mahu2021 (big blind) showed [Jh 5h] and won (120) with a pair of Eights



PokerStars Hand #253202690040: Tournament #3818863423, $1.84+$0.16 USD Hold'em No Limit - Level II (15/30) - 2024/11/01 17:17:48 CET [2024/11/01 12:17:48 ET]
Table '3818863423 1' 3-max Seat #2 is the button
Seat 1: Toni197534 (390 in chips) 
Seat 2: Pitzki19 (350 in chips) 
Seat 3: Mahu2021 (760 in chips) 
Mahu2021: posts small blind 15
Toni197534: posts big blind 30
*** HOLE CARDS ***
Dealt to Mahu2021 [Ac 7s]
Pitzki19: raises 60 to 90
Mahu2021: folds 
Toni197534: folds 
Uncalled bet (60) returned to Pitzki19
Pitzki19 collected 75 from pot
*** SUMMARY ***
Total pot 75 | Rake 0 
Seat 1: Toni197534 (big blind) folded before Flop
Seat 2: Pitzki19 (button) collected (75)
Seat 3: Mahu2021 (small blind) folded before Flop



PokerStars Hand #253202692247: Tournament #3818863423, $1.84+$0.16 USD Hold'em No Limit - Level II (15/30) - 2024/11/01 17:17:58 CET [2024/11/01 12:17:58 ET]
Table '3818863423 1' 3-max Seat #3 is the button
Seat 1: Toni197534 (360 in chips) 
Seat 2: Pitzki19 (395 in chips) 
Seat 3: Mahu2021 (745 in chips) 
Toni197534: posts small blind 15
Pitzki19: posts big blind 30
*** HOLE CARDS ***
Dealt to Mahu2021 [3c 3d]
Mahu2021: calls 30
Toni197534: calls 15
Pitzki19: checks 
*** FLOP *** [2d 4s Js]
Toni197534: checks 
Pitzki19: bets 30
Mahu2021: folds 
Toni197534: folds 
Uncalled bet (30) returned to Pitzki19
Pitzki19 collected 90 from pot
*** SUMMARY ***
Total pot 90 | Rake 0 
Board [2d 4s Js]
Seat 1: Toni197534 (small blind) folded on the Flop
Seat 2: Pitzki19 (big blind) collected (90)
Seat 3: Mahu2021 (button) folded on the Flop



PokerStars Hand #253202696204: Tournament #3818863423, $1.84+$0.16 USD Hold'em No Limit - Level II (15/30) - 2024/11/01 17:18:15 CET [2024/11/01 12:18:15 ET]
Table '3818863423 1' 3-max Seat #1 is the button
Seat 1: Toni197534 (330 in chips) 
Seat 2: Pitzki19 (455 in chips) 
Seat 3: Mahu2021 (715 in chips) 
Pitzki19: posts small blind 15
Mahu2021: posts big blind 30
*** HOLE CARDS ***
Dealt to Mahu2021 [3d 2d]
Toni197534: folds 
Pitzki19: calls 15
Mahu2021: checks 
*** FLOP *** [Js Kc Qh]
Pitzki19: checks 
Mahu2021: checks 
*** TURN *** [Js Kc Qh] [2h]
Pitzki19: checks 
Mahu2021: checks 
*** RIVER *** [Js Kc Qh 2h] [2c]
Pitzki19: checks 
Mahu2021: bets 60
Pitzki19: folds 
Uncalled bet (60) returned to Mahu2021
Mahu2021 collected 60 from pot
Mahu2021: doesn't show hand 
*** SUMMARY ***
Total pot 60 | Rake 0 
Board [Js Kc Qh 2h 2c]
Seat 1: Toni197534 (button) folded before Flop (didn't bet)
Seat 2: Pitzki19 (small blind) folded on the River
Seat 3: Mahu2021 (big blind) collected (60)



PokerStars Hand #253202702246: Tournament #3818863423, $1.84+$0.16 USD Hold'em No Limit - Level III (20/40) - 2024/11/01 17:18:41 CET [2024/11/01 12:18:41 ET]
Table '3818863423 1' 3-max Seat #2 is the button
Seat 1: Toni197534 (330 in chips) 
Seat 2: Pitzki19 (425 in chips) 
Seat 3: Mahu2021 (745 in chips) 
Mahu2021: posts small blind 20
Toni197534: posts big blind 40
*** HOLE CARDS ***
Dealt to Mahu2021 [4d 9s]
Pitzki19: folds 
Mahu2021: folds 
Uncalled bet (20) returned to Toni197534
Toni197534 collected 40 from pot
Toni197534: doesn't show hand 
*** SUMMARY ***
Total pot 40 | Rake 0 
Seat 1: Toni197534 (big blind) collected (40)
Seat 2: Pitzki19 (button) folded before Flop (didn't bet)
Seat 3: Mahu2021 (small blind) folded before Flop



PokerStars Hand #253202703579: Tournament #3818863423, $1.84+$0.16 USD Hold'em No Limit - Level III (20/40) - 2024/11/01 17:18:47 CET [2024/11/01 12:18:47 ET]
Table '3818863423 1' 3-max Seat #3 is the button
Seat 1: Toni197534 (350 in chips) 
Seat 2: Pitzki19 (425 in chips) 
Seat 3: Mahu2021 (725 in chips) 
Toni197534: posts small blind 20
Pitzki19: posts big blind 40
*** HOLE CARDS ***
Dealt to Mahu2021 [8s 6d]
Mahu2021: folds 
Toni197534: calls 20
Pitzki19: checks 
*** FLOP *** [As Td Jd]
Toni197534: checks 
Pitzki19: bets 40
Toni197534: folds 
Uncalled bet (40) returned to Pitzki19
Pitzki19 collected 80 from pot
*** SUMMARY ***
Total pot 80 | Rake 0 
Board [As Td Jd]
Seat 1: Toni197534 (small blind) folded on the Flop
Seat 2: Pitzki19 (big blind) collected (80)
Seat 3: Mahu2021 (button) folded before Flop (didn't bet)



PokerStars Hand #253202708691: Tournament #3818863423, $1.84+$0.16 USD Hold'em No Limit - Level III (20/40) - 2024/11/01 17:19:09 CET [2024/11/01 12:19:09 ET]
Table '3818863423 1' 3-max Seat #1 is the button
Seat 1: Toni197534 (310 in chips) 
Seat 2: Pitzki19 (465 in chips) 
Seat 3: Mahu2021 (725 in chips) 
Pitzki19: posts small blind 20
Mahu2021: posts big blind 40
*** HOLE CARDS ***
Dealt to Mahu2021 [2c 4s]
Toni197534: folds 
Pitzki19: folds 
Uncalled bet (20) returned to Mahu2021
Mahu2021 collected 40 from pot
Mahu2021: doesn't show hand 
*** SUMMARY ***
Total pot 40 | Rake 0 
Seat 1: Toni197534 (button) folded before Flop (didn't bet)
Seat 2: Pitzki19 (small blind) folded before Flop
Seat 3: Mahu2021 (big blind) collected (40)



PokerStars Hand #253202710870: Tournament #3818863423, $1.84+$0.16 USD Hold'em No Limit - Level III (20/40) - 2024/11/01 17:19:18 CET [2024/11/01 12:19:18 ET]
Table '3818863423 1' 3-max Seat #2 is the button
Seat 1: Toni197534 (310 in chips) 
Seat 2: Pitzki19 (445 in chips) 
Seat 3: Mahu2021 (745 in chips) 
Mahu2021: posts small blind 20
Toni197534: posts big blind 40
*** HOLE CARDS ***
Dealt to Mahu2021 [Th 7h]
Pitzki19: calls 40
Mahu2021: calls 20
Toni197534: checks 
*** FLOP *** [5h 6h As]
Mahu2021: bets 40
Toni197534: raises 230 to 270 and is all-in
Pitzki19: folds 
Mahu2021: calls 230
*** TURN *** [5h 6h As] [3h]
*** RIVER *** [5h 6h As 3h] [Td]
*** SHOW DOWN ***
Mahu2021: shows [Th 7h] (a flush, Ten high)
Toni197534: shows [6d Ah] (two pair, Aces and Sixes)
Mahu2021 collected 660 from pot
Toni197534 finished the tournament in 3rd place
*** SUMMARY ***
Total pot 660 | Rake 0 
Board [5h 6h As 3h Td]
Seat 1: Toni197534 (big blind) showed [6d Ah] and lost with two pair, Aces and Sixes
Seat 2: Pitzki19 (button) folded on the Flop
Seat 3: Mahu2021 (small blind) showed [Th 7h] and won (660) with a flush, Ten high



PokerStars Hand #253202717805: Tournament #3818863423, $1.84+$0.16 USD Hold'em No Limit - Level III (20/40) - 2024/11/01 17:19:48 CET [2024/11/01 12:19:48 ET]
Table '3818863423 1' 3-max Seat #3 is the button
Seat 2: Pitzki19 (405 in chips) 
Seat 3: Mahu2021 (1095 in chips) 
Mahu2021: posts small blind 20
Pitzki19: posts big blind 40
*** HOLE CARDS ***
Dealt to Mahu2021 [3c Th]
Mahu2021: raises 40 to 80
Pitzki19: calls 40
*** FLOP *** [Ts 8s 8h]
Pitzki19: checks 
Mahu2021: bets 160
Pitzki19: folds 
Uncalled bet (160) returned to Mahu2021
Mahu2021 collected 160 from pot
Mahu2021: doesn't show hand 
*** SUMMARY ***
Total pot 160 | Rake 0 
Board [Ts 8s 8h]
Seat 2: Pitzki19 (big blind) folded on the Flop
Seat 3: Mahu2021 (button) (small blind) collected (160)



PokerStars Hand #253202720945: Tournament #3818863423, $1.84+$0.16 USD Hold'em No Limit - Level III (20/40) - 2024/11/01 17:20:01 CET [2024/11/01 12:20:01 ET]
Table '3818863423 1' 3-max Seat #2 is the button
Seat 2: Pitzki19 (325 in chips) 
Seat 3: Mahu2021 (1175 in chips) 
Pitzki19: posts small blind 20
Mahu2021: posts big blind 40
*** HOLE CARDS ***
Dealt to Mahu2021 [5s 9c]
Pitzki19: folds 
Uncalled bet (20) returned to Mahu2021
Mahu2021 collected 40 from pot
Mahu2021: doesn't show hand 
*** SUMMARY ***
Total pot 40 | Rake 0 
Seat 2: Pitzki19 (button) (small blind) folded before Flop
Seat 3: Mahu2021 (big blind) collected (40)



PokerStars Hand #253202722191: Tournament #3818863423, $1.84+$0.16 USD Hold'em No Limit - Level III (20/40) - 2024/11/01 17:20:07 CET [2024/11/01 12:20:07 ET]
Table '3818863423 1' 3-max Seat #3 is the button
Seat 2: Pitzki19 (305 in chips) 
Seat 3: Mahu2021 (1195 in chips) 
Mahu2021: posts small blind 20
Pitzki19: posts big blind 40
*** HOLE CARDS ***
Dealt to Mahu2021 [Ac Jh]
Mahu2021: raises 40 to 80
Pitzki19: folds 
Uncalled bet (40) returned to Mahu2021
Mahu2021 collected 80 from pot
Mahu2021: doesn't show hand 
*** SUMMARY ***
Total pot 80 | Rake 0 
Seat 2: Pitzki19 (big blind) folded before Flop
Seat 3: Mahu2021 (button) (small blind) collected (80)



PokerStars Hand #253202723612: Tournament #3818863423, $1.84+$0.16 USD Hold'em No Limit - Level III (20/40) - 2024/11/01 17:20:13 CET [2024/11/01 12:20:13 ET]
Table '3818863423 1' 3-max Seat #2 is the button
Seat 2: Pitzki19 (265 in chips) 
Seat 3: Mahu2021 (1235 in chips) 
Pitzki19: posts small blind 20
Mahu2021: posts big blind 40
*** HOLE CARDS ***
Dealt to Mahu2021 [Td 3d]
Pitzki19: folds 
Uncalled bet (20) returned to Mahu2021
Mahu2021 collected 40 from pot
Mahu2021: doesn't show hand 
*** SUMMARY ***
Total pot 40 | Rake 0 
Seat 2: Pitzki19 (button) (small blind) folded before Flop
Seat 3: Mahu2021 (big blind) collected (40)



PokerStars Hand #253202724916: Tournament #3818863423, $1.84+$0.16 USD Hold'em No Limit - Level III (20/40) - 2024/11/01 17:20:19 CET [2024/11/01 12:20:19 ET]
Table '3818863423 1' 3-max Seat #3 is the button
Seat 2: Pitzki19 (245 in chips) 
Seat 3: Mahu2021 (1255 in chips) 
Mahu2021: posts small blind 20
Pitzki19: posts big blind 40
*** HOLE CARDS ***
Dealt to Mahu2021 [Tc 8c]
Mahu2021: raises 40 to 80
Pitzki19: raises 165 to 245 and is all-in
Mahu2021: calls 165
*** FLOP *** [2h Kd 5h]
*** TURN *** [2h Kd 5h] [5s]
*** RIVER *** [2h Kd 5h 5s] [Kc]
*** SHOW DOWN ***
Pitzki19: shows [5d Ks] (a full house, Kings full of Fives)
Mahu2021: shows [Tc 8c] (two pair, Kings and Fives)
Pitzki19 collected 490 from pot
*** SUMMARY ***
Total pot 490 | Rake 0 
Board [2h Kd 5h 5s Kc]
Seat 2: Pitzki19 (big blind) showed [5d Ks] and won (490) with a full house, Kings full of Fives
Seat 3: Mahu2021 (button) (small blind) showed [Tc 8c] and lost with two pair, Kings and Fives



PokerStars Hand #253202729198: Tournament #3818863423, $1.84+$0.16 USD Hold'em No Limit - Level III (20/40) - 2024/11/01 17:20:37 CET [2024/11/01 12:20:37 ET]
Table '3818863423 1' 3-max Seat #2 is the button
Seat 2: Pitzki19 (490 in chips) 
Seat 3: Mahu2021 (1010 in chips) 
Pitzki19: posts small blind 20
Mahu2021: posts big blind 40
*** HOLE CARDS ***
Dealt to Mahu2021 [Jc Qd]
Pitzki19: raises 40 to 80
Mahu2021: calls 40
*** FLOP *** [4s 2c 5s]
Mahu2021: checks 
Pitzki19: checks 
*** TURN *** [4s 2c 5s] [6d]
Mahu2021: checks 
Pitzki19: bets 40
Mahu2021: calls 40
*** RIVER *** [4s 2c 5s 6d] [8c]
Mahu2021: checks 
Pitzki19: checks 
*** SHOW DOWN ***
Mahu2021: shows [Jc Qd] (high card Queen)
Pitzki19: shows [6s Ac] (a pair of Sixes)
Pitzki19 collected 240 from pot
*** SUMMARY ***
Total pot 240 | Rake 0 
Board [4s 2c 5s 6d 8c]
Seat 2: Pitzki19 (button) (small blind) showed [6s Ac] and won (240) with a pair of Sixes
Seat 3: Mahu2021 (big blind) showed [Jc Qd] and lost with high card Queen



PokerStars Hand #253202735283: Tournament #3818863423, $1.84+$0.16 USD Hold'em No Limit - Level III (20/40) - 2024/11/01 17:21:03 CET [2024/11/01 12:21:03 ET]
Table '3818863423 1' 3-max Seat #3 is the button
Seat 2: Pitzki19 (610 in chips) 
Seat 3: Mahu2021 (890 in chips) 
Mahu2021: posts small blind 20
Pitzki19: posts big blind 40
*** HOLE CARDS ***
Dealt to Mahu2021 [3d 6d]
Mahu2021: calls 20
Pitzki19: raises 570 to 610 and is all-in
Mahu2021: folds 
Uncalled bet (570) returned to Pitzki19
Pitzki19 collected 80 from pot
*** SUMMARY ***
Total pot 80 | Rake 0 
Seat 2: Pitzki19 (big blind) collected (80)
Seat 3: Mahu2021 (button) (small blind) folded before Flop



PokerStars Hand #253202737084: Tournament #3818863423, $1.84+$0.16 USD Hold'em No Limit - Level III (20/40) - 2024/11/01 17:21:11 CET [2024/11/01 12:21:11 ET]
Table '3818863423 1' 3-max Seat #2 is the button
Seat 2: Pitzki19 (650 in chips) 
Seat 3: Mahu2021 (850 in chips) 
Pitzki19: posts small blind 20
Mahu2021: posts big blind 40
*** HOLE CARDS ***
Dealt to Mahu2021 [8c 9h]
Pitzki19: raises 40 to 80
Mahu2021: calls 40
*** FLOP *** [Ks 8d Tc]
Mahu2021: checks 
Pitzki19: bets 80
Mahu2021: folds 
Uncalled bet (80) returned to Pitzki19
Pitzki19 collected 160 from pot
*** SUMMARY ***
Total pot 160 | Rake 0 
Board [Ks 8d Tc]
Seat 2: Pitzki19 (button) (small blind) collected (160)
Seat 3: Mahu2021 (big blind) folded on the Flop



PokerStars Hand #253202741595: Tournament #3818863423, $1.84+$0.16 USD Hold'em No Limit - Level IV (30/60) - 2024/11/01 17:21:30 CET [2024/11/01 12:21:30 ET]
Table '3818863423 1' 3-max Seat #3 is the button
Seat 2: Pitzki19 (730 in chips) 
Seat 3: Mahu2021 (770 in chips) 
Mahu2021: posts small blind 30
Pitzki19: posts big blind 60
*** HOLE CARDS ***
Dealt to Mahu2021 [4s 5h]
Mahu2021: raises 60 to 120
Pitzki19: calls 60
*** FLOP *** [4d 3s 3c]
Pitzki19: checks 
Mahu2021: bets 240
Pitzki19: folds 
Uncalled bet (240) returned to Mahu2021
Mahu2021 collected 240 from pot
Mahu2021: doesn't show hand 
*** SUMMARY ***
Total pot 240 | Rake 0 
Board [4d 3s 3c]
Seat 2: Pitzki19 (big blind) folded on the Flop
Seat 3: Mahu2021 (button) (small blind) collected (240)



PokerStars Hand #253202744980: Tournament #3818863423, $1.84+$0.16 USD Hold'em No Limit - Level IV (30/60) - 2024/11/01 17:21:45 CET [2024/11/01 12:21:45 ET]
Table '3818863423 1' 3-max Seat #2 is the button
Seat 2: Pitzki19 (610 in chips) 
Seat 3: Mahu2021 (890 in chips) 
Pitzki19: posts small blind 30
Mahu2021: posts big blind 60
*** HOLE CARDS ***
Dealt to Mahu2021 [5h 8s]
Pitzki19: folds 
Uncalled bet (30) returned to Mahu2021
Mahu2021 collected 60 from pot
Mahu2021: doesn't show hand 
*** SUMMARY ***
Total pot 60 | Rake 0 
Seat 2: Pitzki19 (button) (small blind) folded before Flop
Seat 3: Mahu2021 (big blind) collected (60)



PokerStars Hand #253202745808: Tournament #3818863423, $1.84+$0.16 USD Hold'em No Limit - Level IV (30/60) - 2024/11/01 17:21:48 CET [2024/11/01 12:21:48 ET]
Table '3818863423 1' 3-max Seat #3 is the button
Seat 2: Pitzki19 (580 in chips) 
Seat 3: Mahu2021 (920 in chips) 
Mahu2021: posts small blind 30
Pitzki19: posts big blind 60
*** HOLE CARDS ***
Dealt to Mahu2021 [9s 3h]
Mahu2021: folds 
Uncalled bet (30) returned to Pitzki19
Pitzki19 collected 60 from pot
*** SUMMARY ***
Total pot 60 | Rake 0 
Seat 2: Pitzki19 (big blind) collected (60)
Seat 3: Mahu2021 (button) (small blind) folded before Flop



PokerStars Hand #253202746784: Tournament #3818863423, $1.84+$0.16 USD Hold'em No Limit - Level IV (30/60) - 2024/11/01 17:21:52 CET [2024/11/01 12:21:52 ET]
Table '3818863423 1' 3-max Seat #2 is the button
Seat 2: Pitzki19 (610 in chips) 
Seat 3: Mahu2021 (890 in chips) 
Pitzki19: posts small blind 30
Mahu2021: posts big blind 60
*** HOLE CARDS ***
Dealt to Mahu2021 [3h Kc]
Pitzki19: calls 30
Mahu2021: checks 
*** FLOP *** [9h 9d Ks]
Mahu2021: checks 
Pitzki19: bets 60
Mahu2021: calls 60
*** TURN *** [9h 9d Ks] [3s]
Mahu2021: checks 
Pitzki19: bets 60
Mahu2021: calls 60
*** RIVER *** [9h 9d Ks 3s] [5s]
Mahu2021: checks 
Pitzki19: checks 
*** SHOW DOWN ***
Mahu2021: shows [3h Kc] (two pair, Kings and Nines)
Pitzki19: shows [2h Kh] (two pair, Kings and Nines)
Mahu2021 collected 180 from pot
Pitzki19 collected 180 from pot
*** SUMMARY ***
Total pot 360 | Rake 0 
Board [9h 9d Ks 3s 5s]
Seat 2: Pitzki19 (button) (small blind) showed [2h Kh] and won (180) with two pair, Kings and Nines
Seat 3: Mahu2021 (big blind) showed [3h Kc] and won (180) with two pair, Kings and Nines



PokerStars Hand #253202751036: Tournament #3818863423, $1.84+$0.16 USD Hold'em No Limit - Level IV (30/60) - 2024/11/01 17:22:11 CET [2024/11/01 12:22:11 ET]
Table '3818863423 1' 3-max Seat #3 is the button
Seat 2: Pitzki19 (610 in chips) 
Seat 3: Mahu2021 (890 in chips) 
Mahu2021: posts small blind 30
Pitzki19: posts big blind 60
*** HOLE CARDS ***
Dealt to Mahu2021 [9d Jh]
Mahu2021: calls 30
Pitzki19: checks 
*** FLOP *** [3c Th 5c]
Pitzki19: checks 
Mahu2021: checks 
*** TURN *** [3c Th 5c] [3d]
Pitzki19: bets 60
Mahu2021: folds 
Uncalled bet (60) returned to Pitzki19
Pitzki19 collected 120 from pot
*** SUMMARY ***
Total pot 120 | Rake 0 
Board [3c Th 5c 3d]
Seat 2: Pitzki19 (big blind) collected (120)
Seat 3: Mahu2021 (button) (small blind) folded on the Turn



PokerStars Hand #253202754629: Tournament #3818863423, $1.84+$0.16 USD Hold'em No Limit - Level IV (30/60) - 2024/11/01 17:22:26 CET [2024/11/01 12:22:26 ET]
Table '3818863423 1' 3-max Seat #2 is the button
Seat 2: Pitzki19 (670 in chips) 
Seat 3: Mahu2021 (830 in chips) 
Pitzki19: posts small blind 30
Mahu2021: posts big blind 60
*** HOLE CARDS ***
Dealt to Mahu2021 [Ad 2d]
Pitzki19: folds 
Uncalled bet (30) returned to Mahu2021
Mahu2021 collected 60 from pot
Mahu2021: doesn't show hand 
*** SUMMARY ***
Total pot 60 | Rake 0 
Seat 2: Pitzki19 (button) (small blind) folded before Flop
Seat 3: Mahu2021 (big blind) collected (60)



PokerStars Hand #253202755532: Tournament #3818863423, $1.84+$0.16 USD Hold'em No Limit - Level IV (30/60) - 2024/11/01 17:22:30 CET [2024/11/01 12:22:30 ET]
Table '3818863423 1' 3-max Seat #3 is the button
Seat 2: Pitzki19 (640 in chips) 
Seat 3: Mahu2021 (860 in chips) 
Mahu2021: posts small blind 30
Pitzki19: posts big blind 60
*** HOLE CARDS ***
Dealt to Mahu2021 [Qd 9h]
Mahu2021: raises 60 to 120
Pitzki19: folds 
Uncalled bet (60) returned to Mahu2021
Mahu2021 collected 120 from pot
Mahu2021: doesn't show hand 
*** SUMMARY ***
Total pot 120 | Rake 0 
Seat 2: Pitzki19 (big blind) folded before Flop
Seat 3: Mahu2021 (button) (small blind) collected (120)



PokerStars Hand #253202757105: Tournament #3818863423, $1.84+$0.16 USD Hold'em No Limit - Level IV (30/60) - 2024/11/01 17:22:37 CET [2024/11/01 12:22:37 ET]
Table '3818863423 1' 3-max Seat #2 is the button
Seat 2: Pitzki19 (580 in chips) 
Seat 3: Mahu2021 (920 in chips) 
Pitzki19: posts small blind 30
Mahu2021: posts big blind 60
*** HOLE CARDS ***
Dealt to Mahu2021 [Ks 3c]
Pitzki19: folds 
Uncalled bet (30) returned to Mahu2021
Mahu2021 collected 60 from pot
Mahu2021: doesn't show hand 
*** SUMMARY ***
Total pot 60 | Rake 0 
Seat 2: Pitzki19 (button) (small blind) folded before Flop
Seat 3: Mahu2021 (big blind) collected (60)



PokerStars Hand #253202758433: Tournament #3818863423, $1.84+$0.16 USD Hold'em No Limit - Level IV (30/60) - 2024/11/01 17:22:43 CET [2024/11/01 12:22:43 ET]
Table '3818863423 1' 3-max Seat #3 is the button
Seat 2: Pitzki19 (550 in chips) 
Seat 3: Mahu2021 (950 in chips) 
Mahu2021: posts small blind 30
Pitzki19: posts big blind 60
*** HOLE CARDS ***
Dealt to Mahu2021 [5c Tc]
Mahu2021: calls 30
Pitzki19: checks 
*** FLOP *** [9h Kd Qc]
Pitzki19: bets 60
Mahu2021: folds 
Uncalled bet (60) returned to Pitzki19
Pitzki19 collected 120 from pot
*** SUMMARY ***
Total pot 120 | Rake 0 
Board [9h Kd Qc]
Seat 2: Pitzki19 (big blind) collected (120)
Seat 3: Mahu2021 (button) (small blind) folded on the Flop



PokerStars Hand #253202760976: Tournament #3818863423, $1.84+$0.16 USD Hold'em No Limit - Level IV (30/60) - 2024/11/01 17:22:53 CET [2024/11/01 12:22:53 ET]
Table '3818863423 1' 3-max Seat #2 is the button
Seat 2: Pitzki19 (610 in chips) 
Seat 3: Mahu2021 (890 in chips) 
Pitzki19: posts small blind 30
Mahu2021: posts big blind 60
*** HOLE CARDS ***
Dealt to Mahu2021 [2s Tc]
Pitzki19: calls 30
Mahu2021: checks 
*** FLOP *** [5c 3h 2c]
Mahu2021: checks 
Pitzki19: checks 
*** TURN *** [5c 3h 2c] [4d]
Mahu2021: checks 
Pitzki19: checks 
*** RIVER *** [5c 3h 2c 4d] [Ah]
Mahu2021: bets 60
Pitzki19: calls 60
*** SHOW DOWN ***
Mahu2021: shows [2s Tc] (a straight, Ace to Five)
Pitzki19: shows [8h 9h] (a straight, Ace to Five)
Mahu2021 collected 120 from pot
Pitzki19 collected 120 from pot
*** SUMMARY ***
Total pot 240 | Rake 0 
Board [5c 3h 2c 4d Ah]
Seat 2: Pitzki19 (button) (small blind) showed [8h 9h] and won (120) with a straight, Ace to Five
Seat 3: Mahu2021 (big blind) showed [2s Tc] and won (120) with a straight, Ace to Five



PokerStars Hand #253202765481: Tournament #3818863423, $1.84+$0.16 USD Hold'em No Limit - Level IV (30/60) - 2024/11/01 17:23:12 CET [2024/11/01 12:23:12 ET]
Table '3818863423 1' 3-max Seat #3 is the button
Seat 2: Pitzki19 (610 in chips) 
Seat 3: Mahu2021 (890 in chips) 
Mahu2021: posts small blind 30
Pitzki19: posts big blind 60
*** HOLE CARDS ***
Dealt to Mahu2021 [7c 3c]
Mahu2021: folds 
Uncalled bet (30) returned to Pitzki19
Pitzki19 collected 60 from pot
*** SUMMARY ***
Total pot 60 | Rake 0 
Seat 2: Pitzki19 (big blind) collected (60)
Seat 3: Mahu2021 (button) (small blind) folded before Flop



PokerStars Hand #253202766484: Tournament #3818863423, $1.84+$0.16 USD Hold'em No Limit - Level IV (30/60) - 2024/11/01 17:23:16 CET [2024/11/01 12:23:16 ET]
Table '3818863423 1' 3-max Seat #2 is the button
Seat 2: Pitzki19 (640 in chips) 
Seat 3: Mahu2021 (860 in chips) 
Pitzki19: posts small blind 30
Mahu2021: posts big blind 60
*** HOLE CARDS ***
Dealt to Mahu2021 [5c Ts]
Pitzki19: folds 
Uncalled bet (30) returned to Mahu2021
Mahu2021 collected 60 from pot
Mahu2021: doesn't show hand 
*** SUMMARY ***
Total pot 60 | Rake 0 
Seat 2: Pitzki19 (button) (small blind) folded before Flop
Seat 3: Mahu2021 (big blind) collected (60)



PokerStars Hand #253202767851: Tournament #3818863423, $1.84+$0.16 USD Hold'em No Limit - Level IV (30/60) - 2024/11/01 17:23:22 CET [2024/11/01 12:23:22 ET]
Table '3818863423 1' 3-max Seat #3 is the button
Seat 2: Pitzki19 (610 in chips) 
Seat 3: Mahu2021 (890 in chips) 
Mahu2021: posts small blind 30
Pitzki19: posts big blind 60
*** HOLE CARDS ***
Dealt to Mahu2021 [6h 7h]
Mahu2021: raises 60 to 120
Pitzki19: raises 490 to 610 and is all-in
Mahu2021: folds 
Uncalled bet (490) returned to Pitzki19
Pitzki19 collected 240 from pot
*** SUMMARY ***
Total pot 240 | Rake 0 
Seat 2: Pitzki19 (big blind) collected (240)
Seat 3: Mahu2021 (button) (small blind) folded before Flop



PokerStars Hand #253202770458: Tournament #3818863423, $1.84+$0.16 USD Hold'em No Limit - Level IV (30/60) - 2024/11/01 17:23:33 CET [2024/11/01 12:23:33 ET]
Table '3818863423 1' 3-max Seat #2 is the button
Seat 2: Pitzki19 (730 in chips) 
Seat 3: Mahu2021 (770 in chips) 
Pitzki19: posts small blind 30
Mahu2021: posts big blind 60
*** HOLE CARDS ***
Dealt to Mahu2021 [5d 5s]
Pitzki19: calls 30
Mahu2021: checks 
*** FLOP *** [7s 4d Ts]
Mahu2021: checks 
Pitzki19: checks 
*** TURN *** [7s 4d Ts] [5c]
Mahu2021: checks 
Pitzki19: bets 60
Mahu2021: raises 120 to 180
Pitzki19: calls 120
*** RIVER *** [7s 4d Ts 5c] [3d]
Mahu2021: bets 530 and is all-in
Pitzki19: calls 490 and is all-in
Uncalled bet (40) returned to Mahu2021
*** SHOW DOWN ***
Mahu2021: shows [5d 5s] (three of a kind, Fives)
Pitzki19: shows [6c Kh] (a straight, Three to Seven)
Pitzki19 collected 1460 from pot
*** SUMMARY ***
Total pot 1460 | Rake 0 
Board [7s 4d Ts 5c 3d]
Seat 2: Pitzki19 (button) (small blind) showed [6c Kh] and won (1460) with a straight, Three to Seven
Seat 3: Mahu2021 (big blind) showed [5d 5s] and lost with three of a kind, Fives



PokerStars Hand #253202775471: Tournament #3818863423, $1.84+$0.16 USD Hold'em No Limit - Level IV (30/60) - 2024/11/01 17:23:55 CET [2024/11/01 12:23:55 ET]
Table '3818863423 1' 3-max Seat #3 is the button
Seat 2: Pitzki19 (1460 in chips) 
Seat 3: Mahu2021 (40 in chips) 
Mahu2021: posts small blind 30
Pitzki19: posts big blind 60
*** HOLE CARDS ***
Dealt to Mahu2021 [6d Kh]
Mahu2021: calls 10 and is all-in
Uncalled bet (20) returned to Pitzki19
*** FLOP *** [Ah Ad Td]
*** TURN *** [Ah Ad Td] [2d]
*** RIVER *** [Ah Ad Td 2d] [Ts]
*** SHOW DOWN ***
Pitzki19: shows [Ks 8d] (two pair, Aces and Tens)
Mahu2021: shows [6d Kh] (two pair, Aces and Tens)
Pitzki19 collected 40 from pot
Mahu2021 collected 40 from pot
*** SUMMARY ***
Total pot 80 | Rake 0 
Board [Ah Ad Td 2d Ts]
Seat 2: Pitzki19 (big blind) showed [Ks 8d] and won (40) with two pair, Aces and Tens
Seat 3: Mahu2021 (button) (small blind) showed [6d Kh] and won (40) with two pair, Aces and Tens



PokerStars Hand #253202778048: Tournament #3818863423, $1.84+$0.16 USD Hold'em No Limit - Level IV (30/60) - 2024/11/01 17:24:06 CET [2024/11/01 12:24:06 ET]
Table '3818863423 1' 3-max Seat #2 is the button
Seat 2: Pitzki19 (1460 in chips) 
Seat 3: Mahu2021 (40 in chips) 
Pitzki19: posts small blind 30
Mahu2021: posts big blind 40 and is all-in
*** HOLE CARDS ***
Dealt to Mahu2021 [9c Jc]
Pitzki19: calls 10
*** FLOP *** [Kh Qh 6c]
*** TURN *** [Kh Qh 6c] [Tc]
*** RIVER *** [Kh Qh 6c Tc] [3h]
*** SHOW DOWN ***
Mahu2021: shows [9c Jc] (a straight, Nine to King)
Pitzki19: shows [7c Ks] (a pair of Kings)
Mahu2021 collected 80 from pot
*** SUMMARY ***
Total pot 80 | Rake 0 
Board [Kh Qh 6c Tc 3h]
Seat 2: Pitzki19 (button) (small blind) showed [7c Ks] and lost with a pair of Kings
Seat 3: Mahu2021 (big blind) showed [9c Jc] and won (80) with a straight, Nine to King



PokerStars Hand #253202781224: Tournament #3818863423, $1.84+$0.16 USD Hold'em No Limit - Level V (40/80) - 2024/11/01 17:24:19 CET [2024/11/01 12:24:19 ET]
Table '3818863423 1' 3-max Seat #3 is the button
Seat 2: Pitzki19 (1420 in chips) 
Seat 3: Mahu2021 (80 in chips) 
Mahu2021: posts small blind 40
Pitzki19: posts big blind 80
*** HOLE CARDS ***
Dealt to Mahu2021 [Kh 5d]
Mahu2021: calls 40 and is all-in
*** FLOP *** [8h 4d 3c]
*** TURN *** [8h 4d 3c] [Th]
*** RIVER *** [8h 4d 3c Th] [Ad]
*** SHOW DOWN ***
Pitzki19: shows [3d 8s] (two pair, Eights and Threes)
Mahu2021: shows [Kh 5d] (high card Ace)
Pitzki19 collected 160 from pot
Mahu2021 finished the tournament in 2nd place
Pitzki19 wins the tournament and receives $8.00 - congratulations!
*** SUMMARY ***
Total pot 160 | Rake 0 
Board [8h 4d 3c Th Ad]
Seat 2: Pitzki19 (big blind) showed [3d 8s] and won (160) with two pair, Eights and Threes
Seat 3: Mahu2021 (button) (small blind) showed [Kh 5d] and lost with high card Ace



