PokerStars Hand #242963670714: Tournament #3574086819, $0.92+$0.08 USD Hold'em No Limit - Level I (10/20) - 2023/04/08 17:03:32 CET [2023/04/08 11:03:32 ET]
Table '3574086819 1' 3-max Seat #1 is the button
Seat 1: mrbluesky24 (500 in chips) 
Seat 2: jaro255 (500 in chips) 
Seat 3: Mahu2021 (500 in chips) 
jaro255: posts small blind 10
Mahu2021: posts big blind 20
*** HOLE CARDS ***
Dealt to Mahu2021 [4s 7c]
mrbluesky24: folds 
jaro255: raises 480 to 500 and is all-in
Mahu2021: folds 
Uncalled bet (480) returned to jaro255
jaro255 collected 40 from pot
*** SUMMARY ***
Total pot 40 | Rake 0 
Seat 1: mrbluesky24 (button) folded before Flop (didn't bet)
Seat 2: jaro255 (small blind) collected (40)
Seat 3: Mahu2021 (big blind) folded before Flop



PokerStars Hand #242963672947: Tournament #3574086819, $0.92+$0.08 USD Hold'em No Limit - Level I (10/20) - 2023/04/08 17:03:40 CET [2023/04/08 11:03:40 ET]
Table '3574086819 1' 3-max Seat #2 is the button
Seat 1: mrbluesky24 (500 in chips) 
Seat 2: jaro255 (520 in chips) 
Seat 3: Mahu2021 (480 in chips) 
Mahu2021: posts small blind 10
mrbluesky24: posts big blind 20
*** HOLE CARDS ***
Dealt to Mahu2021 [7c 3d]
jaro255: raises 500 to 520 and is all-in
Mahu2021: folds 
mrbluesky24: folds 
Uncalled bet (500) returned to jaro255
jaro255 collected 50 from pot
*** SUMMARY ***
Total pot 50 | Rake 0 
Seat 1: mrbluesky24 (big blind) folded before Flop
Seat 2: jaro255 (button) collected (50)
Seat 3: Mahu2021 (small blind) folded before Flop



PokerStars Hand #242963675548: Tournament #3574086819, $0.92+$0.08 USD Hold'em No Limit - Level I (10/20) - 2023/04/08 17:03:49 CET [2023/04/08 11:03:49 ET]
Table '3574086819 1' 3-max Seat #3 is the button
Seat 1: mrbluesky24 (480 in chips) 
Seat 2: jaro255 (550 in chips) 
Seat 3: Mahu2021 (470 in chips) 
mrbluesky24: posts small blind 10
jaro255: posts big blind 20
*** HOLE CARDS ***
Dealt to Mahu2021 [6h 7h]
Mahu2021: calls 20
mrbluesky24: calls 10
jaro255: raises 530 to 550 and is all-in
Mahu2021: folds 
mrbluesky24: folds 
Uncalled bet (530) returned to jaro255
jaro255 collected 60 from pot
*** SUMMARY ***
Total pot 60 | Rake 0 
Seat 1: mrbluesky24 (small blind) folded before Flop
Seat 2: jaro255 (big blind) collected (60)
Seat 3: Mahu2021 (button) folded before Flop



PokerStars Hand #242963679155: Tournament #3574086819, $0.92+$0.08 USD Hold'em No Limit - Level I (10/20) - 2023/04/08 17:04:02 CET [2023/04/08 11:04:02 ET]
Table '3574086819 1' 3-max Seat #1 is the button
Seat 1: mrbluesky24 (460 in chips) 
Seat 2: jaro255 (590 in chips) 
Seat 3: Mahu2021 (450 in chips) 
jaro255: posts small blind 10
Mahu2021: posts big blind 20
*** HOLE CARDS ***
Dealt to Mahu2021 [6c 4s]
mrbluesky24: calls 20
jaro255: calls 10
Mahu2021: checks 
*** FLOP *** [5s 2h Tc]
jaro255: checks 
Mahu2021: checks 
mrbluesky24: checks 
*** TURN *** [5s 2h Tc] [3d]
jaro255: checks 
Mahu2021: bets 20
mrbluesky24: raises 40 to 60
jaro255: folds 
Mahu2021: raises 370 to 430 and is all-in
mrbluesky24: calls 370
*** RIVER *** [5s 2h Tc 3d] [Ks]
*** SHOW DOWN ***
Mahu2021: shows [6c 4s] (a straight, Deuce to Six)
mrbluesky24: shows [Ah Ad] (a pair of Aces)
Mahu2021 collected 920 from pot
*** SUMMARY ***
Total pot 920 | Rake 0 
Board [5s 2h Tc 3d Ks]
Seat 1: mrbluesky24 (button) showed [Ah Ad] and lost with a pair of Aces
Seat 2: jaro255 (small blind) folded on the Turn
Seat 3: Mahu2021 (big blind) showed [6c 4s] and won (920) with a straight, Deuce to Six



PokerStars Hand #242963687448: Tournament #3574086819, $0.92+$0.08 USD Hold'em No Limit - Level I (10/20) - 2023/04/08 17:04:31 CET [2023/04/08 11:04:31 ET]
Table '3574086819 1' 3-max Seat #2 is the button
Seat 1: mrbluesky24 (10 in chips) 
Seat 2: jaro255 (570 in chips) 
Seat 3: Mahu2021 (920 in chips) 
Mahu2021: posts small blind 10
mrbluesky24: posts big blind 10 and is all-in
*** HOLE CARDS ***
Dealt to Mahu2021 [5c 6c]
jaro255: calls 20
Mahu2021: calls 10
*** FLOP *** [4d Jc 7d]
Mahu2021: checks 
jaro255: checks 
*** TURN *** [4d Jc 7d] [6h]
Mahu2021: bets 20
jaro255: folds 
Uncalled bet (20) returned to Mahu2021
*** RIVER *** [4d Jc 7d 6h] [Js]
*** SHOW DOWN ***
Mahu2021: shows [5c 6c] (two pair, Jacks and Sixes)
Mahu2021 collected 20 from side pot
mrbluesky24: shows [4h 7h] (two pair, Jacks and Sevens)
mrbluesky24 collected 30 from main pot
*** SUMMARY ***
Total pot 50 Main pot 30. Side pot 20. | Rake 0 
Board [4d Jc 7d 6h Js]
Seat 1: mrbluesky24 (big blind) showed [4h 7h] and won (30) with two pair, Jacks and Sevens
Seat 2: jaro255 (button) folded on the Turn
Seat 3: Mahu2021 (small blind) showed [5c 6c] and won (20) with two pair, Jacks and Sixes



PokerStars Hand #242963692063: Tournament #3574086819, $0.92+$0.08 USD Hold'em No Limit - Level I (10/20) - 2023/04/08 17:04:47 CET [2023/04/08 11:04:47 ET]
Table '3574086819 1' 3-max Seat #3 is the button
Seat 1: mrbluesky24 (30 in chips) 
Seat 2: jaro255 (550 in chips) 
Seat 3: Mahu2021 (920 in chips) 
mrbluesky24: posts small blind 10
jaro255: posts big blind 20
*** HOLE CARDS ***
Dealt to Mahu2021 [Td Ts]
Mahu2021: raises 900 to 920 and is all-in
mrbluesky24: calls 20 and is all-in
jaro255: folds 
Uncalled bet (890) returned to Mahu2021
*** FLOP *** [8s 6h 4h]
*** TURN *** [8s 6h 4h] [Kc]
*** RIVER *** [8s 6h 4h Kc] [7d]
*** SHOW DOWN ***
mrbluesky24: shows [4c Qs] (a pair of Fours)
Mahu2021: shows [Td Ts] (a pair of Tens)
Mahu2021 collected 80 from pot
mrbluesky24 finished the tournament in 3rd place
*** SUMMARY ***
Total pot 80 | Rake 0 
Board [8s 6h 4h Kc 7d]
Seat 1: mrbluesky24 (small blind) showed [4c Qs] and lost with a pair of Fours
Seat 2: jaro255 (big blind) folded before Flop
Seat 3: Mahu2021 (button) showed [Td Ts] and won (80) with a pair of Tens



PokerStars Hand #242963696839: Tournament #3574086819, $0.92+$0.08 USD Hold'em No Limit - Level I (10/20) - 2023/04/08 17:05:04 CET [2023/04/08 11:05:04 ET]
Table '3574086819 1' 3-max Seat #2 is the button
Seat 2: jaro255 (530 in chips) 
Seat 3: Mahu2021 (970 in chips) 
jaro255: posts small blind 10
Mahu2021: posts big blind 20
*** HOLE CARDS ***
Dealt to Mahu2021 [Ad 9h]
jaro255: raises 510 to 530 and is all-in
Mahu2021: calls 510
*** FLOP *** [Jd 7c 4c]
*** TURN *** [Jd 7c 4c] [9c]
*** RIVER *** [Jd 7c 4c 9c] [6c]
*** SHOW DOWN ***
Mahu2021: shows [Ad 9h] (a pair of Nines)
jaro255: shows [2h 6h] (a pair of Sixes)
Mahu2021 collected 1060 from pot
jaro255 finished the tournament in 2nd place
Mahu2021 wins the tournament and receives $2.00 - congratulations!
*** SUMMARY ***
Total pot 1060 | Rake 0 
Board [Jd 7c 4c 9c 6c]
Seat 2: jaro255 (button) (small blind) showed [2h 6h] and lost with a pair of Sixes
Seat 3: Mahu2021 (big blind) showed [Ad 9h] and won (1060) with a pair of Nines



