PokerStars Hand #248567420057: Tournament #3708444805, $1.84+$0.16 USD Hold'em No Limit - Level I (10/20) - 2024/01/29 18:36:14 CET [2024/01/29 12:36:14 ET]
Table '3708444805 1' 3-max Seat #1 is the button
Seat 1: sgtmant (500 in chips) 
Seat 2: huaso725 (500 in chips) 
Seat 3: Mahu2021 (500 in chips) 
huaso725: posts small blind 10
Mahu2021: posts big blind 20
*** HOLE CARDS ***
Dealt to Mahu2021 [5h 7s]
sgtmant: calls 20
huaso725: calls 10
Mahu2021: checks 
*** FLOP *** [As 4h Kc]
huaso725: checks 
Mahu2021: checks 
sgtmant: checks 
*** TURN *** [As 4h Kc] [5s]
huaso725: checks 
Mahu2021: bets 20
sgtmant: folds 
huaso725: folds 
Uncalled bet (20) returned to Mahu2021
Mahu2021 collected 60 from pot
Mahu2021: doesn't show hand 
*** SUMMARY ***
Total pot 60 | Rake 0 
Board [As 4h Kc 5s]
Seat 1: sgtmant (button) folded on the Turn
Seat 2: huaso725 (small blind) folded on the Turn
Seat 3: Mahu2021 (big blind) collected (60)



PokerStars Hand #248567427079: Tournament #3708444805, $1.84+$0.16 USD Hold'em No Limit - Level I (10/20) - 2024/01/29 18:36:36 CET [2024/01/29 12:36:36 ET]
Table '3708444805 1' 3-max Seat #2 is the button
Seat 1: sgtmant (480 in chips) 
Seat 2: huaso725 (480 in chips) 
Seat 3: Mahu2021 (540 in chips) 
Mahu2021: posts small blind 10
sgtmant: posts big blind 20
*** HOLE CARDS ***
Dealt to Mahu2021 [4c 2h]
huaso725: calls 20
Mahu2021: folds 
sgtmant: checks 
*** FLOP *** [Qc 3s Js]
sgtmant: checks 
huaso725: checks 
*** TURN *** [Qc 3s Js] [7d]
sgtmant: checks 
huaso725: checks 
*** RIVER *** [Qc 3s Js 7d] [Kc]
sgtmant: checks 
huaso725: bets 40
sgtmant: calls 40
*** SHOW DOWN ***
huaso725: shows [Ah 4d] (high card Ace)
sgtmant: shows [3d 5d] (a pair of Threes)
sgtmant collected 130 from pot
*** SUMMARY ***
Total pot 130 | Rake 0 
Board [Qc 3s Js 7d Kc]
Seat 1: sgtmant (big blind) showed [3d 5d] and won (130) with a pair of Threes
Seat 2: huaso725 (button) showed [Ah 4d] and lost with high card Ace
Seat 3: Mahu2021 (small blind) folded before Flop



PokerStars Hand #248567432888: Tournament #3708444805, $1.84+$0.16 USD Hold'em No Limit - Level I (10/20) - 2024/01/29 18:36:54 CET [2024/01/29 12:36:54 ET]
Table '3708444805 1' 3-max Seat #3 is the button
Seat 1: sgtmant (550 in chips) 
Seat 2: huaso725 (420 in chips) 
Seat 3: Mahu2021 (530 in chips) 
sgtmant: posts small blind 10
huaso725: posts big blind 20
*** HOLE CARDS ***
Dealt to Mahu2021 [4h Jd]
Mahu2021: folds 
sgtmant: calls 10
huaso725: raises 40 to 60
sgtmant: calls 40
*** FLOP *** [5d 9h 5s]
sgtmant: checks 
huaso725: checks 
*** TURN *** [5d 9h 5s] [Th]
sgtmant: bets 20
huaso725: calls 20
*** RIVER *** [5d 9h 5s Th] [Qh]
sgtmant: bets 60
huaso725: folds 
Uncalled bet (60) returned to sgtmant
sgtmant collected 160 from pot
sgtmant: doesn't show hand 
*** SUMMARY ***
Total pot 160 | Rake 0 
Board [5d 9h 5s Th Qh]
Seat 1: sgtmant (small blind) collected (160)
Seat 2: huaso725 (big blind) folded on the River
Seat 3: Mahu2021 (button) folded before Flop (didn't bet)



PokerStars Hand #248567442178: Tournament #3708444805, $1.84+$0.16 USD Hold'em No Limit - Level I (10/20) - 2024/01/29 18:37:22 CET [2024/01/29 12:37:22 ET]
Table '3708444805 1' 3-max Seat #1 is the button
Seat 1: sgtmant (630 in chips) 
Seat 2: huaso725 (340 in chips) 
Seat 3: Mahu2021 (530 in chips) 
huaso725: posts small blind 10
Mahu2021: posts big blind 20
*** HOLE CARDS ***
Dealt to Mahu2021 [8d 6h]
sgtmant: calls 20
huaso725: folds 
Mahu2021: checks 
*** FLOP *** [7h Qh Qd]
Mahu2021: checks 
sgtmant: checks 
*** TURN *** [7h Qh Qd] [3h]
Mahu2021: checks 
sgtmant: checks 
*** RIVER *** [7h Qh Qd 3h] [Kh]
Mahu2021: bets 50
sgtmant: calls 50
*** SHOW DOWN ***
Mahu2021: shows [8d 6h] (a flush, King high)
sgtmant: mucks hand 
Mahu2021 collected 150 from pot
*** SUMMARY ***
Total pot 150 | Rake 0 
Board [7h Qh Qd 3h Kh]
Seat 1: sgtmant (button) mucked [4c 2h]
Seat 2: huaso725 (small blind) folded before Flop
Seat 3: Mahu2021 (big blind) showed [8d 6h] and won (150) with a flush, King high



PokerStars Hand #248567448448: Tournament #3708444805, $1.84+$0.16 USD Hold'em No Limit - Level I (10/20) - 2024/01/29 18:37:41 CET [2024/01/29 12:37:41 ET]
Table '3708444805 1' 3-max Seat #2 is the button
Seat 1: sgtmant (560 in chips) 
Seat 2: huaso725 (330 in chips) 
Seat 3: Mahu2021 (610 in chips) 
Mahu2021: posts small blind 10
sgtmant: posts big blind 20
*** HOLE CARDS ***
Dealt to Mahu2021 [4s Qd]
huaso725: folds 
Mahu2021: calls 10
sgtmant: checks 
*** FLOP *** [4h 9c 7d]
Mahu2021: bets 20
sgtmant: raises 20 to 40
Mahu2021: folds 
Uncalled bet (20) returned to sgtmant
sgtmant collected 80 from pot
sgtmant: doesn't show hand 
*** SUMMARY ***
Total pot 80 | Rake 0 
Board [4h 9c 7d]
Seat 1: sgtmant (big blind) collected (80)
Seat 2: huaso725 (button) folded before Flop (didn't bet)
Seat 3: Mahu2021 (small blind) folded on the Flop



PokerStars Hand #248567456067: Tournament #3708444805, $1.84+$0.16 USD Hold'em No Limit - Level I (10/20) - 2024/01/29 18:38:05 CET [2024/01/29 12:38:05 ET]
Table '3708444805 1' 3-max Seat #3 is the button
Seat 1: sgtmant (600 in chips) 
Seat 2: huaso725 (330 in chips) 
Seat 3: Mahu2021 (570 in chips) 
sgtmant: posts small blind 10
huaso725: posts big blind 20
*** HOLE CARDS ***
Dealt to Mahu2021 [9d 8c]
Mahu2021: folds 
sgtmant: calls 10
huaso725: checks 
*** FLOP *** [7c 5d 7s]
sgtmant: bets 20
huaso725: calls 20
*** TURN *** [7c 5d 7s] [Ah]
sgtmant: bets 20
huaso725: raises 120 to 140
sgtmant: calls 120
*** RIVER *** [7c 5d 7s Ah] [3s]
sgtmant: checks 
huaso725: checks 
*** SHOW DOWN ***
sgtmant: shows [5h Td] (two pair, Sevens and Fives)
huaso725: mucks hand 
sgtmant collected 360 from pot
*** SUMMARY ***
Total pot 360 | Rake 0 
Board [7c 5d 7s Ah 3s]
Seat 1: sgtmant (small blind) showed [5h Td] and won (360) with two pair, Sevens and Fives
Seat 2: huaso725 (big blind) mucked [2c 9h]
Seat 3: Mahu2021 (button) folded before Flop (didn't bet)



PokerStars Hand #248567464323: Tournament #3708444805, $1.84+$0.16 USD Hold'em No Limit - Level I (10/20) - 2024/01/29 18:38:30 CET [2024/01/29 12:38:30 ET]
Table '3708444805 1' 3-max Seat #1 is the button
Seat 1: sgtmant (780 in chips) 
Seat 2: huaso725 (150 in chips) 
Seat 3: Mahu2021 (570 in chips) 
huaso725: posts small blind 10
Mahu2021: posts big blind 20
*** HOLE CARDS ***
Dealt to Mahu2021 [Jc 8d]
sgtmant: calls 20
huaso725: folds 
Mahu2021: checks 
*** FLOP *** [8h Th 5h]
Mahu2021: checks 
sgtmant: checks 
*** TURN *** [8h Th 5h] [9c]
Mahu2021: bets 20
sgtmant: calls 20
*** RIVER *** [8h Th 5h 9c] [6h]
Mahu2021: checks 
sgtmant: checks 
*** SHOW DOWN ***
Mahu2021: shows [Jc 8d] (a pair of Eights)
sgtmant: shows [5d 7d] (a straight, Six to Ten)
sgtmant collected 90 from pot
*** SUMMARY ***
Total pot 90 | Rake 0 
Board [8h Th 5h 9c 6h]
Seat 1: sgtmant (button) showed [5d 7d] and won (90) with a straight, Six to Ten
Seat 2: huaso725 (small blind) folded before Flop
Seat 3: Mahu2021 (big blind) showed [Jc 8d] and lost with a pair of Eights



PokerStars Hand #248567471759: Tournament #3708444805, $1.84+$0.16 USD Hold'em No Limit - Level I (10/20) - 2024/01/29 18:38:53 CET [2024/01/29 12:38:53 ET]
Table '3708444805 1' 3-max Seat #2 is the button
Seat 1: sgtmant (830 in chips) 
Seat 2: huaso725 (140 in chips) 
Seat 3: Mahu2021 (530 in chips) 
Mahu2021: posts small blind 10
sgtmant: posts big blind 20
*** HOLE CARDS ***
Dealt to Mahu2021 [4c 8d]
huaso725: raises 120 to 140 and is all-in
Mahu2021: folds 
sgtmant: folds 
Uncalled bet (120) returned to huaso725
huaso725 collected 50 from pot
huaso725: doesn't show hand 
*** SUMMARY ***
Total pot 50 | Rake 0 
Seat 1: sgtmant (big blind) folded before Flop
Seat 2: huaso725 (button) collected (50)
Seat 3: Mahu2021 (small blind) folded before Flop



PokerStars Hand #248567475647: Tournament #3708444805, $1.84+$0.16 USD Hold'em No Limit - Level I (10/20) - 2024/01/29 18:39:05 CET [2024/01/29 12:39:05 ET]
Table '3708444805 1' 3-max Seat #3 is the button
Seat 1: sgtmant (810 in chips) 
Seat 2: huaso725 (170 in chips) 
Seat 3: Mahu2021 (520 in chips) 
sgtmant: posts small blind 10
huaso725: posts big blind 20
*** HOLE CARDS ***
Dealt to Mahu2021 [5s Kd]
Mahu2021: folds 
sgtmant: calls 10
huaso725: checks 
*** FLOP *** [7d Ad 6s]
sgtmant: checks 
huaso725: checks 
*** TURN *** [7d Ad 6s] [Qs]
sgtmant: checks 
huaso725: checks 
*** RIVER *** [7d Ad 6s Qs] [7c]
sgtmant: checks 
huaso725: checks 
*** SHOW DOWN ***
sgtmant: shows [8h 5c] (a pair of Sevens)
huaso725: shows [Tc 4h] (a pair of Sevens - Ace+Queen+Ten kicker)
huaso725 collected 40 from pot
*** SUMMARY ***
Total pot 40 | Rake 0 
Board [7d Ad 6s Qs 7c]
Seat 1: sgtmant (small blind) showed [8h 5c] and lost with a pair of Sevens
Seat 2: huaso725 (big blind) showed [Tc 4h] and won (40) with a pair of Sevens
Seat 3: Mahu2021 (button) folded before Flop (didn't bet)



PokerStars Hand #248567482290: Tournament #3708444805, $1.84+$0.16 USD Hold'em No Limit - Level II (15/30) - 2024/01/29 18:39:25 CET [2024/01/29 12:39:25 ET]
Table '3708444805 1' 3-max Seat #1 is the button
Seat 1: sgtmant (790 in chips) 
Seat 2: huaso725 (190 in chips) 
Seat 3: Mahu2021 (520 in chips) 
huaso725: posts small blind 15
Mahu2021: posts big blind 30
*** HOLE CARDS ***
Dealt to Mahu2021 [Qd 8c]
sgtmant: folds 
huaso725: raises 160 to 190 and is all-in
Mahu2021: folds 
Uncalled bet (160) returned to huaso725
huaso725 collected 60 from pot
huaso725: doesn't show hand 
*** SUMMARY ***
Total pot 60 | Rake 0 
Seat 1: sgtmant (button) folded before Flop (didn't bet)
Seat 2: huaso725 (small blind) collected (60)
Seat 3: Mahu2021 (big blind) folded before Flop



PokerStars Hand #248567485316: Tournament #3708444805, $1.84+$0.16 USD Hold'em No Limit - Level II (15/30) - 2024/01/29 18:39:35 CET [2024/01/29 12:39:35 ET]
Table '3708444805 1' 3-max Seat #2 is the button
Seat 1: sgtmant (790 in chips) 
Seat 2: huaso725 (220 in chips) 
Seat 3: Mahu2021 (490 in chips) 
Mahu2021: posts small blind 15
sgtmant: posts big blind 30
*** HOLE CARDS ***
Dealt to Mahu2021 [5s 4c]
huaso725: raises 190 to 220 and is all-in
Mahu2021: folds 
sgtmant: calls 190
*** FLOP *** [Kh Kc 3h]
*** TURN *** [Kh Kc 3h] [3s]
*** RIVER *** [Kh Kc 3h 3s] [7h]
*** SHOW DOWN ***
sgtmant: shows [Jh 9h] (a flush, King high)
huaso725: shows [Qc Qd] (two pair, Kings and Queens)
sgtmant collected 455 from pot
huaso725 finished the tournament in 3rd place
*** SUMMARY ***
Total pot 455 | Rake 0 
Board [Kh Kc 3h 3s 7h]
Seat 1: sgtmant (big blind) showed [Jh 9h] and won (455) with a flush, King high
Seat 2: huaso725 (button) showed [Qc Qd] and lost with two pair, Kings and Queens
Seat 3: Mahu2021 (small blind) folded before Flop



PokerStars Hand #248567491556: Tournament #3708444805, $1.84+$0.16 USD Hold'em No Limit - Level II (15/30) - 2024/01/29 18:39:54 CET [2024/01/29 12:39:54 ET]
Table '3708444805 1' 3-max Seat #1 is the button
Seat 1: sgtmant (1025 in chips) 
Seat 3: Mahu2021 (475 in chips) 
sgtmant: posts small blind 15
Mahu2021: posts big blind 30
*** HOLE CARDS ***
Dealt to Mahu2021 [3d 8d]
sgtmant: calls 15
Mahu2021: checks 
*** FLOP *** [6d 6h Kh]
Mahu2021: checks 
sgtmant: checks 
*** TURN *** [6d 6h Kh] [8h]
Mahu2021: checks 
sgtmant: checks 
*** RIVER *** [6d 6h Kh 8h] [5h]
Mahu2021: checks 
sgtmant: checks 
*** SHOW DOWN ***
Mahu2021: shows [3d 8d] (two pair, Eights and Sixes)
sgtmant: mucks hand 
Mahu2021 collected 60 from pot
*** SUMMARY ***
Total pot 60 | Rake 0 
Board [6d 6h Kh 8h 5h]
Seat 1: sgtmant (button) (small blind) mucked [Jd 3s]
Seat 3: Mahu2021 (big blind) showed [3d 8d] and won (60) with two pair, Eights and Sixes



PokerStars Hand #248567497702: Tournament #3708444805, $1.84+$0.16 USD Hold'em No Limit - Level II (15/30) - 2024/01/29 18:40:13 CET [2024/01/29 12:40:13 ET]
Table '3708444805 1' 3-max Seat #3 is the button
Seat 1: sgtmant (995 in chips) 
Seat 3: Mahu2021 (505 in chips) 
Mahu2021: posts small blind 15
sgtmant: posts big blind 30
*** HOLE CARDS ***
Dealt to Mahu2021 [4s Kd]
Mahu2021: raises 30 to 60
sgtmant: calls 30
*** FLOP *** [4h Th 5s]
sgtmant: checks 
Mahu2021: bets 60
sgtmant: folds 
Uncalled bet (60) returned to Mahu2021
Mahu2021 collected 120 from pot
Mahu2021: doesn't show hand 
*** SUMMARY ***
Total pot 120 | Rake 0 
Board [4h Th 5s]
Seat 1: sgtmant (big blind) folded on the Flop
Seat 3: Mahu2021 (button) (small blind) collected (120)



PokerStars Hand #248567502842: Tournament #3708444805, $1.84+$0.16 USD Hold'em No Limit - Level II (15/30) - 2024/01/29 18:40:28 CET [2024/01/29 12:40:28 ET]
Table '3708444805 1' 3-max Seat #1 is the button
Seat 1: sgtmant (935 in chips) 
Seat 3: Mahu2021 (565 in chips) 
sgtmant: posts small blind 15
Mahu2021: posts big blind 30
*** HOLE CARDS ***
Dealt to Mahu2021 [8s 5h]
sgtmant: calls 15
Mahu2021: checks 
*** FLOP *** [Td Ts 3s]
Mahu2021: checks 
sgtmant: checks 
*** TURN *** [Td Ts 3s] [Jh]
Mahu2021: checks 
sgtmant: checks 
*** RIVER *** [Td Ts 3s Jh] [5c]
Mahu2021: bets 30
sgtmant: folds 
Uncalled bet (30) returned to Mahu2021
Mahu2021 collected 60 from pot
Mahu2021: doesn't show hand 
*** SUMMARY ***
Total pot 60 | Rake 0 
Board [Td Ts 3s Jh 5c]
Seat 1: sgtmant (button) (small blind) folded on the River
Seat 3: Mahu2021 (big blind) collected (60)



PokerStars Hand #248567507767: Tournament #3708444805, $1.84+$0.16 USD Hold'em No Limit - Level II (15/30) - 2024/01/29 18:40:44 CET [2024/01/29 12:40:44 ET]
Table '3708444805 1' 3-max Seat #3 is the button
Seat 1: sgtmant (905 in chips) 
Seat 3: Mahu2021 (595 in chips) 
Mahu2021: posts small blind 15
sgtmant: posts big blind 30
*** HOLE CARDS ***
Dealt to Mahu2021 [Jd 7c]
Mahu2021: raises 30 to 60
sgtmant: calls 30
*** FLOP *** [Js 6d Ac]
sgtmant: checks 
Mahu2021: bets 60
sgtmant: folds 
Uncalled bet (60) returned to Mahu2021
Mahu2021 collected 120 from pot
Mahu2021: doesn't show hand 
*** SUMMARY ***
Total pot 120 | Rake 0 
Board [Js 6d Ac]
Seat 1: sgtmant (big blind) folded on the Flop
Seat 3: Mahu2021 (button) (small blind) collected (120)



PokerStars Hand #248567512525: Tournament #3708444805, $1.84+$0.16 USD Hold'em No Limit - Level II (15/30) - 2024/01/29 18:40:58 CET [2024/01/29 12:40:58 ET]
Table '3708444805 1' 3-max Seat #1 is the button
Seat 1: sgtmant (845 in chips) 
Seat 3: Mahu2021 (655 in chips) 
sgtmant: posts small blind 15
Mahu2021: posts big blind 30
*** HOLE CARDS ***
Dealt to Mahu2021 [9s 7d]
sgtmant: raises 30 to 60
Mahu2021: folds 
Uncalled bet (30) returned to sgtmant
sgtmant collected 60 from pot
sgtmant: doesn't show hand 
*** SUMMARY ***
Total pot 60 | Rake 0 
Seat 1: sgtmant (button) (small blind) collected (60)
Seat 3: Mahu2021 (big blind) folded before Flop



PokerStars Hand #248567515707: Tournament #3708444805, $1.84+$0.16 USD Hold'em No Limit - Level II (15/30) - 2024/01/29 18:41:08 CET [2024/01/29 12:41:08 ET]
Table '3708444805 1' 3-max Seat #3 is the button
Seat 1: sgtmant (875 in chips) 
Seat 3: Mahu2021 (625 in chips) 
Mahu2021: posts small blind 15
sgtmant: posts big blind 30
*** HOLE CARDS ***
Dealt to Mahu2021 [As Js]
Mahu2021: raises 60 to 90
sgtmant: calls 60
*** FLOP *** [9s 6d 3s]
sgtmant: checks 
Mahu2021: bets 90
sgtmant: folds 
Uncalled bet (90) returned to Mahu2021
Mahu2021 collected 180 from pot
Mahu2021: doesn't show hand 
*** SUMMARY ***
Total pot 180 | Rake 0 
Board [9s 6d 3s]
Seat 1: sgtmant (big blind) folded on the Flop
Seat 3: Mahu2021 (button) (small blind) collected (180)



PokerStars Hand #248567522935: Tournament #3708444805, $1.84+$0.16 USD Hold'em No Limit - Level II (15/30) - 2024/01/29 18:41:31 CET [2024/01/29 12:41:31 ET]
Table '3708444805 1' 3-max Seat #1 is the button
Seat 1: sgtmant (785 in chips) 
Seat 3: Mahu2021 (715 in chips) 
sgtmant: posts small blind 15
Mahu2021: posts big blind 30
*** HOLE CARDS ***
Dealt to Mahu2021 [4d 7s]
sgtmant: calls 15
Mahu2021: checks 
*** FLOP *** [Jc 5h As]
Mahu2021: checks 
sgtmant: bets 60
Mahu2021: folds 
Uncalled bet (60) returned to sgtmant
sgtmant collected 60 from pot
sgtmant: doesn't show hand 
*** SUMMARY ***
Total pot 60 | Rake 0 
Board [Jc 5h As]
Seat 1: sgtmant (button) (small blind) collected (60)
Seat 3: Mahu2021 (big blind) folded on the Flop



PokerStars Hand #248567526579: Tournament #3708444805, $1.84+$0.16 USD Hold'em No Limit - Level II (15/30) - 2024/01/29 18:41:42 CET [2024/01/29 12:41:42 ET]
Table '3708444805 1' 3-max Seat #3 is the button
Seat 1: sgtmant (815 in chips) 
Seat 3: Mahu2021 (685 in chips) 
Mahu2021: posts small blind 15
sgtmant: posts big blind 30
*** HOLE CARDS ***
Dealt to Mahu2021 [8d 6s]
Mahu2021: folds 
Uncalled bet (15) returned to sgtmant
sgtmant collected 30 from pot
sgtmant: doesn't show hand 
*** SUMMARY ***
Total pot 30 | Rake 0 
Seat 1: sgtmant (big blind) collected (30)
Seat 3: Mahu2021 (button) (small blind) folded before Flop



PokerStars Hand #248567528007: Tournament #3708444805, $1.84+$0.16 USD Hold'em No Limit - Level II (15/30) - 2024/01/29 18:41:46 CET [2024/01/29 12:41:46 ET]
Table '3708444805 1' 3-max Seat #1 is the button
Seat 1: sgtmant (830 in chips) 
Seat 3: Mahu2021 (670 in chips) 
sgtmant: posts small blind 15
Mahu2021: posts big blind 30
*** HOLE CARDS ***
Dealt to Mahu2021 [7s 5c]
sgtmant: calls 15
Mahu2021: checks 
*** FLOP *** [9d Kh Qd]
Mahu2021: checks 
sgtmant: checks 
*** TURN *** [9d Kh Qd] [Kd]
Mahu2021: checks 
sgtmant: checks 
*** RIVER *** [9d Kh Qd Kd] [Qc]
Mahu2021: checks 
sgtmant: checks 
*** SHOW DOWN ***
Mahu2021: shows [7s 5c] (two pair, Kings and Queens)
sgtmant: shows [Td 4h] (two pair, Kings and Queens - Ten kicker)
sgtmant collected 60 from pot
*** SUMMARY ***
Total pot 60 | Rake 0 
Board [9d Kh Qd Kd Qc]
Seat 1: sgtmant (button) (small blind) showed [Td 4h] and won (60) with two pair, Kings and Queens
Seat 3: Mahu2021 (big blind) showed [7s 5c] and lost with two pair, Kings and Queens



PokerStars Hand #248567534007: Tournament #3708444805, $1.84+$0.16 USD Hold'em No Limit - Level II (15/30) - 2024/01/29 18:42:05 CET [2024/01/29 12:42:05 ET]
Table '3708444805 1' 3-max Seat #3 is the button
Seat 1: sgtmant (860 in chips) 
Seat 3: Mahu2021 (640 in chips) 
Mahu2021: posts small blind 15
sgtmant: posts big blind 30
*** HOLE CARDS ***
Dealt to Mahu2021 [Ac 2h]
Mahu2021: raises 30 to 60
sgtmant: calls 30
*** FLOP *** [9h Qc 4s]
sgtmant: checks 
Mahu2021: checks 
*** TURN *** [9h Qc 4s] [5s]
sgtmant: checks 
Mahu2021: checks 
*** RIVER *** [9h Qc 4s 5s] [7c]
sgtmant: checks 
Mahu2021: checks 
*** SHOW DOWN ***
sgtmant: shows [3c Tc] (high card Queen)
Mahu2021: shows [Ac 2h] (high card Ace)
Mahu2021 collected 120 from pot
*** SUMMARY ***
Total pot 120 | Rake 0 
Board [9h Qc 4s 5s 7c]
Seat 1: sgtmant (big blind) showed [3c Tc] and lost with high card Queen
Seat 3: Mahu2021 (button) (small blind) showed [Ac 2h] and won (120) with high card Ace



PokerStars Hand #248567543241: Tournament #3708444805, $1.84+$0.16 USD Hold'em No Limit - Level III (20/40) - 2024/01/29 18:42:34 CET [2024/01/29 12:42:34 ET]
Table '3708444805 1' 3-max Seat #1 is the button
Seat 1: sgtmant (800 in chips) 
Seat 3: Mahu2021 (700 in chips) 
sgtmant: posts small blind 20
Mahu2021: posts big blind 40
*** HOLE CARDS ***
Dealt to Mahu2021 [Ad 3d]
sgtmant: raises 40 to 80
Mahu2021: calls 40
*** FLOP *** [5d 8d Qh]
Mahu2021: checks 
sgtmant: bets 80
Mahu2021: calls 80
*** TURN *** [5d 8d Qh] [8h]
Mahu2021: checks 
sgtmant: bets 80
Mahu2021: calls 80
*** RIVER *** [5d 8d Qh 8h] [5c]
Mahu2021: checks 
sgtmant: bets 40
Mahu2021: calls 40
*** SHOW DOWN ***
sgtmant: shows [Td Tc] (two pair, Tens and Eights)
Mahu2021: mucks hand 
sgtmant collected 560 from pot
*** SUMMARY ***
Total pot 560 | Rake 0 
Board [5d 8d Qh 8h 5c]
Seat 1: sgtmant (button) (small blind) showed [Td Tc] and won (560) with two pair, Tens and Eights
Seat 3: Mahu2021 (big blind) mucked [Ad 3d]



PokerStars Hand #248567551663: Tournament #3708444805, $1.84+$0.16 USD Hold'em No Limit - Level III (20/40) - 2024/01/29 18:42:59 CET [2024/01/29 12:42:59 ET]
Table '3708444805 1' 3-max Seat #3 is the button
Seat 1: sgtmant (1080 in chips) 
Seat 3: Mahu2021 (420 in chips) 
Mahu2021: posts small blind 20
sgtmant: posts big blind 40
*** HOLE CARDS ***
Dealt to Mahu2021 [3d 3h]
Mahu2021: raises 40 to 80
sgtmant: calls 40
*** FLOP *** [Jh Ac 4s]
sgtmant: checks 
Mahu2021: bets 80
sgtmant: folds 
Uncalled bet (80) returned to Mahu2021
Mahu2021 collected 160 from pot
Mahu2021: doesn't show hand 
*** SUMMARY ***
Total pot 160 | Rake 0 
Board [Jh Ac 4s]
Seat 1: sgtmant (big blind) folded on the Flop
Seat 3: Mahu2021 (button) (small blind) collected (160)



PokerStars Hand #248567557102: Tournament #3708444805, $1.84+$0.16 USD Hold'em No Limit - Level III (20/40) - 2024/01/29 18:43:16 CET [2024/01/29 12:43:16 ET]
Table '3708444805 1' 3-max Seat #1 is the button
Seat 1: sgtmant (1000 in chips) 
Seat 3: Mahu2021 (500 in chips) 
sgtmant: posts small blind 20
Mahu2021: posts big blind 40
*** HOLE CARDS ***
Dealt to Mahu2021 [Js 4d]
sgtmant: calls 20
Mahu2021: checks 
*** FLOP *** [8s 2d 4h]
Mahu2021: checks 
sgtmant: checks 
*** TURN *** [8s 2d 4h] [Ad]
Mahu2021: checks 
sgtmant: bets 40
Mahu2021: calls 40
*** RIVER *** [8s 2d 4h Ad] [9d]
Mahu2021: checks 
sgtmant: checks 
*** SHOW DOWN ***
Mahu2021: shows [Js 4d] (a pair of Fours)
sgtmant: mucks hand 
Mahu2021 collected 160 from pot
*** SUMMARY ***
Total pot 160 | Rake 0 
Board [8s 2d 4h Ad 9d]
Seat 1: sgtmant (button) (small blind) mucked [Jc 2h]
Seat 3: Mahu2021 (big blind) showed [Js 4d] and won (160) with a pair of Fours



PokerStars Hand #248567562899: Tournament #3708444805, $1.84+$0.16 USD Hold'em No Limit - Level III (20/40) - 2024/01/29 18:43:34 CET [2024/01/29 12:43:34 ET]
Table '3708444805 1' 3-max Seat #3 is the button
Seat 1: sgtmant (920 in chips) 
Seat 3: Mahu2021 (580 in chips) 
Mahu2021: posts small blind 20
sgtmant: posts big blind 40
*** HOLE CARDS ***
Dealt to Mahu2021 [Qh 6d]
Mahu2021: raises 40 to 80
sgtmant: calls 40
*** FLOP *** [9s Jh As]
sgtmant: checks 
Mahu2021: bets 80
sgtmant: folds 
Uncalled bet (80) returned to Mahu2021
Mahu2021 collected 160 from pot
Mahu2021: doesn't show hand 
*** SUMMARY ***
Total pot 160 | Rake 0 
Board [9s Jh As]
Seat 1: sgtmant (big blind) folded on the Flop
Seat 3: Mahu2021 (button) (small blind) collected (160)



PokerStars Hand #248567567617: Tournament #3708444805, $1.84+$0.16 USD Hold'em No Limit - Level III (20/40) - 2024/01/29 18:43:49 CET [2024/01/29 12:43:49 ET]
Table '3708444805 1' 3-max Seat #1 is the button
Seat 1: sgtmant (840 in chips) 
Seat 3: Mahu2021 (660 in chips) 
sgtmant: posts small blind 20
Mahu2021: posts big blind 40
*** HOLE CARDS ***
Dealt to Mahu2021 [3h 3s]
sgtmant: calls 20
Mahu2021: checks 
*** FLOP *** [9c 5c 6c]
Mahu2021: checks 
sgtmant: bets 40
Mahu2021: folds 
Uncalled bet (40) returned to sgtmant
sgtmant collected 80 from pot
sgtmant: doesn't show hand 
*** SUMMARY ***
Total pot 80 | Rake 0 
Board [9c 5c 6c]
Seat 1: sgtmant (button) (small blind) collected (80)
Seat 3: Mahu2021 (big blind) folded on the Flop



PokerStars Hand #248567570919: Tournament #3708444805, $1.84+$0.16 USD Hold'em No Limit - Level III (20/40) - 2024/01/29 18:43:59 CET [2024/01/29 12:43:59 ET]
Table '3708444805 1' 3-max Seat #3 is the button
Seat 1: sgtmant (880 in chips) 
Seat 3: Mahu2021 (620 in chips) 
Mahu2021: posts small blind 20
sgtmant: posts big blind 40
*** HOLE CARDS ***
Dealt to Mahu2021 [Ts 2d]
Mahu2021: folds 
Uncalled bet (20) returned to sgtmant
sgtmant collected 40 from pot
sgtmant: doesn't show hand 
*** SUMMARY ***
Total pot 40 | Rake 0 
Seat 1: sgtmant (big blind) collected (40)
Seat 3: Mahu2021 (button) (small blind) folded before Flop



PokerStars Hand #248567572396: Tournament #3708444805, $1.84+$0.16 USD Hold'em No Limit - Level III (20/40) - 2024/01/29 18:44:03 CET [2024/01/29 12:44:03 ET]
Table '3708444805 1' 3-max Seat #1 is the button
Seat 1: sgtmant (900 in chips) 
Seat 3: Mahu2021 (600 in chips) 
sgtmant: posts small blind 20
Mahu2021: posts big blind 40
*** HOLE CARDS ***
Dealt to Mahu2021 [4d Kh]
sgtmant: raises 40 to 80
Mahu2021: calls 40
*** FLOP *** [Tc 8h 2s]
Mahu2021: checks 
sgtmant: bets 80
Mahu2021: folds 
Uncalled bet (80) returned to sgtmant
sgtmant collected 160 from pot
sgtmant: doesn't show hand 
*** SUMMARY ***
Total pot 160 | Rake 0 
Board [Tc 8h 2s]
Seat 1: sgtmant (button) (small blind) collected (160)
Seat 3: Mahu2021 (big blind) folded on the Flop



PokerStars Hand #248567575867: Tournament #3708444805, $1.84+$0.16 USD Hold'em No Limit - Level III (20/40) - 2024/01/29 18:44:14 CET [2024/01/29 12:44:14 ET]
Table '3708444805 1' 3-max Seat #3 is the button
Seat 1: sgtmant (980 in chips) 
Seat 3: Mahu2021 (520 in chips) 
Mahu2021: posts small blind 20
sgtmant: posts big blind 40
*** HOLE CARDS ***
Dealt to Mahu2021 [7s 7c]
Mahu2021: raises 480 to 520 and is all-in
sgtmant: folds 
Uncalled bet (480) returned to Mahu2021
Mahu2021 collected 80 from pot
Mahu2021: doesn't show hand 
*** SUMMARY ***
Total pot 80 | Rake 0 
Seat 1: sgtmant (big blind) folded before Flop
Seat 3: Mahu2021 (button) (small blind) collected (80)



PokerStars Hand #248567578724: Tournament #3708444805, $1.84+$0.16 USD Hold'em No Limit - Level III (20/40) - 2024/01/29 18:44:23 CET [2024/01/29 12:44:23 ET]
Table '3708444805 1' 3-max Seat #1 is the button
Seat 1: sgtmant (940 in chips) 
Seat 3: Mahu2021 (560 in chips) 
sgtmant: posts small blind 20
Mahu2021: posts big blind 40
*** HOLE CARDS ***
Dealt to Mahu2021 [Jc 3c]
sgtmant: calls 20
Mahu2021: checks 
*** FLOP *** [Qh 5d 8s]
Mahu2021: checks 
sgtmant: bets 40
Mahu2021: folds 
Uncalled bet (40) returned to sgtmant
sgtmant collected 80 from pot
sgtmant: doesn't show hand 
*** SUMMARY ***
Total pot 80 | Rake 0 
Board [Qh 5d 8s]
Seat 1: sgtmant (button) (small blind) collected (80)
Seat 3: Mahu2021 (big blind) folded on the Flop



PokerStars Hand #248567582550: Tournament #3708444805, $1.84+$0.16 USD Hold'em No Limit - Level III (20/40) - 2024/01/29 18:44:35 CET [2024/01/29 12:44:35 ET]
Table '3708444805 1' 3-max Seat #3 is the button
Seat 1: sgtmant (980 in chips) 
Seat 3: Mahu2021 (520 in chips) 
Mahu2021: posts small blind 20
sgtmant: posts big blind 40
*** HOLE CARDS ***
Dealt to Mahu2021 [6d Ts]
Mahu2021: folds 
Uncalled bet (20) returned to sgtmant
sgtmant collected 40 from pot
sgtmant: doesn't show hand 
*** SUMMARY ***
Total pot 40 | Rake 0 
Seat 1: sgtmant (big blind) collected (40)
Seat 3: Mahu2021 (button) (small blind) folded before Flop



PokerStars Hand #248567583967: Tournament #3708444805, $1.84+$0.16 USD Hold'em No Limit - Level III (20/40) - 2024/01/29 18:44:39 CET [2024/01/29 12:44:39 ET]
Table '3708444805 1' 3-max Seat #1 is the button
Seat 1: sgtmant (1000 in chips) 
Seat 3: Mahu2021 (500 in chips) 
sgtmant: posts small blind 20
Mahu2021: posts big blind 40
*** HOLE CARDS ***
Dealt to Mahu2021 [4d 7s]
sgtmant: calls 20
Mahu2021: checks 
*** FLOP *** [9h Ts 6h]
Mahu2021: checks 
sgtmant: checks 
*** TURN *** [9h Ts 6h] [7h]
Mahu2021: bets 40
sgtmant: folds 
Uncalled bet (40) returned to Mahu2021
Mahu2021 collected 80 from pot
Mahu2021: doesn't show hand 
*** SUMMARY ***
Total pot 80 | Rake 0 
Board [9h Ts 6h 7h]
Seat 1: sgtmant (button) (small blind) folded on the Turn
Seat 3: Mahu2021 (big blind) collected (80)



PokerStars Hand #248567589198: Tournament #3708444805, $1.84+$0.16 USD Hold'em No Limit - Level III (20/40) - 2024/01/29 18:44:55 CET [2024/01/29 12:44:55 ET]
Table '3708444805 1' 3-max Seat #3 is the button
Seat 1: sgtmant (960 in chips) 
Seat 3: Mahu2021 (540 in chips) 
Mahu2021: posts small blind 20
sgtmant: posts big blind 40
*** HOLE CARDS ***
Dealt to Mahu2021 [2s 6s]
Mahu2021: folds 
Uncalled bet (20) returned to sgtmant
sgtmant collected 40 from pot
sgtmant: doesn't show hand 
*** SUMMARY ***
Total pot 40 | Rake 0 
Seat 1: sgtmant (big blind) collected (40)
Seat 3: Mahu2021 (button) (small blind) folded before Flop



PokerStars Hand #248567590625: Tournament #3708444805, $1.84+$0.16 USD Hold'em No Limit - Level III (20/40) - 2024/01/29 18:45:00 CET [2024/01/29 12:45:00 ET]
Table '3708444805 1' 3-max Seat #1 is the button
Seat 1: sgtmant (980 in chips) 
Seat 3: Mahu2021 (520 in chips) 
sgtmant: posts small blind 20
Mahu2021: posts big blind 40
*** HOLE CARDS ***
Dealt to Mahu2021 [8c Td]
sgtmant: raises 40 to 80
Mahu2021: folds 
Uncalled bet (40) returned to sgtmant
sgtmant collected 80 from pot
sgtmant: doesn't show hand 
*** SUMMARY ***
Total pot 80 | Rake 0 
Seat 1: sgtmant (button) (small blind) collected (80)
Seat 3: Mahu2021 (big blind) folded before Flop



PokerStars Hand #248567592632: Tournament #3708444805, $1.84+$0.16 USD Hold'em No Limit - Level III (20/40) - 2024/01/29 18:45:06 CET [2024/01/29 12:45:06 ET]
Table '3708444805 1' 3-max Seat #3 is the button
Seat 1: sgtmant (1020 in chips) 
Seat 3: Mahu2021 (480 in chips) 
Mahu2021: posts small blind 20
sgtmant: posts big blind 40
*** HOLE CARDS ***
Dealt to Mahu2021 [Qs Ks]
Mahu2021: raises 80 to 120
sgtmant: calls 80
*** FLOP *** [2c 7d Qc]
sgtmant: bets 80
Mahu2021: raises 280 to 360 and is all-in
sgtmant: calls 280
*** TURN *** [2c 7d Qc] [Ts]
*** RIVER *** [2c 7d Qc Ts] [3s]
*** SHOW DOWN ***
sgtmant: shows [Jh 7s] (a pair of Sevens)
Mahu2021: shows [Qs Ks] (a pair of Queens)
Mahu2021 collected 960 from pot
*** SUMMARY ***
Total pot 960 | Rake 0 
Board [2c 7d Qc Ts 3s]
Seat 1: sgtmant (big blind) showed [Jh 7s] and lost with a pair of Sevens
Seat 3: Mahu2021 (button) (small blind) showed [Qs Ks] and won (960) with a pair of Queens



PokerStars Hand #248567601254: Tournament #3708444805, $1.84+$0.16 USD Hold'em No Limit - Level IV (30/60) - 2024/01/29 18:45:32 CET [2024/01/29 12:45:32 ET]
Table '3708444805 1' 3-max Seat #1 is the button
Seat 1: sgtmant (540 in chips) 
Seat 3: Mahu2021 (960 in chips) 
sgtmant: posts small blind 30
Mahu2021: posts big blind 60
*** HOLE CARDS ***
Dealt to Mahu2021 [6h 5h]
sgtmant: calls 30
Mahu2021: checks 
*** FLOP *** [6s Jd 4h]
Mahu2021: bets 60
sgtmant: folds 
Uncalled bet (60) returned to Mahu2021
Mahu2021 collected 120 from pot
Mahu2021: doesn't show hand 
*** SUMMARY ***
Total pot 120 | Rake 0 
Board [6s Jd 4h]
Seat 1: sgtmant (button) (small blind) folded on the Flop
Seat 3: Mahu2021 (big blind) collected (120)



PokerStars Hand #248567606066: Tournament #3708444805, $1.84+$0.16 USD Hold'em No Limit - Level IV (30/60) - 2024/01/29 18:45:47 CET [2024/01/29 12:45:47 ET]
Table '3708444805 1' 3-max Seat #3 is the button
Seat 1: sgtmant (480 in chips) 
Seat 3: Mahu2021 (1020 in chips) 
Mahu2021: posts small blind 30
sgtmant: posts big blind 60
*** HOLE CARDS ***
Dealt to Mahu2021 [8c Kh]
Mahu2021: raises 60 to 120
sgtmant: folds 
Uncalled bet (60) returned to Mahu2021
Mahu2021 collected 120 from pot
Mahu2021: doesn't show hand 
*** SUMMARY ***
Total pot 120 | Rake 0 
Seat 1: sgtmant (big blind) folded before Flop
Seat 3: Mahu2021 (button) (small blind) collected (120)



PokerStars Hand #248567608587: Tournament #3708444805, $1.84+$0.16 USD Hold'em No Limit - Level IV (30/60) - 2024/01/29 18:45:55 CET [2024/01/29 12:45:55 ET]
Table '3708444805 1' 3-max Seat #1 is the button
Seat 1: sgtmant (420 in chips) 
Seat 3: Mahu2021 (1080 in chips) 
sgtmant: posts small blind 30
Mahu2021: posts big blind 60
*** HOLE CARDS ***
Dealt to Mahu2021 [6d 7d]
sgtmant: calls 30
Mahu2021: checks 
*** FLOP *** [2s Th Qh]
Mahu2021: checks 
sgtmant: checks 
*** TURN *** [2s Th Qh] [8d]
Mahu2021: checks 
sgtmant: bets 60
Mahu2021: folds 
Uncalled bet (60) returned to sgtmant
sgtmant collected 120 from pot
sgtmant: doesn't show hand 
*** SUMMARY ***
Total pot 120 | Rake 0 
Board [2s Th Qh 8d]
Seat 1: sgtmant (button) (small blind) collected (120)
Seat 3: Mahu2021 (big blind) folded on the Turn



PokerStars Hand #248567613157: Tournament #3708444805, $1.84+$0.16 USD Hold'em No Limit - Level IV (30/60) - 2024/01/29 18:46:09 CET [2024/01/29 12:46:09 ET]
Table '3708444805 1' 3-max Seat #3 is the button
Seat 1: sgtmant (480 in chips) 
Seat 3: Mahu2021 (1020 in chips) 
Mahu2021: posts small blind 30
sgtmant: posts big blind 60
*** HOLE CARDS ***
Dealt to Mahu2021 [Td 6c]
Mahu2021: folds 
Uncalled bet (30) returned to sgtmant
sgtmant collected 60 from pot
sgtmant: doesn't show hand 
*** SUMMARY ***
Total pot 60 | Rake 0 
Seat 1: sgtmant (big blind) collected (60)
Seat 3: Mahu2021 (button) (small blind) folded before Flop



PokerStars Hand #248567614593: Tournament #3708444805, $1.84+$0.16 USD Hold'em No Limit - Level IV (30/60) - 2024/01/29 18:46:13 CET [2024/01/29 12:46:13 ET]
Table '3708444805 1' 3-max Seat #1 is the button
Seat 1: sgtmant (510 in chips) 
Seat 3: Mahu2021 (990 in chips) 
sgtmant: posts small blind 30
Mahu2021: posts big blind 60
*** HOLE CARDS ***
Dealt to Mahu2021 [5s Td]
sgtmant: calls 30
Mahu2021: checks 
*** FLOP *** [8h Ac 4d]
Mahu2021: checks 
sgtmant: checks 
*** TURN *** [8h Ac 4d] [Js]
Mahu2021: checks 
sgtmant: checks 
*** RIVER *** [8h Ac 4d Js] [3h]
Mahu2021: bets 60
sgtmant: calls 60
*** SHOW DOWN ***
Mahu2021: shows [5s Td] (high card Ace)
sgtmant: shows [3c 9s] (a pair of Threes)
sgtmant collected 240 from pot
*** SUMMARY ***
Total pot 240 | Rake 0 
Board [8h Ac 4d Js 3h]
Seat 1: sgtmant (button) (small blind) showed [3c 9s] and won (240) with a pair of Threes
Seat 3: Mahu2021 (big blind) showed [5s Td] and lost with high card Ace



PokerStars Hand #248567620097: Tournament #3708444805, $1.84+$0.16 USD Hold'em No Limit - Level IV (30/60) - 2024/01/29 18:46:30 CET [2024/01/29 12:46:30 ET]
Table '3708444805 1' 3-max Seat #3 is the button
Seat 1: sgtmant (630 in chips) 
Seat 3: Mahu2021 (870 in chips) 
Mahu2021: posts small blind 30
sgtmant: posts big blind 60
*** HOLE CARDS ***
Dealt to Mahu2021 [3d 2d]
Mahu2021: calls 30
sgtmant: checks 
*** FLOP *** [4c 6h 8c]
sgtmant: checks 
Mahu2021: checks 
*** TURN *** [4c 6h 8c] [Tc]
sgtmant: checks 
Mahu2021: checks 
*** RIVER *** [4c 6h 8c Tc] [Kh]
sgtmant: checks 
Mahu2021: checks 
*** SHOW DOWN ***
sgtmant: shows [5d Qh] (high card King)
Mahu2021: mucks hand 
sgtmant collected 120 from pot
*** SUMMARY ***
Total pot 120 | Rake 0 
Board [4c 6h 8c Tc Kh]
Seat 1: sgtmant (big blind) showed [5d Qh] and won (120) with high card King
Seat 3: Mahu2021 (button) (small blind) mucked [3d 2d]



PokerStars Hand #248567629389: Tournament #3708444805, $1.84+$0.16 USD Hold'em No Limit - Level IV (30/60) - 2024/01/29 18:46:58 CET [2024/01/29 12:46:58 ET]
Table '3708444805 1' 3-max Seat #1 is the button
Seat 1: sgtmant (690 in chips) 
Seat 3: Mahu2021 (810 in chips) 
sgtmant: posts small blind 30
Mahu2021: posts big blind 60
*** HOLE CARDS ***
Dealt to Mahu2021 [4s 7h]
sgtmant: calls 30
Mahu2021: checks 
*** FLOP *** [3c 9c 3s]
Mahu2021: checks 
sgtmant: checks 
*** TURN *** [3c 9c 3s] [8c]
Mahu2021: checks 
sgtmant: bets 60
Mahu2021: folds 
Uncalled bet (60) returned to sgtmant
sgtmant collected 120 from pot
sgtmant: doesn't show hand 
*** SUMMARY ***
Total pot 120 | Rake 0 
Board [3c 9c 3s 8c]
Seat 1: sgtmant (button) (small blind) collected (120)
Seat 3: Mahu2021 (big blind) folded on the Turn



PokerStars Hand #248567634163: Tournament #3708444805, $1.84+$0.16 USD Hold'em No Limit - Level IV (30/60) - 2024/01/29 18:47:13 CET [2024/01/29 12:47:13 ET]
Table '3708444805 1' 3-max Seat #3 is the button
Seat 1: sgtmant (750 in chips) 
Seat 3: Mahu2021 (750 in chips) 
Mahu2021: posts small blind 30
sgtmant: posts big blind 60
*** HOLE CARDS ***
Dealt to Mahu2021 [As Qd]
Mahu2021: raises 120 to 180
sgtmant: folds 
Uncalled bet (120) returned to Mahu2021
Mahu2021 collected 120 from pot
Mahu2021: doesn't show hand 
*** SUMMARY ***
Total pot 120 | Rake 0 
Seat 1: sgtmant (big blind) folded before Flop
Seat 3: Mahu2021 (button) (small blind) collected (120)



PokerStars Hand #248567636438: Tournament #3708444805, $1.84+$0.16 USD Hold'em No Limit - Level IV (30/60) - 2024/01/29 18:47:20 CET [2024/01/29 12:47:20 ET]
Table '3708444805 1' 3-max Seat #1 is the button
Seat 1: sgtmant (690 in chips) 
Seat 3: Mahu2021 (810 in chips) 
sgtmant: posts small blind 30
Mahu2021: posts big blind 60
*** HOLE CARDS ***
Dealt to Mahu2021 [Qs 9h]
sgtmant: calls 30
Mahu2021: raises 120 to 180
sgtmant: calls 120
*** FLOP *** [5s Ad 5h]
Mahu2021: checks 
sgtmant: bets 60
Mahu2021: calls 60
*** TURN *** [5s Ad 5h] [9s]
Mahu2021: checks 
sgtmant: bets 450 and is all-in
Mahu2021: folds 
Uncalled bet (450) returned to sgtmant
sgtmant collected 480 from pot
sgtmant: doesn't show hand 
*** SUMMARY ***
Total pot 480 | Rake 0 
Board [5s Ad 5h 9s]
Seat 1: sgtmant (button) (small blind) collected (480)
Seat 3: Mahu2021 (big blind) folded on the Turn



PokerStars Hand #248567645350: Tournament #3708444805, $1.84+$0.16 USD Hold'em No Limit - Level IV (30/60) - 2024/01/29 18:47:47 CET [2024/01/29 12:47:47 ET]
Table '3708444805 1' 3-max Seat #3 is the button
Seat 1: sgtmant (930 in chips) 
Seat 3: Mahu2021 (570 in chips) 
Mahu2021: posts small blind 30
sgtmant: posts big blind 60
*** HOLE CARDS ***
Dealt to Mahu2021 [9c 5d]
Mahu2021: folds 
Uncalled bet (30) returned to sgtmant
sgtmant collected 60 from pot
sgtmant: doesn't show hand 
*** SUMMARY ***
Total pot 60 | Rake 0 
Seat 1: sgtmant (big blind) collected (60)
Seat 3: Mahu2021 (button) (small blind) folded before Flop



PokerStars Hand #248567646794: Tournament #3708444805, $1.84+$0.16 USD Hold'em No Limit - Level IV (30/60) - 2024/01/29 18:47:52 CET [2024/01/29 12:47:52 ET]
Table '3708444805 1' 3-max Seat #1 is the button
Seat 1: sgtmant (960 in chips) 
Seat 3: Mahu2021 (540 in chips) 
sgtmant: posts small blind 30
Mahu2021: posts big blind 60
*** HOLE CARDS ***
Dealt to Mahu2021 [8h Js]
sgtmant: raises 60 to 120
Mahu2021: calls 60
*** FLOP *** [2s 3c 7s]
Mahu2021: checks 
sgtmant: bets 120
Mahu2021: folds 
Uncalled bet (120) returned to sgtmant
sgtmant collected 240 from pot
sgtmant: doesn't show hand 
*** SUMMARY ***
Total pot 240 | Rake 0 
Board [2s 3c 7s]
Seat 1: sgtmant (button) (small blind) collected (240)
Seat 3: Mahu2021 (big blind) folded on the Flop



PokerStars Hand #248567650695: Tournament #3708444805, $1.84+$0.16 USD Hold'em No Limit - Level IV (30/60) - 2024/01/29 18:48:04 CET [2024/01/29 12:48:04 ET]
Table '3708444805 1' 3-max Seat #3 is the button
Seat 1: sgtmant (1080 in chips) 
Seat 3: Mahu2021 (420 in chips) 
Mahu2021: posts small blind 30
sgtmant: posts big blind 60
*** HOLE CARDS ***
Dealt to Mahu2021 [Td 9s]
Mahu2021: calls 30
sgtmant: checks 
*** FLOP *** [Ac 4d 5c]
sgtmant: bets 60
Mahu2021: folds 
Uncalled bet (60) returned to sgtmant
sgtmant collected 120 from pot
sgtmant: doesn't show hand 
*** SUMMARY ***
Total pot 120 | Rake 0 
Board [Ac 4d 5c]
Seat 1: sgtmant (big blind) collected (120)
Seat 3: Mahu2021 (button) (small blind) folded on the Flop



PokerStars Hand #248567654220: Tournament #3708444805, $1.84+$0.16 USD Hold'em No Limit - Level IV (30/60) - 2024/01/29 18:48:15 CET [2024/01/29 12:48:15 ET]
Table '3708444805 1' 3-max Seat #1 is the button
Seat 1: sgtmant (1140 in chips) 
Seat 3: Mahu2021 (360 in chips) 
sgtmant: posts small blind 30
Mahu2021: posts big blind 60
*** HOLE CARDS ***
Dealt to Mahu2021 [9h Td]
sgtmant: calls 30
Mahu2021: checks 
*** FLOP *** [9d 9s Ts]
Mahu2021: checks 
sgtmant: checks 
*** TURN *** [9d 9s Ts] [6d]
Mahu2021: checks 
sgtmant: checks 
*** RIVER *** [9d 9s Ts 6d] [6c]
Mahu2021: bets 300 and is all-in
sgtmant: folds 
Uncalled bet (300) returned to Mahu2021
Mahu2021 collected 120 from pot
Mahu2021: doesn't show hand 
*** SUMMARY ***
Total pot 120 | Rake 0 
Board [9d 9s Ts 6d 6c]
Seat 1: sgtmant (button) (small blind) folded on the River
Seat 3: Mahu2021 (big blind) collected (120)



PokerStars Hand #248567660866: Tournament #3708444805, $1.84+$0.16 USD Hold'em No Limit - Level V (40/80) - 2024/01/29 18:48:35 CET [2024/01/29 12:48:35 ET]
Table '3708444805 1' 3-max Seat #3 is the button
Seat 1: sgtmant (1080 in chips) 
Seat 3: Mahu2021 (420 in chips) 
Mahu2021: posts small blind 40
sgtmant: posts big blind 80
*** HOLE CARDS ***
Dealt to Mahu2021 [8d 5s]
Mahu2021: folds 
Uncalled bet (40) returned to sgtmant
sgtmant collected 80 from pot
sgtmant: doesn't show hand 
*** SUMMARY ***
Total pot 80 | Rake 0 
Seat 1: sgtmant (big blind) collected (80)
Seat 3: Mahu2021 (button) (small blind) folded before Flop



PokerStars Hand #248567662402: Tournament #3708444805, $1.84+$0.16 USD Hold'em No Limit - Level V (40/80) - 2024/01/29 18:48:40 CET [2024/01/29 12:48:40 ET]
Table '3708444805 1' 3-max Seat #1 is the button
Seat 1: sgtmant (1120 in chips) 
Seat 3: Mahu2021 (380 in chips) 
sgtmant: posts small blind 40
Mahu2021: posts big blind 80
*** HOLE CARDS ***
Dealt to Mahu2021 [4s 3d]
sgtmant: folds 
Uncalled bet (40) returned to Mahu2021
Mahu2021 collected 80 from pot
Mahu2021: doesn't show hand 
*** SUMMARY ***
Total pot 80 | Rake 0 
Seat 1: sgtmant (button) (small blind) folded before Flop
Seat 3: Mahu2021 (big blind) collected (80)



PokerStars Hand #248567664040: Tournament #3708444805, $1.84+$0.16 USD Hold'em No Limit - Level V (40/80) - 2024/01/29 18:48:45 CET [2024/01/29 12:48:45 ET]
Table '3708444805 1' 3-max Seat #3 is the button
Seat 1: sgtmant (1080 in chips) 
Seat 3: Mahu2021 (420 in chips) 
Mahu2021: posts small blind 40
sgtmant: posts big blind 80
*** HOLE CARDS ***
Dealt to Mahu2021 [4s 8d]
Mahu2021: folds 
Uncalled bet (40) returned to sgtmant
sgtmant collected 80 from pot
sgtmant: doesn't show hand 
*** SUMMARY ***
Total pot 80 | Rake 0 
Seat 1: sgtmant (big blind) collected (80)
Seat 3: Mahu2021 (button) (small blind) folded before Flop



PokerStars Hand #248567665482: Tournament #3708444805, $1.84+$0.16 USD Hold'em No Limit - Level V (40/80) - 2024/01/29 18:48:49 CET [2024/01/29 12:48:49 ET]
Table '3708444805 1' 3-max Seat #1 is the button
Seat 1: sgtmant (1120 in chips) 
Seat 3: Mahu2021 (380 in chips) 
sgtmant: posts small blind 40
Mahu2021: posts big blind 80
*** HOLE CARDS ***
Dealt to Mahu2021 [9c 3s]
sgtmant: calls 40
Mahu2021: checks 
*** FLOP *** [Kd 5c Jc]
Mahu2021: checks 
sgtmant: checks 
*** TURN *** [Kd 5c Jc] [2c]
Mahu2021: checks 
sgtmant: checks 
*** RIVER *** [Kd 5c Jc 2c] [8s]
Mahu2021: checks 
sgtmant: checks 
*** SHOW DOWN ***
Mahu2021: shows [9c 3s] (high card King)
sgtmant: shows [5d 3h] (a pair of Fives)
sgtmant collected 160 from pot
*** SUMMARY ***
Total pot 160 | Rake 0 
Board [Kd 5c Jc 2c 8s]
Seat 1: sgtmant (button) (small blind) showed [5d 3h] and won (160) with a pair of Fives
Seat 3: Mahu2021 (big blind) showed [9c 3s] and lost with high card King



PokerStars Hand #248567670822: Tournament #3708444805, $1.84+$0.16 USD Hold'em No Limit - Level V (40/80) - 2024/01/29 18:49:06 CET [2024/01/29 12:49:06 ET]
Table '3708444805 1' 3-max Seat #3 is the button
Seat 1: sgtmant (1200 in chips) 
Seat 3: Mahu2021 (300 in chips) 
Mahu2021: posts small blind 40
sgtmant: posts big blind 80
*** HOLE CARDS ***
Dealt to Mahu2021 [Ad Qc]
Mahu2021: raises 80 to 160
sgtmant: calls 80
*** FLOP *** [3d Jd Qs]
sgtmant: checks 
Mahu2021: bets 140 and is all-in
sgtmant: folds 
Uncalled bet (140) returned to Mahu2021
Mahu2021 collected 320 from pot
Mahu2021: doesn't show hand 
*** SUMMARY ***
Total pot 320 | Rake 0 
Board [3d Jd Qs]
Seat 1: sgtmant (big blind) folded on the Flop
Seat 3: Mahu2021 (button) (small blind) collected (320)



PokerStars Hand #248567677867: Tournament #3708444805, $1.84+$0.16 USD Hold'em No Limit - Level V (40/80) - 2024/01/29 18:49:27 CET [2024/01/29 12:49:27 ET]
Table '3708444805 1' 3-max Seat #1 is the button
Seat 1: sgtmant (1040 in chips) 
Seat 3: Mahu2021 (460 in chips) 
sgtmant: posts small blind 40
Mahu2021: posts big blind 80
*** HOLE CARDS ***
Dealt to Mahu2021 [Jh Td]
sgtmant: calls 40
Mahu2021: checks 
*** FLOP *** [8c 2d 3s]
Mahu2021: checks 
sgtmant: checks 
*** TURN *** [8c 2d 3s] [2c]
Mahu2021: checks 
sgtmant: checks 
*** RIVER *** [8c 2d 3s 2c] [7h]
Mahu2021: checks 
sgtmant: checks 
*** SHOW DOWN ***
Mahu2021: shows [Jh Td] (a pair of Deuces)
sgtmant: shows [6s Qc] (a pair of Deuces - Queen kicker)
sgtmant collected 160 from pot
*** SUMMARY ***
Total pot 160 | Rake 0 
Board [8c 2d 3s 2c 7h]
Seat 1: sgtmant (button) (small blind) showed [6s Qc] and won (160) with a pair of Deuces
Seat 3: Mahu2021 (big blind) showed [Jh Td] and lost with a pair of Deuces



PokerStars Hand #248567683256: Tournament #3708444805, $1.84+$0.16 USD Hold'em No Limit - Level V (40/80) - 2024/01/29 18:49:44 CET [2024/01/29 12:49:44 ET]
Table '3708444805 1' 3-max Seat #3 is the button
Seat 1: sgtmant (1120 in chips) 
Seat 3: Mahu2021 (380 in chips) 
Mahu2021: posts small blind 40
sgtmant: posts big blind 80
*** HOLE CARDS ***
Dealt to Mahu2021 [9s 6s]
Mahu2021: calls 40
sgtmant: checks 
*** FLOP *** [3d Ts Th]
sgtmant: checks 
Mahu2021: checks 
*** TURN *** [3d Ts Th] [4d]
sgtmant: bets 80
Mahu2021: folds 
Uncalled bet (80) returned to sgtmant
sgtmant collected 160 from pot
sgtmant: doesn't show hand 
*** SUMMARY ***
Total pot 160 | Rake 0 
Board [3d Ts Th 4d]
Seat 1: sgtmant (big blind) collected (160)
Seat 3: Mahu2021 (button) (small blind) folded on the Turn



PokerStars Hand #248567688511: Tournament #3708444805, $1.84+$0.16 USD Hold'em No Limit - Level V (40/80) - 2024/01/29 18:50:00 CET [2024/01/29 12:50:00 ET]
Table '3708444805 1' 3-max Seat #1 is the button
Seat 1: sgtmant (1200 in chips) 
Seat 3: Mahu2021 (300 in chips) 
sgtmant: posts small blind 40
Mahu2021: posts big blind 80
*** HOLE CARDS ***
Dealt to Mahu2021 [6s Qd]
sgtmant: calls 40
Mahu2021: raises 220 to 300 and is all-in
sgtmant: calls 220
*** FLOP *** [7s 4h 4c]
*** TURN *** [7s 4h 4c] [4d]
*** RIVER *** [7s 4h 4c 4d] [8d]
*** SHOW DOWN ***
Mahu2021: shows [6s Qd] (three of a kind, Fours)
sgtmant: shows [Ad 4s] (four of a kind, Fours)
sgtmant collected 600 from pot
Mahu2021 finished the tournament in 2nd place
sgtmant wins the tournament and receives $6.00 - congratulations!
*** SUMMARY ***
Total pot 600 | Rake 0 
Board [7s 4h 4c 4d 8d]
Seat 1: sgtmant (button) (small blind) showed [Ad 4s] and won (600) with four of a kind, Fours
Seat 3: Mahu2021 (big blind) showed [6s Qd] and lost with three of a kind, Fours



