PokerStars Hand #253313897069: Tournament #3821470693, $1.84+$0.16 USD Hold'em No Limit - Level I (10/20) - 2024/11/08 20:24:38 CET [2024/11/08 14:24:38 ET]
Table '3821470693 1' 3-max Seat #1 is the button
Seat 1: kozy7324 (500 in chips) 
Seat 2: Mahu2021 (500 in chips) 
Seat 3: ageuns2013 (500 in chips) 
Mahu2021: posts small blind 10
ageuns2013: posts big blind 20
*** HOLE CARDS ***
Dealt to Mahu2021 [6c Kd]
kozy7324: calls 20
Mahu2021: calls 10
ageuns2013: checks 
*** FLOP *** [Qs 8c 3h]
Mahu2021: checks 
ageuns2013: checks 
kozy7324: checks 
*** TURN *** [Qs 8c 3h] [3s]
Mahu2021: checks 
ageuns2013: checks 
kozy7324: checks 
*** RIVER *** [Qs 8c 3h 3s] [5h]
Mahu2021: checks 
ageuns2013: bets 60
kozy7324: calls 60
Mahu2021: folds 
*** SHOW DOWN ***
ageuns2013: shows [8d 7s] (two pair, Eights and Threes)
kozy7324: mucks hand 
ageuns2013 collected 180 from pot
*** SUMMARY ***
Total pot 180 | Rake 0 
Board [Qs 8c 3h 3s 5h]
Seat 1: kozy7324 (button) mucked [5c Tc]
Seat 2: Mahu2021 (small blind) folded on the River
Seat 3: ageuns2013 (big blind) showed [8d 7s] and won (180) with two pair, Eights and Threes



PokerStars Hand #253313902560: Tournament #3821470693, $1.84+$0.16 USD Hold'em No Limit - Level I (10/20) - 2024/11/08 20:24:59 CET [2024/11/08 14:24:59 ET]
Table '3821470693 1' 3-max Seat #2 is the button
Seat 1: kozy7324 (420 in chips) 
Seat 2: Mahu2021 (480 in chips) 
Seat 3: ageuns2013 (600 in chips) 
ageuns2013: posts small blind 10
kozy7324: posts big blind 20
*** HOLE CARDS ***
Dealt to Mahu2021 [Qh 5h]
Mahu2021: raises 20 to 40
ageuns2013: folds 
kozy7324: folds 
Uncalled bet (20) returned to Mahu2021
Mahu2021 collected 50 from pot
Mahu2021: doesn't show hand 
*** SUMMARY ***
Total pot 50 | Rake 0 
Seat 1: kozy7324 (big blind) folded before Flop
Seat 2: Mahu2021 (button) collected (50)
Seat 3: ageuns2013 (small blind) folded before Flop



PokerStars Hand #253313904253: Tournament #3821470693, $1.84+$0.16 USD Hold'em No Limit - Level I (10/20) - 2024/11/08 20:25:05 CET [2024/11/08 14:25:05 ET]
Table '3821470693 1' 3-max Seat #3 is the button
Seat 1: kozy7324 (400 in chips) 
Seat 2: Mahu2021 (510 in chips) 
Seat 3: ageuns2013 (590 in chips) 
kozy7324: posts small blind 10
Mahu2021: posts big blind 20
*** HOLE CARDS ***
Dealt to Mahu2021 [Js 4c]
ageuns2013: folds 
kozy7324: calls 10
Mahu2021: checks 
*** FLOP *** [2h 4h 6s]
kozy7324: checks 
Mahu2021: bets 40
kozy7324: raises 120 to 160
Mahu2021: folds 
Uncalled bet (120) returned to kozy7324
kozy7324 collected 120 from pot
*** SUMMARY ***
Total pot 120 | Rake 0 
Board [2h 4h 6s]
Seat 1: kozy7324 (small blind) collected (120)
Seat 2: Mahu2021 (big blind) folded on the Flop
Seat 3: ageuns2013 (button) folded before Flop (didn't bet)



PokerStars Hand #253313909077: Tournament #3821470693, $1.84+$0.16 USD Hold'em No Limit - Level I (10/20) - 2024/11/08 20:25:22 CET [2024/11/08 14:25:22 ET]
Table '3821470693 1' 3-max Seat #1 is the button
Seat 1: kozy7324 (460 in chips) 
Seat 2: Mahu2021 (450 in chips) 
Seat 3: ageuns2013 (590 in chips) 
Mahu2021: posts small blind 10
ageuns2013: posts big blind 20
*** HOLE CARDS ***
Dealt to Mahu2021 [7d Qc]
kozy7324: calls 20
Mahu2021: calls 10
ageuns2013: checks 
*** FLOP *** [9h Ac 2d]
Mahu2021: checks 
ageuns2013: checks 
kozy7324: bets 30
Mahu2021: folds 
ageuns2013: folds 
Uncalled bet (30) returned to kozy7324
kozy7324 collected 60 from pot
*** SUMMARY ***
Total pot 60 | Rake 0 
Board [9h Ac 2d]
Seat 1: kozy7324 (button) collected (60)
Seat 2: Mahu2021 (small blind) folded on the Flop
Seat 3: ageuns2013 (big blind) folded on the Flop



PokerStars Hand #253313913950: Tournament #3821470693, $1.84+$0.16 USD Hold'em No Limit - Level I (10/20) - 2024/11/08 20:25:40 CET [2024/11/08 14:25:40 ET]
Table '3821470693 1' 3-max Seat #2 is the button
Seat 1: kozy7324 (500 in chips) 
Seat 2: Mahu2021 (430 in chips) 
Seat 3: ageuns2013 (570 in chips) 
ageuns2013: posts small blind 10
kozy7324: posts big blind 20
*** HOLE CARDS ***
Dealt to Mahu2021 [Ac Jh]
Mahu2021: raises 20 to 40
ageuns2013: folds 
kozy7324: raises 90 to 130
Mahu2021: raises 300 to 430 and is all-in
kozy7324: calls 300
*** FLOP *** [5c 9d 8s]
*** TURN *** [5c 9d 8s] [Ah]
*** RIVER *** [5c 9d 8s Ah] [3d]
*** SHOW DOWN ***
kozy7324: shows [As Ks] (a pair of Aces)
Mahu2021: shows [Ac Jh] (a pair of Aces - lower kicker)
kozy7324 collected 870 from pot
Mahu2021 finished the tournament in 3rd place
*** SUMMARY ***
Total pot 870 | Rake 0 
Board [5c 9d 8s Ah 3d]
Seat 1: kozy7324 (big blind) showed [As Ks] and won (870) with a pair of Aces
Seat 2: Mahu2021 (button) showed [Ac Jh] and lost with a pair of Aces
Seat 3: ageuns2013 (small blind) folded before Flop



