PokerStars Hand #247492453521: Tournament #3682382149, $1.84+$0.16 USD Hold'em No Limit - Level I (10/20) - 2023/12/05 18:26:16 CET [2023/12/05 12:26:16 ET]
Table '3682382149 1' 3-max Seat #1 is the button
Seat 1: Mahu2021 (500 in chips) 
Seat 2: selectgordo (500 in chips) 
Seat 3: csabadeak (500 in chips) 
selectgordo: posts small blind 10
csabadeak: posts big blind 20
*** HOLE CARDS ***
Dealt to Mahu2021 [Tc Ad]
Mahu2021: raises 20 to 40
selectgordo: calls 30
csabadeak: folds 
*** FLOP *** [3c 9h 2h]
selectgordo: checks 
Mahu2021: checks 
*** TURN *** [3c 9h 2h] [3s]
selectgordo: bets 60
Mahu2021: folds 
Uncalled bet (60) returned to selectgordo
selectgordo collected 100 from pot
selectgordo: doesn't show hand 
*** SUMMARY ***
Total pot 100 | Rake 0 
Board [3c 9h 2h 3s]
Seat 1: Mahu2021 (button) folded on the Turn
Seat 2: selectgordo (small blind) collected (100)
Seat 3: csabadeak (big blind) folded before Flop



PokerStars Hand #247492465701: Tournament #3682382149, $1.84+$0.16 USD Hold'em No Limit - Level I (10/20) - 2023/12/05 18:26:54 CET [2023/12/05 12:26:54 ET]
Table '3682382149 1' 3-max Seat #2 is the button
Seat 1: Mahu2021 (460 in chips) 
Seat 2: selectgordo (560 in chips) 
Seat 3: csabadeak (480 in chips) 
csabadeak: posts small blind 10
Mahu2021: posts big blind 20
*** HOLE CARDS ***
Dealt to Mahu2021 [2d Jh]
selectgordo: calls 20
csabadeak: folds 
Mahu2021: checks 
*** FLOP *** [7c 3c 2c]
Mahu2021: checks 
selectgordo: bets 20
Mahu2021: calls 20
*** TURN *** [7c 3c 2c] [9c]
Mahu2021: checks 
selectgordo: bets 40
Mahu2021: folds 
Uncalled bet (40) returned to selectgordo
selectgordo collected 90 from pot
selectgordo: doesn't show hand 
*** SUMMARY ***
Total pot 90 | Rake 0 
Board [7c 3c 2c 9c]
Seat 1: Mahu2021 (big blind) folded on the Turn
Seat 2: selectgordo (button) collected (90)
Seat 3: csabadeak (small blind) folded before Flop



PokerStars Hand #247492471939: Tournament #3682382149, $1.84+$0.16 USD Hold'em No Limit - Level I (10/20) - 2023/12/05 18:27:14 CET [2023/12/05 12:27:14 ET]
Table '3682382149 1' 3-max Seat #3 is the button
Seat 1: Mahu2021 (420 in chips) 
Seat 2: selectgordo (610 in chips) 
Seat 3: csabadeak (470 in chips) 
Mahu2021: posts small blind 10
selectgordo: posts big blind 20
*** HOLE CARDS ***
Dealt to Mahu2021 [8c Jd]
csabadeak: raises 20 to 40
Mahu2021: folds 
selectgordo: calls 20
*** FLOP *** [9d 5h Th]
selectgordo: checks 
csabadeak: bets 30
selectgordo: folds 
Uncalled bet (30) returned to csabadeak
csabadeak collected 90 from pot
csabadeak: doesn't show hand 
*** SUMMARY ***
Total pot 90 | Rake 0 
Board [9d 5h Th]
Seat 1: Mahu2021 (small blind) folded before Flop
Seat 2: selectgordo (big blind) folded on the Flop
Seat 3: csabadeak (button) collected (90)



PokerStars Hand #247492481715: Tournament #3682382149, $1.84+$0.16 USD Hold'em No Limit - Level I (10/20) - 2023/12/05 18:27:46 CET [2023/12/05 12:27:46 ET]
Table '3682382149 1' 3-max Seat #1 is the button
Seat 1: Mahu2021 (410 in chips) 
Seat 2: selectgordo (570 in chips) 
Seat 3: csabadeak (520 in chips) 
selectgordo: posts small blind 10
csabadeak: posts big blind 20
*** HOLE CARDS ***
Dealt to Mahu2021 [9h 7c]
Mahu2021: folds 
selectgordo: calls 10
csabadeak: raises 500 to 520 and is all-in
selectgordo: calls 500
*** FLOP *** [5d Kc 5s]
*** TURN *** [5d Kc 5s] [2c]
*** RIVER *** [5d Kc 5s 2c] [Qc]
*** SHOW DOWN ***
selectgordo: shows [4d 4s] (two pair, Fives and Fours)
csabadeak: shows [As 2h] (two pair, Fives and Deuces)
selectgordo collected 1040 from pot
csabadeak finished the tournament in 3rd place
*** SUMMARY ***
Total pot 1040 | Rake 0 
Board [5d Kc 5s 2c Qc]
Seat 1: Mahu2021 (button) folded before Flop (didn't bet)
Seat 2: selectgordo (small blind) showed [4d 4s] and won (1040) with two pair, Fives and Fours
Seat 3: csabadeak (big blind) showed [As 2h] and lost with two pair, Fives and Deuces



PokerStars Hand #247492492722: Tournament #3682382149, $1.84+$0.16 USD Hold'em No Limit - Level II (15/30) - 2023/12/05 18:28:21 CET [2023/12/05 12:28:21 ET]
Table '3682382149 1' 3-max Seat #2 is the button
Seat 1: Mahu2021 (410 in chips) 
Seat 2: selectgordo (1090 in chips) 
selectgordo: posts small blind 15
Mahu2021: posts big blind 30
*** HOLE CARDS ***
Dealt to Mahu2021 [9d 5d]
selectgordo: calls 15
Mahu2021: checks 
*** FLOP *** [9s Tc 6d]
Mahu2021: checks 
selectgordo: bets 60
Mahu2021: calls 60
*** TURN *** [9s Tc 6d] [6c]
Mahu2021: checks 
selectgordo: bets 90
Mahu2021: calls 90
*** RIVER *** [9s Tc 6d 6c] [Qh]
Mahu2021: checks 
selectgordo: bets 60
Mahu2021: calls 60
*** SHOW DOWN ***
selectgordo: shows [Th Ad] (two pair, Tens and Sixes)
Mahu2021: mucks hand 
selectgordo collected 480 from pot
*** SUMMARY ***
Total pot 480 | Rake 0 
Board [9s Tc 6d 6c Qh]
Seat 1: Mahu2021 (big blind) mucked [9d 5d]
Seat 2: selectgordo (button) (small blind) showed [Th Ad] and won (480) with two pair, Tens and Sixes



PokerStars Hand #247492500986: Tournament #3682382149, $1.84+$0.16 USD Hold'em No Limit - Level II (15/30) - 2023/12/05 18:28:48 CET [2023/12/05 12:28:48 ET]
Table '3682382149 1' 3-max Seat #1 is the button
Seat 1: Mahu2021 (170 in chips) 
Seat 2: selectgordo (1330 in chips) 
Mahu2021: posts small blind 15
selectgordo: posts big blind 30
*** HOLE CARDS ***
Dealt to Mahu2021 [Kh 8c]
Mahu2021: raises 140 to 170 and is all-in
selectgordo: folds 
Uncalled bet (140) returned to Mahu2021
Mahu2021 collected 60 from pot
Mahu2021: doesn't show hand 
*** SUMMARY ***
Total pot 60 | Rake 0 
Seat 1: Mahu2021 (button) (small blind) collected (60)
Seat 2: selectgordo (big blind) folded before Flop



PokerStars Hand #247492503297: Tournament #3682382149, $1.84+$0.16 USD Hold'em No Limit - Level II (15/30) - 2023/12/05 18:28:55 CET [2023/12/05 12:28:55 ET]
Table '3682382149 1' 3-max Seat #2 is the button
Seat 1: Mahu2021 (200 in chips) 
Seat 2: selectgordo (1300 in chips) 
selectgordo: posts small blind 15
Mahu2021: posts big blind 30
*** HOLE CARDS ***
Dealt to Mahu2021 [5c 8c]
selectgordo: calls 15
Mahu2021: checks 
*** FLOP *** [7s 9s 4h]
Mahu2021: checks 
selectgordo: checks 
*** TURN *** [7s 9s 4h] [9d]
Mahu2021: checks 
selectgordo: checks 
*** RIVER *** [7s 9s 4h 9d] [4d]
Mahu2021: checks 
selectgordo: checks 
*** SHOW DOWN ***
Mahu2021: shows [5c 8c] (two pair, Nines and Fours)
selectgordo: shows [Tc 3s] (two pair, Nines and Fours - Ten kicker)
selectgordo collected 60 from pot
*** SUMMARY ***
Total pot 60 | Rake 0 
Board [7s 9s 4h 9d 4d]
Seat 1: Mahu2021 (big blind) showed [5c 8c] and lost with two pair, Nines and Fours
Seat 2: selectgordo (button) (small blind) showed [Tc 3s] and won (60) with two pair, Nines and Fours



PokerStars Hand #247492508436: Tournament #3682382149, $1.84+$0.16 USD Hold'em No Limit - Level II (15/30) - 2023/12/05 18:29:11 CET [2023/12/05 12:29:11 ET]
Table '3682382149 1' 3-max Seat #1 is the button
Seat 1: Mahu2021 (170 in chips) 
Seat 2: selectgordo (1330 in chips) 
Mahu2021: posts small blind 15
selectgordo: posts big blind 30
*** HOLE CARDS ***
Dealt to Mahu2021 [Jh Ac]
Mahu2021: raises 30 to 60
selectgordo: calls 30
*** FLOP *** [4d Jc Ks]
selectgordo: checks 
Mahu2021: bets 110 and is all-in
selectgordo: folds 
Uncalled bet (110) returned to Mahu2021
Mahu2021 collected 120 from pot
Mahu2021: doesn't show hand 
*** SUMMARY ***
Total pot 120 | Rake 0 
Board [4d Jc Ks]
Seat 1: Mahu2021 (button) (small blind) collected (120)
Seat 2: selectgordo (big blind) folded on the Flop



PokerStars Hand #247492512360: Tournament #3682382149, $1.84+$0.16 USD Hold'em No Limit - Level II (15/30) - 2023/12/05 18:29:24 CET [2023/12/05 12:29:24 ET]
Table '3682382149 1' 3-max Seat #2 is the button
Seat 1: Mahu2021 (230 in chips) 
Seat 2: selectgordo (1270 in chips) 
selectgordo: posts small blind 15
Mahu2021: posts big blind 30
*** HOLE CARDS ***
Dealt to Mahu2021 [Qh 9c]
selectgordo: calls 15
Mahu2021: checks 
*** FLOP *** [8d Ad 8c]
Mahu2021: checks 
selectgordo: bets 90
Mahu2021: folds 
Uncalled bet (90) returned to selectgordo
selectgordo collected 60 from pot
selectgordo: doesn't show hand 
*** SUMMARY ***
Total pot 60 | Rake 0 
Board [8d Ad 8c]
Seat 1: Mahu2021 (big blind) folded on the Flop
Seat 2: selectgordo (button) (small blind) collected (60)



PokerStars Hand #247492515846: Tournament #3682382149, $1.84+$0.16 USD Hold'em No Limit - Level II (15/30) - 2023/12/05 18:29:36 CET [2023/12/05 12:29:36 ET]
Table '3682382149 1' 3-max Seat #1 is the button
Seat 1: Mahu2021 (200 in chips) 
Seat 2: selectgordo (1300 in chips) 
Mahu2021: posts small blind 15
selectgordo: posts big blind 30
*** HOLE CARDS ***
Dealt to Mahu2021 [3c 8s]
Mahu2021: folds 
Uncalled bet (15) returned to selectgordo
selectgordo collected 30 from pot
selectgordo: doesn't show hand 
*** SUMMARY ***
Total pot 30 | Rake 0 
Seat 1: Mahu2021 (button) (small blind) folded before Flop
Seat 2: selectgordo (big blind) collected (30)



PokerStars Hand #247492517210: Tournament #3682382149, $1.84+$0.16 USD Hold'em No Limit - Level II (15/30) - 2023/12/05 18:29:40 CET [2023/12/05 12:29:40 ET]
Table '3682382149 1' 3-max Seat #2 is the button
Seat 1: Mahu2021 (185 in chips) 
Seat 2: selectgordo (1315 in chips) 
selectgordo: posts small blind 15
Mahu2021: posts big blind 30
*** HOLE CARDS ***
Dealt to Mahu2021 [Kh 3c]
selectgordo: calls 15
Mahu2021: checks 
*** FLOP *** [4h 8h Ah]
Mahu2021: checks 
selectgordo: checks 
*** TURN *** [4h 8h Ah] [6d]
Mahu2021: bets 60
selectgordo: calls 60
*** RIVER *** [4h 8h Ah 6d] [As]
Mahu2021: bets 95 and is all-in
selectgordo: calls 95
*** SHOW DOWN ***
Mahu2021: shows [Kh 3c] (a pair of Aces)
selectgordo: shows [Ts 6c] (two pair, Aces and Sixes)
selectgordo collected 370 from pot
Mahu2021 finished the tournament in 2nd place
selectgordo wins the tournament and receives $4.00 - congratulations!
*** SUMMARY ***
Total pot 370 | Rake 0 
Board [4h 8h Ah 6d As]
Seat 1: Mahu2021 (big blind) showed [Kh 3c] and lost with a pair of Aces
Seat 2: selectgordo (button) (small blind) showed [Ts 6c] and won (370) with two pair, Aces and Sixes



