PokerStars Hand #254543345523: Tournament #3851394546, $4.60+$0.40 USD Hold'em No Limit - Level I (10/20) - 2025/01/25 11:35:48 CET [2025/01/25 5:35:48 ET]
Table '3851394546 1' 3-max Seat #1 is the button
Seat 1: Spencer158 (500 in chips) 
Seat 2: Mahu2021 (500 in chips) 
Seat 3: dj8an (500 in chips) 
Mahu2021: posts small blind 10
dj8an: posts big blind 20
*** HOLE CARDS ***
Dealt to Mahu2021 [Td 6d]
Spencer158: folds 
Mahu2021: calls 10
dj8an: checks 
*** FLOP *** [5h As Jc]
Mahu2021: checks 
dj8an: bets 20
Mahu2021: folds 
Uncalled bet (20) returned to dj8an
dj8an collected 40 from pot
*** SUMMARY ***
Total pot 40 | Rake 0 
Board [5h As Jc]
Seat 1: Spencer158 (button) folded before Flop (didn't bet)
Seat 2: Mahu2021 (small blind) folded on the Flop
Seat 3: dj8an (big blind) collected (40)



PokerStars Hand #254543347752: Tournament #3851394546, $4.60+$0.40 USD Hold'em No Limit - Level I (10/20) - 2025/01/25 11:36:07 CET [2025/01/25 5:36:07 ET]
Table '3851394546 1' 3-max Seat #2 is the button
Seat 1: Spencer158 (500 in chips) 
Seat 2: Mahu2021 (480 in chips) 
Seat 3: dj8an (520 in chips) 
dj8an: posts small blind 10
Spencer158: posts big blind 20
*** HOLE CARDS ***
Dealt to Mahu2021 [6c 4d]
Mahu2021: folds 
dj8an: calls 10
Spencer158: checks 
*** FLOP *** [5d Ad Td]
dj8an: bets 20
Spencer158: calls 20
*** TURN *** [5d Ad Td] [2d]
dj8an: bets 40
Spencer158: calls 40
*** RIVER *** [5d Ad Td 2d] [9h]
dj8an: bets 80
Spencer158: calls 80
*** SHOW DOWN ***
dj8an: shows [Qc 5c] (a pair of Fives)
Spencer158: shows [9c 8d] (a flush, Ace high)
Spencer158 collected 320 from pot
*** SUMMARY ***
Total pot 320 | Rake 0 
Board [5d Ad Td 2d 9h]
Seat 1: Spencer158 (big blind) showed [9c 8d] and won (320) with a flush, Ace high
Seat 2: Mahu2021 (button) folded before Flop (didn't bet)
Seat 3: dj8an (small blind) showed [Qc 5c] and lost with a pair of Fives



PokerStars Hand #254543350664: Tournament #3851394546, $4.60+$0.40 USD Hold'em No Limit - Level I (10/20) - 2025/01/25 11:36:31 CET [2025/01/25 5:36:31 ET]
Table '3851394546 1' 3-max Seat #3 is the button
Seat 1: Spencer158 (660 in chips) 
Seat 2: Mahu2021 (480 in chips) 
Seat 3: dj8an (360 in chips) 
Spencer158: posts small blind 10
Mahu2021: posts big blind 20
*** HOLE CARDS ***
Dealt to Mahu2021 [7c Jc]
dj8an: folds 
Spencer158: calls 10
Mahu2021: checks 
*** FLOP *** [Qs Jd Ad]
Spencer158: bets 20
Mahu2021: calls 20
*** TURN *** [Qs Jd Ad] [Js]
Spencer158: bets 20
Mahu2021: calls 20
*** RIVER *** [Qs Jd Ad Js] [4h]
Spencer158: bets 20
Mahu2021: raises 160 to 180
Spencer158: folds 
Uncalled bet (160) returned to Mahu2021
Mahu2021 collected 160 from pot
Mahu2021: doesn't show hand 
*** SUMMARY ***
Total pot 160 | Rake 0 
Board [Qs Jd Ad Js 4h]
Seat 1: Spencer158 (small blind) folded on the River
Seat 2: Mahu2021 (big blind) collected (160)
Seat 3: dj8an (button) folded before Flop (didn't bet)



PokerStars Hand #254543353864: Tournament #3851394546, $4.60+$0.40 USD Hold'em No Limit - Level I (10/20) - 2025/01/25 11:36:58 CET [2025/01/25 5:36:58 ET]
Table '3851394546 1' 3-max Seat #1 is the button
Seat 1: Spencer158 (580 in chips) 
Seat 2: Mahu2021 (560 in chips) 
Seat 3: dj8an (360 in chips) 
Mahu2021: posts small blind 10
dj8an: posts big blind 20
*** HOLE CARDS ***
Dealt to Mahu2021 [5c Td]
Spencer158: folds 
Mahu2021: folds 
Uncalled bet (10) returned to dj8an
dj8an collected 20 from pot
*** SUMMARY ***
Total pot 20 | Rake 0 
Seat 1: Spencer158 (button) folded before Flop (didn't bet)
Seat 2: Mahu2021 (small blind) folded before Flop
Seat 3: dj8an (big blind) collected (20)



PokerStars Hand #254543354876: Tournament #3851394546, $4.60+$0.40 USD Hold'em No Limit - Level I (10/20) - 2025/01/25 11:37:07 CET [2025/01/25 5:37:07 ET]
Table '3851394546 1' 3-max Seat #2 is the button
Seat 1: Spencer158 (580 in chips) 
Seat 2: Mahu2021 (550 in chips) 
Seat 3: dj8an (370 in chips) 
dj8an: posts small blind 10
Spencer158: posts big blind 20
*** HOLE CARDS ***
Dealt to Mahu2021 [7d 9h]
Mahu2021: folds 
dj8an: raises 20 to 40
Spencer158: calls 20
*** FLOP *** [9d 9c 8h]
dj8an: bets 40
Spencer158: folds 
Uncalled bet (40) returned to dj8an
dj8an collected 80 from pot
*** SUMMARY ***
Total pot 80 | Rake 0 
Board [9d 9c 8h]
Seat 1: Spencer158 (big blind) folded on the Flop
Seat 2: Mahu2021 (button) folded before Flop (didn't bet)
Seat 3: dj8an (small blind) collected (80)



PokerStars Hand #254543356666: Tournament #3851394546, $4.60+$0.40 USD Hold'em No Limit - Level I (10/20) - 2025/01/25 11:37:21 CET [2025/01/25 5:37:21 ET]
Table '3851394546 1' 3-max Seat #3 is the button
Seat 1: Spencer158 (540 in chips) 
Seat 2: Mahu2021 (550 in chips) 
Seat 3: dj8an (410 in chips) 
Spencer158: posts small blind 10
Mahu2021: posts big blind 20
*** HOLE CARDS ***
Dealt to Mahu2021 [2d Jc]
dj8an: calls 20
Spencer158: calls 10
Mahu2021: checks 
*** FLOP *** [8h 4c Ah]
Spencer158: checks 
Mahu2021: checks 
dj8an: checks 
*** TURN *** [8h 4c Ah] [Ad]
Spencer158: bets 20
Mahu2021: folds 
dj8an: calls 20
*** RIVER *** [8h 4c Ah Ad] [Qh]
Spencer158: bets 50
dj8an: calls 50
*** SHOW DOWN ***
Spencer158: shows [Ac 8d] (a full house, Aces full of Eights)
dj8an: mucks hand 
Spencer158 collected 200 from pot
*** SUMMARY ***
Total pot 200 | Rake 0 
Board [8h 4c Ah Ad Qh]
Seat 1: Spencer158 (small blind) showed [Ac 8d] and won (200) with a full house, Aces full of Eights
Seat 2: Mahu2021 (big blind) folded on the Turn
Seat 3: dj8an (button) mucked [Kc 3c]



PokerStars Hand #254543359597: Tournament #3851394546, $4.60+$0.40 USD Hold'em No Limit - Level I (10/20) - 2025/01/25 11:37:46 CET [2025/01/25 5:37:46 ET]
Table '3851394546 1' 3-max Seat #1 is the button
Seat 1: Spencer158 (650 in chips) 
Seat 2: Mahu2021 (530 in chips) 
Seat 3: dj8an (320 in chips) 
Mahu2021: posts small blind 10
dj8an: posts big blind 20
*** HOLE CARDS ***
Dealt to Mahu2021 [7h Td]
Spencer158: folds 
Mahu2021: folds 
Uncalled bet (10) returned to dj8an
dj8an collected 20 from pot
*** SUMMARY ***
Total pot 20 | Rake 0 
Seat 1: Spencer158 (button) folded before Flop (didn't bet)
Seat 2: Mahu2021 (small blind) folded before Flop
Seat 3: dj8an (big blind) collected (20)



PokerStars Hand #254543360705: Tournament #3851394546, $4.60+$0.40 USD Hold'em No Limit - Level I (10/20) - 2025/01/25 11:37:55 CET [2025/01/25 5:37:55 ET]
Table '3851394546 1' 3-max Seat #2 is the button
Seat 1: Spencer158 (650 in chips) 
Seat 2: Mahu2021 (520 in chips) 
Seat 3: dj8an (330 in chips) 
dj8an: posts small blind 10
Spencer158: posts big blind 20
*** HOLE CARDS ***
Dealt to Mahu2021 [4d 3s]
Mahu2021: folds 
dj8an: calls 10
Spencer158: checks 
*** FLOP *** [9c 5h 5s]
dj8an: bets 20
Spencer158: folds 
Uncalled bet (20) returned to dj8an
dj8an collected 40 from pot
*** SUMMARY ***
Total pot 40 | Rake 0 
Board [9c 5h 5s]
Seat 1: Spencer158 (big blind) folded on the Flop
Seat 2: Mahu2021 (button) folded before Flop (didn't bet)
Seat 3: dj8an (small blind) collected (40)



PokerStars Hand #254543362149: Tournament #3851394546, $4.60+$0.40 USD Hold'em No Limit - Level I (10/20) - 2025/01/25 11:38:07 CET [2025/01/25 5:38:07 ET]
Table '3851394546 1' 3-max Seat #3 is the button
Seat 1: Spencer158 (630 in chips) 
Seat 2: Mahu2021 (520 in chips) 
Seat 3: dj8an (350 in chips) 
Spencer158: posts small blind 10
Mahu2021: posts big blind 20
*** HOLE CARDS ***
Dealt to Mahu2021 [9c 3s]
dj8an: folds 
Spencer158: calls 10
Mahu2021: checks 
*** FLOP *** [2c 5d 3h]
Spencer158: checks 
Mahu2021: bets 20
Spencer158: calls 20
*** TURN *** [2c 5d 3h] [7h]
Spencer158: checks 
Mahu2021: bets 20
Spencer158: calls 20
*** RIVER *** [2c 5d 3h 7h] [Tc]
Spencer158: checks 
Mahu2021: checks 
*** SHOW DOWN ***
Spencer158: shows [Jh Ac] (high card Ace)
Mahu2021: shows [9c 3s] (a pair of Threes)
Mahu2021 collected 120 from pot
*** SUMMARY ***
Total pot 120 | Rake 0 
Board [2c 5d 3h 7h Tc]
Seat 1: Spencer158 (small blind) showed [Jh Ac] and lost with high card Ace
Seat 2: Mahu2021 (big blind) showed [9c 3s] and won (120) with a pair of Threes
Seat 3: dj8an (button) folded before Flop (didn't bet)



PokerStars Hand #254543364792: Tournament #3851394546, $4.60+$0.40 USD Hold'em No Limit - Level I (10/20) - 2025/01/25 11:38:29 CET [2025/01/25 5:38:29 ET]
Table '3851394546 1' 3-max Seat #1 is the button
Seat 1: Spencer158 (570 in chips) 
Seat 2: Mahu2021 (580 in chips) 
Seat 3: dj8an (350 in chips) 
Mahu2021: posts small blind 10
dj8an: posts big blind 20
*** HOLE CARDS ***
Dealt to Mahu2021 [As 3h]
Spencer158: calls 20
Mahu2021: calls 10
dj8an: checks 
*** FLOP *** [3c 9h 5c]
Mahu2021: checks 
dj8an: checks 
Spencer158: checks 
*** TURN *** [3c 9h 5c] [2s]
Mahu2021: bets 20
dj8an: calls 20
Spencer158: folds 
*** RIVER *** [3c 9h 5c 2s] [Jc]
Mahu2021: checks 
dj8an: bets 50
Mahu2021: folds 
Uncalled bet (50) returned to dj8an
dj8an collected 100 from pot
*** SUMMARY ***
Total pot 100 | Rake 0 
Board [3c 9h 5c 2s Jc]
Seat 1: Spencer158 (button) folded on the Turn
Seat 2: Mahu2021 (small blind) folded on the River
Seat 3: dj8an (big blind) collected (100)



PokerStars Hand #254543367887: Tournament #3851394546, $4.60+$0.40 USD Hold'em No Limit - Level II (15/30) - 2025/01/25 11:38:55 CET [2025/01/25 5:38:55 ET]
Table '3851394546 1' 3-max Seat #2 is the button
Seat 1: Spencer158 (550 in chips) 
Seat 2: Mahu2021 (540 in chips) 
Seat 3: dj8an (410 in chips) 
dj8an: posts small blind 15
Spencer158: posts big blind 30
*** HOLE CARDS ***
Dealt to Mahu2021 [Ac Kd]
Mahu2021: raises 510 to 540 and is all-in
dj8an: folds 
Spencer158: folds 
Uncalled bet (510) returned to Mahu2021
Mahu2021 collected 75 from pot
Mahu2021: doesn't show hand 
*** SUMMARY ***
Total pot 75 | Rake 0 
Seat 1: Spencer158 (big blind) folded before Flop
Seat 2: Mahu2021 (button) collected (75)
Seat 3: dj8an (small blind) folded before Flop



PokerStars Hand #254543368835: Tournament #3851394546, $4.60+$0.40 USD Hold'em No Limit - Level II (15/30) - 2025/01/25 11:39:03 CET [2025/01/25 5:39:03 ET]
Table '3851394546 1' 3-max Seat #3 is the button
Seat 1: Spencer158 (520 in chips) 
Seat 2: Mahu2021 (585 in chips) 
Seat 3: dj8an (395 in chips) 
Spencer158: posts small blind 15
Mahu2021: posts big blind 30
*** HOLE CARDS ***
Dealt to Mahu2021 [Js Ac]
dj8an: folds 
Spencer158: calls 15
Mahu2021: raises 120 to 150
Spencer158: calls 120
*** FLOP *** [Jc 9h As]
Spencer158: checks 
Mahu2021: bets 435 and is all-in
Spencer158: folds 
Uncalled bet (435) returned to Mahu2021
Mahu2021 collected 300 from pot
Mahu2021: doesn't show hand 
*** SUMMARY ***
Total pot 300 | Rake 0 
Board [Jc 9h As]
Seat 1: Spencer158 (small blind) folded on the Flop
Seat 2: Mahu2021 (big blind) collected (300)
Seat 3: dj8an (button) folded before Flop (didn't bet)



PokerStars Hand #254543370715: Tournament #3851394546, $4.60+$0.40 USD Hold'em No Limit - Level II (15/30) - 2025/01/25 11:39:19 CET [2025/01/25 5:39:19 ET]
Table '3851394546 1' 3-max Seat #1 is the button
Seat 1: Spencer158 (370 in chips) 
Seat 2: Mahu2021 (735 in chips) 
Seat 3: dj8an (395 in chips) 
Mahu2021: posts small blind 15
dj8an: posts big blind 30
*** HOLE CARDS ***
Dealt to Mahu2021 [Ks Kd]
Spencer158: folds 
Mahu2021: raises 60 to 90
dj8an: calls 60
*** FLOP *** [2s 8s Qs]
Mahu2021: bets 645 and is all-in
dj8an: calls 305 and is all-in
Uncalled bet (340) returned to Mahu2021
*** TURN *** [2s 8s Qs] [Jd]
*** RIVER *** [2s 8s Qs Jd] [6c]
*** SHOW DOWN ***
Mahu2021: shows [Ks Kd] (a pair of Kings)
dj8an: shows [2c 4h] (a pair of Deuces)
Mahu2021 collected 790 from pot
dj8an finished the tournament in 3rd place
*** SUMMARY ***
Total pot 790 | Rake 0 
Board [2s 8s Qs Jd 6c]
Seat 1: Spencer158 (button) folded before Flop (didn't bet)
Seat 2: Mahu2021 (small blind) showed [Ks Kd] and won (790) with a pair of Kings
Seat 3: dj8an (big blind) showed [2c 4h] and lost with a pair of Deuces



PokerStars Hand #254543373264: Tournament #3851394546, $4.60+$0.40 USD Hold'em No Limit - Level II (15/30) - 2025/01/25 11:39:41 CET [2025/01/25 5:39:41 ET]
Table '3851394546 1' 3-max Seat #2 is the button
Seat 1: Spencer158 (370 in chips) 
Seat 2: Mahu2021 (1130 in chips) 
Mahu2021: posts small blind 15
Spencer158: posts big blind 30
*** HOLE CARDS ***
Dealt to Mahu2021 [4s As]
Mahu2021: raises 60 to 90
Spencer158: calls 60
*** FLOP *** [8d Qh Jd]
Spencer158: checks 
Mahu2021: checks 
*** TURN *** [8d Qh Jd] [4h]
Spencer158: checks 
Mahu2021: bets 90
Spencer158: calls 90
*** RIVER *** [8d Qh Jd 4h] [Js]
Spencer158: checks 
Mahu2021: bets 950 and is all-in
Spencer158: calls 190 and is all-in
Uncalled bet (760) returned to Mahu2021
*** SHOW DOWN ***
Mahu2021: shows [4s As] (two pair, Jacks and Fours)
Spencer158: shows [Ah 8h] (two pair, Jacks and Eights)
Spencer158 collected 740 from pot
*** SUMMARY ***
Total pot 740 | Rake 0 
Board [8d Qh Jd 4h Js]
Seat 1: Spencer158 (big blind) showed [Ah 8h] and won (740) with two pair, Jacks and Eights
Seat 2: Mahu2021 (button) (small blind) showed [4s As] and lost with two pair, Jacks and Fours



PokerStars Hand #254543376387: Tournament #3851394546, $4.60+$0.40 USD Hold'em No Limit - Level II (15/30) - 2025/01/25 11:40:07 CET [2025/01/25 5:40:07 ET]
Table '3851394546 1' 3-max Seat #1 is the button
Seat 1: Spencer158 (740 in chips) 
Seat 2: Mahu2021 (760 in chips) 
Spencer158: posts small blind 15
Mahu2021: posts big blind 30
*** HOLE CARDS ***
Dealt to Mahu2021 [9d 8c]
Spencer158: folds 
Uncalled bet (15) returned to Mahu2021
Mahu2021 collected 30 from pot
Mahu2021: doesn't show hand 
*** SUMMARY ***
Total pot 30 | Rake 0 
Seat 1: Spencer158 (button) (small blind) folded before Flop
Seat 2: Mahu2021 (big blind) collected (30)



PokerStars Hand #254543377256: Tournament #3851394546, $4.60+$0.40 USD Hold'em No Limit - Level II (15/30) - 2025/01/25 11:40:15 CET [2025/01/25 5:40:15 ET]
Table '3851394546 1' 3-max Seat #2 is the button
Seat 1: Spencer158 (725 in chips) 
Seat 2: Mahu2021 (775 in chips) 
Mahu2021: posts small blind 15
Spencer158: posts big blind 30
*** HOLE CARDS ***
Dealt to Mahu2021 [5d 8s]
Mahu2021: folds 
Uncalled bet (15) returned to Spencer158
Spencer158 collected 30 from pot
*** SUMMARY ***
Total pot 30 | Rake 0 
Seat 1: Spencer158 (big blind) collected (30)
Seat 2: Mahu2021 (button) (small blind) folded before Flop



PokerStars Hand #254543378090: Tournament #3851394546, $4.60+$0.40 USD Hold'em No Limit - Level II (15/30) - 2025/01/25 11:40:22 CET [2025/01/25 5:40:22 ET]
Table '3851394546 1' 3-max Seat #1 is the button
Seat 1: Spencer158 (740 in chips) 
Seat 2: Mahu2021 (760 in chips) 
Spencer158: posts small blind 15
Mahu2021: posts big blind 30
*** HOLE CARDS ***
Dealt to Mahu2021 [Ad 3s]
Spencer158: calls 15
Mahu2021: checks 
*** FLOP *** [Kd 8h 7s]
Mahu2021: checks 
Spencer158: checks 
*** TURN *** [Kd 8h 7s] [8d]
Mahu2021: checks 
Spencer158: bets 30
Mahu2021: calls 30
*** RIVER *** [Kd 8h 7s 8d] [4d]
Mahu2021: checks 
Spencer158: checks 
*** SHOW DOWN ***
Mahu2021: shows [Ad 3s] (a pair of Eights)
Spencer158: shows [5d Kc] (two pair, Kings and Eights)
Spencer158 collected 120 from pot
*** SUMMARY ***
Total pot 120 | Rake 0 
Board [Kd 8h 7s 8d 4d]
Seat 1: Spencer158 (button) (small blind) showed [5d Kc] and won (120) with two pair, Kings and Eights
Seat 2: Mahu2021 (big blind) showed [Ad 3s] and lost with a pair of Eights



PokerStars Hand #254543380101: Tournament #3851394546, $4.60+$0.40 USD Hold'em No Limit - Level II (15/30) - 2025/01/25 11:40:39 CET [2025/01/25 5:40:39 ET]
Table '3851394546 1' 3-max Seat #2 is the button
Seat 1: Spencer158 (800 in chips) 
Seat 2: Mahu2021 (700 in chips) 
Mahu2021: posts small blind 15
Spencer158: posts big blind 30
*** HOLE CARDS ***
Dealt to Mahu2021 [Ad 4h]
Mahu2021: raises 30 to 60
Spencer158: calls 30
*** FLOP *** [Jd Qs 6c]
Spencer158: checks 
Mahu2021: checks 
*** TURN *** [Jd Qs 6c] [Kc]
Spencer158: checks 
Mahu2021: checks 
*** RIVER *** [Jd Qs 6c Kc] [9c]
Spencer158: bets 60
Mahu2021: folds 
Uncalled bet (60) returned to Spencer158
Spencer158 collected 120 from pot
*** SUMMARY ***
Total pot 120 | Rake 0 
Board [Jd Qs 6c Kc 9c]
Seat 1: Spencer158 (big blind) collected (120)
Seat 2: Mahu2021 (button) (small blind) folded on the River



PokerStars Hand #254543382393: Tournament #3851394546, $4.60+$0.40 USD Hold'em No Limit - Level II (15/30) - 2025/01/25 11:40:58 CET [2025/01/25 5:40:58 ET]
Table '3851394546 1' 3-max Seat #1 is the button
Seat 1: Spencer158 (860 in chips) 
Seat 2: Mahu2021 (640 in chips) 
Spencer158: posts small blind 15
Mahu2021: posts big blind 30
*** HOLE CARDS ***
Dealt to Mahu2021 [7h Ah]
Spencer158: calls 15
Mahu2021: checks 
*** FLOP *** [3h 5c 2s]
Mahu2021: checks 
Spencer158: checks 
*** TURN *** [3h 5c 2s] [Ad]
Mahu2021: checks 
Spencer158: bets 30
Mahu2021: calls 30
*** RIVER *** [3h 5c 2s Ad] [4c]
Mahu2021: checks 
Spencer158: checks 
*** SHOW DOWN ***
Mahu2021: shows [7h Ah] (a straight, Ace to Five)
Spencer158: shows [8d Ac] (a straight, Ace to Five)
Mahu2021 collected 60 from pot
Spencer158 collected 60 from pot
*** SUMMARY ***
Total pot 120 | Rake 0 
Board [3h 5c 2s Ad 4c]
Seat 1: Spencer158 (button) (small blind) showed [8d Ac] and won (60) with a straight, Ace to Five
Seat 2: Mahu2021 (big blind) showed [7h Ah] and won (60) with a straight, Ace to Five



PokerStars Hand #254543384465: Tournament #3851394546, $4.60+$0.40 USD Hold'em No Limit - Level II (15/30) - 2025/01/25 11:41:15 CET [2025/01/25 5:41:15 ET]
Table '3851394546 1' 3-max Seat #2 is the button
Seat 1: Spencer158 (860 in chips) 
Seat 2: Mahu2021 (640 in chips) 
Mahu2021: posts small blind 15
Spencer158: posts big blind 30
*** HOLE CARDS ***
Dealt to Mahu2021 [Kd Kh]
Mahu2021: raises 30 to 60
Spencer158: folds 
Uncalled bet (30) returned to Mahu2021
Mahu2021 collected 60 from pot
Mahu2021: doesn't show hand 
*** SUMMARY ***
Total pot 60 | Rake 0 
Seat 1: Spencer158 (big blind) folded before Flop
Seat 2: Mahu2021 (button) (small blind) collected (60)



PokerStars Hand #254543385616: Tournament #3851394546, $4.60+$0.40 USD Hold'em No Limit - Level II (15/30) - 2025/01/25 11:41:25 CET [2025/01/25 5:41:25 ET]
Table '3851394546 1' 3-max Seat #1 is the button
Seat 1: Spencer158 (830 in chips) 
Seat 2: Mahu2021 (670 in chips) 
Spencer158: posts small blind 15
Mahu2021: posts big blind 30
*** HOLE CARDS ***
Dealt to Mahu2021 [3d Qc]
Spencer158: calls 15
Mahu2021: checks 
*** FLOP *** [9h 9d Ah]
Mahu2021: checks 
Spencer158: checks 
*** TURN *** [9h 9d Ah] [As]
Mahu2021: checks 
Spencer158: checks 
*** RIVER *** [9h 9d Ah As] [3h]
Mahu2021: bets 30
Spencer158: folds 
Uncalled bet (30) returned to Mahu2021
Mahu2021 collected 60 from pot
Mahu2021: doesn't show hand 
*** SUMMARY ***
Total pot 60 | Rake 0 
Board [9h 9d Ah As 3h]
Seat 1: Spencer158 (button) (small blind) folded on the River
Seat 2: Mahu2021 (big blind) collected (60)



PokerStars Hand #254543387501: Tournament #3851394546, $4.60+$0.40 USD Hold'em No Limit - Level II (15/30) - 2025/01/25 11:41:40 CET [2025/01/25 5:41:40 ET]
Table '3851394546 1' 3-max Seat #2 is the button
Seat 1: Spencer158 (800 in chips) 
Seat 2: Mahu2021 (700 in chips) 
Mahu2021: posts small blind 15
Spencer158: posts big blind 30
*** HOLE CARDS ***
Dealt to Mahu2021 [3h Ac]
Mahu2021: raises 30 to 60
Spencer158: calls 30
*** FLOP *** [3d 6s 6d]
Spencer158: bets 30
Mahu2021: calls 30
*** TURN *** [3d 6s 6d] [5c]
Spencer158: bets 30
Mahu2021: calls 30
*** RIVER *** [3d 6s 6d 5c] [7c]
Spencer158: bets 30
Mahu2021: calls 30
*** SHOW DOWN ***
Spencer158: shows [Kh 3c] (two pair, Sixes and Threes)
Mahu2021: shows [3h Ac] (two pair, Sixes and Threes - Ace kicker)
Mahu2021 collected 300 from pot
*** SUMMARY ***
Total pot 300 | Rake 0 
Board [3d 6s 6d 5c 7c]
Seat 1: Spencer158 (big blind) showed [Kh 3c] and lost with two pair, Sixes and Threes
Seat 2: Mahu2021 (button) (small blind) showed [3h Ac] and won (300) with two pair, Sixes and Threes



PokerStars Hand #254543390048: Tournament #3851394546, $4.60+$0.40 USD Hold'em No Limit - Level III (20/40) - 2025/01/25 11:42:02 CET [2025/01/25 5:42:02 ET]
Table '3851394546 1' 3-max Seat #1 is the button
Seat 1: Spencer158 (650 in chips) 
Seat 2: Mahu2021 (850 in chips) 
Spencer158: posts small blind 20
Mahu2021: posts big blind 40
*** HOLE CARDS ***
Dealt to Mahu2021 [Qh 5h]
Spencer158: folds 
Uncalled bet (20) returned to Mahu2021
Mahu2021 collected 40 from pot
Mahu2021: doesn't show hand 
*** SUMMARY ***
Total pot 40 | Rake 0 
Seat 1: Spencer158 (button) (small blind) folded before Flop
Seat 2: Mahu2021 (big blind) collected (40)



PokerStars Hand #254543390614: Tournament #3851394546, $4.60+$0.40 USD Hold'em No Limit - Level III (20/40) - 2025/01/25 11:42:07 CET [2025/01/25 5:42:07 ET]
Table '3851394546 1' 3-max Seat #2 is the button
Seat 1: Spencer158 (630 in chips) 
Seat 2: Mahu2021 (870 in chips) 
Mahu2021: posts small blind 20
Spencer158: posts big blind 40
*** HOLE CARDS ***
Dealt to Mahu2021 [6h 9c]
Mahu2021: calls 20
Spencer158: checks 
*** FLOP *** [5c 7s Th]
Spencer158: checks 
Mahu2021: checks 
*** TURN *** [5c 7s Th] [4h]
Spencer158: checks 
Mahu2021: checks 
*** RIVER *** [5c 7s Th 4h] [As]
Spencer158: checks 
Mahu2021: bets 40
Spencer158: folds 
Uncalled bet (40) returned to Mahu2021
Mahu2021 collected 80 from pot
Mahu2021: doesn't show hand 
*** SUMMARY ***
Total pot 80 | Rake 0 
Board [5c 7s Th 4h As]
Seat 1: Spencer158 (big blind) folded on the River
Seat 2: Mahu2021 (button) (small blind) collected (80)



PokerStars Hand #254543392708: Tournament #3851394546, $4.60+$0.40 USD Hold'em No Limit - Level III (20/40) - 2025/01/25 11:42:25 CET [2025/01/25 5:42:25 ET]
Table '3851394546 1' 3-max Seat #1 is the button
Seat 1: Spencer158 (590 in chips) 
Seat 2: Mahu2021 (910 in chips) 
Spencer158: posts small blind 20
Mahu2021: posts big blind 40
*** HOLE CARDS ***
Dealt to Mahu2021 [8s 3s]
Spencer158: calls 20
Mahu2021: checks 
*** FLOP *** [3d 5h Qd]
Mahu2021: checks 
Spencer158: checks 
*** TURN *** [3d 5h Qd] [2d]
Mahu2021: checks 
Spencer158: checks 
*** RIVER *** [3d 5h Qd 2d] [5c]
Mahu2021: bets 40
Spencer158: folds 
Uncalled bet (40) returned to Mahu2021
Mahu2021 collected 80 from pot
Mahu2021: doesn't show hand 
*** SUMMARY ***
Total pot 80 | Rake 0 
Board [3d 5h Qd 2d 5c]
Seat 1: Spencer158 (button) (small blind) folded on the River
Seat 2: Mahu2021 (big blind) collected (80)



PokerStars Hand #254543394744: Tournament #3851394546, $4.60+$0.40 USD Hold'em No Limit - Level III (20/40) - 2025/01/25 11:42:42 CET [2025/01/25 5:42:42 ET]
Table '3851394546 1' 3-max Seat #2 is the button
Seat 1: Spencer158 (550 in chips) 
Seat 2: Mahu2021 (950 in chips) 
Mahu2021: posts small blind 20
Spencer158: posts big blind 40
*** HOLE CARDS ***
Dealt to Mahu2021 [5h Kd]
Mahu2021: raises 40 to 80
Spencer158: folds 
Uncalled bet (40) returned to Mahu2021
Mahu2021 collected 80 from pot
Mahu2021: doesn't show hand 
*** SUMMARY ***
Total pot 80 | Rake 0 
Seat 1: Spencer158 (big blind) folded before Flop
Seat 2: Mahu2021 (button) (small blind) collected (80)



PokerStars Hand #254543395557: Tournament #3851394546, $4.60+$0.40 USD Hold'em No Limit - Level III (20/40) - 2025/01/25 11:42:49 CET [2025/01/25 5:42:49 ET]
Table '3851394546 1' 3-max Seat #1 is the button
Seat 1: Spencer158 (510 in chips) 
Seat 2: Mahu2021 (990 in chips) 
Spencer158: posts small blind 20
Mahu2021: posts big blind 40
*** HOLE CARDS ***
Dealt to Mahu2021 [6h 3h]
Spencer158: calls 20
Mahu2021: checks 
*** FLOP *** [Kh 2d 7c]
Mahu2021: checks 
Spencer158: checks 
*** TURN *** [Kh 2d 7c] [8c]
Mahu2021: checks 
Spencer158: checks 
*** RIVER *** [Kh 2d 7c 8c] [Ad]
Mahu2021: checks 
Spencer158: checks 
*** SHOW DOWN ***
Mahu2021: shows [6h 3h] (high card Ace)
Spencer158: shows [Qh 5d] (high card Ace - King+Queen kicker)
Spencer158 collected 80 from pot
*** SUMMARY ***
Total pot 80 | Rake 0 
Board [Kh 2d 7c 8c Ad]
Seat 1: Spencer158 (button) (small blind) showed [Qh 5d] and won (80) with high card Ace
Seat 2: Mahu2021 (big blind) showed [6h 3h] and lost with high card Ace



PokerStars Hand #254543397273: Tournament #3851394546, $4.60+$0.40 USD Hold'em No Limit - Level III (20/40) - 2025/01/25 11:43:03 CET [2025/01/25 5:43:03 ET]
Table '3851394546 1' 3-max Seat #2 is the button
Seat 1: Spencer158 (550 in chips) 
Seat 2: Mahu2021 (950 in chips) 
Mahu2021: posts small blind 20
Spencer158: posts big blind 40
*** HOLE CARDS ***
Dealt to Mahu2021 [3d 6h]
Mahu2021: folds 
Uncalled bet (20) returned to Spencer158
Spencer158 collected 40 from pot
*** SUMMARY ***
Total pot 40 | Rake 0 
Seat 1: Spencer158 (big blind) collected (40)
Seat 2: Mahu2021 (button) (small blind) folded before Flop



PokerStars Hand #254543398096: Tournament #3851394546, $4.60+$0.40 USD Hold'em No Limit - Level III (20/40) - 2025/01/25 11:43:10 CET [2025/01/25 5:43:10 ET]
Table '3851394546 1' 3-max Seat #1 is the button
Seat 1: Spencer158 (570 in chips) 
Seat 2: Mahu2021 (930 in chips) 
Spencer158: posts small blind 20
Mahu2021: posts big blind 40
*** HOLE CARDS ***
Dealt to Mahu2021 [6h 3c]
Spencer158: folds 
Uncalled bet (20) returned to Mahu2021
Mahu2021 collected 40 from pot
Mahu2021: doesn't show hand 
*** SUMMARY ***
Total pot 40 | Rake 0 
Seat 1: Spencer158 (button) (small blind) folded before Flop
Seat 2: Mahu2021 (big blind) collected (40)



PokerStars Hand #254543398647: Tournament #3851394546, $4.60+$0.40 USD Hold'em No Limit - Level III (20/40) - 2025/01/25 11:43:15 CET [2025/01/25 5:43:15 ET]
Table '3851394546 1' 3-max Seat #2 is the button
Seat 1: Spencer158 (550 in chips) 
Seat 2: Mahu2021 (950 in chips) 
Mahu2021: posts small blind 20
Spencer158: posts big blind 40
*** HOLE CARDS ***
Dealt to Mahu2021 [6c 6d]
Mahu2021: raises 910 to 950 and is all-in
Spencer158: folds 
Uncalled bet (910) returned to Mahu2021
Mahu2021 collected 80 from pot
Mahu2021: doesn't show hand 
*** SUMMARY ***
Total pot 80 | Rake 0 
Seat 1: Spencer158 (big blind) folded before Flop
Seat 2: Mahu2021 (button) (small blind) collected (80)



PokerStars Hand #254543399957: Tournament #3851394546, $4.60+$0.40 USD Hold'em No Limit - Level III (20/40) - 2025/01/25 11:43:26 CET [2025/01/25 5:43:26 ET]
Table '3851394546 1' 3-max Seat #1 is the button
Seat 1: Spencer158 (510 in chips) 
Seat 2: Mahu2021 (990 in chips) 
Spencer158: posts small blind 20
Mahu2021: posts big blind 40
*** HOLE CARDS ***
Dealt to Mahu2021 [Td Kd]
Spencer158: calls 20
Mahu2021: raises 120 to 160
Spencer158: folds 
Uncalled bet (120) returned to Mahu2021
Mahu2021 collected 80 from pot
Mahu2021: doesn't show hand 
*** SUMMARY ***
Total pot 80 | Rake 0 
Seat 1: Spencer158 (button) (small blind) folded before Flop
Seat 2: Mahu2021 (big blind) collected (80)



PokerStars Hand #254543402006: Tournament #3851394546, $4.60+$0.40 USD Hold'em No Limit - Level III (20/40) - 2025/01/25 11:43:43 CET [2025/01/25 5:43:43 ET]
Table '3851394546 1' 3-max Seat #2 is the button
Seat 1: Spencer158 (470 in chips) 
Seat 2: Mahu2021 (1030 in chips) 
Mahu2021: posts small blind 20
Spencer158: posts big blind 40
*** HOLE CARDS ***
Dealt to Mahu2021 [5c Qs]
Mahu2021: calls 20
Spencer158: checks 
*** FLOP *** [Jc 4s Ah]
Spencer158: checks 
Mahu2021: checks 
*** TURN *** [Jc 4s Ah] [Js]
Spencer158: checks 
Mahu2021: checks 
*** RIVER *** [Jc 4s Ah Js] [5s]
Spencer158: checks 
Mahu2021: bets 40
Spencer158: folds 
Uncalled bet (40) returned to Mahu2021
Mahu2021 collected 80 from pot
Mahu2021: doesn't show hand 
*** SUMMARY ***
Total pot 80 | Rake 0 
Board [Jc 4s Ah Js 5s]
Seat 1: Spencer158 (big blind) folded on the River
Seat 2: Mahu2021 (button) (small blind) collected (80)



PokerStars Hand #254543404588: Tournament #3851394546, $4.60+$0.40 USD Hold'em No Limit - Level III (20/40) - 2025/01/25 11:44:04 CET [2025/01/25 5:44:04 ET]
Table '3851394546 1' 3-max Seat #1 is the button
Seat 1: Spencer158 (430 in chips) 
Seat 2: Mahu2021 (1070 in chips) 
Spencer158: posts small blind 20
Mahu2021: posts big blind 40
*** HOLE CARDS ***
Dealt to Mahu2021 [5d Ad]
Spencer158: folds 
Uncalled bet (20) returned to Mahu2021
Mahu2021 collected 40 from pot
Mahu2021: doesn't show hand 
*** SUMMARY ***
Total pot 40 | Rake 0 
Seat 1: Spencer158 (button) (small blind) folded before Flop
Seat 2: Mahu2021 (big blind) collected (40)



PokerStars Hand #254543405274: Tournament #3851394546, $4.60+$0.40 USD Hold'em No Limit - Level III (20/40) - 2025/01/25 11:44:10 CET [2025/01/25 5:44:10 ET]
Table '3851394546 1' 3-max Seat #2 is the button
Seat 1: Spencer158 (410 in chips) 
Seat 2: Mahu2021 (1090 in chips) 
Mahu2021: posts small blind 20
Spencer158: posts big blind 40
*** HOLE CARDS ***
Dealt to Mahu2021 [5s Th]
Mahu2021: raises 40 to 80
Spencer158: calls 40
*** FLOP *** [6h 7h 9h]
Spencer158: bets 40
Mahu2021: calls 40
*** TURN *** [6h 7h 9h] [9s]
Spencer158: bets 40
Mahu2021: calls 40
*** RIVER *** [6h 7h 9h 9s] [Qc]
Spencer158: bets 40
Mahu2021: raises 890 to 930 and is all-in
Spencer158: calls 210 and is all-in
Uncalled bet (680) returned to Mahu2021
*** SHOW DOWN ***
Mahu2021: shows [5s Th] (a pair of Nines)
Spencer158: shows [Tc 9d] (three of a kind, Nines)
Spencer158 collected 820 from pot
*** SUMMARY ***
Total pot 820 | Rake 0 
Board [6h 7h 9h 9s Qc]
Seat 1: Spencer158 (big blind) showed [Tc 9d] and won (820) with three of a kind, Nines
Seat 2: Mahu2021 (button) (small blind) showed [5s Th] and lost with a pair of Nines



PokerStars Hand #254543408025: Tournament #3851394546, $4.60+$0.40 USD Hold'em No Limit - Level III (20/40) - 2025/01/25 11:44:34 CET [2025/01/25 5:44:34 ET]
Table '3851394546 1' 3-max Seat #1 is the button
Seat 1: Spencer158 (820 in chips) 
Seat 2: Mahu2021 (680 in chips) 
Spencer158: posts small blind 20
Mahu2021: posts big blind 40
*** HOLE CARDS ***
Dealt to Mahu2021 [As 6c]
Spencer158: calls 20
Mahu2021: raises 640 to 680 and is all-in
Spencer158: folds 
Uncalled bet (640) returned to Mahu2021
Mahu2021 collected 80 from pot
Mahu2021: doesn't show hand 
*** SUMMARY ***
Total pot 80 | Rake 0 
Seat 1: Spencer158 (button) (small blind) folded before Flop
Seat 2: Mahu2021 (big blind) collected (80)



PokerStars Hand #254543409270: Tournament #3851394546, $4.60+$0.40 USD Hold'em No Limit - Level III (20/40) - 2025/01/25 11:44:44 CET [2025/01/25 5:44:44 ET]
Table '3851394546 1' 3-max Seat #2 is the button
Seat 1: Spencer158 (780 in chips) 
Seat 2: Mahu2021 (720 in chips) 
Mahu2021: posts small blind 20
Spencer158: posts big blind 40
*** HOLE CARDS ***
Dealt to Mahu2021 [Kd Kc]
Mahu2021: raises 40 to 80
Spencer158: calls 40
*** FLOP *** [Kh Jh 3d]
Spencer158: checks 
Mahu2021: bets 40
Spencer158: calls 40
*** TURN *** [Kh Jh 3d] [Th]
Spencer158: checks 
Mahu2021: bets 40
Spencer158: calls 40
*** RIVER *** [Kh Jh 3d Th] [6s]
Spencer158: checks 
Mahu2021: bets 80
Spencer158: folds 
Uncalled bet (80) returned to Mahu2021
Mahu2021 collected 320 from pot
Mahu2021: doesn't show hand 
*** SUMMARY ***
Total pot 320 | Rake 0 
Board [Kh Jh 3d Th 6s]
Seat 1: Spencer158 (big blind) folded on the River
Seat 2: Mahu2021 (button) (small blind) collected (320)



PokerStars Hand #254543412391: Tournament #3851394546, $4.60+$0.40 USD Hold'em No Limit - Level IV (30/60) - 2025/01/25 11:45:11 CET [2025/01/25 5:45:11 ET]
Table '3851394546 1' 3-max Seat #1 is the button
Seat 1: Spencer158 (620 in chips) 
Seat 2: Mahu2021 (880 in chips) 
Spencer158: posts small blind 30
Mahu2021: posts big blind 60
*** HOLE CARDS ***
Dealt to Mahu2021 [2d Js]
Spencer158: calls 30
Mahu2021: checks 
*** FLOP *** [9h 2s Kd]
Mahu2021: checks 
Spencer158: checks 
*** TURN *** [9h 2s Kd] [4d]
Mahu2021: checks 
Spencer158: checks 
*** RIVER *** [9h 2s Kd 4d] [Ts]
Mahu2021: bets 60
Spencer158: raises 60 to 120
Mahu2021: folds 
Uncalled bet (60) returned to Spencer158
Spencer158 collected 240 from pot
*** SUMMARY ***
Total pot 240 | Rake 0 
Board [9h 2s Kd 4d Ts]
Seat 1: Spencer158 (button) (small blind) collected (240)
Seat 2: Mahu2021 (big blind) folded on the River



PokerStars Hand #254543415662: Tournament #3851394546, $4.60+$0.40 USD Hold'em No Limit - Level IV (30/60) - 2025/01/25 11:45:38 CET [2025/01/25 5:45:38 ET]
Table '3851394546 1' 3-max Seat #2 is the button
Seat 1: Spencer158 (740 in chips) 
Seat 2: Mahu2021 (760 in chips) 
Mahu2021: posts small blind 30
Spencer158: posts big blind 60
*** HOLE CARDS ***
Dealt to Mahu2021 [6d 4d]
Mahu2021: calls 30
Spencer158: checks 
*** FLOP *** [Jh Jc 9s]
Spencer158: checks 
Mahu2021: checks 
*** TURN *** [Jh Jc 9s] [Qc]
Spencer158: checks 
Mahu2021: bets 60
Spencer158: folds 
Uncalled bet (60) returned to Mahu2021
Mahu2021 collected 120 from pot
Mahu2021: doesn't show hand 
*** SUMMARY ***
Total pot 120 | Rake 0 
Board [Jh Jc 9s Qc]
Seat 1: Spencer158 (big blind) folded on the Turn
Seat 2: Mahu2021 (button) (small blind) collected (120)



PokerStars Hand #254543417266: Tournament #3851394546, $4.60+$0.40 USD Hold'em No Limit - Level IV (30/60) - 2025/01/25 11:45:52 CET [2025/01/25 5:45:52 ET]
Table '3851394546 1' 3-max Seat #1 is the button
Seat 1: Spencer158 (680 in chips) 
Seat 2: Mahu2021 (820 in chips) 
Spencer158: posts small blind 30
Mahu2021: posts big blind 60
*** HOLE CARDS ***
Dealt to Mahu2021 [Ah Jc]
Spencer158: folds 
Uncalled bet (30) returned to Mahu2021
Mahu2021 collected 60 from pot
Mahu2021: doesn't show hand 
*** SUMMARY ***
Total pot 60 | Rake 0 
Seat 1: Spencer158 (button) (small blind) folded before Flop
Seat 2: Mahu2021 (big blind) collected (60)



PokerStars Hand #254543417903: Tournament #3851394546, $4.60+$0.40 USD Hold'em No Limit - Level IV (30/60) - 2025/01/25 11:45:57 CET [2025/01/25 5:45:57 ET]
Table '3851394546 1' 3-max Seat #2 is the button
Seat 1: Spencer158 (650 in chips) 
Seat 2: Mahu2021 (850 in chips) 
Mahu2021: posts small blind 30
Spencer158: posts big blind 60
*** HOLE CARDS ***
Dealt to Mahu2021 [8d 2h]
Mahu2021: folds 
Uncalled bet (30) returned to Spencer158
Spencer158 collected 60 from pot
*** SUMMARY ***
Total pot 60 | Rake 0 
Seat 1: Spencer158 (big blind) collected (60)
Seat 2: Mahu2021 (button) (small blind) folded before Flop



PokerStars Hand #254543418469: Tournament #3851394546, $4.60+$0.40 USD Hold'em No Limit - Level IV (30/60) - 2025/01/25 11:46:02 CET [2025/01/25 5:46:02 ET]
Table '3851394546 1' 3-max Seat #1 is the button
Seat 1: Spencer158 (680 in chips) 
Seat 2: Mahu2021 (820 in chips) 
Spencer158: posts small blind 30
Mahu2021: posts big blind 60
*** HOLE CARDS ***
Dealt to Mahu2021 [6h Ks]
Spencer158: folds 
Uncalled bet (30) returned to Mahu2021
Mahu2021 collected 60 from pot
Mahu2021: doesn't show hand 
*** SUMMARY ***
Total pot 60 | Rake 0 
Seat 1: Spencer158 (button) (small blind) folded before Flop
Seat 2: Mahu2021 (big blind) collected (60)



PokerStars Hand #254543419104: Tournament #3851394546, $4.60+$0.40 USD Hold'em No Limit - Level IV (30/60) - 2025/01/25 11:46:07 CET [2025/01/25 5:46:07 ET]
Table '3851394546 1' 3-max Seat #2 is the button
Seat 1: Spencer158 (650 in chips) 
Seat 2: Mahu2021 (850 in chips) 
Mahu2021: posts small blind 30
Spencer158: posts big blind 60
*** HOLE CARDS ***
Dealt to Mahu2021 [8h Ad]
Mahu2021: raises 60 to 120
Spencer158: folds 
Uncalled bet (60) returned to Mahu2021
Mahu2021 collected 120 from pot
Mahu2021: doesn't show hand 
*** SUMMARY ***
Total pot 120 | Rake 0 
Seat 1: Spencer158 (big blind) folded before Flop
Seat 2: Mahu2021 (button) (small blind) collected (120)



PokerStars Hand #254543419892: Tournament #3851394546, $4.60+$0.40 USD Hold'em No Limit - Level IV (30/60) - 2025/01/25 11:46:14 CET [2025/01/25 5:46:14 ET]
Table '3851394546 1' 3-max Seat #1 is the button
Seat 1: Spencer158 (590 in chips) 
Seat 2: Mahu2021 (910 in chips) 
Spencer158: posts small blind 30
Mahu2021: posts big blind 60
*** HOLE CARDS ***
Dealt to Mahu2021 [Td 2h]
Spencer158: folds 
Uncalled bet (30) returned to Mahu2021
Mahu2021 collected 60 from pot
Mahu2021: doesn't show hand 
*** SUMMARY ***
Total pot 60 | Rake 0 
Seat 1: Spencer158 (button) (small blind) folded before Flop
Seat 2: Mahu2021 (big blind) collected (60)



PokerStars Hand #254543420478: Tournament #3851394546, $4.60+$0.40 USD Hold'em No Limit - Level IV (30/60) - 2025/01/25 11:46:19 CET [2025/01/25 5:46:19 ET]
Table '3851394546 1' 3-max Seat #2 is the button
Seat 1: Spencer158 (560 in chips) 
Seat 2: Mahu2021 (940 in chips) 
Mahu2021: posts small blind 30
Spencer158: posts big blind 60
*** HOLE CARDS ***
Dealt to Mahu2021 [Qh 3s]
Mahu2021: raises 60 to 120
Spencer158: folds 
Uncalled bet (60) returned to Mahu2021
Mahu2021 collected 120 from pot
Mahu2021: doesn't show hand 
*** SUMMARY ***
Total pot 120 | Rake 0 
Seat 1: Spencer158 (big blind) folded before Flop
Seat 2: Mahu2021 (button) (small blind) collected (120)



PokerStars Hand #254543421186: Tournament #3851394546, $4.60+$0.40 USD Hold'em No Limit - Level IV (30/60) - 2025/01/25 11:46:25 CET [2025/01/25 5:46:25 ET]
Table '3851394546 1' 3-max Seat #1 is the button
Seat 1: Spencer158 (500 in chips) 
Seat 2: Mahu2021 (1000 in chips) 
Spencer158: posts small blind 30
Mahu2021: posts big blind 60
*** HOLE CARDS ***
Dealt to Mahu2021 [6c 5s]
Spencer158: calls 30
Mahu2021: checks 
*** FLOP *** [Kd 9d Ah]
Mahu2021: checks 
Spencer158: checks 
*** TURN *** [Kd 9d Ah] [6d]
Mahu2021: checks 
Spencer158: checks 
*** RIVER *** [Kd 9d Ah 6d] [Td]
Mahu2021: checks 
Spencer158: checks 
*** SHOW DOWN ***
Mahu2021: shows [6c 5s] (a pair of Sixes)
Spencer158: shows [Tc 7c] (a pair of Tens)
Spencer158 collected 120 from pot
*** SUMMARY ***
Total pot 120 | Rake 0 
Board [Kd 9d Ah 6d Td]
Seat 1: Spencer158 (button) (small blind) showed [Tc 7c] and won (120) with a pair of Tens
Seat 2: Mahu2021 (big blind) showed [6c 5s] and lost with a pair of Sixes



PokerStars Hand #254543422994: Tournament #3851394546, $4.60+$0.40 USD Hold'em No Limit - Level IV (30/60) - 2025/01/25 11:46:40 CET [2025/01/25 5:46:40 ET]
Table '3851394546 1' 3-max Seat #2 is the button
Seat 1: Spencer158 (560 in chips) 
Seat 2: Mahu2021 (940 in chips) 
Mahu2021: posts small blind 30
Spencer158: posts big blind 60
*** HOLE CARDS ***
Dealt to Mahu2021 [As 5c]
Mahu2021: raises 60 to 120
Spencer158: folds 
Uncalled bet (60) returned to Mahu2021
Mahu2021 collected 120 from pot
Mahu2021: doesn't show hand 
*** SUMMARY ***
Total pot 120 | Rake 0 
Seat 1: Spencer158 (big blind) folded before Flop
Seat 2: Mahu2021 (button) (small blind) collected (120)



PokerStars Hand #254543423992: Tournament #3851394546, $4.60+$0.40 USD Hold'em No Limit - Level IV (30/60) - 2025/01/25 11:46:48 CET [2025/01/25 5:46:48 ET]
Table '3851394546 1' 3-max Seat #1 is the button
Seat 1: Spencer158 (500 in chips) 
Seat 2: Mahu2021 (1000 in chips) 
Spencer158: posts small blind 30
Mahu2021: posts big blind 60
*** HOLE CARDS ***
Dealt to Mahu2021 [3s Qh]
Spencer158: calls 30
Mahu2021: checks 
*** FLOP *** [5h 3c 8c]
Mahu2021: checks 
Spencer158: checks 
*** TURN *** [5h 3c 8c] [4s]
Mahu2021: bets 60
Spencer158: folds 
Uncalled bet (60) returned to Mahu2021
Mahu2021 collected 120 from pot
Mahu2021: doesn't show hand 
*** SUMMARY ***
Total pot 120 | Rake 0 
Board [5h 3c 8c 4s]
Seat 1: Spencer158 (button) (small blind) folded on the Turn
Seat 2: Mahu2021 (big blind) collected (120)



PokerStars Hand #254543425561: Tournament #3851394546, $4.60+$0.40 USD Hold'em No Limit - Level IV (30/60) - 2025/01/25 11:47:01 CET [2025/01/25 5:47:01 ET]
Table '3851394546 1' 3-max Seat #2 is the button
Seat 1: Spencer158 (440 in chips) 
Seat 2: Mahu2021 (1060 in chips) 
Mahu2021: posts small blind 30
Spencer158: posts big blind 60
*** HOLE CARDS ***
Dealt to Mahu2021 [3d 5s]
Mahu2021: folds 
Uncalled bet (30) returned to Spencer158
Spencer158 collected 60 from pot
*** SUMMARY ***
Total pot 60 | Rake 0 
Seat 1: Spencer158 (big blind) collected (60)
Seat 2: Mahu2021 (button) (small blind) folded before Flop



PokerStars Hand #254543426232: Tournament #3851394546, $4.60+$0.40 USD Hold'em No Limit - Level IV (30/60) - 2025/01/25 11:47:07 CET [2025/01/25 5:47:07 ET]
Table '3851394546 1' 3-max Seat #1 is the button
Seat 1: Spencer158 (470 in chips) 
Seat 2: Mahu2021 (1030 in chips) 
Spencer158: posts small blind 30
Mahu2021: posts big blind 60
*** HOLE CARDS ***
Dealt to Mahu2021 [8s Jd]
Spencer158: calls 30
Mahu2021: checks 
*** FLOP *** [4h Th 7h]
Mahu2021: checks 
Spencer158: checks 
*** TURN *** [4h Th 7h] [6s]
Mahu2021: checks 
Spencer158: checks 
*** RIVER *** [4h Th 7h 6s] [5s]
Mahu2021: bets 970 and is all-in
Spencer158: calls 410 and is all-in
Uncalled bet (560) returned to Mahu2021
*** SHOW DOWN ***
Mahu2021: shows [8s Jd] (a straight, Four to Eight)
Spencer158: shows [3d Kd] (a straight, Three to Seven)
Mahu2021 collected 940 from pot
Spencer158 finished the tournament in 2nd place
Mahu2021 wins the tournament and receives $15.00 - congratulations!
*** SUMMARY ***
Total pot 940 | Rake 0 
Board [4h Th 7h 6s 5s]
Seat 1: Spencer158 (button) (small blind) showed [3d Kd] and lost with a straight, Three to Seven
Seat 2: Mahu2021 (big blind) showed [8s Jd] and won (940) with a straight, Four to Eight



