PokerStars Hand #249529051736: Tournament #3731382513, $1.84+$0.16 USD Hold'em No Limit - Level I (10/20) - 2024/03/20 20:34:26 CET [2024/03/20 15:34:26 ET]
Table '3731382513 1' 3-max Seat #1 is the button
Seat 1: Maikonnkmx (500 in chips) 
Seat 2: Mahu2021 (500 in chips) 
Seat 3: frajoca54 (500 in chips) 
Mahu2021: posts small blind 10
frajoca54: posts big blind 20
*** HOLE CARDS ***
Dealt to Mahu2021 [6s Ts]
Maikonnkmx: calls 20
Mahu2021: folds 
frajoca54: checks 
*** FLOP *** [Ah 2d 3s]
frajoca54: checks 
Maikonnkmx: bets 40
frajoca54: folds 
Uncalled bet (40) returned to Maikonnkmx
Maikonnkmx collected 50 from pot
Maikonnkmx: doesn't show hand 
*** SUMMARY ***
Total pot 50 | Rake 0 
Board [Ah 2d 3s]
Seat 1: Maikonnkmx (button) collected (50)
Seat 2: Mahu2021 (small blind) folded before Flop
Seat 3: frajoca54 (big blind) folded on the Flop



PokerStars Hand #249529057359: Tournament #3731382513, $1.84+$0.16 USD Hold'em No Limit - Level I (10/20) - 2024/03/20 20:34:44 CET [2024/03/20 15:34:44 ET]
Table '3731382513 1' 3-max Seat #2 is the button
Seat 1: Maikonnkmx (530 in chips) 
Seat 2: Mahu2021 (490 in chips) 
Seat 3: frajoca54 (480 in chips) 
frajoca54: posts small blind 10
Maikonnkmx: posts big blind 20
*** HOLE CARDS ***
Dealt to Mahu2021 [6c 6d]
Mahu2021: raises 20 to 40
frajoca54: calls 30
Maikonnkmx: calls 20
*** FLOP *** [9d 9s 7h]
frajoca54: checks 
Maikonnkmx: checks 
Mahu2021: bets 40
frajoca54: calls 40
Maikonnkmx: folds 
*** TURN *** [9d 9s 7h] [Th]
frajoca54: checks 
Mahu2021: bets 40
frajoca54: calls 40
*** RIVER *** [9d 9s 7h Th] [Js]
frajoca54: checks 
Mahu2021: checks 
*** SHOW DOWN ***
frajoca54: shows [Ah Kc] (a pair of Nines)
Mahu2021: shows [6c 6d] (two pair, Nines and Sixes)
Mahu2021 collected 280 from pot
*** SUMMARY ***
Total pot 280 | Rake 0 
Board [9d 9s 7h Th Js]
Seat 1: Maikonnkmx (big blind) folded on the Flop
Seat 2: Mahu2021 (button) showed [6c 6d] and won (280) with two pair, Nines and Sixes
Seat 3: frajoca54 (small blind) showed [Ah Kc] and lost with a pair of Nines



PokerStars Hand #249529065132: Tournament #3731382513, $1.84+$0.16 USD Hold'em No Limit - Level I (10/20) - 2024/03/20 20:35:07 CET [2024/03/20 15:35:07 ET]
Table '3731382513 1' 3-max Seat #3 is the button
Seat 1: Maikonnkmx (490 in chips) 
Seat 2: Mahu2021 (650 in chips) 
Seat 3: frajoca54 (360 in chips) 
Maikonnkmx: posts small blind 10
Mahu2021: posts big blind 20
*** HOLE CARDS ***
Dealt to Mahu2021 [6d 5d]
frajoca54: raises 180 to 200
Maikonnkmx: calls 190
Mahu2021: folds 
*** FLOP *** [As Jd Ts]
Maikonnkmx: checks 
frajoca54: bets 160 and is all-in
Maikonnkmx: calls 160
*** TURN *** [As Jd Ts] [6s]
*** RIVER *** [As Jd Ts 6s] [3c]
*** SHOW DOWN ***
Maikonnkmx: shows [Kc Kh] (a pair of Kings)
frajoca54: shows [5c 5s] (a pair of Fives)
Maikonnkmx collected 740 from pot
frajoca54 finished the tournament in 3rd place
*** SUMMARY ***
Total pot 740 | Rake 0 
Board [As Jd Ts 6s 3c]
Seat 1: Maikonnkmx (small blind) showed [Kc Kh] and won (740) with a pair of Kings
Seat 2: Mahu2021 (big blind) folded before Flop
Seat 3: frajoca54 (button) showed [5c 5s] and lost with a pair of Fives



PokerStars Hand #249529074395: Tournament #3731382513, $1.84+$0.16 USD Hold'em No Limit - Level I (10/20) - 2024/03/20 20:35:35 CET [2024/03/20 15:35:35 ET]
Table '3731382513 1' 3-max Seat #2 is the button
Seat 1: Maikonnkmx (870 in chips) 
Seat 2: Mahu2021 (630 in chips) 
Mahu2021: posts small blind 10
Maikonnkmx: posts big blind 20
*** HOLE CARDS ***
Dealt to Mahu2021 [4d 7c]
Mahu2021: folds 
Uncalled bet (10) returned to Maikonnkmx
Maikonnkmx collected 20 from pot
Maikonnkmx: doesn't show hand 
*** SUMMARY ***
Total pot 20 | Rake 0 
Seat 1: Maikonnkmx (big blind) collected (20)
Seat 2: Mahu2021 (button) (small blind) folded before Flop



PokerStars Hand #249529075766: Tournament #3731382513, $1.84+$0.16 USD Hold'em No Limit - Level I (10/20) - 2024/03/20 20:35:39 CET [2024/03/20 15:35:39 ET]
Table '3731382513 1' 3-max Seat #1 is the button
Seat 1: Maikonnkmx (880 in chips) 
Seat 2: Mahu2021 (620 in chips) 
Maikonnkmx: posts small blind 10
Mahu2021: posts big blind 20
*** HOLE CARDS ***
Dealt to Mahu2021 [Ad Qc]
Maikonnkmx: calls 10
Mahu2021: raises 60 to 80
Maikonnkmx: calls 60
*** FLOP *** [3s 2c 3d]
Mahu2021: checks 
Maikonnkmx: bets 60
Mahu2021: calls 60
*** TURN *** [3s 2c 3d] [2h]
Mahu2021: checks 
Maikonnkmx: checks 
*** RIVER *** [3s 2c 3d 2h] [8s]
Mahu2021: checks 
Maikonnkmx: bets 80
Mahu2021: calls 80
*** SHOW DOWN ***
Maikonnkmx: shows [Jd 9d] (two pair, Threes and Deuces)
Mahu2021: shows [Ad Qc] (two pair, Threes and Deuces - Ace kicker)
Mahu2021 collected 440 from pot
*** SUMMARY ***
Total pot 440 | Rake 0 
Board [3s 2c 3d 2h 8s]
Seat 1: Maikonnkmx (button) (small blind) showed [Jd 9d] and lost with two pair, Threes and Deuces
Seat 2: Mahu2021 (big blind) showed [Ad Qc] and won (440) with two pair, Threes and Deuces



PokerStars Hand #249529082247: Tournament #3731382513, $1.84+$0.16 USD Hold'em No Limit - Level I (10/20) - 2024/03/20 20:35:58 CET [2024/03/20 15:35:58 ET]
Table '3731382513 1' 3-max Seat #2 is the button
Seat 1: Maikonnkmx (660 in chips) 
Seat 2: Mahu2021 (840 in chips) 
Mahu2021: posts small blind 10
Maikonnkmx: posts big blind 20
*** HOLE CARDS ***
Dealt to Mahu2021 [6d 8s]
Mahu2021: folds 
Uncalled bet (10) returned to Maikonnkmx
Maikonnkmx collected 20 from pot
Maikonnkmx: doesn't show hand 
*** SUMMARY ***
Total pot 20 | Rake 0 
Seat 1: Maikonnkmx (big blind) collected (20)
Seat 2: Mahu2021 (button) (small blind) folded before Flop



PokerStars Hand #249529083490: Tournament #3731382513, $1.84+$0.16 USD Hold'em No Limit - Level I (10/20) - 2024/03/20 20:36:02 CET [2024/03/20 15:36:02 ET]
Table '3731382513 1' 3-max Seat #1 is the button
Seat 1: Maikonnkmx (670 in chips) 
Seat 2: Mahu2021 (830 in chips) 
Maikonnkmx: posts small blind 10
Mahu2021: posts big blind 20
*** HOLE CARDS ***
Dealt to Mahu2021 [5d Qd]
Maikonnkmx: folds 
Uncalled bet (10) returned to Mahu2021
Mahu2021 collected 20 from pot
Mahu2021: doesn't show hand 
*** SUMMARY ***
Total pot 20 | Rake 0 
Seat 1: Maikonnkmx (button) (small blind) folded before Flop
Seat 2: Mahu2021 (big blind) collected (20)



PokerStars Hand #249529084945: Tournament #3731382513, $1.84+$0.16 USD Hold'em No Limit - Level I (10/20) - 2024/03/20 20:36:07 CET [2024/03/20 15:36:07 ET]
Table '3731382513 1' 3-max Seat #2 is the button
Seat 1: Maikonnkmx (660 in chips) 
Seat 2: Mahu2021 (840 in chips) 
Mahu2021: posts small blind 10
Maikonnkmx: posts big blind 20
*** HOLE CARDS ***
Dealt to Mahu2021 [Kh Td]
Mahu2021: raises 20 to 40
Maikonnkmx: calls 20
*** FLOP *** [4c Tc 4h]
Maikonnkmx: checks 
Mahu2021: bets 80
Maikonnkmx: folds 
Uncalled bet (80) returned to Mahu2021
Mahu2021 collected 80 from pot
Mahu2021: doesn't show hand 
*** SUMMARY ***
Total pot 80 | Rake 0 
Board [4c Tc 4h]
Seat 1: Maikonnkmx (big blind) folded on the Flop
Seat 2: Mahu2021 (button) (small blind) collected (80)



PokerStars Hand #249529088398: Tournament #3731382513, $1.84+$0.16 USD Hold'em No Limit - Level I (10/20) - 2024/03/20 20:36:17 CET [2024/03/20 15:36:17 ET]
Table '3731382513 1' 3-max Seat #1 is the button
Seat 1: Maikonnkmx (620 in chips) 
Seat 2: Mahu2021 (880 in chips) 
Maikonnkmx: posts small blind 10
Mahu2021: posts big blind 20
*** HOLE CARDS ***
Dealt to Mahu2021 [3s 2h]
Maikonnkmx: folds 
Uncalled bet (10) returned to Mahu2021
Mahu2021 collected 20 from pot
Mahu2021: doesn't show hand 
*** SUMMARY ***
Total pot 20 | Rake 0 
Seat 1: Maikonnkmx (button) (small blind) folded before Flop
Seat 2: Mahu2021 (big blind) collected (20)



PokerStars Hand #249529089867: Tournament #3731382513, $1.84+$0.16 USD Hold'em No Limit - Level I (10/20) - 2024/03/20 20:36:21 CET [2024/03/20 15:36:21 ET]
Table '3731382513 1' 3-max Seat #2 is the button
Seat 1: Maikonnkmx (610 in chips) 
Seat 2: Mahu2021 (890 in chips) 
Mahu2021: posts small blind 10
Maikonnkmx: posts big blind 20
*** HOLE CARDS ***
Dealt to Mahu2021 [4h Qs]
Mahu2021: calls 10
Maikonnkmx: checks 
*** FLOP *** [6h Ts 2c]
Maikonnkmx: checks 
Mahu2021: checks 
*** TURN *** [6h Ts 2c] [9c]
Maikonnkmx: checks 
Mahu2021: checks 
*** RIVER *** [6h Ts 2c 9c] [2h]
Maikonnkmx: checks 
Mahu2021: checks 
*** SHOW DOWN ***
Maikonnkmx: shows [3h 9d] (two pair, Nines and Deuces)
Mahu2021: mucks hand 
Maikonnkmx collected 40 from pot
*** SUMMARY ***
Total pot 40 | Rake 0 
Board [6h Ts 2c 9c 2h]
Seat 1: Maikonnkmx (big blind) showed [3h 9d] and won (40) with two pair, Nines and Deuces
Seat 2: Mahu2021 (button) (small blind) mucked [4h Qs]



PokerStars Hand #249529099232: Tournament #3731382513, $1.84+$0.16 USD Hold'em No Limit - Level I (10/20) - 2024/03/20 20:36:50 CET [2024/03/20 15:36:50 ET]
Table '3731382513 1' 3-max Seat #1 is the button
Seat 1: Maikonnkmx (630 in chips) 
Seat 2: Mahu2021 (870 in chips) 
Maikonnkmx: posts small blind 10
Mahu2021: posts big blind 20
*** HOLE CARDS ***
Dealt to Mahu2021 [9d 7d]
Maikonnkmx: calls 10
Mahu2021: checks 
*** FLOP *** [6d Ah 6c]
Mahu2021: checks 
Maikonnkmx: bets 20
Mahu2021: folds 
Uncalled bet (20) returned to Maikonnkmx
Maikonnkmx collected 40 from pot
Maikonnkmx: doesn't show hand 
*** SUMMARY ***
Total pot 40 | Rake 0 
Board [6d Ah 6c]
Seat 1: Maikonnkmx (button) (small blind) collected (40)
Seat 2: Mahu2021 (big blind) folded on the Flop



PokerStars Hand #249529105783: Tournament #3731382513, $1.84+$0.16 USD Hold'em No Limit - Level I (10/20) - 2024/03/20 20:37:09 CET [2024/03/20 15:37:09 ET]
Table '3731382513 1' 3-max Seat #2 is the button
Seat 1: Maikonnkmx (650 in chips) 
Seat 2: Mahu2021 (850 in chips) 
Mahu2021: posts small blind 10
Maikonnkmx: posts big blind 20
*** HOLE CARDS ***
Dealt to Mahu2021 [4s Td]
Mahu2021: folds 
Uncalled bet (10) returned to Maikonnkmx
Maikonnkmx collected 20 from pot
Maikonnkmx: doesn't show hand 
*** SUMMARY ***
Total pot 20 | Rake 0 
Seat 1: Maikonnkmx (big blind) collected (20)
Seat 2: Mahu2021 (button) (small blind) folded before Flop



PokerStars Hand #249529107170: Tournament #3731382513, $1.84+$0.16 USD Hold'em No Limit - Level I (10/20) - 2024/03/20 20:37:13 CET [2024/03/20 15:37:13 ET]
Table '3731382513 1' 3-max Seat #1 is the button
Seat 1: Maikonnkmx (660 in chips) 
Seat 2: Mahu2021 (840 in chips) 
Maikonnkmx: posts small blind 10
Mahu2021: posts big blind 20
*** HOLE CARDS ***
Dealt to Mahu2021 [6d 2h]
Maikonnkmx: calls 10
Mahu2021: checks 
*** FLOP *** [5d 4d Ad]
Mahu2021: checks 
Maikonnkmx: bets 60
Mahu2021: folds 
Uncalled bet (60) returned to Maikonnkmx
Maikonnkmx collected 40 from pot
Maikonnkmx: doesn't show hand 
*** SUMMARY ***
Total pot 40 | Rake 0 
Board [5d 4d Ad]
Seat 1: Maikonnkmx (button) (small blind) collected (40)
Seat 2: Mahu2021 (big blind) folded on the Flop



PokerStars Hand #249529111699: Tournament #3731382513, $1.84+$0.16 USD Hold'em No Limit - Level I (10/20) - 2024/03/20 20:37:27 CET [2024/03/20 15:37:27 ET]
Table '3731382513 1' 3-max Seat #2 is the button
Seat 1: Maikonnkmx (680 in chips) 
Seat 2: Mahu2021 (820 in chips) 
Mahu2021: posts small blind 10
Maikonnkmx: posts big blind 20
*** HOLE CARDS ***
Dealt to Mahu2021 [9s 4d]
Mahu2021: folds 
Uncalled bet (10) returned to Maikonnkmx
Maikonnkmx collected 20 from pot
Maikonnkmx: doesn't show hand 
*** SUMMARY ***
Total pot 20 | Rake 0 
Seat 1: Maikonnkmx (big blind) collected (20)
Seat 2: Mahu2021 (button) (small blind) folded before Flop



PokerStars Hand #249529114039: Tournament #3731382513, $1.84+$0.16 USD Hold'em No Limit - Level II (15/30) - 2024/03/20 20:37:34 CET [2024/03/20 15:37:34 ET]
Table '3731382513 1' 3-max Seat #1 is the button
Seat 1: Maikonnkmx (690 in chips) 
Seat 2: Mahu2021 (810 in chips) 
Maikonnkmx: posts small blind 15
Mahu2021: posts big blind 30
*** HOLE CARDS ***
Dealt to Mahu2021 [Jd 3h]
Maikonnkmx: calls 15
Mahu2021: checks 
*** FLOP *** [Js 9h 3c]
Mahu2021: checks 
Maikonnkmx: checks 
*** TURN *** [Js 9h 3c] [Kc]
Mahu2021: checks 
Maikonnkmx: checks 
*** RIVER *** [Js 9h 3c Kc] [5s]
Mahu2021: bets 60
Maikonnkmx: calls 60
*** SHOW DOWN ***
Mahu2021: shows [Jd 3h] (two pair, Jacks and Threes)
Maikonnkmx: mucks hand 
Mahu2021 collected 180 from pot
*** SUMMARY ***
Total pot 180 | Rake 0 
Board [Js 9h 3c Kc 5s]
Seat 1: Maikonnkmx (button) (small blind) mucked [Ac Tc]
Seat 2: Mahu2021 (big blind) showed [Jd 3h] and won (180) with two pair, Jacks and Threes



PokerStars Hand #249529119200: Tournament #3731382513, $1.84+$0.16 USD Hold'em No Limit - Level II (15/30) - 2024/03/20 20:37:49 CET [2024/03/20 15:37:49 ET]
Table '3731382513 1' 3-max Seat #2 is the button
Seat 1: Maikonnkmx (600 in chips) 
Seat 2: Mahu2021 (900 in chips) 
Mahu2021: posts small blind 15
Maikonnkmx: posts big blind 30
*** HOLE CARDS ***
Dealt to Mahu2021 [7s Td]
Mahu2021: calls 15
Maikonnkmx: checks 
*** FLOP *** [4d Qc Jh]
Maikonnkmx: checks 
Mahu2021: bets 30
Maikonnkmx: folds 
Uncalled bet (30) returned to Mahu2021
Mahu2021 collected 60 from pot
Mahu2021: doesn't show hand 
*** SUMMARY ***
Total pot 60 | Rake 0 
Board [4d Qc Jh]
Seat 1: Maikonnkmx (big blind) folded on the Flop
Seat 2: Mahu2021 (button) (small blind) collected (60)



PokerStars Hand #249529122768: Tournament #3731382513, $1.84+$0.16 USD Hold'em No Limit - Level II (15/30) - 2024/03/20 20:38:00 CET [2024/03/20 15:38:00 ET]
Table '3731382513 1' 3-max Seat #1 is the button
Seat 1: Maikonnkmx (570 in chips) 
Seat 2: Mahu2021 (930 in chips) 
Maikonnkmx: posts small blind 15
Mahu2021: posts big blind 30
*** HOLE CARDS ***
Dealt to Mahu2021 [4d 5s]
Maikonnkmx: raises 60 to 90
Mahu2021: folds 
Uncalled bet (60) returned to Maikonnkmx
Maikonnkmx collected 60 from pot
Maikonnkmx: doesn't show hand 
*** SUMMARY ***
Total pot 60 | Rake 0 
Seat 1: Maikonnkmx (button) (small blind) collected (60)
Seat 2: Mahu2021 (big blind) folded before Flop



PokerStars Hand #249529125333: Tournament #3731382513, $1.84+$0.16 USD Hold'em No Limit - Level II (15/30) - 2024/03/20 20:38:08 CET [2024/03/20 15:38:08 ET]
Table '3731382513 1' 3-max Seat #2 is the button
Seat 1: Maikonnkmx (600 in chips) 
Seat 2: Mahu2021 (900 in chips) 
Mahu2021: posts small blind 15
Maikonnkmx: posts big blind 30
*** HOLE CARDS ***
Dealt to Mahu2021 [4s Th]
Mahu2021: folds 
Uncalled bet (15) returned to Maikonnkmx
Maikonnkmx collected 30 from pot
Maikonnkmx: doesn't show hand 
*** SUMMARY ***
Total pot 30 | Rake 0 
Seat 1: Maikonnkmx (big blind) collected (30)
Seat 2: Mahu2021 (button) (small blind) folded before Flop



PokerStars Hand #249529126757: Tournament #3731382513, $1.84+$0.16 USD Hold'em No Limit - Level II (15/30) - 2024/03/20 20:38:12 CET [2024/03/20 15:38:12 ET]
Table '3731382513 1' 3-max Seat #1 is the button
Seat 1: Maikonnkmx (615 in chips) 
Seat 2: Mahu2021 (885 in chips) 
Maikonnkmx: posts small blind 15
Mahu2021: posts big blind 30
*** HOLE CARDS ***
Dealt to Mahu2021 [Td Jd]
Maikonnkmx: folds 
Uncalled bet (15) returned to Mahu2021
Mahu2021 collected 30 from pot
Mahu2021: doesn't show hand 
*** SUMMARY ***
Total pot 30 | Rake 0 
Seat 1: Maikonnkmx (button) (small blind) folded before Flop
Seat 2: Mahu2021 (big blind) collected (30)



PokerStars Hand #249529128126: Tournament #3731382513, $1.84+$0.16 USD Hold'em No Limit - Level II (15/30) - 2024/03/20 20:38:16 CET [2024/03/20 15:38:16 ET]
Table '3731382513 1' 3-max Seat #2 is the button
Seat 1: Maikonnkmx (600 in chips) 
Seat 2: Mahu2021 (900 in chips) 
Mahu2021: posts small blind 15
Maikonnkmx: posts big blind 30
*** HOLE CARDS ***
Dealt to Mahu2021 [Th 2s]
Mahu2021: folds 
Uncalled bet (15) returned to Maikonnkmx
Maikonnkmx collected 30 from pot
Maikonnkmx: doesn't show hand 
*** SUMMARY ***
Total pot 30 | Rake 0 
Seat 1: Maikonnkmx (big blind) collected (30)
Seat 2: Mahu2021 (button) (small blind) folded before Flop



PokerStars Hand #249529129510: Tournament #3731382513, $1.84+$0.16 USD Hold'em No Limit - Level II (15/30) - 2024/03/20 20:38:20 CET [2024/03/20 15:38:20 ET]
Table '3731382513 1' 3-max Seat #1 is the button
Seat 1: Maikonnkmx (615 in chips) 
Seat 2: Mahu2021 (885 in chips) 
Maikonnkmx: posts small blind 15
Mahu2021: posts big blind 30
*** HOLE CARDS ***
Dealt to Mahu2021 [3h 6d]
Maikonnkmx: raises 30 to 60
Mahu2021: folds 
Uncalled bet (30) returned to Maikonnkmx
Maikonnkmx collected 60 from pot
Maikonnkmx: doesn't show hand 
*** SUMMARY ***
Total pot 60 | Rake 0 
Seat 1: Maikonnkmx (button) (small blind) collected (60)
Seat 2: Mahu2021 (big blind) folded before Flop



PokerStars Hand #249529131480: Tournament #3731382513, $1.84+$0.16 USD Hold'em No Limit - Level II (15/30) - 2024/03/20 20:38:26 CET [2024/03/20 15:38:26 ET]
Table '3731382513 1' 3-max Seat #2 is the button
Seat 1: Maikonnkmx (645 in chips) 
Seat 2: Mahu2021 (855 in chips) 
Mahu2021: posts small blind 15
Maikonnkmx: posts big blind 30
*** HOLE CARDS ***
Dealt to Mahu2021 [Ks 5c]
Mahu2021: raises 30 to 60
Maikonnkmx: folds 
Uncalled bet (30) returned to Mahu2021
Mahu2021 collected 60 from pot
Mahu2021: doesn't show hand 
*** SUMMARY ***
Total pot 60 | Rake 0 
Seat 1: Maikonnkmx (big blind) folded before Flop
Seat 2: Mahu2021 (button) (small blind) collected (60)



PokerStars Hand #249529133077: Tournament #3731382513, $1.84+$0.16 USD Hold'em No Limit - Level II (15/30) - 2024/03/20 20:38:31 CET [2024/03/20 15:38:31 ET]
Table '3731382513 1' 3-max Seat #1 is the button
Seat 1: Maikonnkmx (615 in chips) 
Seat 2: Mahu2021 (885 in chips) 
Maikonnkmx: posts small blind 15
Mahu2021: posts big blind 30
*** HOLE CARDS ***
Dealt to Mahu2021 [8c 5s]
Maikonnkmx: folds 
Uncalled bet (15) returned to Mahu2021
Mahu2021 collected 30 from pot
Mahu2021: doesn't show hand 
*** SUMMARY ***
Total pot 30 | Rake 0 
Seat 1: Maikonnkmx (button) (small blind) folded before Flop
Seat 2: Mahu2021 (big blind) collected (30)



PokerStars Hand #249529134634: Tournament #3731382513, $1.84+$0.16 USD Hold'em No Limit - Level II (15/30) - 2024/03/20 20:38:36 CET [2024/03/20 15:38:36 ET]
Table '3731382513 1' 3-max Seat #2 is the button
Seat 1: Maikonnkmx (600 in chips) 
Seat 2: Mahu2021 (900 in chips) 
Mahu2021: posts small blind 15
Maikonnkmx: posts big blind 30
*** HOLE CARDS ***
Dealt to Mahu2021 [4c 4s]
Mahu2021: raises 30 to 60
Maikonnkmx: raises 60 to 120
Mahu2021: calls 60
*** FLOP *** [2h Ac Kd]
Maikonnkmx: checks 
Mahu2021: checks 
*** TURN *** [2h Ac Kd] [8h]
Maikonnkmx: bets 240
Mahu2021: folds 
Uncalled bet (240) returned to Maikonnkmx
Maikonnkmx collected 240 from pot
Maikonnkmx: doesn't show hand 
*** SUMMARY ***
Total pot 240 | Rake 0 
Board [2h Ac Kd 8h]
Seat 1: Maikonnkmx (big blind) collected (240)
Seat 2: Mahu2021 (button) (small blind) folded on the Turn



PokerStars Hand #249529139243: Tournament #3731382513, $1.84+$0.16 USD Hold'em No Limit - Level II (15/30) - 2024/03/20 20:38:49 CET [2024/03/20 15:38:49 ET]
Table '3731382513 1' 3-max Seat #1 is the button
Seat 1: Maikonnkmx (720 in chips) 
Seat 2: Mahu2021 (780 in chips) 
Maikonnkmx: posts small blind 15
Mahu2021: posts big blind 30
*** HOLE CARDS ***
Dealt to Mahu2021 [9c Tc]
Maikonnkmx: folds 
Uncalled bet (15) returned to Mahu2021
Mahu2021 collected 30 from pot
Mahu2021: doesn't show hand 
*** SUMMARY ***
Total pot 30 | Rake 0 
Seat 1: Maikonnkmx (button) (small blind) folded before Flop
Seat 2: Mahu2021 (big blind) collected (30)



PokerStars Hand #249529140656: Tournament #3731382513, $1.84+$0.16 USD Hold'em No Limit - Level II (15/30) - 2024/03/20 20:38:54 CET [2024/03/20 15:38:54 ET]
Table '3731382513 1' 3-max Seat #2 is the button
Seat 1: Maikonnkmx (705 in chips) 
Seat 2: Mahu2021 (795 in chips) 
Mahu2021: posts small blind 15
Maikonnkmx: posts big blind 30
*** HOLE CARDS ***
Dealt to Mahu2021 [8d 3d]
Mahu2021: folds 
Uncalled bet (15) returned to Maikonnkmx
Maikonnkmx collected 30 from pot
Maikonnkmx: doesn't show hand 
*** SUMMARY ***
Total pot 30 | Rake 0 
Seat 1: Maikonnkmx (big blind) collected (30)
Seat 2: Mahu2021 (button) (small blind) folded before Flop



PokerStars Hand #249529142033: Tournament #3731382513, $1.84+$0.16 USD Hold'em No Limit - Level II (15/30) - 2024/03/20 20:38:58 CET [2024/03/20 15:38:58 ET]
Table '3731382513 1' 3-max Seat #1 is the button
Seat 1: Maikonnkmx (720 in chips) 
Seat 2: Mahu2021 (780 in chips) 
Maikonnkmx: posts small blind 15
Mahu2021: posts big blind 30
*** HOLE CARDS ***
Dealt to Mahu2021 [2h 7h]
Maikonnkmx: folds 
Uncalled bet (15) returned to Mahu2021
Mahu2021 collected 30 from pot
Mahu2021: doesn't show hand 
*** SUMMARY ***
Total pot 30 | Rake 0 
Seat 1: Maikonnkmx (button) (small blind) folded before Flop
Seat 2: Mahu2021 (big blind) collected (30)



PokerStars Hand #249529143423: Tournament #3731382513, $1.84+$0.16 USD Hold'em No Limit - Level II (15/30) - 2024/03/20 20:39:02 CET [2024/03/20 15:39:02 ET]
Table '3731382513 1' 3-max Seat #2 is the button
Seat 1: Maikonnkmx (705 in chips) 
Seat 2: Mahu2021 (795 in chips) 
Mahu2021: posts small blind 15
Maikonnkmx: posts big blind 30
*** HOLE CARDS ***
Dealt to Mahu2021 [Ts 3s]
Mahu2021: calls 15
Maikonnkmx: checks 
*** FLOP *** [Tc 8c 9s]
Maikonnkmx: checks 
Mahu2021: bets 30
Maikonnkmx: folds 
Uncalled bet (30) returned to Mahu2021
Mahu2021 collected 60 from pot
Mahu2021: doesn't show hand 
*** SUMMARY ***
Total pot 60 | Rake 0 
Board [Tc 8c 9s]
Seat 1: Maikonnkmx (big blind) folded on the Flop
Seat 2: Mahu2021 (button) (small blind) collected (60)



PokerStars Hand #249529147391: Tournament #3731382513, $1.84+$0.16 USD Hold'em No Limit - Level II (15/30) - 2024/03/20 20:39:14 CET [2024/03/20 15:39:14 ET]
Table '3731382513 1' 3-max Seat #1 is the button
Seat 1: Maikonnkmx (675 in chips) 
Seat 2: Mahu2021 (825 in chips) 
Maikonnkmx: posts small blind 15
Mahu2021: posts big blind 30
*** HOLE CARDS ***
Dealt to Mahu2021 [6d 5s]
Maikonnkmx: calls 15
Mahu2021: checks 
*** FLOP *** [3s 8c 4c]
Mahu2021: checks 
Maikonnkmx: checks 
*** TURN *** [3s 8c 4c] [Th]
Mahu2021: bets 30
Maikonnkmx: calls 30
*** RIVER *** [3s 8c 4c Th] [Td]
Mahu2021: checks 
Maikonnkmx: checks 
*** SHOW DOWN ***
Mahu2021: shows [6d 5s] (a pair of Tens)
Maikonnkmx: shows [Qc Kc] (a pair of Tens - King kicker)
Maikonnkmx collected 120 from pot
*** SUMMARY ***
Total pot 120 | Rake 0 
Board [3s 8c 4c Th Td]
Seat 1: Maikonnkmx (button) (small blind) showed [Qc Kc] and won (120) with a pair of Tens
Seat 2: Mahu2021 (big blind) showed [6d 5s] and lost with a pair of Tens



PokerStars Hand #249529151883: Tournament #3731382513, $1.84+$0.16 USD Hold'em No Limit - Level II (15/30) - 2024/03/20 20:39:28 CET [2024/03/20 15:39:28 ET]
Table '3731382513 1' 3-max Seat #2 is the button
Seat 1: Maikonnkmx (735 in chips) 
Seat 2: Mahu2021 (765 in chips) 
Mahu2021: posts small blind 15
Maikonnkmx: posts big blind 30
*** HOLE CARDS ***
Dealt to Mahu2021 [7h Jd]
Mahu2021: calls 15
Maikonnkmx: checks 
*** FLOP *** [Ks Kc Ts]
Maikonnkmx: checks 
Mahu2021: checks 
*** TURN *** [Ks Kc Ts] [As]
Maikonnkmx: checks 
Mahu2021: checks 
*** RIVER *** [Ks Kc Ts As] [6d]
Maikonnkmx: checks 
Mahu2021: checks 
*** SHOW DOWN ***
Maikonnkmx: shows [7c 6s] (two pair, Kings and Sixes)
Mahu2021: mucks hand 
Maikonnkmx collected 60 from pot
*** SUMMARY ***
Total pot 60 | Rake 0 
Board [Ks Kc Ts As 6d]
Seat 1: Maikonnkmx (big blind) showed [7c 6s] and won (60) with two pair, Kings and Sixes
Seat 2: Mahu2021 (button) (small blind) mucked [7h Jd]



PokerStars Hand #249529155991: Tournament #3731382513, $1.84+$0.16 USD Hold'em No Limit - Level II (15/30) - 2024/03/20 20:39:40 CET [2024/03/20 15:39:40 ET]
Table '3731382513 1' 3-max Seat #1 is the button
Seat 1: Maikonnkmx (765 in chips) 
Seat 2: Mahu2021 (735 in chips) 
Maikonnkmx: posts small blind 15
Mahu2021: posts big blind 30
*** HOLE CARDS ***
Dealt to Mahu2021 [Ah Tc]
Maikonnkmx: folds 
Uncalled bet (15) returned to Mahu2021
Mahu2021 collected 30 from pot
Mahu2021: doesn't show hand 
*** SUMMARY ***
Total pot 30 | Rake 0 
Seat 1: Maikonnkmx (button) (small blind) folded before Flop
Seat 2: Mahu2021 (big blind) collected (30)



PokerStars Hand #249529157486: Tournament #3731382513, $1.84+$0.16 USD Hold'em No Limit - Level II (15/30) - 2024/03/20 20:39:44 CET [2024/03/20 15:39:44 ET]
Table '3731382513 1' 3-max Seat #2 is the button
Seat 1: Maikonnkmx (750 in chips) 
Seat 2: Mahu2021 (750 in chips) 
Mahu2021: posts small blind 15
Maikonnkmx: posts big blind 30
*** HOLE CARDS ***
Dealt to Mahu2021 [Tc Td]
Mahu2021: raises 720 to 750 and is all-in
Maikonnkmx: folds 
Uncalled bet (720) returned to Mahu2021
Mahu2021 collected 60 from pot
Mahu2021: doesn't show hand 
*** SUMMARY ***
Total pot 60 | Rake 0 
Seat 1: Maikonnkmx (big blind) folded before Flop
Seat 2: Mahu2021 (button) (small blind) collected (60)



PokerStars Hand #249529159567: Tournament #3731382513, $1.84+$0.16 USD Hold'em No Limit - Level II (15/30) - 2024/03/20 20:39:51 CET [2024/03/20 15:39:51 ET]
Table '3731382513 1' 3-max Seat #1 is the button
Seat 1: Maikonnkmx (720 in chips) 
Seat 2: Mahu2021 (780 in chips) 
Maikonnkmx: posts small blind 15
Mahu2021: posts big blind 30
*** HOLE CARDS ***
Dealt to Mahu2021 [3s 4c]
Maikonnkmx: folds 
Uncalled bet (15) returned to Mahu2021
Mahu2021 collected 30 from pot
Mahu2021: doesn't show hand 
*** SUMMARY ***
Total pot 30 | Rake 0 
Seat 1: Maikonnkmx (button) (small blind) folded before Flop
Seat 2: Mahu2021 (big blind) collected (30)



PokerStars Hand #249529161127: Tournament #3731382513, $1.84+$0.16 USD Hold'em No Limit - Level II (15/30) - 2024/03/20 20:39:55 CET [2024/03/20 15:39:55 ET]
Table '3731382513 1' 3-max Seat #2 is the button
Seat 1: Maikonnkmx (705 in chips) 
Seat 2: Mahu2021 (795 in chips) 
Mahu2021: posts small blind 15
Maikonnkmx: posts big blind 30
*** HOLE CARDS ***
Dealt to Mahu2021 [7h Js]
Mahu2021: calls 15
Maikonnkmx: checks 
*** FLOP *** [6h 4d 2c]
Maikonnkmx: checks 
Mahu2021: checks 
*** TURN *** [6h 4d 2c] [4h]
Maikonnkmx: checks 
Mahu2021: checks 
*** RIVER *** [6h 4d 2c 4h] [2h]
Maikonnkmx: checks 
Mahu2021: bets 30
Maikonnkmx: calls 30
*** SHOW DOWN ***
Mahu2021: shows [7h Js] (two pair, Fours and Deuces)
Maikonnkmx: shows [6s 3d] (two pair, Sixes and Fours)
Maikonnkmx collected 120 from pot
*** SUMMARY ***
Total pot 120 | Rake 0 
Board [6h 4d 2c 4h 2h]
Seat 1: Maikonnkmx (big blind) showed [6s 3d] and won (120) with two pair, Sixes and Fours
Seat 2: Mahu2021 (button) (small blind) showed [7h Js] and lost with two pair, Fours and Deuces



PokerStars Hand #249529166316: Tournament #3731382513, $1.84+$0.16 USD Hold'em No Limit - Level II (15/30) - 2024/03/20 20:40:11 CET [2024/03/20 15:40:11 ET]
Table '3731382513 1' 3-max Seat #1 is the button
Seat 1: Maikonnkmx (765 in chips) 
Seat 2: Mahu2021 (735 in chips) 
Maikonnkmx: posts small blind 15
Mahu2021: posts big blind 30
*** HOLE CARDS ***
Dealt to Mahu2021 [6s Td]
Maikonnkmx: calls 15
Mahu2021: checks 
*** FLOP *** [Ad 9d 2h]
Mahu2021: checks 
Maikonnkmx: checks 
*** TURN *** [Ad 9d 2h] [5h]
Mahu2021: checks 
Maikonnkmx: checks 
*** RIVER *** [Ad 9d 2h 5h] [6d]
Mahu2021: checks 
Maikonnkmx: bets 60
Mahu2021: calls 60
*** SHOW DOWN ***
Maikonnkmx: shows [2d Kd] (a flush, Ace high)
Mahu2021: mucks hand 
Maikonnkmx collected 180 from pot
*** SUMMARY ***
Total pot 180 | Rake 0 
Board [Ad 9d 2h 5h 6d]
Seat 1: Maikonnkmx (button) (small blind) showed [2d Kd] and won (180) with a flush, Ace high
Seat 2: Mahu2021 (big blind) mucked [6s Td]



PokerStars Hand #249529170987: Tournament #3731382513, $1.84+$0.16 USD Hold'em No Limit - Level II (15/30) - 2024/03/20 20:40:25 CET [2024/03/20 15:40:25 ET]
Table '3731382513 1' 3-max Seat #2 is the button
Seat 1: Maikonnkmx (855 in chips) 
Seat 2: Mahu2021 (645 in chips) 
Mahu2021: posts small blind 15
Maikonnkmx: posts big blind 30
*** HOLE CARDS ***
Dealt to Mahu2021 [5d 2h]
Mahu2021: folds 
Uncalled bet (15) returned to Maikonnkmx
Maikonnkmx collected 30 from pot
Maikonnkmx: doesn't show hand 
*** SUMMARY ***
Total pot 30 | Rake 0 
Seat 1: Maikonnkmx (big blind) collected (30)
Seat 2: Mahu2021 (button) (small blind) folded before Flop



PokerStars Hand #249529173364: Tournament #3731382513, $1.84+$0.16 USD Hold'em No Limit - Level III (20/40) - 2024/03/20 20:40:32 CET [2024/03/20 15:40:32 ET]
Table '3731382513 1' 3-max Seat #1 is the button
Seat 1: Maikonnkmx (870 in chips) 
Seat 2: Mahu2021 (630 in chips) 
Maikonnkmx: posts small blind 20
Mahu2021: posts big blind 40
*** HOLE CARDS ***
Dealt to Mahu2021 [8s As]
Maikonnkmx: raises 40 to 80
Mahu2021: calls 40
*** FLOP *** [6c Js Ah]
Mahu2021: checks 
Maikonnkmx: bets 80
Mahu2021: calls 80
*** TURN *** [6c Js Ah] [8d]
Mahu2021: checks 
Maikonnkmx: bets 320
Mahu2021: raises 150 to 470 and is all-in
Maikonnkmx: folds 
Uncalled bet (150) returned to Mahu2021
Mahu2021 collected 960 from pot
Mahu2021: doesn't show hand 
*** SUMMARY ***
Total pot 960 | Rake 0 
Board [6c Js Ah 8d]
Seat 1: Maikonnkmx (button) (small blind) folded on the Turn
Seat 2: Mahu2021 (big blind) collected (960)



PokerStars Hand #249529179207: Tournament #3731382513, $1.84+$0.16 USD Hold'em No Limit - Level III (20/40) - 2024/03/20 20:40:50 CET [2024/03/20 15:40:50 ET]
Table '3731382513 1' 3-max Seat #2 is the button
Seat 1: Maikonnkmx (390 in chips) 
Seat 2: Mahu2021 (1110 in chips) 
Mahu2021: posts small blind 20
Maikonnkmx: posts big blind 40
*** HOLE CARDS ***
Dealt to Mahu2021 [2s Ks]
Mahu2021: calls 20
Maikonnkmx: checks 
*** FLOP *** [9c 7c 7h]
Maikonnkmx: bets 350 and is all-in
Mahu2021: folds 
Uncalled bet (350) returned to Maikonnkmx
Maikonnkmx collected 80 from pot
Maikonnkmx: doesn't show hand 
*** SUMMARY ***
Total pot 80 | Rake 0 
Board [9c 7c 7h]
Seat 1: Maikonnkmx (big blind) collected (80)
Seat 2: Mahu2021 (button) (small blind) folded on the Flop



PokerStars Hand #249529182302: Tournament #3731382513, $1.84+$0.16 USD Hold'em No Limit - Level III (20/40) - 2024/03/20 20:40:59 CET [2024/03/20 15:40:59 ET]
Table '3731382513 1' 3-max Seat #1 is the button
Seat 1: Maikonnkmx (430 in chips) 
Seat 2: Mahu2021 (1070 in chips) 
Maikonnkmx: posts small blind 20
Mahu2021: posts big blind 40
*** HOLE CARDS ***
Dealt to Mahu2021 [Kh 8s]
Maikonnkmx: folds 
Uncalled bet (20) returned to Mahu2021
Mahu2021 collected 40 from pot
Mahu2021: doesn't show hand 
*** SUMMARY ***
Total pot 40 | Rake 0 
Seat 1: Maikonnkmx (button) (small blind) folded before Flop
Seat 2: Mahu2021 (big blind) collected (40)



PokerStars Hand #249529183848: Tournament #3731382513, $1.84+$0.16 USD Hold'em No Limit - Level III (20/40) - 2024/03/20 20:41:04 CET [2024/03/20 15:41:04 ET]
Table '3731382513 1' 3-max Seat #2 is the button
Seat 1: Maikonnkmx (410 in chips) 
Seat 2: Mahu2021 (1090 in chips) 
Mahu2021: posts small blind 20
Maikonnkmx: posts big blind 40
*** HOLE CARDS ***
Dealt to Mahu2021 [8c Ad]
Mahu2021: raises 40 to 80
Maikonnkmx: raises 330 to 410 and is all-in
Mahu2021: calls 330
*** FLOP *** [Jd Qc 3h]
*** TURN *** [Jd Qc 3h] [2h]
*** RIVER *** [Jd Qc 3h 2h] [Ks]
*** SHOW DOWN ***
Maikonnkmx: shows [Kd Js] (two pair, Kings and Jacks)
Mahu2021: shows [8c Ad] (high card Ace)
Maikonnkmx collected 820 from pot
*** SUMMARY ***
Total pot 820 | Rake 0 
Board [Jd Qc 3h 2h Ks]
Seat 1: Maikonnkmx (big blind) showed [Kd Js] and won (820) with two pair, Kings and Jacks
Seat 2: Mahu2021 (button) (small blind) showed [8c Ad] and lost with high card Ace



PokerStars Hand #249529188160: Tournament #3731382513, $1.84+$0.16 USD Hold'em No Limit - Level III (20/40) - 2024/03/20 20:41:17 CET [2024/03/20 15:41:17 ET]
Table '3731382513 1' 3-max Seat #1 is the button
Seat 1: Maikonnkmx (820 in chips) 
Seat 2: Mahu2021 (680 in chips) 
Maikonnkmx: posts small blind 20
Mahu2021: posts big blind 40
*** HOLE CARDS ***
Dealt to Mahu2021 [5c Ts]
Maikonnkmx: calls 20
Mahu2021: checks 
*** FLOP *** [2h 5s 3c]
Mahu2021: bets 80
Maikonnkmx: folds 
Uncalled bet (80) returned to Mahu2021
Mahu2021 collected 80 from pot
Mahu2021: doesn't show hand 
*** SUMMARY ***
Total pot 80 | Rake 0 
Board [2h 5s 3c]
Seat 1: Maikonnkmx (button) (small blind) folded on the Flop
Seat 2: Mahu2021 (big blind) collected (80)



PokerStars Hand #249529191623: Tournament #3731382513, $1.84+$0.16 USD Hold'em No Limit - Level III (20/40) - 2024/03/20 20:41:27 CET [2024/03/20 15:41:27 ET]
Table '3731382513 1' 3-max Seat #2 is the button
Seat 1: Maikonnkmx (780 in chips) 
Seat 2: Mahu2021 (720 in chips) 
Mahu2021: posts small blind 20
Maikonnkmx: posts big blind 40
*** HOLE CARDS ***
Dealt to Mahu2021 [As 4d]
Mahu2021: raises 40 to 80
Maikonnkmx: calls 40
*** FLOP *** [3s Td Qc]
Maikonnkmx: checks 
Mahu2021: checks 
*** TURN *** [3s Td Qc] [Kh]
Maikonnkmx: checks 
Mahu2021: checks 
*** RIVER *** [3s Td Qc Kh] [2s]
Maikonnkmx: checks 
Mahu2021: checks 
*** SHOW DOWN ***
Maikonnkmx: shows [9d 9h] (a pair of Nines)
Mahu2021: mucks hand 
Maikonnkmx collected 160 from pot
*** SUMMARY ***
Total pot 160 | Rake 0 
Board [3s Td Qc Kh 2s]
Seat 1: Maikonnkmx (big blind) showed [9d 9h] and won (160) with a pair of Nines
Seat 2: Mahu2021 (button) (small blind) mucked [As 4d]



PokerStars Hand #249529195577: Tournament #3731382513, $1.84+$0.16 USD Hold'em No Limit - Level III (20/40) - 2024/03/20 20:41:39 CET [2024/03/20 15:41:39 ET]
Table '3731382513 1' 3-max Seat #1 is the button
Seat 1: Maikonnkmx (860 in chips) 
Seat 2: Mahu2021 (640 in chips) 
Maikonnkmx: posts small blind 20
Mahu2021: posts big blind 40
*** HOLE CARDS ***
Dealt to Mahu2021 [Qc Ac]
Maikonnkmx: raises 40 to 80
Mahu2021: raises 560 to 640 and is all-in
Maikonnkmx: folds 
Uncalled bet (560) returned to Mahu2021
Mahu2021 collected 160 from pot
Mahu2021: doesn't show hand 
*** SUMMARY ***
Total pot 160 | Rake 0 
Seat 1: Maikonnkmx (button) (small blind) folded before Flop
Seat 2: Mahu2021 (big blind) collected (160)



PokerStars Hand #249529198350: Tournament #3731382513, $1.84+$0.16 USD Hold'em No Limit - Level III (20/40) - 2024/03/20 20:41:47 CET [2024/03/20 15:41:47 ET]
Table '3731382513 1' 3-max Seat #2 is the button
Seat 1: Maikonnkmx (780 in chips) 
Seat 2: Mahu2021 (720 in chips) 
Mahu2021: posts small blind 20
Maikonnkmx: posts big blind 40
*** HOLE CARDS ***
Dealt to Mahu2021 [Qd 6h]
Mahu2021: calls 20
Maikonnkmx: checks 
*** FLOP *** [3d 8d 5c]
Maikonnkmx: checks 
Mahu2021: checks 
*** TURN *** [3d 8d 5c] [Td]
Maikonnkmx: checks 
Mahu2021: bets 40
Maikonnkmx: calls 40
*** RIVER *** [3d 8d 5c Td] [3s]
Maikonnkmx: bets 40
Mahu2021: folds 
Uncalled bet (40) returned to Maikonnkmx
Maikonnkmx collected 160 from pot
Maikonnkmx: doesn't show hand 
*** SUMMARY ***
Total pot 160 | Rake 0 
Board [3d 8d 5c Td 3s]
Seat 1: Maikonnkmx (big blind) collected (160)
Seat 2: Mahu2021 (button) (small blind) folded on the River



PokerStars Hand #249529203359: Tournament #3731382513, $1.84+$0.16 USD Hold'em No Limit - Level III (20/40) - 2024/03/20 20:42:02 CET [2024/03/20 15:42:02 ET]
Table '3731382513 1' 3-max Seat #1 is the button
Seat 1: Maikonnkmx (860 in chips) 
Seat 2: Mahu2021 (640 in chips) 
Maikonnkmx: posts small blind 20
Mahu2021: posts big blind 40
*** HOLE CARDS ***
Dealt to Mahu2021 [8c Jh]
Maikonnkmx: folds 
Uncalled bet (20) returned to Mahu2021
Mahu2021 collected 40 from pot
Mahu2021: doesn't show hand 
*** SUMMARY ***
Total pot 40 | Rake 0 
Seat 1: Maikonnkmx (button) (small blind) folded before Flop
Seat 2: Mahu2021 (big blind) collected (40)



PokerStars Hand #249529204782: Tournament #3731382513, $1.84+$0.16 USD Hold'em No Limit - Level III (20/40) - 2024/03/20 20:42:06 CET [2024/03/20 15:42:06 ET]
Table '3731382513 1' 3-max Seat #2 is the button
Seat 1: Maikonnkmx (840 in chips) 
Seat 2: Mahu2021 (660 in chips) 
Mahu2021: posts small blind 20
Maikonnkmx: posts big blind 40
*** HOLE CARDS ***
Dealt to Mahu2021 [8s 4d]
Mahu2021: folds 
Uncalled bet (20) returned to Maikonnkmx
Maikonnkmx collected 40 from pot
Maikonnkmx: doesn't show hand 
*** SUMMARY ***
Total pot 40 | Rake 0 
Seat 1: Maikonnkmx (big blind) collected (40)
Seat 2: Mahu2021 (button) (small blind) folded before Flop



PokerStars Hand #249529206051: Tournament #3731382513, $1.84+$0.16 USD Hold'em No Limit - Level III (20/40) - 2024/03/20 20:42:10 CET [2024/03/20 15:42:10 ET]
Table '3731382513 1' 3-max Seat #1 is the button
Seat 1: Maikonnkmx (860 in chips) 
Seat 2: Mahu2021 (640 in chips) 
Maikonnkmx: posts small blind 20
Mahu2021: posts big blind 40
*** HOLE CARDS ***
Dealt to Mahu2021 [2c 2s]
Maikonnkmx: raises 40 to 80
Mahu2021: raises 560 to 640 and is all-in
Maikonnkmx: folds 
Uncalled bet (560) returned to Mahu2021
Mahu2021 collected 160 from pot
Mahu2021: doesn't show hand 
*** SUMMARY ***
Total pot 160 | Rake 0 
Seat 1: Maikonnkmx (button) (small blind) folded before Flop
Seat 2: Mahu2021 (big blind) collected (160)



PokerStars Hand #249529208681: Tournament #3731382513, $1.84+$0.16 USD Hold'em No Limit - Level III (20/40) - 2024/03/20 20:42:18 CET [2024/03/20 15:42:18 ET]
Table '3731382513 1' 3-max Seat #2 is the button
Seat 1: Maikonnkmx (780 in chips) 
Seat 2: Mahu2021 (720 in chips) 
Mahu2021: posts small blind 20
Maikonnkmx: posts big blind 40
*** HOLE CARDS ***
Dealt to Mahu2021 [4c 5s]
Mahu2021: folds 
Uncalled bet (20) returned to Maikonnkmx
Maikonnkmx collected 40 from pot
Maikonnkmx: doesn't show hand 
*** SUMMARY ***
Total pot 40 | Rake 0 
Seat 1: Maikonnkmx (big blind) collected (40)
Seat 2: Mahu2021 (button) (small blind) folded before Flop



PokerStars Hand #249529209957: Tournament #3731382513, $1.84+$0.16 USD Hold'em No Limit - Level III (20/40) - 2024/03/20 20:42:22 CET [2024/03/20 15:42:22 ET]
Table '3731382513 1' 3-max Seat #1 is the button
Seat 1: Maikonnkmx (800 in chips) 
Seat 2: Mahu2021 (700 in chips) 
Maikonnkmx: posts small blind 20
Mahu2021: posts big blind 40
*** HOLE CARDS ***
Dealt to Mahu2021 [Ac 2s]
Maikonnkmx: calls 20
Mahu2021: checks 
*** FLOP *** [2h 9d 2d]
Mahu2021: checks 
Maikonnkmx: checks 
*** TURN *** [2h 9d 2d] [Ad]
Mahu2021: checks 
Maikonnkmx: checks 
*** RIVER *** [2h 9d 2d Ad] [4c]
Mahu2021: bets 80
Maikonnkmx: folds 
Uncalled bet (80) returned to Mahu2021
Mahu2021 collected 80 from pot
Mahu2021: doesn't show hand 
*** SUMMARY ***
Total pot 80 | Rake 0 
Board [2h 9d 2d Ad 4c]
Seat 1: Maikonnkmx (button) (small blind) folded on the River
Seat 2: Mahu2021 (big blind) collected (80)



PokerStars Hand #249529214154: Tournament #3731382513, $1.84+$0.16 USD Hold'em No Limit - Level III (20/40) - 2024/03/20 20:42:35 CET [2024/03/20 15:42:35 ET]
Table '3731382513 1' 3-max Seat #2 is the button
Seat 1: Maikonnkmx (760 in chips) 
Seat 2: Mahu2021 (740 in chips) 
Mahu2021: posts small blind 20
Maikonnkmx: posts big blind 40
*** HOLE CARDS ***
Dealt to Mahu2021 [6s Jc]
Mahu2021: calls 20
Maikonnkmx: checks 
*** FLOP *** [Js 3d Qc]
Maikonnkmx: checks 
Mahu2021: bets 80
Maikonnkmx: folds 
Uncalled bet (80) returned to Mahu2021
Mahu2021 collected 80 from pot
Mahu2021: doesn't show hand 
*** SUMMARY ***
Total pot 80 | Rake 0 
Board [Js 3d Qc]
Seat 1: Maikonnkmx (big blind) folded on the Flop
Seat 2: Mahu2021 (button) (small blind) collected (80)



PokerStars Hand #249529219375: Tournament #3731382513, $1.84+$0.16 USD Hold'em No Limit - Level III (20/40) - 2024/03/20 20:42:51 CET [2024/03/20 15:42:51 ET]
Table '3731382513 1' 3-max Seat #1 is the button
Seat 1: Maikonnkmx (720 in chips) 
Seat 2: Mahu2021 (780 in chips) 
Maikonnkmx: posts small blind 20
Mahu2021: posts big blind 40
*** HOLE CARDS ***
Dealt to Mahu2021 [3s Kd]
Maikonnkmx: raises 40 to 80
Mahu2021: calls 40
*** FLOP *** [Qs 9c 9h]
Mahu2021: checks 
Maikonnkmx: bets 160
Mahu2021: folds 
Uncalled bet (160) returned to Maikonnkmx
Maikonnkmx collected 160 from pot
Maikonnkmx: doesn't show hand 
*** SUMMARY ***
Total pot 160 | Rake 0 
Board [Qs 9c 9h]
Seat 1: Maikonnkmx (button) (small blind) collected (160)
Seat 2: Mahu2021 (big blind) folded on the Flop



PokerStars Hand #249529223291: Tournament #3731382513, $1.84+$0.16 USD Hold'em No Limit - Level III (20/40) - 2024/03/20 20:43:02 CET [2024/03/20 15:43:02 ET]
Table '3731382513 1' 3-max Seat #2 is the button
Seat 1: Maikonnkmx (800 in chips) 
Seat 2: Mahu2021 (700 in chips) 
Mahu2021: posts small blind 20
Maikonnkmx: posts big blind 40
*** HOLE CARDS ***
Dealt to Mahu2021 [As 5c]
Mahu2021: raises 40 to 80
Maikonnkmx: calls 40
*** FLOP *** [7s Td 3s]
Maikonnkmx: checks 
Mahu2021: checks 
*** TURN *** [7s Td 3s] [6h]
Maikonnkmx: checks 
Mahu2021: checks 
*** RIVER *** [7s Td 3s 6h] [6d]
Maikonnkmx: bets 80
Mahu2021: calls 80
*** SHOW DOWN ***
Maikonnkmx: shows [7c Qd] (two pair, Sevens and Sixes)
Mahu2021: mucks hand 
Maikonnkmx collected 320 from pot
*** SUMMARY ***
Total pot 320 | Rake 0 
Board [7s Td 3s 6h 6d]
Seat 1: Maikonnkmx (big blind) showed [7c Qd] and won (320) with two pair, Sevens and Sixes
Seat 2: Mahu2021 (button) (small blind) mucked [As 5c]



PokerStars Hand #249529227816: Tournament #3731382513, $1.84+$0.16 USD Hold'em No Limit - Level III (20/40) - 2024/03/20 20:43:16 CET [2024/03/20 15:43:16 ET]
Table '3731382513 1' 3-max Seat #1 is the button
Seat 1: Maikonnkmx (960 in chips) 
Seat 2: Mahu2021 (540 in chips) 
Maikonnkmx: posts small blind 20
Mahu2021: posts big blind 40
*** HOLE CARDS ***
Dealt to Mahu2021 [8h Qd]
Maikonnkmx: calls 20
Mahu2021: checks 
*** FLOP *** [9h Kh 7c]
Mahu2021: checks 
Maikonnkmx: checks 
*** TURN *** [9h Kh 7c] [3d]
Mahu2021: checks 
Maikonnkmx: bets 40
Mahu2021: folds 
Uncalled bet (40) returned to Maikonnkmx
Maikonnkmx collected 80 from pot
Maikonnkmx: doesn't show hand 
*** SUMMARY ***
Total pot 80 | Rake 0 
Board [9h Kh 7c 3d]
Seat 1: Maikonnkmx (button) (small blind) collected (80)
Seat 2: Mahu2021 (big blind) folded on the Turn



PokerStars Hand #249529231597: Tournament #3731382513, $1.84+$0.16 USD Hold'em No Limit - Level III (20/40) - 2024/03/20 20:43:27 CET [2024/03/20 15:43:27 ET]
Table '3731382513 1' 3-max Seat #2 is the button
Seat 1: Maikonnkmx (1000 in chips) 
Seat 2: Mahu2021 (500 in chips) 
Mahu2021: posts small blind 20
Maikonnkmx: posts big blind 40
*** HOLE CARDS ***
Dealt to Mahu2021 [Ah Qs]
Mahu2021: calls 20
Maikonnkmx: raises 40 to 80
Mahu2021: raises 420 to 500 and is all-in
Maikonnkmx: folds 
Uncalled bet (420) returned to Mahu2021
Mahu2021 collected 160 from pot
Mahu2021: doesn't show hand 
*** SUMMARY ***
Total pot 160 | Rake 0 
Seat 1: Maikonnkmx (big blind) folded before Flop
Seat 2: Mahu2021 (button) (small blind) collected (160)



PokerStars Hand #249529235871: Tournament #3731382513, $1.84+$0.16 USD Hold'em No Limit - Level IV (30/60) - 2024/03/20 20:43:40 CET [2024/03/20 15:43:40 ET]
Table '3731382513 1' 3-max Seat #1 is the button
Seat 1: Maikonnkmx (920 in chips) 
Seat 2: Mahu2021 (580 in chips) 
Maikonnkmx: posts small blind 30
Mahu2021: posts big blind 60
*** HOLE CARDS ***
Dealt to Mahu2021 [Qh 8d]
Maikonnkmx: calls 30
Mahu2021: checks 
*** FLOP *** [Jh 8s 2h]
Mahu2021: bets 120
Maikonnkmx: folds 
Uncalled bet (120) returned to Mahu2021
Mahu2021 collected 120 from pot
Mahu2021: doesn't show hand 
*** SUMMARY ***
Total pot 120 | Rake 0 
Board [Jh 8s 2h]
Seat 1: Maikonnkmx (button) (small blind) folded on the Flop
Seat 2: Mahu2021 (big blind) collected (120)



PokerStars Hand #249529239141: Tournament #3731382513, $1.84+$0.16 USD Hold'em No Limit - Level IV (30/60) - 2024/03/20 20:43:50 CET [2024/03/20 15:43:50 ET]
Table '3731382513 1' 3-max Seat #2 is the button
Seat 1: Maikonnkmx (860 in chips) 
Seat 2: Mahu2021 (640 in chips) 
Mahu2021: posts small blind 30
Maikonnkmx: posts big blind 60
*** HOLE CARDS ***
Dealt to Mahu2021 [8s 3h]
Mahu2021: folds 
Uncalled bet (30) returned to Maikonnkmx
Maikonnkmx collected 60 from pot
Maikonnkmx: doesn't show hand 
*** SUMMARY ***
Total pot 60 | Rake 0 
Seat 1: Maikonnkmx (big blind) collected (60)
Seat 2: Mahu2021 (button) (small blind) folded before Flop



PokerStars Hand #249529240453: Tournament #3731382513, $1.84+$0.16 USD Hold'em No Limit - Level IV (30/60) - 2024/03/20 20:43:54 CET [2024/03/20 15:43:54 ET]
Table '3731382513 1' 3-max Seat #1 is the button
Seat 1: Maikonnkmx (890 in chips) 
Seat 2: Mahu2021 (610 in chips) 
Maikonnkmx: posts small blind 30
Mahu2021: posts big blind 60
*** HOLE CARDS ***
Dealt to Mahu2021 [As Jd]
Maikonnkmx: folds 
Uncalled bet (30) returned to Mahu2021
Mahu2021 collected 60 from pot
Mahu2021: doesn't show hand 
*** SUMMARY ***
Total pot 60 | Rake 0 
Seat 1: Maikonnkmx (button) (small blind) folded before Flop
Seat 2: Mahu2021 (big blind) collected (60)



PokerStars Hand #249529241898: Tournament #3731382513, $1.84+$0.16 USD Hold'em No Limit - Level IV (30/60) - 2024/03/20 20:43:58 CET [2024/03/20 15:43:58 ET]
Table '3731382513 1' 3-max Seat #2 is the button
Seat 1: Maikonnkmx (860 in chips) 
Seat 2: Mahu2021 (640 in chips) 
Mahu2021: posts small blind 30
Maikonnkmx: posts big blind 60
*** HOLE CARDS ***
Dealt to Mahu2021 [Qs 2d]
Mahu2021: calls 30
Maikonnkmx: checks 
*** FLOP *** [Qh 3d Jh]
Maikonnkmx: checks 
Mahu2021: bets 120
Maikonnkmx: folds 
Uncalled bet (120) returned to Mahu2021
Mahu2021 collected 120 from pot
Mahu2021: doesn't show hand 
*** SUMMARY ***
Total pot 120 | Rake 0 
Board [Qh 3d Jh]
Seat 1: Maikonnkmx (big blind) folded on the Flop
Seat 2: Mahu2021 (button) (small blind) collected (120)



PokerStars Hand #249529244949: Tournament #3731382513, $1.84+$0.16 USD Hold'em No Limit - Level IV (30/60) - 2024/03/20 20:44:07 CET [2024/03/20 15:44:07 ET]
Table '3731382513 1' 3-max Seat #1 is the button
Seat 1: Maikonnkmx (800 in chips) 
Seat 2: Mahu2021 (700 in chips) 
Maikonnkmx: posts small blind 30
Mahu2021: posts big blind 60
*** HOLE CARDS ***
Dealt to Mahu2021 [4c 6h]
Maikonnkmx: folds 
Uncalled bet (30) returned to Mahu2021
Mahu2021 collected 60 from pot
Mahu2021: doesn't show hand 
*** SUMMARY ***
Total pot 60 | Rake 0 
Seat 1: Maikonnkmx (button) (small blind) folded before Flop
Seat 2: Mahu2021 (big blind) collected (60)



PokerStars Hand #249529246440: Tournament #3731382513, $1.84+$0.16 USD Hold'em No Limit - Level IV (30/60) - 2024/03/20 20:44:12 CET [2024/03/20 15:44:12 ET]
Table '3731382513 1' 3-max Seat #2 is the button
Seat 1: Maikonnkmx (770 in chips) 
Seat 2: Mahu2021 (730 in chips) 
Mahu2021: posts small blind 30
Maikonnkmx: posts big blind 60
*** HOLE CARDS ***
Dealt to Mahu2021 [7d 8s]
Mahu2021: calls 30
Maikonnkmx: raises 120 to 180
Mahu2021: folds 
Uncalled bet (120) returned to Maikonnkmx
Maikonnkmx collected 120 from pot
Maikonnkmx: doesn't show hand 
*** SUMMARY ***
Total pot 120 | Rake 0 
Seat 1: Maikonnkmx (big blind) collected (120)
Seat 2: Mahu2021 (button) (small blind) folded before Flop



PokerStars Hand #249529248670: Tournament #3731382513, $1.84+$0.16 USD Hold'em No Limit - Level IV (30/60) - 2024/03/20 20:44:19 CET [2024/03/20 15:44:19 ET]
Table '3731382513 1' 3-max Seat #1 is the button
Seat 1: Maikonnkmx (830 in chips) 
Seat 2: Mahu2021 (670 in chips) 
Maikonnkmx: posts small blind 30
Mahu2021: posts big blind 60
*** HOLE CARDS ***
Dealt to Mahu2021 [Qh 6h]
Maikonnkmx: folds 
Uncalled bet (30) returned to Mahu2021
Mahu2021 collected 60 from pot
Mahu2021: doesn't show hand 
*** SUMMARY ***
Total pot 60 | Rake 0 
Seat 1: Maikonnkmx (button) (small blind) folded before Flop
Seat 2: Mahu2021 (big blind) collected (60)



PokerStars Hand #249529250122: Tournament #3731382513, $1.84+$0.16 USD Hold'em No Limit - Level IV (30/60) - 2024/03/20 20:44:23 CET [2024/03/20 15:44:23 ET]
Table '3731382513 1' 3-max Seat #2 is the button
Seat 1: Maikonnkmx (800 in chips) 
Seat 2: Mahu2021 (700 in chips) 
Mahu2021: posts small blind 30
Maikonnkmx: posts big blind 60
*** HOLE CARDS ***
Dealt to Mahu2021 [6d Qh]
Mahu2021: calls 30
Maikonnkmx: raises 60 to 120
Mahu2021: calls 60
*** FLOP *** [8h 2c Ts]
Maikonnkmx: bets 240
Mahu2021: folds 
Uncalled bet (240) returned to Maikonnkmx
Maikonnkmx collected 240 from pot
Maikonnkmx: doesn't show hand 
*** SUMMARY ***
Total pot 240 | Rake 0 
Board [8h 2c Ts]
Seat 1: Maikonnkmx (big blind) collected (240)
Seat 2: Mahu2021 (button) (small blind) folded on the Flop



PokerStars Hand #249529253853: Tournament #3731382513, $1.84+$0.16 USD Hold'em No Limit - Level IV (30/60) - 2024/03/20 20:44:34 CET [2024/03/20 15:44:34 ET]
Table '3731382513 1' 3-max Seat #1 is the button
Seat 1: Maikonnkmx (920 in chips) 
Seat 2: Mahu2021 (580 in chips) 
Maikonnkmx: posts small blind 30
Mahu2021: posts big blind 60
*** HOLE CARDS ***
Dealt to Mahu2021 [Kh Jc]
Maikonnkmx: folds 
Uncalled bet (30) returned to Mahu2021
Mahu2021 collected 60 from pot
Mahu2021: doesn't show hand 
*** SUMMARY ***
Total pot 60 | Rake 0 
Seat 1: Maikonnkmx (button) (small blind) folded before Flop
Seat 2: Mahu2021 (big blind) collected (60)



PokerStars Hand #249529255217: Tournament #3731382513, $1.84+$0.16 USD Hold'em No Limit - Level IV (30/60) - 2024/03/20 20:44:38 CET [2024/03/20 15:44:38 ET]
Table '3731382513 1' 3-max Seat #2 is the button
Seat 1: Maikonnkmx (890 in chips) 
Seat 2: Mahu2021 (610 in chips) 
Mahu2021: posts small blind 30
Maikonnkmx: posts big blind 60
*** HOLE CARDS ***
Dealt to Mahu2021 [4c Qd]
Mahu2021: calls 30
Maikonnkmx: checks 
*** FLOP *** [9d Tc 6c]
Maikonnkmx: checks 
Mahu2021: checks 
*** TURN *** [9d Tc 6c] [3h]
Maikonnkmx: checks 
Mahu2021: checks 
*** RIVER *** [9d Tc 6c 3h] [Ad]
Maikonnkmx: checks 
Mahu2021: bets 60
Maikonnkmx: calls 60
*** SHOW DOWN ***
Mahu2021: shows [4c Qd] (high card Ace)
Maikonnkmx: shows [4h Ac] (a pair of Aces)
Maikonnkmx collected 240 from pot
*** SUMMARY ***
Total pot 240 | Rake 0 
Board [9d Tc 6c 3h Ad]
Seat 1: Maikonnkmx (big blind) showed [4h Ac] and won (240) with a pair of Aces
Seat 2: Mahu2021 (button) (small blind) showed [4c Qd] and lost with high card Ace



PokerStars Hand #249529260401: Tournament #3731382513, $1.84+$0.16 USD Hold'em No Limit - Level IV (30/60) - 2024/03/20 20:44:54 CET [2024/03/20 15:44:54 ET]
Table '3731382513 1' 3-max Seat #1 is the button
Seat 1: Maikonnkmx (1010 in chips) 
Seat 2: Mahu2021 (490 in chips) 
Maikonnkmx: posts small blind 30
Mahu2021: posts big blind 60
*** HOLE CARDS ***
Dealt to Mahu2021 [6h 8s]
Maikonnkmx: calls 30
Mahu2021: checks 
*** FLOP *** [3h 9s Jc]
Mahu2021: checks 
Maikonnkmx: checks 
*** TURN *** [3h 9s Jc] [2d]
Mahu2021: checks 
Maikonnkmx: checks 
*** RIVER *** [3h 9s Jc 2d] [5h]
Mahu2021: checks 
Maikonnkmx: bets 60
Mahu2021: folds 
Uncalled bet (60) returned to Maikonnkmx
Maikonnkmx collected 120 from pot
Maikonnkmx: doesn't show hand 
*** SUMMARY ***
Total pot 120 | Rake 0 
Board [3h 9s Jc 2d 5h]
Seat 1: Maikonnkmx (button) (small blind) collected (120)
Seat 2: Mahu2021 (big blind) folded on the River



PokerStars Hand #249529265092: Tournament #3731382513, $1.84+$0.16 USD Hold'em No Limit - Level IV (30/60) - 2024/03/20 20:45:08 CET [2024/03/20 15:45:08 ET]
Table '3731382513 1' 3-max Seat #2 is the button
Seat 1: Maikonnkmx (1070 in chips) 
Seat 2: Mahu2021 (430 in chips) 
Mahu2021: posts small blind 30
Maikonnkmx: posts big blind 60
*** HOLE CARDS ***
Dealt to Mahu2021 [9d Jh]
Mahu2021: raises 60 to 120
Maikonnkmx: calls 60
*** FLOP *** [Qc Ks Kd]
Maikonnkmx: bets 60
Mahu2021: folds 
Uncalled bet (60) returned to Maikonnkmx
Maikonnkmx collected 240 from pot
Maikonnkmx: doesn't show hand 
*** SUMMARY ***
Total pot 240 | Rake 0 
Board [Qc Ks Kd]
Seat 1: Maikonnkmx (big blind) collected (240)
Seat 2: Mahu2021 (button) (small blind) folded on the Flop



PokerStars Hand #249529268271: Tournament #3731382513, $1.84+$0.16 USD Hold'em No Limit - Level IV (30/60) - 2024/03/20 20:45:17 CET [2024/03/20 15:45:17 ET]
Table '3731382513 1' 3-max Seat #1 is the button
Seat 1: Maikonnkmx (1190 in chips) 
Seat 2: Mahu2021 (310 in chips) 
Maikonnkmx: posts small blind 30
Mahu2021: posts big blind 60
*** HOLE CARDS ***
Dealt to Mahu2021 [9c Ts]
Maikonnkmx: folds 
Uncalled bet (30) returned to Mahu2021
Mahu2021 collected 60 from pot
Mahu2021: doesn't show hand 
*** SUMMARY ***
Total pot 60 | Rake 0 
Seat 1: Maikonnkmx (button) (small blind) folded before Flop
Seat 2: Mahu2021 (big blind) collected (60)



PokerStars Hand #249529270834: Tournament #3731382513, $1.84+$0.16 USD Hold'em No Limit - Level IV (30/60) - 2024/03/20 20:45:25 CET [2024/03/20 15:45:25 ET]
Table '3731382513 1' 3-max Seat #2 is the button
Seat 1: Maikonnkmx (1160 in chips) 
Seat 2: Mahu2021 (340 in chips) 
Mahu2021: posts small blind 30
Maikonnkmx: posts big blind 60
*** HOLE CARDS ***
Dealt to Mahu2021 [6d Td]
Mahu2021: folds 
Uncalled bet (30) returned to Maikonnkmx
Maikonnkmx collected 60 from pot
Maikonnkmx: doesn't show hand 
*** SUMMARY ***
Total pot 60 | Rake 0 
Seat 1: Maikonnkmx (big blind) collected (60)
Seat 2: Mahu2021 (button) (small blind) folded before Flop



PokerStars Hand #249529272277: Tournament #3731382513, $1.84+$0.16 USD Hold'em No Limit - Level IV (30/60) - 2024/03/20 20:45:29 CET [2024/03/20 15:45:29 ET]
Table '3731382513 1' 3-max Seat #1 is the button
Seat 1: Maikonnkmx (1190 in chips) 
Seat 2: Mahu2021 (310 in chips) 
Maikonnkmx: posts small blind 30
Mahu2021: posts big blind 60
*** HOLE CARDS ***
Dealt to Mahu2021 [6c Tc]
Maikonnkmx: folds 
Uncalled bet (30) returned to Mahu2021
Mahu2021 collected 60 from pot
Mahu2021: doesn't show hand 
*** SUMMARY ***
Total pot 60 | Rake 0 
Seat 1: Maikonnkmx (button) (small blind) folded before Flop
Seat 2: Mahu2021 (big blind) collected (60)



PokerStars Hand #249529274157: Tournament #3731382513, $1.84+$0.16 USD Hold'em No Limit - Level IV (30/60) - 2024/03/20 20:45:35 CET [2024/03/20 15:45:35 ET]
Table '3731382513 1' 3-max Seat #2 is the button
Seat 1: Maikonnkmx (1160 in chips) 
Seat 2: Mahu2021 (340 in chips) 
Mahu2021: posts small blind 30
Maikonnkmx: posts big blind 60
*** HOLE CARDS ***
Dealt to Mahu2021 [3d 2s]
Mahu2021: folds 
Uncalled bet (30) returned to Maikonnkmx
Maikonnkmx collected 60 from pot
Maikonnkmx: doesn't show hand 
*** SUMMARY ***
Total pot 60 | Rake 0 
Seat 1: Maikonnkmx (big blind) collected (60)
Seat 2: Mahu2021 (button) (small blind) folded before Flop



PokerStars Hand #249529275474: Tournament #3731382513, $1.84+$0.16 USD Hold'em No Limit - Level IV (30/60) - 2024/03/20 20:45:39 CET [2024/03/20 15:45:39 ET]
Table '3731382513 1' 3-max Seat #1 is the button
Seat 1: Maikonnkmx (1190 in chips) 
Seat 2: Mahu2021 (310 in chips) 
Maikonnkmx: posts small blind 30
Mahu2021: posts big blind 60
*** HOLE CARDS ***
Dealt to Mahu2021 [9d 7c]
Maikonnkmx: folds 
Uncalled bet (30) returned to Mahu2021
Mahu2021 collected 60 from pot
Mahu2021: doesn't show hand 
*** SUMMARY ***
Total pot 60 | Rake 0 
Seat 1: Maikonnkmx (button) (small blind) folded before Flop
Seat 2: Mahu2021 (big blind) collected (60)



PokerStars Hand #249529277006: Tournament #3731382513, $1.84+$0.16 USD Hold'em No Limit - Level IV (30/60) - 2024/03/20 20:45:43 CET [2024/03/20 15:45:43 ET]
Table '3731382513 1' 3-max Seat #2 is the button
Seat 1: Maikonnkmx (1160 in chips) 
Seat 2: Mahu2021 (340 in chips) 
Mahu2021: posts small blind 30
Maikonnkmx: posts big blind 60
*** HOLE CARDS ***
Dealt to Mahu2021 [7s 6h]
Mahu2021: calls 30
Maikonnkmx: checks 
*** FLOP *** [2d 2h Ts]
Maikonnkmx: bets 60
Mahu2021: folds 
Uncalled bet (60) returned to Maikonnkmx
Maikonnkmx collected 120 from pot
Maikonnkmx: doesn't show hand 
*** SUMMARY ***
Total pot 120 | Rake 0 
Board [2d 2h Ts]
Seat 1: Maikonnkmx (big blind) collected (120)
Seat 2: Mahu2021 (button) (small blind) folded on the Flop



PokerStars Hand #249529280257: Tournament #3731382513, $1.84+$0.16 USD Hold'em No Limit - Level IV (30/60) - 2024/03/20 20:45:53 CET [2024/03/20 15:45:53 ET]
Table '3731382513 1' 3-max Seat #1 is the button
Seat 1: Maikonnkmx (1220 in chips) 
Seat 2: Mahu2021 (280 in chips) 
Maikonnkmx: posts small blind 30
Mahu2021: posts big blind 60
*** HOLE CARDS ***
Dealt to Mahu2021 [Ts Kc]
Maikonnkmx: folds 
Uncalled bet (30) returned to Mahu2021
Mahu2021 collected 60 from pot
Mahu2021: doesn't show hand 
*** SUMMARY ***
Total pot 60 | Rake 0 
Seat 1: Maikonnkmx (button) (small blind) folded before Flop
Seat 2: Mahu2021 (big blind) collected (60)



PokerStars Hand #249529281664: Tournament #3731382513, $1.84+$0.16 USD Hold'em No Limit - Level IV (30/60) - 2024/03/20 20:45:57 CET [2024/03/20 15:45:57 ET]
Table '3731382513 1' 3-max Seat #2 is the button
Seat 1: Maikonnkmx (1190 in chips) 
Seat 2: Mahu2021 (310 in chips) 
Mahu2021: posts small blind 30
Maikonnkmx: posts big blind 60
*** HOLE CARDS ***
Dealt to Mahu2021 [Th Jh]
Mahu2021: raises 60 to 120
Maikonnkmx: folds 
Uncalled bet (60) returned to Mahu2021
Mahu2021 collected 120 from pot
Mahu2021: doesn't show hand 
*** SUMMARY ***
Total pot 120 | Rake 0 
Seat 1: Maikonnkmx (big blind) folded before Flop
Seat 2: Mahu2021 (button) (small blind) collected (120)



PokerStars Hand #249529283392: Tournament #3731382513, $1.84+$0.16 USD Hold'em No Limit - Level IV (30/60) - 2024/03/20 20:46:03 CET [2024/03/20 15:46:03 ET]
Table '3731382513 1' 3-max Seat #1 is the button
Seat 1: Maikonnkmx (1130 in chips) 
Seat 2: Mahu2021 (370 in chips) 
Maikonnkmx: posts small blind 30
Mahu2021: posts big blind 60
*** HOLE CARDS ***
Dealt to Mahu2021 [4d Jh]
Maikonnkmx: raises 60 to 120
Mahu2021: folds 
Uncalled bet (60) returned to Maikonnkmx
Maikonnkmx collected 120 from pot
Maikonnkmx: doesn't show hand 
*** SUMMARY ***
Total pot 120 | Rake 0 
Seat 1: Maikonnkmx (button) (small blind) collected (120)
Seat 2: Mahu2021 (big blind) folded before Flop



PokerStars Hand #249529285692: Tournament #3731382513, $1.84+$0.16 USD Hold'em No Limit - Level IV (30/60) - 2024/03/20 20:46:09 CET [2024/03/20 15:46:09 ET]
Table '3731382513 1' 3-max Seat #2 is the button
Seat 1: Maikonnkmx (1190 in chips) 
Seat 2: Mahu2021 (310 in chips) 
Mahu2021: posts small blind 30
Maikonnkmx: posts big blind 60
*** HOLE CARDS ***
Dealt to Mahu2021 [4h 8d]
Mahu2021: folds 
Uncalled bet (30) returned to Maikonnkmx
Maikonnkmx collected 60 from pot
Maikonnkmx: doesn't show hand 
*** SUMMARY ***
Total pot 60 | Rake 0 
Seat 1: Maikonnkmx (big blind) collected (60)
Seat 2: Mahu2021 (button) (small blind) folded before Flop



PokerStars Hand #249529286964: Tournament #3731382513, $1.84+$0.16 USD Hold'em No Limit - Level IV (30/60) - 2024/03/20 20:46:13 CET [2024/03/20 15:46:13 ET]
Table '3731382513 1' 3-max Seat #1 is the button
Seat 1: Maikonnkmx (1220 in chips) 
Seat 2: Mahu2021 (280 in chips) 
Maikonnkmx: posts small blind 30
Mahu2021: posts big blind 60
*** HOLE CARDS ***
Dealt to Mahu2021 [2s 9h]
Maikonnkmx: folds 
Uncalled bet (30) returned to Mahu2021
Mahu2021 collected 60 from pot
Mahu2021: doesn't show hand 
*** SUMMARY ***
Total pot 60 | Rake 0 
Seat 1: Maikonnkmx (button) (small blind) folded before Flop
Seat 2: Mahu2021 (big blind) collected (60)



PokerStars Hand #249529288462: Tournament #3731382513, $1.84+$0.16 USD Hold'em No Limit - Level IV (30/60) - 2024/03/20 20:46:18 CET [2024/03/20 15:46:18 ET]
Table '3731382513 1' 3-max Seat #2 is the button
Seat 1: Maikonnkmx (1190 in chips) 
Seat 2: Mahu2021 (310 in chips) 
Mahu2021: posts small blind 30
Maikonnkmx: posts big blind 60
*** HOLE CARDS ***
Dealt to Mahu2021 [9c 4d]
Mahu2021: folds 
Uncalled bet (30) returned to Maikonnkmx
Maikonnkmx collected 60 from pot
Maikonnkmx: doesn't show hand 
*** SUMMARY ***
Total pot 60 | Rake 0 
Seat 1: Maikonnkmx (big blind) collected (60)
Seat 2: Mahu2021 (button) (small blind) folded before Flop



PokerStars Hand #249529289812: Tournament #3731382513, $1.84+$0.16 USD Hold'em No Limit - Level IV (30/60) - 2024/03/20 20:46:22 CET [2024/03/20 15:46:22 ET]
Table '3731382513 1' 3-max Seat #1 is the button
Seat 1: Maikonnkmx (1220 in chips) 
Seat 2: Mahu2021 (280 in chips) 
Maikonnkmx: posts small blind 30
Mahu2021: posts big blind 60
*** HOLE CARDS ***
Dealt to Mahu2021 [8d Qs]
Maikonnkmx: raises 60 to 120
Mahu2021: calls 60
*** FLOP *** [7h 9d 2c]
Mahu2021: checks 
Maikonnkmx: bets 60
Mahu2021: folds 
Uncalled bet (60) returned to Maikonnkmx
Maikonnkmx collected 240 from pot
Maikonnkmx: doesn't show hand 
*** SUMMARY ***
Total pot 240 | Rake 0 
Board [7h 9d 2c]
Seat 1: Maikonnkmx (button) (small blind) collected (240)
Seat 2: Mahu2021 (big blind) folded on the Flop



PokerStars Hand #249529294465: Tournament #3731382513, $1.84+$0.16 USD Hold'em No Limit - Level V (40/80) - 2024/03/20 20:46:35 CET [2024/03/20 15:46:35 ET]
Table '3731382513 1' 3-max Seat #2 is the button
Seat 1: Maikonnkmx (1340 in chips) 
Seat 2: Mahu2021 (160 in chips) 
Mahu2021: posts small blind 40
Maikonnkmx: posts big blind 80
*** HOLE CARDS ***
Dealt to Mahu2021 [5d 2s]
Mahu2021: folds 
Uncalled bet (40) returned to Maikonnkmx
Maikonnkmx collected 80 from pot
Maikonnkmx: doesn't show hand 
*** SUMMARY ***
Total pot 80 | Rake 0 
Seat 1: Maikonnkmx (big blind) collected (80)
Seat 2: Mahu2021 (button) (small blind) folded before Flop



PokerStars Hand #249529295841: Tournament #3731382513, $1.84+$0.16 USD Hold'em No Limit - Level V (40/80) - 2024/03/20 20:46:39 CET [2024/03/20 15:46:39 ET]
Table '3731382513 1' 3-max Seat #1 is the button
Seat 1: Maikonnkmx (1380 in chips) 
Seat 2: Mahu2021 (120 in chips) 
Maikonnkmx: posts small blind 40
Mahu2021: posts big blind 80
*** HOLE CARDS ***
Dealt to Mahu2021 [2c 7s]
Maikonnkmx: folds 
Uncalled bet (40) returned to Mahu2021
Mahu2021 collected 80 from pot
Mahu2021: doesn't show hand 
*** SUMMARY ***
Total pot 80 | Rake 0 
Seat 1: Maikonnkmx (button) (small blind) folded before Flop
Seat 2: Mahu2021 (big blind) collected (80)



PokerStars Hand #249529297305: Tournament #3731382513, $1.84+$0.16 USD Hold'em No Limit - Level V (40/80) - 2024/03/20 20:46:44 CET [2024/03/20 15:46:44 ET]
Table '3731382513 1' 3-max Seat #2 is the button
Seat 1: Maikonnkmx (1340 in chips) 
Seat 2: Mahu2021 (160 in chips) 
Mahu2021: posts small blind 40
Maikonnkmx: posts big blind 80
*** HOLE CARDS ***
Dealt to Mahu2021 [Kd 5d]
Mahu2021: raises 80 to 160 and is all-in
Maikonnkmx: folds 
Uncalled bet (80) returned to Mahu2021
Mahu2021 collected 160 from pot
Mahu2021: doesn't show hand 
*** SUMMARY ***
Total pot 160 | Rake 0 
Seat 1: Maikonnkmx (big blind) folded before Flop
Seat 2: Mahu2021 (button) (small blind) collected (160)



PokerStars Hand #249529300121: Tournament #3731382513, $1.84+$0.16 USD Hold'em No Limit - Level V (40/80) - 2024/03/20 20:46:52 CET [2024/03/20 15:46:52 ET]
Table '3731382513 1' 3-max Seat #1 is the button
Seat 1: Maikonnkmx (1260 in chips) 
Seat 2: Mahu2021 (240 in chips) 
Maikonnkmx: posts small blind 40
Mahu2021: posts big blind 80
*** HOLE CARDS ***
Dealt to Mahu2021 [Ts 5s]
Maikonnkmx: calls 40
Mahu2021: checks 
*** FLOP *** [2c 5h 3h]
Mahu2021: bets 160 and is all-in
Maikonnkmx: calls 160
*** TURN *** [2c 5h 3h] [Qh]
*** RIVER *** [2c 5h 3h Qh] [As]
*** SHOW DOWN ***
Mahu2021: shows [Ts 5s] (a pair of Fives)
Maikonnkmx: shows [5d Td] (a pair of Fives)
Mahu2021 collected 240 from pot
Maikonnkmx collected 240 from pot
*** SUMMARY ***
Total pot 480 | Rake 0 
Board [2c 5h 3h Qh As]
Seat 1: Maikonnkmx (button) (small blind) showed [5d Td] and won (240) with a pair of Fives
Seat 2: Mahu2021 (big blind) showed [Ts 5s] and won (240) with a pair of Fives



PokerStars Hand #249529307549: Tournament #3731382513, $1.84+$0.16 USD Hold'em No Limit - Level V (40/80) - 2024/03/20 20:47:15 CET [2024/03/20 15:47:15 ET]
Table '3731382513 1' 3-max Seat #2 is the button
Seat 1: Maikonnkmx (1260 in chips) 
Seat 2: Mahu2021 (240 in chips) 
Mahu2021: posts small blind 40
Maikonnkmx: posts big blind 80
*** HOLE CARDS ***
Dealt to Mahu2021 [Ac Ad]
Mahu2021: calls 40
Maikonnkmx: checks 
*** FLOP *** [7h 3s 4c]
Maikonnkmx: bets 80
Mahu2021: raises 80 to 160 and is all-in
Maikonnkmx: calls 80
*** TURN *** [7h 3s 4c] [8c]
*** RIVER *** [7h 3s 4c 8c] [9s]
*** SHOW DOWN ***
Maikonnkmx: shows [4d 8h] (two pair, Eights and Fours)
Mahu2021: shows [Ac Ad] (a pair of Aces)
Maikonnkmx collected 480 from pot
Mahu2021 finished the tournament in 2nd place
Maikonnkmx wins the tournament and receives $6.00 - congratulations!
*** SUMMARY ***
Total pot 480 | Rake 0 
Board [7h 3s 4c 8c 9s]
Seat 1: Maikonnkmx (big blind) showed [4d 8h] and won (480) with two pair, Eights and Fours
Seat 2: Mahu2021 (button) (small blind) showed [Ac Ad] and lost with a pair of Aces



