PokerStars Hand #244427334227: Tournament #3608076499, $0.92+$0.08 USD Hold'em No Limit - Level I (10/20) - 2023/06/23 21:28:31 CET [2023/06/23 15:28:31 ET]
Table '3608076499 1' 3-max Seat #1 is the button
Seat 1: Mahu2021 (500 in chips) 
Seat 2: dobrisme (500 in chips) 
Seat 3: karalabe7383 (500 in chips) 
dobrisme: posts small blind 10
karalabe7383: posts big blind 20
*** HOLE CARDS ***
Dealt to Mahu2021 [Td 7c]
Mahu2021: folds 
dobrisme: calls 10
karalabe7383: checks 
*** FLOP *** [9s Tc Ac]
dobrisme: bets 20
karalabe7383: folds 
Uncalled bet (20) returned to dobrisme
dobrisme collected 40 from pot
dobrisme: doesn't show hand 
*** SUMMARY ***
Total pot 40 | Rake 0 
Board [9s Tc Ac]
Seat 1: Mahu2021 (button) folded before Flop (didn't bet)
Seat 2: dobrisme (small blind) collected (40)
Seat 3: karalabe7383 (big blind) folded on the Flop



PokerStars Hand #244427339719: Tournament #3608076499, $0.92+$0.08 USD Hold'em No Limit - Level I (10/20) - 2023/06/23 21:28:49 CET [2023/06/23 15:28:49 ET]
Table '3608076499 1' 3-max Seat #2 is the button
Seat 1: Mahu2021 (500 in chips) 
Seat 2: dobrisme (520 in chips) 
Seat 3: karalabe7383 (480 in chips) 
karalabe7383: posts small blind 10
Mahu2021: posts big blind 20
*** HOLE CARDS ***
Dealt to Mahu2021 [As 7c]
dobrisme: calls 20
karalabe7383: folds 
Mahu2021: checks 
*** FLOP *** [Td Tc Th]
Mahu2021: checks 
dobrisme: checks 
*** TURN *** [Td Tc Th] [Kd]
Mahu2021: checks 
dobrisme: checks 
*** RIVER *** [Td Tc Th Kd] [3h]
Mahu2021: checks 
dobrisme: checks 
*** SHOW DOWN ***
Mahu2021: shows [As 7c] (three of a kind, Tens)
dobrisme: shows [Ac 7d] (three of a kind, Tens)
Mahu2021 collected 25 from pot
dobrisme collected 25 from pot
*** SUMMARY ***
Total pot 50 | Rake 0 
Board [Td Tc Th Kd 3h]
Seat 1: Mahu2021 (big blind) showed [As 7c] and won (25) with three of a kind, Tens
Seat 2: dobrisme (button) showed [Ac 7d] and won (25) with three of a kind, Tens
Seat 3: karalabe7383 (small blind) folded before Flop



PokerStars Hand #244427344634: Tournament #3608076499, $0.92+$0.08 USD Hold'em No Limit - Level I (10/20) - 2023/06/23 21:29:05 CET [2023/06/23 15:29:05 ET]
Table '3608076499 1' 3-max Seat #3 is the button
Seat 1: Mahu2021 (505 in chips) 
Seat 2: dobrisme (525 in chips) 
Seat 3: karalabe7383 (470 in chips) 
Mahu2021: posts small blind 10
dobrisme: posts big blind 20
*** HOLE CARDS ***
Dealt to Mahu2021 [4s 7h]
karalabe7383: folds 
Mahu2021: folds 
Uncalled bet (10) returned to dobrisme
dobrisme collected 20 from pot
dobrisme: doesn't show hand 
*** SUMMARY ***
Total pot 20 | Rake 0 
Seat 1: Mahu2021 (small blind) folded before Flop
Seat 2: dobrisme (big blind) collected (20)
Seat 3: karalabe7383 (button) folded before Flop (didn't bet)



PokerStars Hand #244427346189: Tournament #3608076499, $0.92+$0.08 USD Hold'em No Limit - Level I (10/20) - 2023/06/23 21:29:10 CET [2023/06/23 15:29:10 ET]
Table '3608076499 1' 3-max Seat #1 is the button
Seat 1: Mahu2021 (495 in chips) 
Seat 2: dobrisme (535 in chips) 
Seat 3: karalabe7383 (470 in chips) 
dobrisme: posts small blind 10
karalabe7383: posts big blind 20
*** HOLE CARDS ***
Dealt to Mahu2021 [8s 6d]
Mahu2021: folds 
dobrisme: calls 10
karalabe7383: checks 
*** FLOP *** [3d 2s 4c]
dobrisme: bets 20
karalabe7383: calls 20
*** TURN *** [3d 2s 4c] [7d]
dobrisme: checks 
karalabe7383: bets 80
dobrisme: calls 80
*** RIVER *** [3d 2s 4c 7d] [4s]
dobrisme: checks 
karalabe7383: checks 
*** SHOW DOWN ***
dobrisme: shows [Js 2d] (two pair, Fours and Deuces)
karalabe7383: mucks hand 
dobrisme collected 240 from pot
*** SUMMARY ***
Total pot 240 | Rake 0 
Board [3d 2s 4c 7d 4s]
Seat 1: Mahu2021 (button) folded before Flop (didn't bet)
Seat 2: dobrisme (small blind) showed [Js 2d] and won (240) with two pair, Fours and Deuces
Seat 3: karalabe7383 (big blind) mucked [9s Kd]



PokerStars Hand #244427356053: Tournament #3608076499, $0.92+$0.08 USD Hold'em No Limit - Level I (10/20) - 2023/06/23 21:29:42 CET [2023/06/23 15:29:42 ET]
Table '3608076499 1' 3-max Seat #2 is the button
Seat 1: Mahu2021 (495 in chips) 
Seat 2: dobrisme (655 in chips) 
Seat 3: karalabe7383 (350 in chips) 
karalabe7383: posts small blind 10
Mahu2021: posts big blind 20
*** HOLE CARDS ***
Dealt to Mahu2021 [6d Ac]
dobrisme: calls 20
karalabe7383: raises 330 to 350 and is all-in
Mahu2021: folds 
dobrisme: folds 
Uncalled bet (330) returned to karalabe7383
karalabe7383 collected 60 from pot
*** SUMMARY ***
Total pot 60 | Rake 0 
Seat 1: Mahu2021 (big blind) folded before Flop
Seat 2: dobrisme (button) folded before Flop
Seat 3: karalabe7383 (small blind) collected (60)



PokerStars Hand #244427358909: Tournament #3608076499, $0.92+$0.08 USD Hold'em No Limit - Level I (10/20) - 2023/06/23 21:29:51 CET [2023/06/23 15:29:51 ET]
Table '3608076499 1' 3-max Seat #3 is the button
Seat 1: Mahu2021 (475 in chips) 
Seat 2: dobrisme (635 in chips) 
Seat 3: karalabe7383 (390 in chips) 
Mahu2021: posts small blind 10
dobrisme: posts big blind 20
*** HOLE CARDS ***
Dealt to Mahu2021 [7s 3s]
karalabe7383: folds 
Mahu2021: calls 10
dobrisme: checks 
*** FLOP *** [2d 7h 8h]
Mahu2021: bets 20
dobrisme: folds 
Uncalled bet (20) returned to Mahu2021
Mahu2021 collected 40 from pot
Mahu2021: doesn't show hand 
*** SUMMARY ***
Total pot 40 | Rake 0 
Board [2d 7h 8h]
Seat 1: Mahu2021 (small blind) collected (40)
Seat 2: dobrisme (big blind) folded on the Flop
Seat 3: karalabe7383 (button) folded before Flop (didn't bet)



PokerStars Hand #244427363064: Tournament #3608076499, $0.92+$0.08 USD Hold'em No Limit - Level I (10/20) - 2023/06/23 21:30:04 CET [2023/06/23 15:30:04 ET]
Table '3608076499 1' 3-max Seat #1 is the button
Seat 1: Mahu2021 (495 in chips) 
Seat 2: dobrisme (615 in chips) 
Seat 3: karalabe7383 (390 in chips) 
dobrisme: posts small blind 10
karalabe7383: posts big blind 20
*** HOLE CARDS ***
Dealt to Mahu2021 [9c 2d]
Mahu2021: folds 
dobrisme: calls 10
karalabe7383: checks 
*** FLOP *** [Jc Js 5s]
dobrisme: checks 
karalabe7383: checks 
*** TURN *** [Jc Js 5s] [8s]
dobrisme: checks 
karalabe7383: checks 
*** RIVER *** [Jc Js 5s 8s] [Jd]
dobrisme: checks 
karalabe7383: checks 
*** SHOW DOWN ***
dobrisme: shows [Ts 3h] (three of a kind, Jacks)
karalabe7383: shows [2s Qh] (three of a kind, Jacks - Queen kicker)
karalabe7383 collected 40 from pot
*** SUMMARY ***
Total pot 40 | Rake 0 
Board [Jc Js 5s 8s Jd]
Seat 1: Mahu2021 (button) folded before Flop (didn't bet)
Seat 2: dobrisme (small blind) showed [Ts 3h] and lost with three of a kind, Jacks
Seat 3: karalabe7383 (big blind) showed [2s Qh] and won (40) with three of a kind, Jacks



PokerStars Hand #244427369811: Tournament #3608076499, $0.92+$0.08 USD Hold'em No Limit - Level I (10/20) - 2023/06/23 21:30:26 CET [2023/06/23 15:30:26 ET]
Table '3608076499 1' 3-max Seat #2 is the button
Seat 1: Mahu2021 (495 in chips) 
Seat 2: dobrisme (595 in chips) 
Seat 3: karalabe7383 (410 in chips) 
karalabe7383: posts small blind 10
Mahu2021: posts big blind 20
*** HOLE CARDS ***
Dealt to Mahu2021 [Ad 3d]
dobrisme: calls 20
karalabe7383: calls 10
Mahu2021: checks 
*** FLOP *** [Js Jd 5h]
karalabe7383: checks 
Mahu2021: checks 
dobrisme: checks 
*** TURN *** [Js Jd 5h] [Th]
karalabe7383: checks 
Mahu2021: checks 
dobrisme: checks 
*** RIVER *** [Js Jd 5h Th] [Jc]
karalabe7383: checks 
Mahu2021: checks 
dobrisme: checks 
*** SHOW DOWN ***
karalabe7383: shows [4c 8s] (three of a kind, Jacks)
Mahu2021: shows [Ad 3d] (three of a kind, Jacks - Ace kicker)
dobrisme: mucks hand 
Mahu2021 collected 60 from pot
*** SUMMARY ***
Total pot 60 | Rake 0 
Board [Js Jd 5h Th Jc]
Seat 1: Mahu2021 (big blind) showed [Ad 3d] and won (60) with three of a kind, Jacks
Seat 2: dobrisme (button) mucked [Qs 7h]
Seat 3: karalabe7383 (small blind) showed [4c 8s] and lost with three of a kind, Jacks



PokerStars Hand #244427376033: Tournament #3608076499, $0.92+$0.08 USD Hold'em No Limit - Level I (10/20) - 2023/06/23 21:30:46 CET [2023/06/23 15:30:46 ET]
Table '3608076499 1' 3-max Seat #3 is the button
Seat 1: Mahu2021 (535 in chips) 
Seat 2: dobrisme (575 in chips) 
Seat 3: karalabe7383 (390 in chips) 
Mahu2021: posts small blind 10
dobrisme: posts big blind 20
*** HOLE CARDS ***
Dealt to Mahu2021 [3c 4s]
karalabe7383: folds 
Mahu2021: calls 10
dobrisme: checks 
*** FLOP *** [7h Ad 9c]
Mahu2021: checks 
dobrisme: checks 
*** TURN *** [7h Ad 9c] [Th]
Mahu2021: checks 
dobrisme: checks 
*** RIVER *** [7h Ad 9c Th] [Qc]
Mahu2021: checks 
dobrisme: bets 60
Mahu2021: folds 
Uncalled bet (60) returned to dobrisme
dobrisme collected 40 from pot
dobrisme: doesn't show hand 
*** SUMMARY ***
Total pot 40 | Rake 0 
Board [7h Ad 9c Th Qc]
Seat 1: Mahu2021 (small blind) folded on the River
Seat 2: dobrisme (big blind) collected (40)
Seat 3: karalabe7383 (button) folded before Flop (didn't bet)



PokerStars Hand #244427382911: Tournament #3608076499, $0.92+$0.08 USD Hold'em No Limit - Level I (10/20) - 2023/06/23 21:31:08 CET [2023/06/23 15:31:08 ET]
Table '3608076499 1' 3-max Seat #1 is the button
Seat 1: Mahu2021 (515 in chips) 
Seat 2: dobrisme (595 in chips) 
Seat 3: karalabe7383 (390 in chips) 
dobrisme: posts small blind 10
karalabe7383: posts big blind 20
*** HOLE CARDS ***
Dealt to Mahu2021 [6c 2s]
Mahu2021: folds 
dobrisme: calls 10
karalabe7383: checks 
*** FLOP *** [Th 9s 2c]
dobrisme: bets 20
karalabe7383: folds 
Uncalled bet (20) returned to dobrisme
dobrisme collected 40 from pot
dobrisme: doesn't show hand 
*** SUMMARY ***
Total pot 40 | Rake 0 
Board [Th 9s 2c]
Seat 1: Mahu2021 (button) folded before Flop (didn't bet)
Seat 2: dobrisme (small blind) collected (40)
Seat 3: karalabe7383 (big blind) folded on the Flop



PokerStars Hand #244427387340: Tournament #3608076499, $0.92+$0.08 USD Hold'em No Limit - Level I (10/20) - 2023/06/23 21:31:23 CET [2023/06/23 15:31:23 ET]
Table '3608076499 1' 3-max Seat #2 is the button
Seat 1: Mahu2021 (515 in chips) 
Seat 2: dobrisme (615 in chips) 
Seat 3: karalabe7383 (370 in chips) 
karalabe7383: posts small blind 10
Mahu2021: posts big blind 20
*** HOLE CARDS ***
Dealt to Mahu2021 [8s Jc]
dobrisme: calls 20
karalabe7383: calls 10
Mahu2021: checks 
*** FLOP *** [Jh Qh Tc]
karalabe7383: checks 
Mahu2021: checks 
dobrisme: checks 
*** TURN *** [Jh Qh Tc] [Td]
karalabe7383: checks 
Mahu2021: bets 20
dobrisme: calls 20
karalabe7383: calls 20
*** RIVER *** [Jh Qh Tc Td] [9c]
karalabe7383: checks 
Mahu2021: checks 
dobrisme: bets 80
karalabe7383: folds 
Mahu2021: folds 
Uncalled bet (80) returned to dobrisme
dobrisme collected 120 from pot
dobrisme: doesn't show hand 
*** SUMMARY ***
Total pot 120 | Rake 0 
Board [Jh Qh Tc Td 9c]
Seat 1: Mahu2021 (big blind) folded on the River
Seat 2: dobrisme (button) collected (120)
Seat 3: karalabe7383 (small blind) folded on the River



PokerStars Hand #244427397292: Tournament #3608076499, $0.92+$0.08 USD Hold'em No Limit - Level II (15/30) - 2023/06/23 21:31:55 CET [2023/06/23 15:31:55 ET]
Table '3608076499 1' 3-max Seat #3 is the button
Seat 1: Mahu2021 (475 in chips) 
Seat 2: dobrisme (695 in chips) 
Seat 3: karalabe7383 (330 in chips) 
Mahu2021: posts small blind 15
dobrisme: posts big blind 30
*** HOLE CARDS ***
Dealt to Mahu2021 [6c Ts]
karalabe7383: raises 300 to 330 and is all-in
Mahu2021: folds 
dobrisme: folds 
Uncalled bet (300) returned to karalabe7383
karalabe7383 collected 75 from pot
*** SUMMARY ***
Total pot 75 | Rake 0 
Seat 1: Mahu2021 (small blind) folded before Flop
Seat 2: dobrisme (big blind) folded before Flop
Seat 3: karalabe7383 (button) collected (75)



PokerStars Hand #244427399518: Tournament #3608076499, $0.92+$0.08 USD Hold'em No Limit - Level II (15/30) - 2023/06/23 21:32:02 CET [2023/06/23 15:32:02 ET]
Table '3608076499 1' 3-max Seat #1 is the button
Seat 1: Mahu2021 (460 in chips) 
Seat 2: dobrisme (665 in chips) 
Seat 3: karalabe7383 (375 in chips) 
dobrisme: posts small blind 15
karalabe7383: posts big blind 30
*** HOLE CARDS ***
Dealt to Mahu2021 [Tc Th]
Mahu2021: raises 430 to 460 and is all-in
dobrisme: folds 
karalabe7383: folds 
Uncalled bet (430) returned to Mahu2021
Mahu2021 collected 75 from pot
Mahu2021: doesn't show hand 
*** SUMMARY ***
Total pot 75 | Rake 0 
Seat 1: Mahu2021 (button) collected (75)
Seat 2: dobrisme (small blind) folded before Flop
Seat 3: karalabe7383 (big blind) folded before Flop



PokerStars Hand #244427402643: Tournament #3608076499, $0.92+$0.08 USD Hold'em No Limit - Level II (15/30) - 2023/06/23 21:32:12 CET [2023/06/23 15:32:12 ET]
Table '3608076499 1' 3-max Seat #2 is the button
Seat 1: Mahu2021 (505 in chips) 
Seat 2: dobrisme (650 in chips) 
Seat 3: karalabe7383 (345 in chips) 
karalabe7383: posts small blind 15
Mahu2021: posts big blind 30
*** HOLE CARDS ***
Dealt to Mahu2021 [9c 4s]
dobrisme: calls 30
karalabe7383: raises 120 to 150
Mahu2021: folds 
dobrisme: folds 
Uncalled bet (120) returned to karalabe7383
karalabe7383 collected 90 from pot
*** SUMMARY ***
Total pot 90 | Rake 0 
Seat 1: Mahu2021 (big blind) folded before Flop
Seat 2: dobrisme (button) folded before Flop
Seat 3: karalabe7383 (small blind) collected (90)



PokerStars Hand #244427406047: Tournament #3608076499, $0.92+$0.08 USD Hold'em No Limit - Level II (15/30) - 2023/06/23 21:32:23 CET [2023/06/23 15:32:23 ET]
Table '3608076499 1' 3-max Seat #3 is the button
Seat 1: Mahu2021 (475 in chips) 
Seat 2: dobrisme (620 in chips) 
Seat 3: karalabe7383 (405 in chips) 
Mahu2021: posts small blind 15
dobrisme: posts big blind 30
*** HOLE CARDS ***
Dealt to Mahu2021 [As 4h]
karalabe7383: raises 375 to 405 and is all-in
Mahu2021: folds 
dobrisme: folds 
Uncalled bet (375) returned to karalabe7383
karalabe7383 collected 75 from pot
*** SUMMARY ***
Total pot 75 | Rake 0 
Seat 1: Mahu2021 (small blind) folded before Flop
Seat 2: dobrisme (big blind) folded before Flop
Seat 3: karalabe7383 (button) collected (75)



PokerStars Hand #244427409216: Tournament #3608076499, $0.92+$0.08 USD Hold'em No Limit - Level II (15/30) - 2023/06/23 21:32:34 CET [2023/06/23 15:32:34 ET]
Table '3608076499 1' 3-max Seat #1 is the button
Seat 1: Mahu2021 (460 in chips) 
Seat 2: dobrisme (590 in chips) 
Seat 3: karalabe7383 (450 in chips) 
dobrisme: posts small blind 15
karalabe7383: posts big blind 30
*** HOLE CARDS ***
Dealt to Mahu2021 [Ks 9c]
Mahu2021: calls 30
dobrisme: calls 15
karalabe7383: raises 420 to 450 and is all-in
Mahu2021: folds 
dobrisme: folds 
Uncalled bet (420) returned to karalabe7383
karalabe7383 collected 90 from pot
*** SUMMARY ***
Total pot 90 | Rake 0 
Seat 1: Mahu2021 (button) folded before Flop
Seat 2: dobrisme (small blind) folded before Flop
Seat 3: karalabe7383 (big blind) collected (90)



PokerStars Hand #244427412334: Tournament #3608076499, $0.92+$0.08 USD Hold'em No Limit - Level II (15/30) - 2023/06/23 21:32:44 CET [2023/06/23 15:32:44 ET]
Table '3608076499 1' 3-max Seat #2 is the button
Seat 1: Mahu2021 (430 in chips) 
Seat 2: dobrisme (560 in chips) 
Seat 3: karalabe7383 (510 in chips) 
karalabe7383: posts small blind 15
Mahu2021: posts big blind 30
*** HOLE CARDS ***
Dealt to Mahu2021 [6h Ac]
dobrisme: calls 30
karalabe7383: calls 15
Mahu2021: checks 
*** FLOP *** [2h Ad 6c]
karalabe7383: checks 
Mahu2021: bets 60
dobrisme: folds 
karalabe7383: folds 
Uncalled bet (60) returned to Mahu2021
Mahu2021 collected 90 from pot
Mahu2021: doesn't show hand 
*** SUMMARY ***
Total pot 90 | Rake 0 
Board [2h Ad 6c]
Seat 1: Mahu2021 (big blind) collected (90)
Seat 2: dobrisme (button) folded on the Flop
Seat 3: karalabe7383 (small blind) folded on the Flop



PokerStars Hand #244427418168: Tournament #3608076499, $0.92+$0.08 USD Hold'em No Limit - Level II (15/30) - 2023/06/23 21:33:03 CET [2023/06/23 15:33:03 ET]
Table '3608076499 1' 3-max Seat #3 is the button
Seat 1: Mahu2021 (490 in chips) 
Seat 2: dobrisme (530 in chips) 
Seat 3: karalabe7383 (480 in chips) 
Mahu2021: posts small blind 15
dobrisme: posts big blind 30
*** HOLE CARDS ***
Dealt to Mahu2021 [Ks Ac]
karalabe7383: folds 
Mahu2021: raises 60 to 90
dobrisme: calls 60
*** FLOP *** [7h Kd As]
Mahu2021: checks 
dobrisme: bets 30
Mahu2021: raises 90 to 120
dobrisme: calls 90
*** TURN *** [7h Kd As] [Qd]
Mahu2021: bets 280 and is all-in
dobrisme: folds 
Uncalled bet (280) returned to Mahu2021
Mahu2021 collected 420 from pot
Mahu2021: doesn't show hand 
*** SUMMARY ***
Total pot 420 | Rake 0 
Board [7h Kd As Qd]
Seat 1: Mahu2021 (small blind) collected (420)
Seat 2: dobrisme (big blind) folded on the Turn
Seat 3: karalabe7383 (button) folded before Flop (didn't bet)



PokerStars Hand #244427425018: Tournament #3608076499, $0.92+$0.08 USD Hold'em No Limit - Level II (15/30) - 2023/06/23 21:33:25 CET [2023/06/23 15:33:25 ET]
Table '3608076499 1' 3-max Seat #1 is the button
Seat 1: Mahu2021 (700 in chips) 
Seat 2: dobrisme (320 in chips) 
Seat 3: karalabe7383 (480 in chips) 
dobrisme: posts small blind 15
karalabe7383: posts big blind 30
*** HOLE CARDS ***
Dealt to Mahu2021 [6s Tc]
Mahu2021: folds 
dobrisme: calls 15
karalabe7383: checks 
*** FLOP *** [Jd 3h 8s]
dobrisme: checks 
karalabe7383: checks 
*** TURN *** [Jd 3h 8s] [8d]
dobrisme: checks 
karalabe7383: checks 
*** RIVER *** [Jd 3h 8s 8d] [Ah]
dobrisme: checks 
karalabe7383: checks 
*** SHOW DOWN ***
dobrisme: shows [2d 5s] (a pair of Eights)
karalabe7383: shows [7s Qs] (a pair of Eights - Ace+Queen kicker)
karalabe7383 collected 60 from pot
*** SUMMARY ***
Total pot 60 | Rake 0 
Board [Jd 3h 8s 8d Ah]
Seat 1: Mahu2021 (button) folded before Flop (didn't bet)
Seat 2: dobrisme (small blind) showed [2d 5s] and lost with a pair of Eights
Seat 3: karalabe7383 (big blind) showed [7s Qs] and won (60) with a pair of Eights



PokerStars Hand #244427430960: Tournament #3608076499, $0.92+$0.08 USD Hold'em No Limit - Level II (15/30) - 2023/06/23 21:33:44 CET [2023/06/23 15:33:44 ET]
Table '3608076499 1' 3-max Seat #2 is the button
Seat 1: Mahu2021 (700 in chips) 
Seat 2: dobrisme (290 in chips) 
Seat 3: karalabe7383 (510 in chips) 
karalabe7383: posts small blind 15
Mahu2021: posts big blind 30
*** HOLE CARDS ***
Dealt to Mahu2021 [9d 7h]
dobrisme: calls 30
karalabe7383: calls 15
Mahu2021: checks 
*** FLOP *** [Kh Kc 8s]
karalabe7383: checks 
Mahu2021: checks 
dobrisme: checks 
*** TURN *** [Kh Kc 8s] [Td]
karalabe7383: checks 
Mahu2021: checks 
dobrisme: checks 
*** RIVER *** [Kh Kc 8s Td] [2c]
karalabe7383: checks 
Mahu2021: checks 
dobrisme: checks 
*** SHOW DOWN ***
karalabe7383: shows [7s Jh] (a pair of Kings)
Mahu2021: mucks hand 
dobrisme: mucks hand 
karalabe7383 collected 90 from pot
*** SUMMARY ***
Total pot 90 | Rake 0 
Board [Kh Kc 8s Td 2c]
Seat 1: Mahu2021 (big blind) mucked [9d 7h]
Seat 2: dobrisme (button) mucked [4s 7d]
Seat 3: karalabe7383 (small blind) showed [7s Jh] and won (90) with a pair of Kings



PokerStars Hand #244427438898: Tournament #3608076499, $0.92+$0.08 USD Hold'em No Limit - Level II (15/30) - 2023/06/23 21:34:10 CET [2023/06/23 15:34:10 ET]
Table '3608076499 1' 3-max Seat #3 is the button
Seat 1: Mahu2021 (670 in chips) 
Seat 2: dobrisme (260 in chips) 
Seat 3: karalabe7383 (570 in chips) 
Mahu2021: posts small blind 15
dobrisme: posts big blind 30
*** HOLE CARDS ***
Dealt to Mahu2021 [Js 3d]
karalabe7383: calls 30
Mahu2021: folds 
dobrisme: checks 
*** FLOP *** [7d Qd 9s]
dobrisme: checks 
karalabe7383: bets 30
dobrisme: folds 
Uncalled bet (30) returned to karalabe7383
karalabe7383 collected 75 from pot
*** SUMMARY ***
Total pot 75 | Rake 0 
Board [7d Qd 9s]
Seat 1: Mahu2021 (small blind) folded before Flop
Seat 2: dobrisme (big blind) folded on the Flop
Seat 3: karalabe7383 (button) collected (75)



PokerStars Hand #244427443466: Tournament #3608076499, $0.92+$0.08 USD Hold'em No Limit - Level II (15/30) - 2023/06/23 21:34:25 CET [2023/06/23 15:34:25 ET]
Table '3608076499 1' 3-max Seat #1 is the button
Seat 1: Mahu2021 (655 in chips) 
Seat 2: dobrisme (230 in chips) 
Seat 3: karalabe7383 (615 in chips) 
dobrisme: posts small blind 15
karalabe7383: posts big blind 30
*** HOLE CARDS ***
Dealt to Mahu2021 [Kd 2s]
Mahu2021: folds 
dobrisme: folds 
Uncalled bet (15) returned to karalabe7383
karalabe7383 collected 30 from pot
*** SUMMARY ***
Total pot 30 | Rake 0 
Seat 1: Mahu2021 (button) folded before Flop (didn't bet)
Seat 2: dobrisme (small blind) folded before Flop
Seat 3: karalabe7383 (big blind) collected (30)



PokerStars Hand #244427445646: Tournament #3608076499, $0.92+$0.08 USD Hold'em No Limit - Level II (15/30) - 2023/06/23 21:34:32 CET [2023/06/23 15:34:32 ET]
Table '3608076499 1' 3-max Seat #2 is the button
Seat 1: Mahu2021 (655 in chips) 
Seat 2: dobrisme (215 in chips) 
Seat 3: karalabe7383 (630 in chips) 
karalabe7383: posts small blind 15
Mahu2021: posts big blind 30
*** HOLE CARDS ***
Dealt to Mahu2021 [Kc Qc]
dobrisme: calls 30
karalabe7383: calls 15
Mahu2021: checks 
*** FLOP *** [9d 3s 5h]
karalabe7383: bets 60
Mahu2021: folds 
dobrisme: folds 
Uncalled bet (60) returned to karalabe7383
karalabe7383 collected 90 from pot
*** SUMMARY ***
Total pot 90 | Rake 0 
Board [9d 3s 5h]
Seat 1: Mahu2021 (big blind) folded on the Flop
Seat 2: dobrisme (button) folded on the Flop
Seat 3: karalabe7383 (small blind) collected (90)



PokerStars Hand #244427450833: Tournament #3608076499, $0.92+$0.08 USD Hold'em No Limit - Level III (20/40) - 2023/06/23 21:34:49 CET [2023/06/23 15:34:49 ET]
Table '3608076499 1' 3-max Seat #3 is the button
Seat 1: Mahu2021 (625 in chips) 
Seat 2: dobrisme (185 in chips) 
Seat 3: karalabe7383 (690 in chips) 
Mahu2021: posts small blind 20
dobrisme: posts big blind 40
*** HOLE CARDS ***
Dealt to Mahu2021 [4c Qs]
karalabe7383: calls 40
Mahu2021: folds 
dobrisme: checks 
*** FLOP *** [Jc 3d 5c]
dobrisme: checks 
karalabe7383: bets 40
dobrisme: calls 40
*** TURN *** [Jc 3d 5c] [7h]
dobrisme: checks 
karalabe7383: bets 120
dobrisme: folds 
Uncalled bet (120) returned to karalabe7383
karalabe7383 collected 180 from pot
*** SUMMARY ***
Total pot 180 | Rake 0 
Board [Jc 3d 5c 7h]
Seat 1: Mahu2021 (small blind) folded before Flop
Seat 2: dobrisme (big blind) folded on the Turn
Seat 3: karalabe7383 (button) collected (180)



PokerStars Hand #244427457488: Tournament #3608076499, $0.92+$0.08 USD Hold'em No Limit - Level III (20/40) - 2023/06/23 21:35:10 CET [2023/06/23 15:35:10 ET]
Table '3608076499 1' 3-max Seat #1 is the button
Seat 1: Mahu2021 (605 in chips) 
Seat 2: dobrisme (105 in chips) 
Seat 3: karalabe7383 (790 in chips) 
dobrisme: posts small blind 20
karalabe7383: posts big blind 40
*** HOLE CARDS ***
Dealt to Mahu2021 [As Qh]
Mahu2021: raises 80 to 120
dobrisme: calls 85 and is all-in
karalabe7383: folds 
Uncalled bet (15) returned to Mahu2021
*** FLOP *** [4d Kd 2c]
*** TURN *** [4d Kd 2c] [8c]
*** RIVER *** [4d Kd 2c 8c] [7h]
*** SHOW DOWN ***
dobrisme: shows [4h 2h] (two pair, Fours and Deuces)
Mahu2021: shows [As Qh] (high card Ace)
dobrisme collected 250 from pot
*** SUMMARY ***
Total pot 250 | Rake 0 
Board [4d Kd 2c 8c 7h]
Seat 1: Mahu2021 (button) showed [As Qh] and lost with high card Ace
Seat 2: dobrisme (small blind) showed [4h 2h] and won (250) with two pair, Fours and Deuces
Seat 3: karalabe7383 (big blind) folded before Flop



PokerStars Hand #244427462572: Tournament #3608076499, $0.92+$0.08 USD Hold'em No Limit - Level III (20/40) - 2023/06/23 21:35:27 CET [2023/06/23 15:35:27 ET]
Table '3608076499 1' 3-max Seat #2 is the button
Seat 1: Mahu2021 (500 in chips) 
Seat 2: dobrisme (250 in chips) 
Seat 3: karalabe7383 (750 in chips) 
karalabe7383: posts small blind 20
Mahu2021: posts big blind 40
*** HOLE CARDS ***
Dealt to Mahu2021 [Jc Kc]
dobrisme: calls 40
karalabe7383: calls 20
Mahu2021: checks 
*** FLOP *** [Ad 5s Qs]
karalabe7383: checks 
Mahu2021: checks 
dobrisme: bets 40
karalabe7383: folds 
Mahu2021: calls 40
*** TURN *** [Ad 5s Qs] [Ts]
Mahu2021: checks 
dobrisme: bets 120
Mahu2021: raises 300 to 420 and is all-in
dobrisme: calls 50 and is all-in
Uncalled bet (250) returned to Mahu2021
*** RIVER *** [Ad 5s Qs Ts] [8h]
*** SHOW DOWN ***
Mahu2021: shows [Jc Kc] (a straight, Ten to Ace)
dobrisme: shows [6h 6s] (a pair of Sixes)
Mahu2021 collected 540 from pot
dobrisme finished the tournament in 3rd place
*** SUMMARY ***
Total pot 540 | Rake 0 
Board [Ad 5s Qs Ts 8h]
Seat 1: Mahu2021 (big blind) showed [Jc Kc] and won (540) with a straight, Ten to Ace
Seat 2: dobrisme (button) showed [6h 6s] and lost with a pair of Sixes
Seat 3: karalabe7383 (small blind) folded on the Flop



PokerStars Hand #244427473461: Tournament #3608076499, $0.92+$0.08 USD Hold'em No Limit - Level III (20/40) - 2023/06/23 21:36:02 CET [2023/06/23 15:36:02 ET]
Table '3608076499 1' 3-max Seat #1 is the button
Seat 1: Mahu2021 (790 in chips) 
Seat 3: karalabe7383 (710 in chips) 
Mahu2021: posts small blind 20
karalabe7383: posts big blind 40
*** HOLE CARDS ***
Dealt to Mahu2021 [Kc As]
Mahu2021: raises 80 to 120
karalabe7383: calls 80
*** FLOP *** [9d 5s Qd]
karalabe7383: checks 
Mahu2021: checks 
*** TURN *** [9d 5s Qd] [4s]
karalabe7383: bets 120
Mahu2021: calls 120
*** RIVER *** [9d 5s Qd 4s] [5c]
karalabe7383: bets 200
Mahu2021: folds 
Uncalled bet (200) returned to karalabe7383
karalabe7383 collected 480 from pot
*** SUMMARY ***
Total pot 480 | Rake 0 
Board [9d 5s Qd 4s 5c]
Seat 1: Mahu2021 (button) (small blind) folded on the River
Seat 3: karalabe7383 (big blind) collected (480)



PokerStars Hand #244427479673: Tournament #3608076499, $0.92+$0.08 USD Hold'em No Limit - Level III (20/40) - 2023/06/23 21:36:23 CET [2023/06/23 15:36:23 ET]
Table '3608076499 1' 3-max Seat #3 is the button
Seat 1: Mahu2021 (550 in chips) 
Seat 3: karalabe7383 (950 in chips) 
karalabe7383: posts small blind 20
Mahu2021: posts big blind 40
*** HOLE CARDS ***
Dealt to Mahu2021 [2h 7d]
karalabe7383: calls 20
Mahu2021: checks 
*** FLOP *** [Qd Ac Jc]
Mahu2021: checks 
karalabe7383: bets 40
Mahu2021: folds 
Uncalled bet (40) returned to karalabe7383
karalabe7383 collected 80 from pot
*** SUMMARY ***
Total pot 80 | Rake 0 
Board [Qd Ac Jc]
Seat 1: Mahu2021 (big blind) folded on the Flop
Seat 3: karalabe7383 (button) (small blind) collected (80)



PokerStars Hand #244427482706: Tournament #3608076499, $0.92+$0.08 USD Hold'em No Limit - Level III (20/40) - 2023/06/23 21:36:32 CET [2023/06/23 15:36:32 ET]
Table '3608076499 1' 3-max Seat #1 is the button
Seat 1: Mahu2021 (510 in chips) 
Seat 3: karalabe7383 (990 in chips) 
Mahu2021: posts small blind 20
karalabe7383: posts big blind 40
*** HOLE CARDS ***
Dealt to Mahu2021 [2d Qd]
Mahu2021: calls 20
karalabe7383: checks 
*** FLOP *** [4s 3c Jh]
karalabe7383: bets 40
Mahu2021: folds 
Uncalled bet (40) returned to karalabe7383
karalabe7383 collected 80 from pot
*** SUMMARY ***
Total pot 80 | Rake 0 
Board [4s 3c Jh]
Seat 1: Mahu2021 (button) (small blind) folded on the Flop
Seat 3: karalabe7383 (big blind) collected (80)



PokerStars Hand #244427486621: Tournament #3608076499, $0.92+$0.08 USD Hold'em No Limit - Level III (20/40) - 2023/06/23 21:36:45 CET [2023/06/23 15:36:45 ET]
Table '3608076499 1' 3-max Seat #3 is the button
Seat 1: Mahu2021 (470 in chips) 
Seat 3: karalabe7383 (1030 in chips) 
karalabe7383: posts small blind 20
Mahu2021: posts big blind 40
*** HOLE CARDS ***
Dealt to Mahu2021 [2d 6c]
karalabe7383: calls 20
Mahu2021: checks 
*** FLOP *** [3s As Tc]
Mahu2021: checks 
karalabe7383: bets 40
Mahu2021: folds 
Uncalled bet (40) returned to karalabe7383
karalabe7383 collected 80 from pot
*** SUMMARY ***
Total pot 80 | Rake 0 
Board [3s As Tc]
Seat 1: Mahu2021 (big blind) folded on the Flop
Seat 3: karalabe7383 (button) (small blind) collected (80)



PokerStars Hand #244427489530: Tournament #3608076499, $0.92+$0.08 USD Hold'em No Limit - Level III (20/40) - 2023/06/23 21:36:54 CET [2023/06/23 15:36:54 ET]
Table '3608076499 1' 3-max Seat #1 is the button
Seat 1: Mahu2021 (430 in chips) 
Seat 3: karalabe7383 (1070 in chips) 
Mahu2021: posts small blind 20
karalabe7383: posts big blind 40
*** HOLE CARDS ***
Dealt to Mahu2021 [7d 6s]
Mahu2021: calls 20
karalabe7383: checks 
*** FLOP *** [6c Th 5s]
karalabe7383: checks 
Mahu2021: bets 40
karalabe7383: calls 40
*** TURN *** [6c Th 5s] [2h]
karalabe7383: checks 
Mahu2021: bets 40
karalabe7383: calls 40
*** RIVER *** [6c Th 5s 2h] [7h]
karalabe7383: bets 160
Mahu2021: raises 150 to 310 and is all-in
karalabe7383: calls 150
*** SHOW DOWN ***
Mahu2021: shows [7d 6s] (two pair, Sevens and Sixes)
karalabe7383: shows [2s Td] (two pair, Tens and Deuces)
karalabe7383 collected 860 from pot
Mahu2021 finished the tournament in 2nd place
karalabe7383 wins the tournament and receives $3.00 - congratulations!
*** SUMMARY ***
Total pot 860 | Rake 0 
Board [6c Th 5s 2h 7h]
Seat 1: Mahu2021 (button) (small blind) showed [7d 6s] and lost with two pair, Sevens and Sixes
Seat 3: karalabe7383 (big blind) showed [2s Td] and won (860) with two pair, Tens and Deuces



