PokerStars Hand #252759084581: Tournament #3807997282, $1.84+$0.16 USD Hold'em No Limit - Level I (10/20) - 2024/10/04 12:12:22 CET [2024/10/04 6:12:22 ET]
Table '3807997282 1' 3-max Seat #1 is the button
Seat 1: Ivan7210 (500 in chips) 
Seat 2: Mahu2021 (500 in chips) 
Seat 3: deathevn (500 in chips) 
Mahu2021: posts small blind 10
deathevn: posts big blind 20
*** HOLE CARDS ***
Dealt to Mahu2021 [Tc 7c]
Ivan7210: folds 
Mahu2021: calls 10
deathevn: raises 100 to 120
Mahu2021: folds 
Uncalled bet (100) returned to deathevn
deathevn collected 40 from pot
deathevn: doesn't show hand 
*** SUMMARY ***
Total pot 40 | Rake 0 
Seat 1: Ivan7210 (button) folded before Flop (didn't bet)
Seat 2: Mahu2021 (small blind) folded before Flop
Seat 3: deathevn (big blind) collected (40)



PokerStars Hand #252759086235: Tournament #3807997282, $1.84+$0.16 USD Hold'em No Limit - Level I (10/20) - 2024/10/04 12:12:35 CET [2024/10/04 6:12:35 ET]
Table '3807997282 1' 3-max Seat #2 is the button
Seat 1: Ivan7210 (500 in chips) 
Seat 2: Mahu2021 (480 in chips) 
Seat 3: deathevn (520 in chips) 
deathevn: posts small blind 10
Ivan7210: posts big blind 20
*** HOLE CARDS ***
Dealt to Mahu2021 [2h 6s]
Mahu2021: folds 
deathevn: calls 10
Ivan7210: checks 
*** FLOP *** [7c 3c 9c]
deathevn: bets 26
Ivan7210: calls 26
*** TURN *** [7c 3c 9c] [5h]
deathevn: bets 100
Ivan7210: calls 100
*** RIVER *** [7c 3c 9c 5h] [Kd]
deathevn: bets 374 and is all-in
Ivan7210: calls 354 and is all-in
Uncalled bet (20) returned to deathevn
*** SHOW DOWN ***
deathevn: shows [8h Qc] (high card King)
Ivan7210: shows [Kc 3s] (two pair, Kings and Threes)
Ivan7210 collected 1000 from pot
*** SUMMARY ***
Total pot 1000 | Rake 0 
Board [7c 3c 9c 5h Kd]
Seat 1: Ivan7210 (big blind) showed [Kc 3s] and won (1000) with two pair, Kings and Threes
Seat 2: Mahu2021 (button) folded before Flop (didn't bet)
Seat 3: deathevn (small blind) showed [8h Qc] and lost with high card King



PokerStars Hand #252759091902: Tournament #3807997282, $1.84+$0.16 USD Hold'em No Limit - Level I (10/20) - 2024/10/04 12:13:18 CET [2024/10/04 6:13:18 ET]
Table '3807997282 1' 3-max Seat #3 is the button
Seat 1: Ivan7210 (1000 in chips) 
Seat 2: Mahu2021 (480 in chips) 
Seat 3: deathevn (20 in chips) 
Ivan7210: posts small blind 10
Mahu2021: posts big blind 20
*** HOLE CARDS ***
Dealt to Mahu2021 [Ad Tc]
deathevn: calls 20 and is all-in
Ivan7210: calls 10
Mahu2021: checks 
*** FLOP *** [Jd Js 7d]
Ivan7210: bets 60
Mahu2021: folds 
Uncalled bet (60) returned to Ivan7210
*** TURN *** [Jd Js 7d] [3d]
*** RIVER *** [Jd Js 7d 3d] [Kc]
*** SHOW DOWN ***
Ivan7210: shows [5h Ah] (a pair of Jacks)
deathevn: shows [Jc Ac] (three of a kind, Jacks)
deathevn collected 60 from pot
*** SUMMARY ***
Total pot 60 | Rake 0 
Board [Jd Js 7d 3d Kc]
Seat 1: Ivan7210 (small blind) showed [5h Ah] and lost with a pair of Jacks
Seat 2: Mahu2021 (big blind) folded on the Flop
Seat 3: deathevn (button) showed [Jc Ac] and won (60) with three of a kind, Jacks



PokerStars Hand #252759094921: Tournament #3807997282, $1.84+$0.16 USD Hold'em No Limit - Level I (10/20) - 2024/10/04 12:13:40 CET [2024/10/04 6:13:40 ET]
Table '3807997282 1' 3-max Seat #1 is the button
Seat 1: Ivan7210 (980 in chips) 
Seat 2: Mahu2021 (460 in chips) 
Seat 3: deathevn (60 in chips) 
Mahu2021: posts small blind 10
deathevn: posts big blind 20
*** HOLE CARDS ***
Dealt to Mahu2021 [Qs 8h]
Ivan7210: calls 20
Mahu2021: folds 
deathevn: raises 40 to 60 and is all-in
Ivan7210: calls 40
*** FLOP *** [Jc 9s 8d]
*** TURN *** [Jc 9s 8d] [Th]
*** RIVER *** [Jc 9s 8d Th] [6c]
*** SHOW DOWN ***
deathevn: shows [2s 2h] (a pair of Deuces)
Ivan7210: shows [8c Jh] (two pair, Jacks and Eights)
Ivan7210 collected 130 from pot
deathevn finished the tournament in 3rd place
*** SUMMARY ***
Total pot 130 | Rake 0 
Board [Jc 9s 8d Th 6c]
Seat 1: Ivan7210 (button) showed [8c Jh] and won (130) with two pair, Jacks and Eights
Seat 2: Mahu2021 (small blind) folded before Flop
Seat 3: deathevn (big blind) showed [2s 2h] and lost with a pair of Deuces



PokerStars Hand #252759098232: Tournament #3807997282, $1.84+$0.16 USD Hold'em No Limit - Level I (10/20) - 2024/10/04 12:14:05 CET [2024/10/04 6:14:05 ET]
Table '3807997282 1' 3-max Seat #2 is the button
Seat 1: Ivan7210 (1050 in chips) 
Seat 2: Mahu2021 (450 in chips) 
Mahu2021: posts small blind 10
Ivan7210: posts big blind 20
*** HOLE CARDS ***
Dealt to Mahu2021 [3s As]
Mahu2021: raises 20 to 40
Ivan7210: raises 20 to 60
Mahu2021: calls 20
*** FLOP *** [9s Qh Kh]
Ivan7210: checks 
Mahu2021: checks 
*** TURN *** [9s Qh Kh] [7h]
Ivan7210: checks 
Mahu2021: checks 
*** RIVER *** [9s Qh Kh 7h] [9d]
Ivan7210: bets 60
Mahu2021: folds 
Uncalled bet (60) returned to Ivan7210
Ivan7210 collected 120 from pot
*** SUMMARY ***
Total pot 120 | Rake 0 
Board [9s Qh Kh 7h 9d]
Seat 1: Ivan7210 (big blind) collected (120)
Seat 2: Mahu2021 (button) (small blind) folded on the River



PokerStars Hand #252759102105: Tournament #3807997282, $1.84+$0.16 USD Hold'em No Limit - Level II (15/30) - 2024/10/04 12:14:33 CET [2024/10/04 6:14:33 ET]
Table '3807997282 1' 3-max Seat #1 is the button
Seat 1: Ivan7210 (1110 in chips) 
Seat 2: Mahu2021 (390 in chips) 
Ivan7210: posts small blind 15
Mahu2021: posts big blind 30
*** HOLE CARDS ***
Dealt to Mahu2021 [5s 2c]
Ivan7210: calls 15
Mahu2021: checks 
*** FLOP *** [3d 9c Kd]
Mahu2021: checks 
Ivan7210: checks 
*** TURN *** [3d 9c Kd] [4c]
Mahu2021: bets 60
Ivan7210: calls 60
*** RIVER *** [3d 9c Kd 4c] [8s]
Mahu2021: checks 
Ivan7210: checks 
*** SHOW DOWN ***
Mahu2021: shows [5s 2c] (high card King)
Ivan7210: shows [9d 2h] (a pair of Nines)
Ivan7210 collected 180 from pot
*** SUMMARY ***
Total pot 180 | Rake 0 
Board [3d 9c Kd 4c 8s]
Seat 1: Ivan7210 (button) (small blind) showed [9d 2h] and won (180) with a pair of Nines
Seat 2: Mahu2021 (big blind) showed [5s 2c] and lost with high card King



PokerStars Hand #252759104131: Tournament #3807997282, $1.84+$0.16 USD Hold'em No Limit - Level II (15/30) - 2024/10/04 12:14:48 CET [2024/10/04 6:14:48 ET]
Table '3807997282 1' 3-max Seat #2 is the button
Seat 1: Ivan7210 (1200 in chips) 
Seat 2: Mahu2021 (300 in chips) 
Mahu2021: posts small blind 15
Ivan7210: posts big blind 30
*** HOLE CARDS ***
Dealt to Mahu2021 [9d Kc]
Mahu2021: raises 30 to 60
Ivan7210: calls 30
*** FLOP *** [2h Kd Ah]
Ivan7210: checks 
Mahu2021: bets 60
Ivan7210: calls 60
*** TURN *** [2h Kd Ah] [4h]
Ivan7210: checks 
Mahu2021: bets 180 and is all-in
Ivan7210: folds 
Uncalled bet (180) returned to Mahu2021
Mahu2021 collected 240 from pot
Mahu2021: doesn't show hand 
*** SUMMARY ***
Total pot 240 | Rake 0 
Board [2h Kd Ah 4h]
Seat 1: Ivan7210 (big blind) folded on the Turn
Seat 2: Mahu2021 (button) (small blind) collected (240)



PokerStars Hand #252759106331: Tournament #3807997282, $1.84+$0.16 USD Hold'em No Limit - Level II (15/30) - 2024/10/04 12:15:03 CET [2024/10/04 6:15:03 ET]
Table '3807997282 1' 3-max Seat #1 is the button
Seat 1: Ivan7210 (1080 in chips) 
Seat 2: Mahu2021 (420 in chips) 
Ivan7210: posts small blind 15
Mahu2021: posts big blind 30
*** HOLE CARDS ***
Dealt to Mahu2021 [5s 9d]
Ivan7210: folds 
Uncalled bet (15) returned to Mahu2021
Mahu2021 collected 30 from pot
Mahu2021: doesn't show hand 
*** SUMMARY ***
Total pot 30 | Rake 0 
Seat 1: Ivan7210 (button) (small blind) folded before Flop
Seat 2: Mahu2021 (big blind) collected (30)



PokerStars Hand #252759106987: Tournament #3807997282, $1.84+$0.16 USD Hold'em No Limit - Level II (15/30) - 2024/10/04 12:15:08 CET [2024/10/04 6:15:08 ET]
Table '3807997282 1' 3-max Seat #2 is the button
Seat 1: Ivan7210 (1065 in chips) 
Seat 2: Mahu2021 (435 in chips) 
Mahu2021: posts small blind 15
Ivan7210: posts big blind 30
*** HOLE CARDS ***
Dealt to Mahu2021 [Ah Qd]
Mahu2021: raises 30 to 60
Ivan7210: calls 30
*** FLOP *** [4h 3c 7d]
Ivan7210: checks 
Mahu2021: checks 
*** TURN *** [4h 3c 7d] [4c]
Ivan7210: bets 30
Mahu2021: calls 30
*** RIVER *** [4h 3c 7d 4c] [Ts]
Ivan7210: bets 30
Mahu2021: folds 
Uncalled bet (30) returned to Ivan7210
Ivan7210 collected 180 from pot
*** SUMMARY ***
Total pot 180 | Rake 0 
Board [4h 3c 7d 4c Ts]
Seat 1: Ivan7210 (big blind) collected (180)
Seat 2: Mahu2021 (button) (small blind) folded on the River



PokerStars Hand #252759108811: Tournament #3807997282, $1.84+$0.16 USD Hold'em No Limit - Level II (15/30) - 2024/10/04 12:15:22 CET [2024/10/04 6:15:22 ET]
Table '3807997282 1' 3-max Seat #1 is the button
Seat 1: Ivan7210 (1155 in chips) 
Seat 2: Mahu2021 (345 in chips) 
Ivan7210: posts small blind 15
Mahu2021: posts big blind 30
*** HOLE CARDS ***
Dealt to Mahu2021 [7h Qc]
Ivan7210: folds 
Uncalled bet (15) returned to Mahu2021
Mahu2021 collected 30 from pot
Mahu2021: doesn't show hand 
*** SUMMARY ***
Total pot 30 | Rake 0 
Seat 1: Ivan7210 (button) (small blind) folded before Flop
Seat 2: Mahu2021 (big blind) collected (30)



PokerStars Hand #252759109433: Tournament #3807997282, $1.84+$0.16 USD Hold'em No Limit - Level II (15/30) - 2024/10/04 12:15:26 CET [2024/10/04 6:15:26 ET]
Table '3807997282 1' 3-max Seat #2 is the button
Seat 1: Ivan7210 (1140 in chips) 
Seat 2: Mahu2021 (360 in chips) 
Mahu2021: posts small blind 15
Ivan7210: posts big blind 30
*** HOLE CARDS ***
Dealt to Mahu2021 [9d 4d]
Mahu2021: calls 15
Ivan7210: checks 
*** FLOP *** [6s 9h 2h]
Ivan7210: checks 
Mahu2021: bets 60
Ivan7210: calls 60
*** TURN *** [6s 9h 2h] [Kd]
Ivan7210: checks 
Mahu2021: checks 
*** RIVER *** [6s 9h 2h Kd] [Qs]
Ivan7210: checks 
Mahu2021: checks 
*** SHOW DOWN ***
Ivan7210: shows [4c Jd] (high card King)
Mahu2021: shows [9d 4d] (a pair of Nines)
Mahu2021 collected 180 from pot
*** SUMMARY ***
Total pot 180 | Rake 0 
Board [6s 9h 2h Kd Qs]
Seat 1: Ivan7210 (big blind) showed [4c Jd] and lost with high card King
Seat 2: Mahu2021 (button) (small blind) showed [9d 4d] and won (180) with a pair of Nines



PokerStars Hand #252759111632: Tournament #3807997282, $1.84+$0.16 USD Hold'em No Limit - Level II (15/30) - 2024/10/04 12:15:42 CET [2024/10/04 6:15:42 ET]
Table '3807997282 1' 3-max Seat #1 is the button
Seat 1: Ivan7210 (1050 in chips) 
Seat 2: Mahu2021 (450 in chips) 
Ivan7210: posts small blind 15
Mahu2021: posts big blind 30
*** HOLE CARDS ***
Dealt to Mahu2021 [9h Kc]
Ivan7210: folds 
Uncalled bet (15) returned to Mahu2021
Mahu2021 collected 30 from pot
Mahu2021: doesn't show hand 
*** SUMMARY ***
Total pot 30 | Rake 0 
Seat 1: Ivan7210 (button) (small blind) folded before Flop
Seat 2: Mahu2021 (big blind) collected (30)



PokerStars Hand #252759112198: Tournament #3807997282, $1.84+$0.16 USD Hold'em No Limit - Level II (15/30) - 2024/10/04 12:15:47 CET [2024/10/04 6:15:47 ET]
Table '3807997282 1' 3-max Seat #2 is the button
Seat 1: Ivan7210 (1035 in chips) 
Seat 2: Mahu2021 (465 in chips) 
Mahu2021: posts small blind 15
Ivan7210: posts big blind 30
*** HOLE CARDS ***
Dealt to Mahu2021 [Qc Kh]
Mahu2021: raises 30 to 60
Ivan7210: calls 30
*** FLOP *** [Kd Kc 8c]
Ivan7210: checks 
Mahu2021: checks 
*** TURN *** [Kd Kc 8c] [9h]
Ivan7210: checks 
Mahu2021: checks 
*** RIVER *** [Kd Kc 8c 9h] [8h]
Ivan7210: checks 
Mahu2021: bets 405 and is all-in
Ivan7210: folds 
Uncalled bet (405) returned to Mahu2021
Mahu2021 collected 120 from pot
Mahu2021: doesn't show hand 
*** SUMMARY ***
Total pot 120 | Rake 0 
Board [Kd Kc 8c 9h 8h]
Seat 1: Ivan7210 (big blind) folded on the River
Seat 2: Mahu2021 (button) (small blind) collected (120)



PokerStars Hand #252759114493: Tournament #3807997282, $1.84+$0.16 USD Hold'em No Limit - Level II (15/30) - 2024/10/04 12:16:04 CET [2024/10/04 6:16:04 ET]
Table '3807997282 1' 3-max Seat #1 is the button
Seat 1: Ivan7210 (975 in chips) 
Seat 2: Mahu2021 (525 in chips) 
Ivan7210: posts small blind 15
Mahu2021: posts big blind 30
*** HOLE CARDS ***
Dealt to Mahu2021 [Jd Qs]
Ivan7210: calls 15
Mahu2021: checks 
*** FLOP *** [Kc 4s Jc]
Mahu2021: checks 
Ivan7210: bets 30
Mahu2021: calls 30
*** TURN *** [Kc 4s Jc] [8c]
Mahu2021: checks 
Ivan7210: bets 30
Mahu2021: calls 30
*** RIVER *** [Kc 4s Jc 8c] [4c]
Mahu2021: checks 
Ivan7210: checks 
*** SHOW DOWN ***
Mahu2021: shows [Jd Qs] (two pair, Jacks and Fours)
Ivan7210: shows [Td Jh] (two pair, Jacks and Fours)
Mahu2021 collected 90 from pot
Ivan7210 collected 90 from pot
*** SUMMARY ***
Total pot 180 | Rake 0 
Board [Kc 4s Jc 8c 4c]
Seat 1: Ivan7210 (button) (small blind) showed [Td Jh] and won (90) with two pair, Jacks and Fours
Seat 2: Mahu2021 (big blind) showed [Jd Qs] and won (90) with two pair, Jacks and Fours



PokerStars Hand #252759116862: Tournament #3807997282, $1.84+$0.16 USD Hold'em No Limit - Level II (15/30) - 2024/10/04 12:16:21 CET [2024/10/04 6:16:21 ET]
Table '3807997282 1' 3-max Seat #2 is the button
Seat 1: Ivan7210 (975 in chips) 
Seat 2: Mahu2021 (525 in chips) 
Mahu2021: posts small blind 15
Ivan7210: posts big blind 30
*** HOLE CARDS ***
Dealt to Mahu2021 [7h Th]
Mahu2021: raises 30 to 60
Ivan7210: folds 
Uncalled bet (30) returned to Mahu2021
Mahu2021 collected 60 from pot
Mahu2021: doesn't show hand 
*** SUMMARY ***
Total pot 60 | Rake 0 
Seat 1: Ivan7210 (big blind) folded before Flop
Seat 2: Mahu2021 (button) (small blind) collected (60)



PokerStars Hand #252759118344: Tournament #3807997282, $1.84+$0.16 USD Hold'em No Limit - Level III (20/40) - 2024/10/04 12:16:32 CET [2024/10/04 6:16:32 ET]
Table '3807997282 1' 3-max Seat #1 is the button
Seat 1: Ivan7210 (945 in chips) 
Seat 2: Mahu2021 (555 in chips) 
Ivan7210: posts small blind 20
Mahu2021: posts big blind 40
*** HOLE CARDS ***
Dealt to Mahu2021 [2s Qd]
Ivan7210: calls 20
Mahu2021: checks 
*** FLOP *** [Jh 2c 4s]
Mahu2021: checks 
Ivan7210: bets 40
Mahu2021: calls 40
*** TURN *** [Jh 2c 4s] [5s]
Mahu2021: checks 
Ivan7210: bets 40
Mahu2021: calls 40
*** RIVER *** [Jh 2c 4s 5s] [Kc]
Mahu2021: checks 
Ivan7210: bets 40
Mahu2021: folds 
Uncalled bet (40) returned to Ivan7210
Ivan7210 collected 240 from pot
*** SUMMARY ***
Total pot 240 | Rake 0 
Board [Jh 2c 4s 5s Kc]
Seat 1: Ivan7210 (button) (small blind) collected (240)
Seat 2: Mahu2021 (big blind) folded on the River



PokerStars Hand #252759120667: Tournament #3807997282, $1.84+$0.16 USD Hold'em No Limit - Level III (20/40) - 2024/10/04 12:16:48 CET [2024/10/04 6:16:48 ET]
Table '3807997282 1' 3-max Seat #2 is the button
Seat 1: Ivan7210 (1065 in chips) 
Seat 2: Mahu2021 (435 in chips) 
Mahu2021: posts small blind 20
Ivan7210: posts big blind 40
*** HOLE CARDS ***
Dealt to Mahu2021 [Ad Jc]
Mahu2021: raises 395 to 435 and is all-in
Ivan7210: folds 
Uncalled bet (395) returned to Mahu2021
Mahu2021 collected 80 from pot
Mahu2021: doesn't show hand 
*** SUMMARY ***
Total pot 80 | Rake 0 
Seat 1: Ivan7210 (big blind) folded before Flop
Seat 2: Mahu2021 (button) (small blind) collected (80)



PokerStars Hand #252759121512: Tournament #3807997282, $1.84+$0.16 USD Hold'em No Limit - Level III (20/40) - 2024/10/04 12:16:55 CET [2024/10/04 6:16:55 ET]
Table '3807997282 1' 3-max Seat #1 is the button
Seat 1: Ivan7210 (1025 in chips) 
Seat 2: Mahu2021 (475 in chips) 
Ivan7210: posts small blind 20
Mahu2021: posts big blind 40
*** HOLE CARDS ***
Dealt to Mahu2021 [3h Qs]
Ivan7210: calls 20
Mahu2021: checks 
*** FLOP *** [Qd 4h 8h]
Mahu2021: bets 80
Ivan7210: calls 80
*** TURN *** [Qd 4h 8h] [Qc]
Mahu2021: bets 80
Ivan7210: calls 80
*** RIVER *** [Qd 4h 8h Qc] [Ah]
Mahu2021: bets 80
Ivan7210: calls 80
*** SHOW DOWN ***
Mahu2021: shows [3h Qs] (three of a kind, Queens)
Ivan7210: mucks hand 
Mahu2021 collected 560 from pot
*** SUMMARY ***
Total pot 560 | Rake 0 
Board [Qd 4h 8h Qc Ah]
Seat 1: Ivan7210 (button) (small blind) mucked [5d 8d]
Seat 2: Mahu2021 (big blind) showed [3h Qs] and won (560) with three of a kind, Queens



PokerStars Hand #252759124372: Tournament #3807997282, $1.84+$0.16 USD Hold'em No Limit - Level III (20/40) - 2024/10/04 12:17:15 CET [2024/10/04 6:17:15 ET]
Table '3807997282 1' 3-max Seat #2 is the button
Seat 1: Ivan7210 (745 in chips) 
Seat 2: Mahu2021 (755 in chips) 
Mahu2021: posts small blind 20
Ivan7210: posts big blind 40
*** HOLE CARDS ***
Dealt to Mahu2021 [Td Qs]
Mahu2021: raises 40 to 80
Ivan7210: calls 40
*** FLOP *** [5c 6s 8s]
Ivan7210: checks 
Mahu2021: checks 
*** TURN *** [5c 6s 8s] [9s]
Ivan7210: checks 
Mahu2021: checks 
*** RIVER *** [5c 6s 8s 9s] [5s]
Ivan7210: checks 
Mahu2021: bets 160
Ivan7210: folds 
Uncalled bet (160) returned to Mahu2021
Mahu2021 collected 160 from pot
Mahu2021: doesn't show hand 
*** SUMMARY ***
Total pot 160 | Rake 0 
Board [5c 6s 8s 9s 5s]
Seat 1: Ivan7210 (big blind) folded on the River
Seat 2: Mahu2021 (button) (small blind) collected (160)



PokerStars Hand #252759127098: Tournament #3807997282, $1.84+$0.16 USD Hold'em No Limit - Level III (20/40) - 2024/10/04 12:17:35 CET [2024/10/04 6:17:35 ET]
Table '3807997282 1' 3-max Seat #1 is the button
Seat 1: Ivan7210 (665 in chips) 
Seat 2: Mahu2021 (835 in chips) 
Ivan7210: posts small blind 20
Mahu2021: posts big blind 40
*** HOLE CARDS ***
Dealt to Mahu2021 [Ad As]
Ivan7210: raises 40 to 80
Mahu2021: raises 755 to 835 and is all-in
Ivan7210: calls 585 and is all-in
Uncalled bet (170) returned to Mahu2021
*** FLOP *** [9h 8s 8c]
*** TURN *** [9h 8s 8c] [3c]
*** RIVER *** [9h 8s 8c 3c] [4h]
*** SHOW DOWN ***
Mahu2021: shows [Ad As] (two pair, Aces and Eights)
Ivan7210: shows [Qh Ac] (a pair of Eights)
Mahu2021 collected 1330 from pot
Ivan7210 finished the tournament in 2nd place
Mahu2021 wins the tournament and receives $4.00 - congratulations!
*** SUMMARY ***
Total pot 1330 | Rake 0 
Board [9h 8s 8c 3c 4h]
Seat 1: Ivan7210 (button) (small blind) showed [Qh Ac] and lost with a pair of Eights
Seat 2: Mahu2021 (big blind) showed [Ad As] and won (1330) with two pair, Aces and Eights



