PokerStars Zoom Hand #255119966720:  Hold'em No Limit ($0.05/$0.10) - 2025/03/03 14:40:35 CET [2025/03/03 8:40:35 ET]
Table 'Aludra' 6-max Seat #1 is the button
Seat 1: megaloshara ($10.43 in chips) 
Seat 2: JonKing75 ($13.80 in chips) 
Seat 3: Mahu2021 ($10 in chips) 
Seat 4: Bladum ($10 in chips) 
Seat 5: cornetto07 ($10 in chips) 
Seat 6: SwivelSteal ($20.04 in chips) 
JonKing75: posts small blind $0.05
Mahu2021: posts big blind $0.10
*** HOLE CARDS ***
Dealt to Mahu2021 [8h 3d]
Bladum: folds 
cornetto07: folds 
SwivelSteal: folds 
megaloshara: raises $0.10 to $0.20
JonKing75: raises $0.80 to $1
Mahu2021: folds 
megaloshara: folds 
Uncalled bet ($0.80) returned to JonKing75
JonKing75 collected $0.50 from pot
JonKing75: doesn't show hand 
*** SUMMARY ***
Total pot $0.50 | Rake $0 
Seat 1: megaloshara (button) folded before Flop
Seat 2: JonKing75 (small blind) collected ($0.50)
Seat 3: Mahu2021 (big blind) folded before Flop
Seat 4: Bladum folded before Flop (didn't bet)
Seat 5: cornetto07 folded before Flop (didn't bet)
Seat 6: SwivelSteal folded before Flop (didn't bet)



PokerStars Zoom Hand #255119969959:  Hold'em No Limit ($0.05/$0.10) - 2025/03/03 14:40:55 CET [2025/03/03 8:40:55 ET]
Table 'Aludra' 6-max Seat #1 is the button
Seat 1: Acesrog ($10 in chips) 
Seat 2: Mahu2021 ($9.90 in chips) 
Seat 3: 15lawrencea ($27.43 in chips) 
Seat 4: 1goodreason ($11.38 in chips) 
Seat 5: BluesUK ($13.52 in chips) 
Seat 6: Pholiveira81 ($4.95 in chips) 
Mahu2021: posts small blind $0.05
15lawrencea: posts big blind $0.10
*** HOLE CARDS ***
Dealt to Mahu2021 [Ac 5c]
1goodreason: raises $0.20 to $0.30
BluesUK: calls $0.30
Pholiveira81: calls $0.30
Acesrog: folds 
Mahu2021: calls $0.25
15lawrencea: folds 
*** FLOP *** [Qd 8s Ks]
Mahu2021: checks 
1goodreason: bets $0.62
BluesUK: folds 
Pholiveira81: folds 
Mahu2021: folds 
Uncalled bet ($0.62) returned to 1goodreason
1goodreason collected $1.24 from pot
1goodreason: doesn't show hand 
*** SUMMARY ***
Total pot $1.30 | Rake $0.06 
Board [Qd 8s Ks]
Seat 1: Acesrog (button) folded before Flop (didn't bet)
Seat 2: Mahu2021 (small blind) folded on the Flop
Seat 3: 15lawrencea (big blind) folded before Flop
Seat 4: 1goodreason collected ($1.24)
Seat 5: BluesUK folded on the Flop
Seat 6: Pholiveira81 folded on the Flop



PokerStars Zoom Hand #255119974146:  Hold'em No Limit ($0.05/$0.10) - 2025/03/03 14:41:21 CET [2025/03/03 8:41:21 ET]
Table 'Aludra' 6-max Seat #1 is the button
Seat 1: Mahu2021 ($9.60 in chips) 
Seat 2: Ironjoyner ($10.68 in chips) 
Seat 3: IVERNMAN ($18.60 in chips) 
Seat 4: BluesUK ($13.22 in chips) 
Seat 5: frogz69 ($24.58 in chips) 
Seat 6: HyperBete ($37.72 in chips) 
Ironjoyner: posts small blind $0.05
IVERNMAN: posts big blind $0.10
*** HOLE CARDS ***
Dealt to Mahu2021 [Ah 3s]
BluesUK: folds 
frogz69: folds 
HyperBete: folds 
Mahu2021: raises $0.20 to $0.30
Ironjoyner: folds 
IVERNMAN: folds 
Uncalled bet ($0.20) returned to Mahu2021
Mahu2021 collected $0.25 from pot
Mahu2021: doesn't show hand 
*** SUMMARY ***
Total pot $0.25 | Rake $0 
Seat 1: Mahu2021 (button) collected ($0.25)
Seat 2: Ironjoyner (small blind) folded before Flop
Seat 3: IVERNMAN (big blind) folded before Flop
Seat 4: BluesUK folded before Flop (didn't bet)
Seat 5: frogz69 folded before Flop (didn't bet)
Seat 6: HyperBete folded before Flop (didn't bet)



PokerStars Zoom Hand #255119973572:  Hold'em No Limit ($0.05/$0.10) - 2025/03/03 14:41:18 CET [2025/03/03 8:41:18 ET]
Table 'Aludra' 6-max Seat #1 is the button
Seat 1: 15lawrencea ($10.15 in chips) 
Seat 2: Husky1029 ($21.48 in chips) 
Seat 3: FHstyles ($5.26 in chips) 
Seat 4: cornetto07 ($10 in chips) 
Seat 5: Mimick020219 ($11.83 in chips) 
Seat 6: Mahu2021 ($9.60 in chips) 
Husky1029: posts small blind $0.05
FHstyles: posts big blind $0.10
*** HOLE CARDS ***
Dealt to Mahu2021 [4s 3h]
cornetto07: folds 
Mimick020219: folds 
Mahu2021: folds 
15lawrencea: folds 
Husky1029: raises $0.25 to $0.35
FHstyles: calls $0.25
*** FLOP *** [3s 9h 6d]
Husky1029: checks 
FHstyles: checks 
*** TURN *** [3s 9h 6d] [Ks]
Husky1029: checks 
FHstyles: checks 
*** RIVER *** [3s 9h 6d Ks] [7d]
Husky1029: checks 
FHstyles: checks 
*** SHOW DOWN ***
Husky1029: shows [Ts Ah] (high card Ace)
FHstyles: mucks hand 
Husky1029 collected $0.67 from pot
*** SUMMARY ***
Total pot $0.70 | Rake $0.03 
Board [3s 9h 6d Ks 7d]
Seat 1: 15lawrencea (button) folded before Flop (didn't bet)
Seat 2: Husky1029 (small blind) showed [Ts Ah] and won ($0.67) with high card Ace
Seat 3: FHstyles (big blind) mucked [4c 8c]
Seat 4: cornetto07 folded before Flop (didn't bet)
Seat 5: Mimick020219 folded before Flop (didn't bet)
Seat 6: Mahu2021 folded before Flop (didn't bet)



PokerStars Zoom Hand #255119976077:  Hold'em No Limit ($0.05/$0.10) - 2025/03/03 14:41:33 CET [2025/03/03 8:41:33 ET]
Table 'Aludra' 6-max Seat #1 is the button
Seat 1: IVERNMAN ($18.50 in chips) 
Seat 2: JonKing75 ($13.70 in chips) 
Seat 3: tafarel8 ($30.24 in chips) 
Seat 4: cornetto07 ($12.07 in chips) 
Seat 5: Mahu2021 ($9.75 in chips) 
Seat 6: Clicker89 ($12.41 in chips) 
JonKing75: posts small blind $0.05
tafarel8: posts big blind $0.10
*** HOLE CARDS ***
Dealt to Mahu2021 [Ks 4s]
cornetto07: folds 
Mahu2021: folds 
Clicker89: raises $0.12 to $0.22
IVERNMAN: folds 
JonKing75: folds 
tafarel8: folds 
Uncalled bet ($0.12) returned to Clicker89
Clicker89 collected $0.25 from pot
Clicker89: doesn't show hand 
*** SUMMARY ***
Total pot $0.25 | Rake $0 
Seat 1: IVERNMAN (button) folded before Flop (didn't bet)
Seat 2: JonKing75 (small blind) folded before Flop
Seat 3: tafarel8 (big blind) folded before Flop
Seat 4: cornetto07 folded before Flop (didn't bet)
Seat 5: Mahu2021 folded before Flop (didn't bet)
Seat 6: Clicker89 collected ($0.25)



PokerStars Zoom Hand #255119976845:  Hold'em No Limit ($0.05/$0.10) - 2025/03/03 14:41:38 CET [2025/03/03 8:41:38 ET]
Table 'Aludra' 6-max Seat #1 is the button
Seat 1: Clicker89 ($10 in chips) 
Seat 2: cornetto07 ($12.07 in chips) 
Seat 3: Acesrog ($10 in chips) 
Seat 4: Mahu2021 ($9.75 in chips) 
Seat 5: Pholiveira81 ($4.70 in chips) 
Seat 6: JonKing75 ($10 in chips) 
cornetto07: posts small blind $0.05
Acesrog: posts big blind $0.10
*** HOLE CARDS ***
Dealt to Mahu2021 [Ad 8h]
Mahu2021: folds 
Pholiveira81: folds 
JonKing75: raises $0.15 to $0.25
Clicker89: folds 
cornetto07: folds 
Acesrog: folds 
Uncalled bet ($0.15) returned to JonKing75
JonKing75 collected $0.25 from pot
JonKing75: doesn't show hand 
*** SUMMARY ***
Total pot $0.25 | Rake $0 
Seat 1: Clicker89 (button) folded before Flop (didn't bet)
Seat 2: cornetto07 (small blind) folded before Flop
Seat 3: Acesrog (big blind) folded before Flop
Seat 4: Mahu2021 folded before Flop (didn't bet)
Seat 5: Pholiveira81 folded before Flop (didn't bet)
Seat 6: JonKing75 collected ($0.25)



PokerStars Zoom Hand #255119977517:  Hold'em No Limit ($0.05/$0.10) - 2025/03/03 14:41:42 CET [2025/03/03 8:41:42 ET]
Table 'Aludra' 6-max Seat #1 is the button
Seat 1: luvstyle ($10.33 in chips) 
Seat 2: IVERNMAN ($20.31 in chips) 
Seat 3: Mahu2021 ($9.75 in chips) 
Seat 4: Timo2512 ($1.46 in chips) 
Seat 5: putzkedudu ($11.50 in chips) 
Seat 6: Tozsy17 ($12.66 in chips) 
IVERNMAN: posts small blind $0.05
Mahu2021: posts big blind $0.10
*** HOLE CARDS ***
Dealt to Mahu2021 [Ah Th]
Timo2512: calls $0.10
putzkedudu: folds 
Tozsy17: folds 
luvstyle: folds 
IVERNMAN: raises $0.20 to $0.30
Mahu2021: calls $0.20
Timo2512: calls $0.20
*** FLOP *** [Tc Jh 2h]
IVERNMAN: checks 
Mahu2021: checks 
Timo2512: checks 
*** TURN *** [Tc Jh 2h] [5d]
IVERNMAN: checks 
Mahu2021: bets $0.50
Timo2512: calls $0.50
IVERNMAN: folds 
*** RIVER *** [Tc Jh 2h 5d] [4c]
Mahu2021: bets $0.70
Timo2512: folds 
Uncalled bet ($0.70) returned to Mahu2021
Mahu2021 collected $1.81 from pot
Mahu2021: doesn't show hand 
*** SUMMARY ***
Total pot $1.90 | Rake $0.09 
Board [Tc Jh 2h 5d 4c]
Seat 1: luvstyle (button) folded before Flop (didn't bet)
Seat 2: IVERNMAN (small blind) folded on the Turn
Seat 3: Mahu2021 (big blind) collected ($1.81)
Seat 4: Timo2512 folded on the River
Seat 5: putzkedudu folded before Flop (didn't bet)
Seat 6: Tozsy17 folded before Flop (didn't bet)



PokerStars Zoom Hand #255119985775:  Hold'em No Limit ($0.05/$0.10) - 2025/03/03 14:42:34 CET [2025/03/03 8:42:34 ET]
Table 'Aludra' 6-max Seat #1 is the button
Seat 1: mlange ($4.03 in chips) 
Seat 2: kufufu ($10 in chips) 
Seat 3: JonKing75 ($13.80 in chips) 
Seat 4: Mahu2021 ($10.76 in chips) 
Seat 5: 1goodreason ($12.13 in chips) 
Seat 6: tatazinha_fp ($5.58 in chips) 
kufufu: posts small blind $0.05
JonKing75: posts big blind $0.10
*** HOLE CARDS ***
Dealt to Mahu2021 [9s Ac]
Mahu2021: folds 
1goodreason: folds 
tatazinha_fp: folds 
mlange: folds 
kufufu: folds 
Uncalled bet ($0.05) returned to JonKing75
JonKing75 collected $0.10 from pot
JonKing75: doesn't show hand 
*** SUMMARY ***
Total pot $0.10 | Rake $0 
Seat 1: mlange (button) folded before Flop (didn't bet)
Seat 2: kufufu (small blind) folded before Flop
Seat 3: JonKing75 (big blind) collected ($0.10)
Seat 4: Mahu2021 folded before Flop (didn't bet)
Seat 5: 1goodreason folded before Flop (didn't bet)
Seat 6: tatazinha_fp folded before Flop (didn't bet)



