PokerStars Hand #247493828497: Tournament #3682415430, $1.84+$0.16 USD Hold'em No Limit - Level I (10/20) - 2023/12/05 19:38:44 CET [2023/12/05 13:38:44 ET]
Table '3682415430 1' 3-max Seat #1 is the button
Seat 1: #Pro1004E!oVe!{ (500 in chips) 
Seat 2: Mahu2021 (500 in chips) 
Seat 3: stanislaw1958 (500 in chips) 
Mahu2021: posts small blind 10
stanislaw1958: posts big blind 20
*** HOLE CARDS ***
Dealt to Mahu2021 [Jc 2s]
#Pro1004E!oVe!{: folds 
Mahu2021: folds 
Uncalled bet (10) returned to stanislaw1958
stanislaw1958 collected 20 from pot
*** SUMMARY ***
Total pot 20 | Rake 0 
Seat 1: #Pro1004E!oVe!{ (button) folded before Flop (didn't bet)
Seat 2: Mahu2021 (small blind) folded before Flop
Seat 3: stanislaw1958 (big blind) collected (20)



PokerStars Hand #247493834122: Tournament #3682415430, $1.84+$0.16 USD Hold'em No Limit - Level I (10/20) - 2023/12/05 19:39:02 CET [2023/12/05 13:39:02 ET]
Table '3682415430 1' 3-max Seat #2 is the button
Seat 1: #Pro1004E!oVe!{ (500 in chips) 
Seat 2: Mahu2021 (490 in chips) 
Seat 3: stanislaw1958 (510 in chips) 
stanislaw1958: posts small blind 10
#Pro1004E!oVe!{: posts big blind 20
*** HOLE CARDS ***
Dealt to Mahu2021 [6d Kd]
Mahu2021: calls 20
stanislaw1958: calls 10
#Pro1004E!oVe!{: checks 
*** FLOP *** [8d Qd 9h]
stanislaw1958: bets 40
#Pro1004E!oVe!{: calls 40
Mahu2021: calls 40
*** TURN *** [8d Qd 9h] [9d]
stanislaw1958: bets 40
#Pro1004E!oVe!{: calls 40
Mahu2021: raises 100 to 140
stanislaw1958: calls 100
#Pro1004E!oVe!{: calls 100
*** RIVER *** [8d Qd 9h 9d] [7d]
stanislaw1958: bets 310 and is all-in
#Pro1004E!oVe!{: folds 
Mahu2021: calls 290 and is all-in
Uncalled bet (20) returned to stanislaw1958
*** SHOW DOWN ***
stanislaw1958: shows [4h 9s] (three of a kind, Nines)
Mahu2021: shows [6d Kd] (a flush, King high)
Mahu2021 collected 1180 from pot
*** SUMMARY ***
Total pot 1180 | Rake 0 
Board [8d Qd 9h 9d 7d]
Seat 1: #Pro1004E!oVe!{ (big blind) folded on the River
Seat 2: Mahu2021 (button) showed [6d Kd] and won (1180) with a flush, King high
Seat 3: stanislaw1958 (small blind) showed [4h 9s] and lost with three of a kind, Nines



PokerStars Hand #247493849192: Tournament #3682415430, $1.84+$0.16 USD Hold'em No Limit - Level I (10/20) - 2023/12/05 19:39:47 CET [2023/12/05 13:39:47 ET]
Table '3682415430 1' 3-max Seat #3 is the button
Seat 1: #Pro1004E!oVe!{ (300 in chips) 
Seat 2: Mahu2021 (1180 in chips) 
Seat 3: stanislaw1958 (20 in chips) 
#Pro1004E!oVe!{: posts small blind 10
Mahu2021: posts big blind 20
*** HOLE CARDS ***
Dealt to Mahu2021 [Kd 4s]
stanislaw1958: calls 20 and is all-in
#Pro1004E!oVe!{: calls 10
Mahu2021: checks 
*** FLOP *** [8h 9h 2c]
#Pro1004E!oVe!{: bets 20
Mahu2021: folds 
Uncalled bet (20) returned to #Pro1004E!oVe!{
*** TURN *** [8h 9h 2c] [Qd]
*** RIVER *** [8h 9h 2c Qd] [9d]
*** SHOW DOWN ***
#Pro1004E!oVe!{: shows [5c Jc] (a pair of Nines)
stanislaw1958: shows [3c 8c] (two pair, Nines and Eights)
stanislaw1958 collected 60 from pot
*** SUMMARY ***
Total pot 60 | Rake 0 
Board [8h 9h 2c Qd 9d]
Seat 1: #Pro1004E!oVe!{ (small blind) showed [5c Jc] and lost with a pair of Nines
Seat 2: Mahu2021 (big blind) folded on the Flop
Seat 3: stanislaw1958 (button) showed [3c 8c] and won (60) with two pair, Nines and Eights



PokerStars Hand #247493857930: Tournament #3682415430, $1.84+$0.16 USD Hold'em No Limit - Level I (10/20) - 2023/12/05 19:40:14 CET [2023/12/05 13:40:14 ET]
Table '3682415430 1' 3-max Seat #1 is the button
Seat 1: #Pro1004E!oVe!{ (280 in chips) 
Seat 2: Mahu2021 (1160 in chips) 
Seat 3: stanislaw1958 (60 in chips) 
Mahu2021: posts small blind 10
stanislaw1958: posts big blind 20
*** HOLE CARDS ***
Dealt to Mahu2021 [4s Jh]
#Pro1004E!oVe!{: raises 20 to 40
Mahu2021: folds 
stanislaw1958: raises 20 to 60 and is all-in
#Pro1004E!oVe!{: calls 20
*** FLOP *** [3d 9c Ks]
*** TURN *** [3d 9c Ks] [7d]
*** RIVER *** [3d 9c Ks 7d] [3h]
*** SHOW DOWN ***
stanislaw1958: shows [5h 3c] (three of a kind, Threes)
#Pro1004E!oVe!{: shows [Ad Ah] (two pair, Aces and Threes)
stanislaw1958 collected 130 from pot
*** SUMMARY ***
Total pot 130 | Rake 0 
Board [3d 9c Ks 7d 3h]
Seat 1: #Pro1004E!oVe!{ (button) showed [Ad Ah] and lost with two pair, Aces and Threes
Seat 2: Mahu2021 (small blind) folded before Flop
Seat 3: stanislaw1958 (big blind) showed [5h 3c] and won (130) with three of a kind, Threes



PokerStars Hand #247493864249: Tournament #3682415430, $1.84+$0.16 USD Hold'em No Limit - Level I (10/20) - 2023/12/05 19:40:33 CET [2023/12/05 13:40:33 ET]
Table '3682415430 1' 3-max Seat #2 is the button
Seat 1: #Pro1004E!oVe!{ (220 in chips) 
Seat 2: Mahu2021 (1150 in chips) 
Seat 3: stanislaw1958 (130 in chips) 
stanislaw1958: posts small blind 10
#Pro1004E!oVe!{: posts big blind 20
*** HOLE CARDS ***
Dealt to Mahu2021 [Ah Td]
Mahu2021: folds 
stanislaw1958: calls 10
#Pro1004E!oVe!{: checks 
*** FLOP *** [2c 8d Ad]
stanislaw1958: checks 
#Pro1004E!oVe!{: checks 
*** TURN *** [2c 8d Ad] [Js]
stanislaw1958: checks 
#Pro1004E!oVe!{: checks 
*** RIVER *** [2c 8d Ad Js] [Th]
stanislaw1958: checks 
#Pro1004E!oVe!{: checks 
*** SHOW DOWN ***
stanislaw1958: shows [7h 2s] (a pair of Deuces)
#Pro1004E!oVe!{: shows [4c Tc] (a pair of Tens)
#Pro1004E!oVe!{ collected 40 from pot
*** SUMMARY ***
Total pot 40 | Rake 0 
Board [2c 8d Ad Js Th]
Seat 1: #Pro1004E!oVe!{ (big blind) showed [4c Tc] and won (40) with a pair of Tens
Seat 2: Mahu2021 (button) folded before Flop (didn't bet)
Seat 3: stanislaw1958 (small blind) showed [7h 2s] and lost with a pair of Deuces



PokerStars Hand #247493877506: Tournament #3682415430, $1.84+$0.16 USD Hold'em No Limit - Level II (15/30) - 2023/12/05 19:41:13 CET [2023/12/05 13:41:13 ET]
Table '3682415430 1' 3-max Seat #3 is the button
Seat 1: #Pro1004E!oVe!{ (240 in chips) 
Seat 2: Mahu2021 (1150 in chips) 
Seat 3: stanislaw1958 (110 in chips) 
#Pro1004E!oVe!{: posts small blind 15
Mahu2021: posts big blind 30
*** HOLE CARDS ***
Dealt to Mahu2021 [7h 8s]
stanislaw1958: raises 80 to 110 and is all-in
#Pro1004E!oVe!{: folds 
Mahu2021: folds 
Uncalled bet (80) returned to stanislaw1958
stanislaw1958 collected 75 from pot
*** SUMMARY ***
Total pot 75 | Rake 0 
Seat 1: #Pro1004E!oVe!{ (small blind) folded before Flop
Seat 2: Mahu2021 (big blind) folded before Flop
Seat 3: stanislaw1958 (button) collected (75)



PokerStars Hand #247493880845: Tournament #3682415430, $1.84+$0.16 USD Hold'em No Limit - Level II (15/30) - 2023/12/05 19:41:23 CET [2023/12/05 13:41:23 ET]
Table '3682415430 1' 3-max Seat #1 is the button
Seat 1: #Pro1004E!oVe!{ (225 in chips) 
Seat 2: Mahu2021 (1120 in chips) 
Seat 3: stanislaw1958 (155 in chips) 
Mahu2021: posts small blind 15
stanislaw1958: posts big blind 30
*** HOLE CARDS ***
Dealt to Mahu2021 [9h 3s]
#Pro1004E!oVe!{: folds 
Mahu2021: folds 
Uncalled bet (15) returned to stanislaw1958
stanislaw1958 collected 30 from pot
*** SUMMARY ***
Total pot 30 | Rake 0 
Seat 1: #Pro1004E!oVe!{ (button) folded before Flop (didn't bet)
Seat 2: Mahu2021 (small blind) folded before Flop
Seat 3: stanislaw1958 (big blind) collected (30)



PokerStars Hand #247493883108: Tournament #3682415430, $1.84+$0.16 USD Hold'em No Limit - Level II (15/30) - 2023/12/05 19:41:30 CET [2023/12/05 13:41:30 ET]
Table '3682415430 1' 3-max Seat #2 is the button
Seat 1: #Pro1004E!oVe!{ (225 in chips) 
Seat 2: Mahu2021 (1105 in chips) 
Seat 3: stanislaw1958 (170 in chips) 
stanislaw1958: posts small blind 15
#Pro1004E!oVe!{: posts big blind 30
*** HOLE CARDS ***
Dealt to Mahu2021 [7c Js]
Mahu2021: folds 
stanislaw1958: calls 15
#Pro1004E!oVe!{: checks 
*** FLOP *** [Ts 2d Kc]
stanislaw1958: checks 
#Pro1004E!oVe!{: checks 
*** TURN *** [Ts 2d Kc] [Ks]
stanislaw1958: checks 
#Pro1004E!oVe!{: checks 
*** RIVER *** [Ts 2d Kc Ks] [7s]
stanislaw1958: checks 
#Pro1004E!oVe!{: bets 45
stanislaw1958: calls 45
*** SHOW DOWN ***
#Pro1004E!oVe!{: shows [3d 5h] (a pair of Kings)
stanislaw1958: shows [8h 7h] (two pair, Kings and Sevens)
stanislaw1958 collected 150 from pot
*** SUMMARY ***
Total pot 150 | Rake 0 
Board [Ts 2d Kc Ks 7s]
Seat 1: #Pro1004E!oVe!{ (big blind) showed [3d 5h] and lost with a pair of Kings
Seat 2: Mahu2021 (button) folded before Flop (didn't bet)
Seat 3: stanislaw1958 (small blind) showed [8h 7h] and won (150) with two pair, Kings and Sevens



PokerStars Hand #247493891225: Tournament #3682415430, $1.84+$0.16 USD Hold'em No Limit - Level II (15/30) - 2023/12/05 19:41:54 CET [2023/12/05 13:41:54 ET]
Table '3682415430 1' 3-max Seat #3 is the button
Seat 1: #Pro1004E!oVe!{ (150 in chips) 
Seat 2: Mahu2021 (1105 in chips) 
Seat 3: stanislaw1958 (245 in chips) 
#Pro1004E!oVe!{: posts small blind 15
Mahu2021: posts big blind 30
*** HOLE CARDS ***
Dealt to Mahu2021 [Ks Jh]
stanislaw1958: calls 30
#Pro1004E!oVe!{: raises 120 to 150 and is all-in
Mahu2021: calls 120
stanislaw1958: calls 120
*** FLOP *** [5h 8c 2c]
Mahu2021: checks 
stanislaw1958: checks 
*** TURN *** [5h 8c 2c] [3s]
Mahu2021: checks 
stanislaw1958: checks 
*** RIVER *** [5h 8c 2c 3s] [Ah]
Mahu2021: checks 
stanislaw1958: checks 
*** SHOW DOWN ***
#Pro1004E!oVe!{: shows [6h 6d] (a pair of Sixes)
Mahu2021: mucks hand 
stanislaw1958: mucks hand 
#Pro1004E!oVe!{ collected 450 from pot
*** SUMMARY ***
Total pot 450 | Rake 0 
Board [5h 8c 2c 3s Ah]
Seat 1: #Pro1004E!oVe!{ (small blind) showed [6h 6d] and won (450) with a pair of Sixes
Seat 2: Mahu2021 (big blind) mucked [Ks Jh]
Seat 3: stanislaw1958 (button) mucked [9d Qd]



PokerStars Hand #247493898404: Tournament #3682415430, $1.84+$0.16 USD Hold'em No Limit - Level II (15/30) - 2023/12/05 19:42:16 CET [2023/12/05 13:42:16 ET]
Table '3682415430 1' 3-max Seat #1 is the button
Seat 1: #Pro1004E!oVe!{ (450 in chips) 
Seat 2: Mahu2021 (955 in chips) 
Seat 3: stanislaw1958 (95 in chips) 
Mahu2021: posts small blind 15
stanislaw1958: posts big blind 30
*** HOLE CARDS ***
Dealt to Mahu2021 [6c 3d]
#Pro1004E!oVe!{: folds 
Mahu2021: folds 
Uncalled bet (15) returned to stanislaw1958
stanislaw1958 collected 30 from pot
*** SUMMARY ***
Total pot 30 | Rake 0 
Seat 1: #Pro1004E!oVe!{ (button) folded before Flop (didn't bet)
Seat 2: Mahu2021 (small blind) folded before Flop
Seat 3: stanislaw1958 (big blind) collected (30)



PokerStars Hand #247493900472: Tournament #3682415430, $1.84+$0.16 USD Hold'em No Limit - Level II (15/30) - 2023/12/05 19:42:22 CET [2023/12/05 13:42:22 ET]
Table '3682415430 1' 3-max Seat #2 is the button
Seat 1: #Pro1004E!oVe!{ (450 in chips) 
Seat 2: Mahu2021 (940 in chips) 
Seat 3: stanislaw1958 (110 in chips) 
stanislaw1958: posts small blind 15
#Pro1004E!oVe!{: posts big blind 30
*** HOLE CARDS ***
Dealt to Mahu2021 [3d Qh]
Mahu2021: folds 
stanislaw1958: raises 80 to 110 and is all-in
#Pro1004E!oVe!{: folds 
Uncalled bet (80) returned to stanislaw1958
stanislaw1958 collected 60 from pot
*** SUMMARY ***
Total pot 60 | Rake 0 
Seat 1: #Pro1004E!oVe!{ (big blind) folded before Flop
Seat 2: Mahu2021 (button) folded before Flop (didn't bet)
Seat 3: stanislaw1958 (small blind) collected (60)



PokerStars Hand #247493904326: Tournament #3682415430, $1.84+$0.16 USD Hold'em No Limit - Level II (15/30) - 2023/12/05 19:42:34 CET [2023/12/05 13:42:34 ET]
Table '3682415430 1' 3-max Seat #3 is the button
Seat 1: #Pro1004E!oVe!{ (420 in chips) 
Seat 2: Mahu2021 (940 in chips) 
Seat 3: stanislaw1958 (140 in chips) 
#Pro1004E!oVe!{: posts small blind 15
Mahu2021: posts big blind 30
*** HOLE CARDS ***
Dealt to Mahu2021 [8c 6s]
stanislaw1958: raises 110 to 140 and is all-in
#Pro1004E!oVe!{: calls 125
Mahu2021: folds 
*** FLOP *** [Ah 6d Tc]
*** TURN *** [Ah 6d Tc] [Td]
*** RIVER *** [Ah 6d Tc Td] [5h]
*** SHOW DOWN ***
#Pro1004E!oVe!{: shows [2h 2s] (two pair, Tens and Deuces)
stanislaw1958: shows [Kc Qc] (a pair of Tens)
#Pro1004E!oVe!{ collected 310 from pot
stanislaw1958 finished the tournament in 3rd place
*** SUMMARY ***
Total pot 310 | Rake 0 
Board [Ah 6d Tc Td 5h]
Seat 1: #Pro1004E!oVe!{ (small blind) showed [2h 2s] and won (310) with two pair, Tens and Deuces
Seat 2: Mahu2021 (big blind) folded before Flop
Seat 3: stanislaw1958 (button) showed [Kc Qc] and lost with a pair of Tens



PokerStars Hand #247493911396: Tournament #3682415430, $1.84+$0.16 USD Hold'em No Limit - Level III (20/40) - 2023/12/05 19:42:55 CET [2023/12/05 13:42:55 ET]
Table '3682415430 1' 3-max Seat #2 is the button
Seat 1: #Pro1004E!oVe!{ (590 in chips) 
Seat 2: Mahu2021 (910 in chips) 
Mahu2021: posts small blind 20
#Pro1004E!oVe!{: posts big blind 40
*** HOLE CARDS ***
Dealt to Mahu2021 [9s 4c]
Mahu2021: folds 
Uncalled bet (20) returned to #Pro1004E!oVe!{
#Pro1004E!oVe!{ collected 40 from pot
#Pro1004E!oVe!{: doesn't show hand 
*** SUMMARY ***
Total pot 40 | Rake 0 
Seat 1: #Pro1004E!oVe!{ (big blind) collected (40)
Seat 2: Mahu2021 (button) (small blind) folded before Flop



PokerStars Hand #247493913044: Tournament #3682415430, $1.84+$0.16 USD Hold'em No Limit - Level III (20/40) - 2023/12/05 19:43:00 CET [2023/12/05 13:43:00 ET]
Table '3682415430 1' 3-max Seat #1 is the button
Seat 1: #Pro1004E!oVe!{ (610 in chips) 
Seat 2: Mahu2021 (890 in chips) 
#Pro1004E!oVe!{: posts small blind 20
Mahu2021: posts big blind 40
*** HOLE CARDS ***
Dealt to Mahu2021 [3c Jc]
#Pro1004E!oVe!{: calls 20
Mahu2021: checks 
*** FLOP *** [Qh 2c 7d]
Mahu2021: checks 
#Pro1004E!oVe!{: bets 40
Mahu2021: folds 
Uncalled bet (40) returned to #Pro1004E!oVe!{
#Pro1004E!oVe!{ collected 80 from pot
#Pro1004E!oVe!{: doesn't show hand 
*** SUMMARY ***
Total pot 80 | Rake 0 
Board [Qh 2c 7d]
Seat 1: #Pro1004E!oVe!{ (button) (small blind) collected (80)
Seat 2: Mahu2021 (big blind) folded on the Flop



PokerStars Hand #247493917934: Tournament #3682415430, $1.84+$0.16 USD Hold'em No Limit - Level III (20/40) - 2023/12/05 19:43:15 CET [2023/12/05 13:43:15 ET]
Table '3682415430 1' 3-max Seat #2 is the button
Seat 1: #Pro1004E!oVe!{ (650 in chips) 
Seat 2: Mahu2021 (850 in chips) 
Mahu2021: posts small blind 20
#Pro1004E!oVe!{: posts big blind 40
*** HOLE CARDS ***
Dealt to Mahu2021 [6c Kc]
Mahu2021: raises 40 to 80
#Pro1004E!oVe!{: calls 40
*** FLOP *** [Ac As 6s]
#Pro1004E!oVe!{: checks 
Mahu2021: bets 80
#Pro1004E!oVe!{: folds 
Uncalled bet (80) returned to Mahu2021
Mahu2021 collected 160 from pot
Mahu2021: doesn't show hand 
*** SUMMARY ***
Total pot 160 | Rake 0 
Board [Ac As 6s]
Seat 1: #Pro1004E!oVe!{ (big blind) folded on the Flop
Seat 2: Mahu2021 (button) (small blind) collected (160)



PokerStars Hand #247493928245: Tournament #3682415430, $1.84+$0.16 USD Hold'em No Limit - Level III (20/40) - 2023/12/05 19:43:46 CET [2023/12/05 13:43:46 ET]
Table '3682415430 1' 3-max Seat #1 is the button
Seat 1: #Pro1004E!oVe!{ (570 in chips) 
Seat 2: Mahu2021 (930 in chips) 
#Pro1004E!oVe!{: posts small blind 20
Mahu2021: posts big blind 40
*** HOLE CARDS ***
Dealt to Mahu2021 [Th Qc]
#Pro1004E!oVe!{: calls 20
Mahu2021: raises 80 to 120
#Pro1004E!oVe!{: folds 
Uncalled bet (80) returned to Mahu2021
Mahu2021 collected 80 from pot
Mahu2021: doesn't show hand 
*** SUMMARY ***
Total pot 80 | Rake 0 
Seat 1: #Pro1004E!oVe!{ (button) (small blind) folded before Flop
Seat 2: Mahu2021 (big blind) collected (80)



PokerStars Hand #247493931996: Tournament #3682415430, $1.84+$0.16 USD Hold'em No Limit - Level III (20/40) - 2023/12/05 19:43:58 CET [2023/12/05 13:43:58 ET]
Table '3682415430 1' 3-max Seat #2 is the button
Seat 1: #Pro1004E!oVe!{ (530 in chips) 
Seat 2: Mahu2021 (970 in chips) 
Mahu2021: posts small blind 20
#Pro1004E!oVe!{: posts big blind 40
*** HOLE CARDS ***
Dealt to Mahu2021 [8d Kh]
Mahu2021: calls 20
#Pro1004E!oVe!{: checks 
*** FLOP *** [3h Ks Qc]
#Pro1004E!oVe!{: checks 
Mahu2021: checks 
*** TURN *** [3h Ks Qc] [3c]
#Pro1004E!oVe!{: checks 
Mahu2021: checks 
*** RIVER *** [3h Ks Qc 3c] [5h]
#Pro1004E!oVe!{: bets 60
Mahu2021: calls 60
*** SHOW DOWN ***
#Pro1004E!oVe!{: shows [Ts 6d] (a pair of Threes)
Mahu2021: shows [8d Kh] (two pair, Kings and Threes)
Mahu2021 collected 200 from pot
*** SUMMARY ***
Total pot 200 | Rake 0 
Board [3h Ks Qc 3c 5h]
Seat 1: #Pro1004E!oVe!{ (big blind) showed [Ts 6d] and lost with a pair of Threes
Seat 2: Mahu2021 (button) (small blind) showed [8d Kh] and won (200) with two pair, Kings and Threes



PokerStars Hand #247493941070: Tournament #3682415430, $1.84+$0.16 USD Hold'em No Limit - Level III (20/40) - 2023/12/05 19:44:25 CET [2023/12/05 13:44:25 ET]
Table '3682415430 1' 3-max Seat #1 is the button
Seat 1: #Pro1004E!oVe!{ (430 in chips) 
Seat 2: Mahu2021 (1070 in chips) 
#Pro1004E!oVe!{: posts small blind 20
Mahu2021: posts big blind 40
*** HOLE CARDS ***
Dealt to Mahu2021 [Kc 5s]
#Pro1004E!oVe!{: calls 20
Mahu2021: checks 
*** FLOP *** [Kd 7h 6h]
Mahu2021: checks 
#Pro1004E!oVe!{: bets 40
Mahu2021: raises 990 to 1030 and is all-in
#Pro1004E!oVe!{: folds 
Uncalled bet (990) returned to Mahu2021
Mahu2021 collected 160 from pot
Mahu2021: doesn't show hand 
*** SUMMARY ***
Total pot 160 | Rake 0 
Board [Kd 7h 6h]
Seat 1: #Pro1004E!oVe!{ (button) (small blind) folded on the Flop
Seat 2: Mahu2021 (big blind) collected (160)



PokerStars Hand #247493948867: Tournament #3682415430, $1.84+$0.16 USD Hold'em No Limit - Level IV (30/60) - 2023/12/05 19:44:49 CET [2023/12/05 13:44:49 ET]
Table '3682415430 1' 3-max Seat #2 is the button
Seat 1: #Pro1004E!oVe!{ (350 in chips) 
Seat 2: Mahu2021 (1150 in chips) 
Mahu2021: posts small blind 30
#Pro1004E!oVe!{: posts big blind 60
*** HOLE CARDS ***
Dealt to Mahu2021 [7h 5c]
Mahu2021: folds 
Uncalled bet (30) returned to #Pro1004E!oVe!{
#Pro1004E!oVe!{ collected 60 from pot
#Pro1004E!oVe!{: doesn't show hand 
*** SUMMARY ***
Total pot 60 | Rake 0 
Seat 1: #Pro1004E!oVe!{ (big blind) collected (60)
Seat 2: Mahu2021 (button) (small blind) folded before Flop



PokerStars Hand #247493950354: Tournament #3682415430, $1.84+$0.16 USD Hold'em No Limit - Level IV (30/60) - 2023/12/05 19:44:53 CET [2023/12/05 13:44:53 ET]
Table '3682415430 1' 3-max Seat #1 is the button
Seat 1: #Pro1004E!oVe!{ (380 in chips) 
Seat 2: Mahu2021 (1120 in chips) 
#Pro1004E!oVe!{: posts small blind 30
Mahu2021: posts big blind 60
*** HOLE CARDS ***
Dealt to Mahu2021 [9s 7s]
#Pro1004E!oVe!{: raises 320 to 380 and is all-in
Mahu2021: folds 
Uncalled bet (320) returned to #Pro1004E!oVe!{
#Pro1004E!oVe!{ collected 120 from pot
#Pro1004E!oVe!{: doesn't show hand 
*** SUMMARY ***
Total pot 120 | Rake 0 
Seat 1: #Pro1004E!oVe!{ (button) (small blind) collected (120)
Seat 2: Mahu2021 (big blind) folded before Flop



PokerStars Hand #247493953070: Tournament #3682415430, $1.84+$0.16 USD Hold'em No Limit - Level IV (30/60) - 2023/12/05 19:45:01 CET [2023/12/05 13:45:01 ET]
Table '3682415430 1' 3-max Seat #2 is the button
Seat 1: #Pro1004E!oVe!{ (440 in chips) 
Seat 2: Mahu2021 (1060 in chips) 
Mahu2021: posts small blind 30
#Pro1004E!oVe!{: posts big blind 60
*** HOLE CARDS ***
Dealt to Mahu2021 [2c 6h]
Mahu2021: folds 
Uncalled bet (30) returned to #Pro1004E!oVe!{
#Pro1004E!oVe!{ collected 60 from pot
#Pro1004E!oVe!{: doesn't show hand 
*** SUMMARY ***
Total pot 60 | Rake 0 
Seat 1: #Pro1004E!oVe!{ (big blind) collected (60)
Seat 2: Mahu2021 (button) (small blind) folded before Flop



PokerStars Hand #247493954370: Tournament #3682415430, $1.84+$0.16 USD Hold'em No Limit - Level IV (30/60) - 2023/12/05 19:45:06 CET [2023/12/05 13:45:06 ET]
Table '3682415430 1' 3-max Seat #1 is the button
Seat 1: #Pro1004E!oVe!{ (470 in chips) 
Seat 2: Mahu2021 (1030 in chips) 
#Pro1004E!oVe!{: posts small blind 30
Mahu2021: posts big blind 60
*** HOLE CARDS ***
Dealt to Mahu2021 [4h 8h]
#Pro1004E!oVe!{: calls 30
Mahu2021: checks 
*** FLOP *** [7c Jd 4d]
Mahu2021: checks 
#Pro1004E!oVe!{: bets 60
Mahu2021: calls 60
*** TURN *** [7c Jd 4d] [Qh]
Mahu2021: checks 
#Pro1004E!oVe!{: bets 120
Mahu2021: calls 120
*** RIVER *** [7c Jd 4d Qh] [Ts]
Mahu2021: checks 
#Pro1004E!oVe!{: bets 230 and is all-in
Mahu2021: folds 
Uncalled bet (230) returned to #Pro1004E!oVe!{
#Pro1004E!oVe!{ collected 480 from pot
#Pro1004E!oVe!{: doesn't show hand 
*** SUMMARY ***
Total pot 480 | Rake 0 
Board [7c Jd 4d Qh Ts]
Seat 1: #Pro1004E!oVe!{ (button) (small blind) collected (480)
Seat 2: Mahu2021 (big blind) folded on the River



PokerStars Hand #247493961994: Tournament #3682415430, $1.84+$0.16 USD Hold'em No Limit - Level IV (30/60) - 2023/12/05 19:45:29 CET [2023/12/05 13:45:29 ET]
Table '3682415430 1' 3-max Seat #2 is the button
Seat 1: #Pro1004E!oVe!{ (710 in chips) 
Seat 2: Mahu2021 (790 in chips) 
Mahu2021: posts small blind 30
#Pro1004E!oVe!{: posts big blind 60
*** HOLE CARDS ***
Dealt to Mahu2021 [7d Ah]
Mahu2021: raises 120 to 180
#Pro1004E!oVe!{: folds 
Uncalled bet (120) returned to Mahu2021
Mahu2021 collected 120 from pot
Mahu2021: doesn't show hand 
*** SUMMARY ***
Total pot 120 | Rake 0 
Seat 1: #Pro1004E!oVe!{ (big blind) folded before Flop
Seat 2: Mahu2021 (button) (small blind) collected (120)



PokerStars Hand #247493965455: Tournament #3682415430, $1.84+$0.16 USD Hold'em No Limit - Level IV (30/60) - 2023/12/05 19:45:39 CET [2023/12/05 13:45:39 ET]
Table '3682415430 1' 3-max Seat #1 is the button
Seat 1: #Pro1004E!oVe!{ (650 in chips) 
Seat 2: Mahu2021 (850 in chips) 
#Pro1004E!oVe!{: posts small blind 30
Mahu2021: posts big blind 60
*** HOLE CARDS ***
Dealt to Mahu2021 [7h Jh]
#Pro1004E!oVe!{: calls 30
Mahu2021: checks 
*** FLOP *** [3c Qc 5d]
Mahu2021: checks 
#Pro1004E!oVe!{: bets 60
Mahu2021: folds 
Uncalled bet (60) returned to #Pro1004E!oVe!{
#Pro1004E!oVe!{ collected 120 from pot
#Pro1004E!oVe!{: doesn't show hand 
*** SUMMARY ***
Total pot 120 | Rake 0 
Board [3c Qc 5d]
Seat 1: #Pro1004E!oVe!{ (button) (small blind) collected (120)
Seat 2: Mahu2021 (big blind) folded on the Flop



PokerStars Hand #247493970767: Tournament #3682415430, $1.84+$0.16 USD Hold'em No Limit - Level IV (30/60) - 2023/12/05 19:45:55 CET [2023/12/05 13:45:55 ET]
Table '3682415430 1' 3-max Seat #2 is the button
Seat 1: #Pro1004E!oVe!{ (710 in chips) 
Seat 2: Mahu2021 (790 in chips) 
Mahu2021: posts small blind 30
#Pro1004E!oVe!{: posts big blind 60
*** HOLE CARDS ***
Dealt to Mahu2021 [Ah 4h]
Mahu2021: raises 120 to 180
#Pro1004E!oVe!{: folds 
Uncalled bet (120) returned to Mahu2021
Mahu2021 collected 120 from pot
Mahu2021: doesn't show hand 
*** SUMMARY ***
Total pot 120 | Rake 0 
Seat 1: #Pro1004E!oVe!{ (big blind) folded before Flop
Seat 2: Mahu2021 (button) (small blind) collected (120)



PokerStars Hand #247493973799: Tournament #3682415430, $1.84+$0.16 USD Hold'em No Limit - Level IV (30/60) - 2023/12/05 19:46:04 CET [2023/12/05 13:46:04 ET]
Table '3682415430 1' 3-max Seat #1 is the button
Seat 1: #Pro1004E!oVe!{ (650 in chips) 
Seat 2: Mahu2021 (850 in chips) 
#Pro1004E!oVe!{: posts small blind 30
Mahu2021: posts big blind 60
*** HOLE CARDS ***
Dealt to Mahu2021 [Jh 6c]
#Pro1004E!oVe!{: calls 30
Mahu2021: checks 
*** FLOP *** [8c Qc 7h]
Mahu2021: checks 
#Pro1004E!oVe!{: bets 60
Mahu2021: folds 
Uncalled bet (60) returned to #Pro1004E!oVe!{
#Pro1004E!oVe!{ collected 120 from pot
#Pro1004E!oVe!{: doesn't show hand 
*** SUMMARY ***
Total pot 120 | Rake 0 
Board [8c Qc 7h]
Seat 1: #Pro1004E!oVe!{ (button) (small blind) collected (120)
Seat 2: Mahu2021 (big blind) folded on the Flop



PokerStars Hand #247493978547: Tournament #3682415430, $1.84+$0.16 USD Hold'em No Limit - Level IV (30/60) - 2023/12/05 19:46:18 CET [2023/12/05 13:46:18 ET]
Table '3682415430 1' 3-max Seat #2 is the button
Seat 1: #Pro1004E!oVe!{ (710 in chips) 
Seat 2: Mahu2021 (790 in chips) 
Mahu2021: posts small blind 30
#Pro1004E!oVe!{: posts big blind 60
*** HOLE CARDS ***
Dealt to Mahu2021 [5s 2c]
Mahu2021: folds 
Uncalled bet (30) returned to #Pro1004E!oVe!{
#Pro1004E!oVe!{ collected 60 from pot
#Pro1004E!oVe!{: doesn't show hand 
*** SUMMARY ***
Total pot 60 | Rake 0 
Seat 1: #Pro1004E!oVe!{ (big blind) collected (60)
Seat 2: Mahu2021 (button) (small blind) folded before Flop



PokerStars Hand #247493980005: Tournament #3682415430, $1.84+$0.16 USD Hold'em No Limit - Level IV (30/60) - 2023/12/05 19:46:23 CET [2023/12/05 13:46:23 ET]
Table '3682415430 1' 3-max Seat #1 is the button
Seat 1: #Pro1004E!oVe!{ (740 in chips) 
Seat 2: Mahu2021 (760 in chips) 
#Pro1004E!oVe!{: posts small blind 30
Mahu2021: posts big blind 60
*** HOLE CARDS ***
Dealt to Mahu2021 [5c 3d]
#Pro1004E!oVe!{: calls 30
Mahu2021: checks 
*** FLOP *** [7s Ks 8d]
Mahu2021: checks 
#Pro1004E!oVe!{: bets 60
Mahu2021: folds 
Uncalled bet (60) returned to #Pro1004E!oVe!{
#Pro1004E!oVe!{ collected 120 from pot
#Pro1004E!oVe!{: doesn't show hand 
*** SUMMARY ***
Total pot 120 | Rake 0 
Board [7s Ks 8d]
Seat 1: #Pro1004E!oVe!{ (button) (small blind) collected (120)
Seat 2: Mahu2021 (big blind) folded on the Flop



PokerStars Hand #247493983739: Tournament #3682415430, $1.84+$0.16 USD Hold'em No Limit - Level IV (30/60) - 2023/12/05 19:46:34 CET [2023/12/05 13:46:34 ET]
Table '3682415430 1' 3-max Seat #2 is the button
Seat 1: #Pro1004E!oVe!{ (800 in chips) 
Seat 2: Mahu2021 (700 in chips) 
Mahu2021: posts small blind 30
#Pro1004E!oVe!{: posts big blind 60
*** HOLE CARDS ***
Dealt to Mahu2021 [9h 5d]
Mahu2021: folds 
Uncalled bet (30) returned to #Pro1004E!oVe!{
#Pro1004E!oVe!{ collected 60 from pot
#Pro1004E!oVe!{: doesn't show hand 
*** SUMMARY ***
Total pot 60 | Rake 0 
Seat 1: #Pro1004E!oVe!{ (big blind) collected (60)
Seat 2: Mahu2021 (button) (small blind) folded before Flop



PokerStars Hand #247493985236: Tournament #3682415430, $1.84+$0.16 USD Hold'em No Limit - Level IV (30/60) - 2023/12/05 19:46:38 CET [2023/12/05 13:46:38 ET]
Table '3682415430 1' 3-max Seat #1 is the button
Seat 1: #Pro1004E!oVe!{ (830 in chips) 
Seat 2: Mahu2021 (670 in chips) 
#Pro1004E!oVe!{: posts small blind 30
Mahu2021: posts big blind 60
*** HOLE CARDS ***
Dealt to Mahu2021 [As Ac]
#Pro1004E!oVe!{: calls 30
Mahu2021: raises 120 to 180
#Pro1004E!oVe!{: folds 
Uncalled bet (120) returned to Mahu2021
Mahu2021 collected 120 from pot
Mahu2021: doesn't show hand 
*** SUMMARY ***
Total pot 120 | Rake 0 
Seat 1: #Pro1004E!oVe!{ (button) (small blind) folded before Flop
Seat 2: Mahu2021 (big blind) collected (120)



PokerStars Hand #247493989477: Tournament #3682415430, $1.84+$0.16 USD Hold'em No Limit - Level V (40/80) - 2023/12/05 19:46:51 CET [2023/12/05 13:46:51 ET]
Table '3682415430 1' 3-max Seat #2 is the button
Seat 1: #Pro1004E!oVe!{ (770 in chips) 
Seat 2: Mahu2021 (730 in chips) 
Mahu2021: posts small blind 40
#Pro1004E!oVe!{: posts big blind 80
*** HOLE CARDS ***
Dealt to Mahu2021 [6h 3h]
Mahu2021: calls 40
#Pro1004E!oVe!{: checks 
*** FLOP *** [2d 5h Ks]
#Pro1004E!oVe!{: checks 
Mahu2021: bets 80
#Pro1004E!oVe!{: folds 
Uncalled bet (80) returned to Mahu2021
Mahu2021 collected 160 from pot
Mahu2021: doesn't show hand 
*** SUMMARY ***
Total pot 160 | Rake 0 
Board [2d 5h Ks]
Seat 1: #Pro1004E!oVe!{ (big blind) folded on the Flop
Seat 2: Mahu2021 (button) (small blind) collected (160)



PokerStars Hand #247493993477: Tournament #3682415430, $1.84+$0.16 USD Hold'em No Limit - Level V (40/80) - 2023/12/05 19:47:03 CET [2023/12/05 13:47:03 ET]
Table '3682415430 1' 3-max Seat #1 is the button
Seat 1: #Pro1004E!oVe!{ (690 in chips) 
Seat 2: Mahu2021 (810 in chips) 
#Pro1004E!oVe!{: posts small blind 40
Mahu2021: posts big blind 80
*** HOLE CARDS ***
Dealt to Mahu2021 [8d 2h]
#Pro1004E!oVe!{: calls 40
Mahu2021: checks 
*** FLOP *** [7c 3h Ac]
Mahu2021: checks 
#Pro1004E!oVe!{: bets 80
Mahu2021: folds 
Uncalled bet (80) returned to #Pro1004E!oVe!{
#Pro1004E!oVe!{ collected 160 from pot
#Pro1004E!oVe!{: doesn't show hand 
*** SUMMARY ***
Total pot 160 | Rake 0 
Board [7c 3h Ac]
Seat 1: #Pro1004E!oVe!{ (button) (small blind) collected (160)
Seat 2: Mahu2021 (big blind) folded on the Flop



PokerStars Hand #247493999514: Tournament #3682415430, $1.84+$0.16 USD Hold'em No Limit - Level V (40/80) - 2023/12/05 19:47:21 CET [2023/12/05 13:47:21 ET]
Table '3682415430 1' 3-max Seat #2 is the button
Seat 1: #Pro1004E!oVe!{ (770 in chips) 
Seat 2: Mahu2021 (730 in chips) 
Mahu2021: posts small blind 40
#Pro1004E!oVe!{: posts big blind 80
*** HOLE CARDS ***
Dealt to Mahu2021 [6c 4c]
Mahu2021: calls 40
#Pro1004E!oVe!{: checks 
*** FLOP *** [Jh Tc Jc]
#Pro1004E!oVe!{: checks 
Mahu2021: bets 80
#Pro1004E!oVe!{: folds 
Uncalled bet (80) returned to Mahu2021
Mahu2021 collected 160 from pot
Mahu2021: doesn't show hand 
*** SUMMARY ***
Total pot 160 | Rake 0 
Board [Jh Tc Jc]
Seat 1: #Pro1004E!oVe!{ (big blind) folded on the Flop
Seat 2: Mahu2021 (button) (small blind) collected (160)



PokerStars Hand #247494006285: Tournament #3682415430, $1.84+$0.16 USD Hold'em No Limit - Level V (40/80) - 2023/12/05 19:47:41 CET [2023/12/05 13:47:41 ET]
Table '3682415430 1' 3-max Seat #1 is the button
Seat 1: #Pro1004E!oVe!{ (690 in chips) 
Seat 2: Mahu2021 (810 in chips) 
#Pro1004E!oVe!{: posts small blind 40
Mahu2021: posts big blind 80
*** HOLE CARDS ***
Dealt to Mahu2021 [2s 5s]
#Pro1004E!oVe!{: calls 40
Mahu2021: checks 
*** FLOP *** [Qc 6c 7h]
Mahu2021: checks 
#Pro1004E!oVe!{: bets 80
Mahu2021: folds 
Uncalled bet (80) returned to #Pro1004E!oVe!{
#Pro1004E!oVe!{ collected 160 from pot
#Pro1004E!oVe!{: doesn't show hand 
*** SUMMARY ***
Total pot 160 | Rake 0 
Board [Qc 6c 7h]
Seat 1: #Pro1004E!oVe!{ (button) (small blind) collected (160)
Seat 2: Mahu2021 (big blind) folded on the Flop



PokerStars Hand #247494010840: Tournament #3682415430, $1.84+$0.16 USD Hold'em No Limit - Level V (40/80) - 2023/12/05 19:47:55 CET [2023/12/05 13:47:55 ET]
Table '3682415430 1' 3-max Seat #2 is the button
Seat 1: #Pro1004E!oVe!{ (770 in chips) 
Seat 2: Mahu2021 (730 in chips) 
Mahu2021: posts small blind 40
#Pro1004E!oVe!{: posts big blind 80
*** HOLE CARDS ***
Dealt to Mahu2021 [3h 9s]
Mahu2021: folds 
Uncalled bet (40) returned to #Pro1004E!oVe!{
#Pro1004E!oVe!{ collected 80 from pot
#Pro1004E!oVe!{: doesn't show hand 
*** SUMMARY ***
Total pot 80 | Rake 0 
Seat 1: #Pro1004E!oVe!{ (big blind) collected (80)
Seat 2: Mahu2021 (button) (small blind) folded before Flop



PokerStars Hand #247494012268: Tournament #3682415430, $1.84+$0.16 USD Hold'em No Limit - Level V (40/80) - 2023/12/05 19:47:59 CET [2023/12/05 13:47:59 ET]
Table '3682415430 1' 3-max Seat #1 is the button
Seat 1: #Pro1004E!oVe!{ (810 in chips) 
Seat 2: Mahu2021 (690 in chips) 
#Pro1004E!oVe!{: posts small blind 40
Mahu2021: posts big blind 80
*** HOLE CARDS ***
Dealt to Mahu2021 [9c As]
#Pro1004E!oVe!{: calls 40
Mahu2021: raises 610 to 690 and is all-in
#Pro1004E!oVe!{: folds 
Uncalled bet (610) returned to Mahu2021
Mahu2021 collected 160 from pot
Mahu2021: doesn't show hand 
*** SUMMARY ***
Total pot 160 | Rake 0 
Seat 1: #Pro1004E!oVe!{ (button) (small blind) folded before Flop
Seat 2: Mahu2021 (big blind) collected (160)



PokerStars Hand #247494017440: Tournament #3682415430, $1.84+$0.16 USD Hold'em No Limit - Level V (40/80) - 2023/12/05 19:48:15 CET [2023/12/05 13:48:15 ET]
Table '3682415430 1' 3-max Seat #2 is the button
Seat 1: #Pro1004E!oVe!{ (730 in chips) 
Seat 2: Mahu2021 (770 in chips) 
Mahu2021: posts small blind 40
#Pro1004E!oVe!{: posts big blind 80
*** HOLE CARDS ***
Dealt to Mahu2021 [7d 6h]
Mahu2021: calls 40
#Pro1004E!oVe!{: checks 
*** FLOP *** [Ks 4s 3h]
#Pro1004E!oVe!{: checks 
Mahu2021: bets 80
#Pro1004E!oVe!{: calls 80
*** TURN *** [Ks 4s 3h] [Jd]
#Pro1004E!oVe!{: bets 160
Mahu2021: folds 
Uncalled bet (160) returned to #Pro1004E!oVe!{
#Pro1004E!oVe!{ collected 320 from pot
#Pro1004E!oVe!{: doesn't show hand 
*** SUMMARY ***
Total pot 320 | Rake 0 
Board [Ks 4s 3h Jd]
Seat 1: #Pro1004E!oVe!{ (big blind) collected (320)
Seat 2: Mahu2021 (button) (small blind) folded on the Turn



PokerStars Hand #247494024266: Tournament #3682415430, $1.84+$0.16 USD Hold'em No Limit - Level V (40/80) - 2023/12/05 19:48:35 CET [2023/12/05 13:48:35 ET]
Table '3682415430 1' 3-max Seat #1 is the button
Seat 1: #Pro1004E!oVe!{ (890 in chips) 
Seat 2: Mahu2021 (610 in chips) 
#Pro1004E!oVe!{: posts small blind 40
Mahu2021: posts big blind 80
*** HOLE CARDS ***
Dealt to Mahu2021 [5c Js]
#Pro1004E!oVe!{: calls 40
Mahu2021: checks 
*** FLOP *** [Qs As Ad]
Mahu2021: checks 
#Pro1004E!oVe!{: bets 80
Mahu2021: folds 
Uncalled bet (80) returned to #Pro1004E!oVe!{
#Pro1004E!oVe!{ collected 160 from pot
#Pro1004E!oVe!{: doesn't show hand 
*** SUMMARY ***
Total pot 160 | Rake 0 
Board [Qs As Ad]
Seat 1: #Pro1004E!oVe!{ (button) (small blind) collected (160)
Seat 2: Mahu2021 (big blind) folded on the Flop



PokerStars Hand #247494029135: Tournament #3682415430, $1.84+$0.16 USD Hold'em No Limit - Level VI (50/100) - 2023/12/05 19:48:49 CET [2023/12/05 13:48:49 ET]
Table '3682415430 1' 3-max Seat #2 is the button
Seat 1: #Pro1004E!oVe!{ (970 in chips) 
Seat 2: Mahu2021 (530 in chips) 
Mahu2021: posts small blind 50
#Pro1004E!oVe!{: posts big blind 100
*** HOLE CARDS ***
Dealt to Mahu2021 [9s 7c]
Mahu2021: calls 50
#Pro1004E!oVe!{: checks 
*** FLOP *** [3s Tc 8s]
#Pro1004E!oVe!{: checks 
Mahu2021: bets 200
#Pro1004E!oVe!{: folds 
Uncalled bet (200) returned to Mahu2021
Mahu2021 collected 200 from pot
Mahu2021: doesn't show hand 
*** SUMMARY ***
Total pot 200 | Rake 0 
Board [3s Tc 8s]
Seat 1: #Pro1004E!oVe!{ (big blind) folded on the Flop
Seat 2: Mahu2021 (button) (small blind) collected (200)



PokerStars Hand #247494038218: Tournament #3682415430, $1.84+$0.16 USD Hold'em No Limit - Level VI (50/100) - 2023/12/05 19:49:17 CET [2023/12/05 13:49:17 ET]
Table '3682415430 1' 3-max Seat #1 is the button
Seat 1: #Pro1004E!oVe!{ (870 in chips) 
Seat 2: Mahu2021 (630 in chips) 
#Pro1004E!oVe!{: posts small blind 50
Mahu2021: posts big blind 100
*** HOLE CARDS ***
Dealt to Mahu2021 [3h Qs]
#Pro1004E!oVe!{: calls 50
Mahu2021: raises 530 to 630 and is all-in
#Pro1004E!oVe!{: folds 
Uncalled bet (530) returned to Mahu2021
Mahu2021 collected 200 from pot
Mahu2021: doesn't show hand 
*** SUMMARY ***
Total pot 200 | Rake 0 
Seat 1: #Pro1004E!oVe!{ (button) (small blind) folded before Flop
Seat 2: Mahu2021 (big blind) collected (200)



PokerStars Hand #247494041948: Tournament #3682415430, $1.84+$0.16 USD Hold'em No Limit - Level VI (50/100) - 2023/12/05 19:49:28 CET [2023/12/05 13:49:28 ET]
Table '3682415430 1' 3-max Seat #2 is the button
Seat 1: #Pro1004E!oVe!{ (770 in chips) 
Seat 2: Mahu2021 (730 in chips) 
Mahu2021: posts small blind 50
#Pro1004E!oVe!{: posts big blind 100
*** HOLE CARDS ***
Dealt to Mahu2021 [7h Jd]
Mahu2021: calls 50
#Pro1004E!oVe!{: checks 
*** FLOP *** [7d 2c Kh]
#Pro1004E!oVe!{: checks 
Mahu2021: bets 100
#Pro1004E!oVe!{: calls 100
*** TURN *** [7d 2c Kh] [Qc]
#Pro1004E!oVe!{: checks 
Mahu2021: checks 
*** RIVER *** [7d 2c Kh Qc] [Qd]
#Pro1004E!oVe!{: checks 
Mahu2021: checks 
*** SHOW DOWN ***
#Pro1004E!oVe!{: shows [2d As] (two pair, Queens and Deuces)
Mahu2021: shows [7h Jd] (two pair, Queens and Sevens)
Mahu2021 collected 400 from pot
*** SUMMARY ***
Total pot 400 | Rake 0 
Board [7d 2c Kh Qc Qd]
Seat 1: #Pro1004E!oVe!{ (big blind) showed [2d As] and lost with two pair, Queens and Deuces
Seat 2: Mahu2021 (button) (small blind) showed [7h Jd] and won (400) with two pair, Queens and Sevens



PokerStars Hand #247494051963: Tournament #3682415430, $1.84+$0.16 USD Hold'em No Limit - Level VI (50/100) - 2023/12/05 19:49:58 CET [2023/12/05 13:49:58 ET]
Table '3682415430 1' 3-max Seat #1 is the button
Seat 1: #Pro1004E!oVe!{ (570 in chips) 
Seat 2: Mahu2021 (930 in chips) 
#Pro1004E!oVe!{: posts small blind 50
Mahu2021: posts big blind 100
*** HOLE CARDS ***
Dealt to Mahu2021 [5d Qc]
#Pro1004E!oVe!{: calls 50
Mahu2021: checks 
*** FLOP *** [7c 6c 4c]
Mahu2021: bets 830 and is all-in
#Pro1004E!oVe!{: calls 470 and is all-in
Uncalled bet (360) returned to Mahu2021
*** TURN *** [7c 6c 4c] [8d]
*** RIVER *** [7c 6c 4c 8d] [Qd]
*** SHOW DOWN ***
Mahu2021: shows [5d Qc] (a straight, Four to Eight)
#Pro1004E!oVe!{: shows [9h 9s] (a pair of Nines)
Mahu2021 collected 1140 from pot
#Pro1004E!oVe!{ finished the tournament in 2nd place
Mahu2021 wins the tournament and receives $4.00 - congratulations!
*** SUMMARY ***
Total pot 1140 | Rake 0 
Board [7c 6c 4c 8d Qd]
Seat 1: #Pro1004E!oVe!{ (button) (small blind) showed [9h 9s] and lost with a pair of Nines
Seat 2: Mahu2021 (big blind) showed [5d Qc] and won (1140) with a straight, Four to Eight



