PokerStars Hand #246961367916: Tournament #3669170572, $1.84+$0.16 USD Hold'em No Limit - Level I (10/20) - 2023/11/06 17:28:58 CET [2023/11/06 11:28:58 ET]
Table '3669170572 1' 3-max Seat #1 is the button
Seat 1: Marcelrudi (500 in chips) 
Seat 2: Stroopi (500 in chips) 
Seat 3: Mahu2021 (500 in chips) 
Stroopi: posts small blind 10
Mahu2021: posts big blind 20
*** HOLE CARDS ***
Dealt to Mahu2021 [2h 8h]
Marcelrudi: calls 20
Stroopi: calls 10
Mahu2021: checks 
*** FLOP *** [7s 3c 6s]
Stroopi: checks 
Mahu2021: checks 
Marcelrudi: bets 40
Stroopi: folds 
Mahu2021: folds 
Uncalled bet (40) returned to Marcelrudi
Marcelrudi collected 60 from pot
Marcelrudi: doesn't show hand 
*** SUMMARY ***
Total pot 60 | Rake 0 
Board [7s 3c 6s]
Seat 1: Marcelrudi (button) collected (60)
Seat 2: Stroopi (small blind) folded on the Flop
Seat 3: Mahu2021 (big blind) folded on the Flop



PokerStars Hand #246961373892: Tournament #3669170572, $1.84+$0.16 USD Hold'em No Limit - Level I (10/20) - 2023/11/06 17:29:21 CET [2023/11/06 11:29:21 ET]
Table '3669170572 1' 3-max Seat #2 is the button
Seat 1: Marcelrudi (540 in chips) 
Seat 2: Stroopi (480 in chips) 
Seat 3: Mahu2021 (480 in chips) 
Mahu2021: posts small blind 10
Marcelrudi: posts big blind 20
*** HOLE CARDS ***
Dealt to Mahu2021 [6d 8h]
Stroopi: folds 
Mahu2021: folds 
Uncalled bet (10) returned to Marcelrudi
Marcelrudi collected 20 from pot
Marcelrudi: doesn't show hand 
*** SUMMARY ***
Total pot 20 | Rake 0 
Seat 1: Marcelrudi (big blind) collected (20)
Seat 2: Stroopi (button) folded before Flop (didn't bet)
Seat 3: Mahu2021 (small blind) folded before Flop



PokerStars Hand #246961375140: Tournament #3669170572, $1.84+$0.16 USD Hold'em No Limit - Level I (10/20) - 2023/11/06 17:29:26 CET [2023/11/06 11:29:26 ET]
Table '3669170572 1' 3-max Seat #3 is the button
Seat 1: Marcelrudi (550 in chips) 
Seat 2: Stroopi (480 in chips) 
Seat 3: Mahu2021 (470 in chips) 
Marcelrudi: posts small blind 10
Stroopi: posts big blind 20
*** HOLE CARDS ***
Dealt to Mahu2021 [2d 3s]
Mahu2021: folds 
Marcelrudi: calls 10
Stroopi: checks 
*** FLOP *** [4c 9c 5h]
Marcelrudi: checks 
Stroopi: bets 20
Marcelrudi: folds 
Uncalled bet (20) returned to Stroopi
Stroopi collected 40 from pot
Stroopi: doesn't show hand 
*** SUMMARY ***
Total pot 40 | Rake 0 
Board [4c 9c 5h]
Seat 1: Marcelrudi (small blind) folded on the Flop
Seat 2: Stroopi (big blind) collected (40)
Seat 3: Mahu2021 (button) folded before Flop (didn't bet)



PokerStars Hand #246961381506: Tournament #3669170572, $1.84+$0.16 USD Hold'em No Limit - Level I (10/20) - 2023/11/06 17:29:51 CET [2023/11/06 11:29:51 ET]
Table '3669170572 1' 3-max Seat #1 is the button
Seat 1: Marcelrudi (530 in chips) 
Seat 2: Stroopi (500 in chips) 
Seat 3: Mahu2021 (470 in chips) 
Stroopi: posts small blind 10
Mahu2021: posts big blind 20
*** HOLE CARDS ***
Dealt to Mahu2021 [7d 3s]
Marcelrudi: calls 20
Stroopi: folds 
Mahu2021: checks 
*** FLOP *** [3c Ah 9h]
Mahu2021: checks 
Marcelrudi: bets 40
Mahu2021: calls 40
*** TURN *** [3c Ah 9h] [2s]
Mahu2021: checks 
Marcelrudi: bets 60
Mahu2021: folds 
Uncalled bet (60) returned to Marcelrudi
Marcelrudi collected 130 from pot
Marcelrudi: doesn't show hand 
*** SUMMARY ***
Total pot 130 | Rake 0 
Board [3c Ah 9h 2s]
Seat 1: Marcelrudi (button) collected (130)
Seat 2: Stroopi (small blind) folded before Flop
Seat 3: Mahu2021 (big blind) folded on the Turn



PokerStars Hand #246961386678: Tournament #3669170572, $1.84+$0.16 USD Hold'em No Limit - Level I (10/20) - 2023/11/06 17:30:10 CET [2023/11/06 11:30:10 ET]
Table '3669170572 1' 3-max Seat #2 is the button
Seat 1: Marcelrudi (600 in chips) 
Seat 2: Stroopi (490 in chips) 
Seat 3: Mahu2021 (410 in chips) 
Mahu2021: posts small blind 10
Marcelrudi: posts big blind 20
*** HOLE CARDS ***
Dealt to Mahu2021 [Tc 3d]
Stroopi: raises 20 to 40
Mahu2021: folds 
Marcelrudi: folds 
Uncalled bet (20) returned to Stroopi
Stroopi collected 50 from pot
Stroopi: doesn't show hand 
*** SUMMARY ***
Total pot 50 | Rake 0 
Seat 1: Marcelrudi (big blind) folded before Flop
Seat 2: Stroopi (button) collected (50)
Seat 3: Mahu2021 (small blind) folded before Flop



PokerStars Hand #246961390767: Tournament #3669170572, $1.84+$0.16 USD Hold'em No Limit - Level I (10/20) - 2023/11/06 17:30:26 CET [2023/11/06 11:30:26 ET]
Table '3669170572 1' 3-max Seat #3 is the button
Seat 1: Marcelrudi (580 in chips) 
Seat 2: Stroopi (520 in chips) 
Seat 3: Mahu2021 (400 in chips) 
Marcelrudi: posts small blind 10
Stroopi: posts big blind 20
*** HOLE CARDS ***
Dealt to Mahu2021 [Ts 5d]
Mahu2021: folds 
Marcelrudi: calls 10
Stroopi: raises 40 to 60
Marcelrudi: calls 40
*** FLOP *** [Qs Kc 7h]
Marcelrudi: checks 
Stroopi: bets 40
Marcelrudi: folds 
Uncalled bet (40) returned to Stroopi
Stroopi collected 120 from pot
Stroopi: doesn't show hand 
*** SUMMARY ***
Total pot 120 | Rake 0 
Board [Qs Kc 7h]
Seat 1: Marcelrudi (small blind) folded on the Flop
Seat 2: Stroopi (big blind) collected (120)
Seat 3: Mahu2021 (button) folded before Flop (didn't bet)



PokerStars Hand #246961398256: Tournament #3669170572, $1.84+$0.16 USD Hold'em No Limit - Level I (10/20) - 2023/11/06 17:30:54 CET [2023/11/06 11:30:54 ET]
Table '3669170572 1' 3-max Seat #1 is the button
Seat 1: Marcelrudi (520 in chips) 
Seat 2: Stroopi (580 in chips) 
Seat 3: Mahu2021 (400 in chips) 
Stroopi: posts small blind 10
Mahu2021: posts big blind 20
*** HOLE CARDS ***
Dealt to Mahu2021 [9c 7c]
Marcelrudi: folds 
Stroopi: calls 10
Mahu2021: checks 
*** FLOP *** [6s 8d 4s]
Stroopi: bets 20
Mahu2021: calls 20
*** TURN *** [6s 8d 4s] [5s]
Stroopi: bets 20
Mahu2021: calls 20
*** RIVER *** [6s 8d 4s 5s] [8c]
Stroopi: bets 40
Mahu2021: raises 300 to 340 and is all-in
Stroopi: calls 300
*** SHOW DOWN ***
Mahu2021: shows [9c 7c] (a straight, Five to Nine)
Stroopi: shows [Th 8s] (three of a kind, Eights)
Mahu2021 collected 800 from pot
*** SUMMARY ***
Total pot 800 | Rake 0 
Board [6s 8d 4s 5s 8c]
Seat 1: Marcelrudi (button) folded before Flop (didn't bet)
Seat 2: Stroopi (small blind) showed [Th 8s] and lost with three of a kind, Eights
Seat 3: Mahu2021 (big blind) showed [9c 7c] and won (800) with a straight, Five to Nine



PokerStars Hand #246961405943: Tournament #3669170572, $1.84+$0.16 USD Hold'em No Limit - Level I (10/20) - 2023/11/06 17:31:23 CET [2023/11/06 11:31:23 ET]
Table '3669170572 1' 3-max Seat #2 is the button
Seat 1: Marcelrudi (520 in chips) 
Seat 2: Stroopi (180 in chips) 
Seat 3: Mahu2021 (800 in chips) 
Mahu2021: posts small blind 10
Marcelrudi: posts big blind 20
*** HOLE CARDS ***
Dealt to Mahu2021 [Td Tc]
Stroopi: raises 160 to 180 and is all-in
Mahu2021: calls 170
Marcelrudi: folds 
*** FLOP *** [2h 3h 6s]
*** TURN *** [2h 3h 6s] [2c]
*** RIVER *** [2h 3h 6s 2c] [4s]
*** SHOW DOWN ***
Mahu2021: shows [Td Tc] (two pair, Tens and Deuces)
Stroopi: shows [6c Ks] (two pair, Sixes and Deuces)
Mahu2021 collected 380 from pot
Stroopi finished the tournament in 3rd place
*** SUMMARY ***
Total pot 380 | Rake 0 
Board [2h 3h 6s 2c 4s]
Seat 1: Marcelrudi (big blind) folded before Flop
Seat 2: Stroopi (button) showed [6c Ks] and lost with two pair, Sixes and Deuces
Seat 3: Mahu2021 (small blind) showed [Td Tc] and won (380) with two pair, Tens and Deuces



PokerStars Hand #246961410736: Tournament #3669170572, $1.84+$0.16 USD Hold'em No Limit - Level I (10/20) - 2023/11/06 17:31:41 CET [2023/11/06 11:31:41 ET]
Table '3669170572 1' 3-max Seat #1 is the button
Seat 1: Marcelrudi (500 in chips) 
Seat 3: Mahu2021 (1000 in chips) 
Marcelrudi: posts small blind 10
Mahu2021: posts big blind 20
*** HOLE CARDS ***
Dealt to Mahu2021 [4d 2s]
Marcelrudi: calls 10
Mahu2021: checks 
*** FLOP *** [9c 3d Jh]
Mahu2021: checks 
Marcelrudi: bets 20
Mahu2021: folds 
Uncalled bet (20) returned to Marcelrudi
Marcelrudi collected 40 from pot
Marcelrudi: doesn't show hand 
*** SUMMARY ***
Total pot 40 | Rake 0 
Board [9c 3d Jh]
Seat 1: Marcelrudi (button) (small blind) collected (40)
Seat 3: Mahu2021 (big blind) folded on the Flop



PokerStars Hand #246961414102: Tournament #3669170572, $1.84+$0.16 USD Hold'em No Limit - Level I (10/20) - 2023/11/06 17:31:54 CET [2023/11/06 11:31:54 ET]
Table '3669170572 1' 3-max Seat #3 is the button
Seat 1: Marcelrudi (520 in chips) 
Seat 3: Mahu2021 (980 in chips) 
Mahu2021: posts small blind 10
Marcelrudi: posts big blind 20
*** HOLE CARDS ***
Dealt to Mahu2021 [Qc 8h]
Mahu2021: calls 10
Marcelrudi: checks 
*** FLOP *** [8c 4d 6s]
Marcelrudi: checks 
Mahu2021: bets 40
Marcelrudi: calls 40
*** TURN *** [8c 4d 6s] [2h]
Marcelrudi: checks 
Mahu2021: checks 
*** RIVER *** [8c 4d 6s 2h] [4s]
Marcelrudi: bets 100
Mahu2021: calls 100
*** SHOW DOWN ***
Marcelrudi: shows [5d Kh] (a pair of Fours)
Mahu2021: shows [Qc 8h] (two pair, Eights and Fours)
Mahu2021 collected 320 from pot
*** SUMMARY ***
Total pot 320 | Rake 0 
Board [8c 4d 6s 2h 4s]
Seat 1: Marcelrudi (big blind) showed [5d Kh] and lost with a pair of Fours
Seat 3: Mahu2021 (button) (small blind) showed [Qc 8h] and won (320) with two pair, Eights and Fours



PokerStars Hand #246961421891: Tournament #3669170572, $1.84+$0.16 USD Hold'em No Limit - Level II (15/30) - 2023/11/06 17:32:23 CET [2023/11/06 11:32:23 ET]
Table '3669170572 1' 3-max Seat #1 is the button
Seat 1: Marcelrudi (360 in chips) 
Seat 3: Mahu2021 (1140 in chips) 
Marcelrudi: posts small blind 15
Mahu2021: posts big blind 30
*** HOLE CARDS ***
Dealt to Mahu2021 [Td 6s]
Marcelrudi: folds 
Uncalled bet (15) returned to Mahu2021
Mahu2021 collected 30 from pot
Mahu2021: doesn't show hand 
*** SUMMARY ***
Total pot 30 | Rake 0 
Seat 1: Marcelrudi (button) (small blind) folded before Flop
Seat 3: Mahu2021 (big blind) collected (30)



PokerStars Hand #246961423270: Tournament #3669170572, $1.84+$0.16 USD Hold'em No Limit - Level II (15/30) - 2023/11/06 17:32:28 CET [2023/11/06 11:32:28 ET]
Table '3669170572 1' 3-max Seat #3 is the button
Seat 1: Marcelrudi (345 in chips) 
Seat 3: Mahu2021 (1155 in chips) 
Mahu2021: posts small blind 15
Marcelrudi: posts big blind 30
*** HOLE CARDS ***
Dealt to Mahu2021 [5s 5d]
Mahu2021: raises 1125 to 1155 and is all-in
Marcelrudi: folds 
Uncalled bet (1125) returned to Mahu2021
Mahu2021 collected 60 from pot
Mahu2021: doesn't show hand 
*** SUMMARY ***
Total pot 60 | Rake 0 
Seat 1: Marcelrudi (big blind) folded before Flop
Seat 3: Mahu2021 (button) (small blind) collected (60)



PokerStars Hand #246961427309: Tournament #3669170572, $1.84+$0.16 USD Hold'em No Limit - Level II (15/30) - 2023/11/06 17:32:43 CET [2023/11/06 11:32:43 ET]
Table '3669170572 1' 3-max Seat #1 is the button
Seat 1: Marcelrudi (315 in chips) 
Seat 3: Mahu2021 (1185 in chips) 
Marcelrudi: posts small blind 15
Mahu2021: posts big blind 30
*** HOLE CARDS ***
Dealt to Mahu2021 [7d Kd]
Marcelrudi: calls 15
Mahu2021: checks 
*** FLOP *** [8c 6c 8s]
Mahu2021: checks 
Marcelrudi: checks 
*** TURN *** [8c 6c 8s] [Jh]
Mahu2021: checks 
Marcelrudi: bets 30
Mahu2021: calls 30
*** RIVER *** [8c 6c 8s Jh] [3h]
Mahu2021: checks 
Marcelrudi: bets 30
Mahu2021: folds 
Uncalled bet (30) returned to Marcelrudi
Marcelrudi collected 120 from pot
Marcelrudi: doesn't show hand 
*** SUMMARY ***
Total pot 120 | Rake 0 
Board [8c 6c 8s Jh 3h]
Seat 1: Marcelrudi (button) (small blind) collected (120)
Seat 3: Mahu2021 (big blind) folded on the River



PokerStars Hand #246961432789: Tournament #3669170572, $1.84+$0.16 USD Hold'em No Limit - Level II (15/30) - 2023/11/06 17:33:04 CET [2023/11/06 11:33:04 ET]
Table '3669170572 1' 3-max Seat #3 is the button
Seat 1: Marcelrudi (375 in chips) 
Seat 3: Mahu2021 (1125 in chips) 
Mahu2021: posts small blind 15
Marcelrudi: posts big blind 30
*** HOLE CARDS ***
Dealt to Mahu2021 [6c 9c]
Mahu2021: calls 15
Marcelrudi: checks 
*** FLOP *** [Kd Th 3d]
Marcelrudi: checks 
Mahu2021: bets 60
Marcelrudi: calls 60
*** TURN *** [Kd Th 3d] [5h]
Marcelrudi: bets 90
Mahu2021: folds 
Uncalled bet (90) returned to Marcelrudi
Marcelrudi collected 180 from pot
Marcelrudi: doesn't show hand 
*** SUMMARY ***
Total pot 180 | Rake 0 
Board [Kd Th 3d 5h]
Seat 1: Marcelrudi (big blind) collected (180)
Seat 3: Mahu2021 (button) (small blind) folded on the Turn



PokerStars Hand #246961440417: Tournament #3669170572, $1.84+$0.16 USD Hold'em No Limit - Level II (15/30) - 2023/11/06 17:33:33 CET [2023/11/06 11:33:33 ET]
Table '3669170572 1' 3-max Seat #1 is the button
Seat 1: Marcelrudi (465 in chips) 
Seat 3: Mahu2021 (1035 in chips) 
Marcelrudi: posts small blind 15
Mahu2021: posts big blind 30
*** HOLE CARDS ***
Dealt to Mahu2021 [6d Qh]
Marcelrudi: raises 435 to 465 and is all-in
Mahu2021: folds 
Uncalled bet (435) returned to Marcelrudi
Marcelrudi collected 60 from pot
Marcelrudi: doesn't show hand 
*** SUMMARY ***
Total pot 60 | Rake 0 
Seat 1: Marcelrudi (button) (small blind) collected (60)
Seat 3: Mahu2021 (big blind) folded before Flop



PokerStars Hand #246961442625: Tournament #3669170572, $1.84+$0.16 USD Hold'em No Limit - Level II (15/30) - 2023/11/06 17:33:41 CET [2023/11/06 11:33:41 ET]
Table '3669170572 1' 3-max Seat #3 is the button
Seat 1: Marcelrudi (495 in chips) 
Seat 3: Mahu2021 (1005 in chips) 
Mahu2021: posts small blind 15
Marcelrudi: posts big blind 30
*** HOLE CARDS ***
Dealt to Mahu2021 [Ks 5h]
Mahu2021: calls 15
Marcelrudi: checks 
*** FLOP *** [3d Qh Ad]
Marcelrudi: checks 
Mahu2021: checks 
*** TURN *** [3d Qh Ad] [2d]
Marcelrudi: checks 
Mahu2021: bets 60
Marcelrudi: folds 
Uncalled bet (60) returned to Mahu2021
Mahu2021 collected 60 from pot
Mahu2021: doesn't show hand 
*** SUMMARY ***
Total pot 60 | Rake 0 
Board [3d Qh Ad 2d]
Seat 1: Marcelrudi (big blind) folded on the Turn
Seat 3: Mahu2021 (button) (small blind) collected (60)



PokerStars Hand #246961451096: Tournament #3669170572, $1.84+$0.16 USD Hold'em No Limit - Level II (15/30) - 2023/11/06 17:34:13 CET [2023/11/06 11:34:13 ET]
Table '3669170572 1' 3-max Seat #1 is the button
Seat 1: Marcelrudi (465 in chips) 
Seat 3: Mahu2021 (1035 in chips) 
Marcelrudi: posts small blind 15
Mahu2021: posts big blind 30
*** HOLE CARDS ***
Dealt to Mahu2021 [Ah 5h]
Marcelrudi: folds 
Uncalled bet (15) returned to Mahu2021
Mahu2021 collected 30 from pot
Mahu2021: doesn't show hand 
*** SUMMARY ***
Total pot 30 | Rake 0 
Seat 1: Marcelrudi (button) (small blind) folded before Flop
Seat 3: Mahu2021 (big blind) collected (30)



PokerStars Hand #246961452790: Tournament #3669170572, $1.84+$0.16 USD Hold'em No Limit - Level II (15/30) - 2023/11/06 17:34:20 CET [2023/11/06 11:34:20 ET]
Table '3669170572 1' 3-max Seat #3 is the button
Seat 1: Marcelrudi (450 in chips) 
Seat 3: Mahu2021 (1050 in chips) 
Mahu2021: posts small blind 15
Marcelrudi: posts big blind 30
*** HOLE CARDS ***
Dealt to Mahu2021 [3h Td]
Mahu2021: folds 
Uncalled bet (15) returned to Marcelrudi
Marcelrudi collected 30 from pot
Marcelrudi: doesn't show hand 
*** SUMMARY ***
Total pot 30 | Rake 0 
Seat 1: Marcelrudi (big blind) collected (30)
Seat 3: Mahu2021 (button) (small blind) folded before Flop



PokerStars Hand #246961453973: Tournament #3669170572, $1.84+$0.16 USD Hold'em No Limit - Level II (15/30) - 2023/11/06 17:34:24 CET [2023/11/06 11:34:24 ET]
Table '3669170572 1' 3-max Seat #1 is the button
Seat 1: Marcelrudi (465 in chips) 
Seat 3: Mahu2021 (1035 in chips) 
Marcelrudi: posts small blind 15
Mahu2021: posts big blind 30
*** HOLE CARDS ***
Dealt to Mahu2021 [Th Kc]
Marcelrudi: folds 
Uncalled bet (15) returned to Mahu2021
Mahu2021 collected 30 from pot
Mahu2021: doesn't show hand 
*** SUMMARY ***
Total pot 30 | Rake 0 
Seat 1: Marcelrudi (button) (small blind) folded before Flop
Seat 3: Mahu2021 (big blind) collected (30)



PokerStars Hand #246961455958: Tournament #3669170572, $1.84+$0.16 USD Hold'em No Limit - Level II (15/30) - 2023/11/06 17:34:32 CET [2023/11/06 11:34:32 ET]
Table '3669170572 1' 3-max Seat #3 is the button
Seat 1: Marcelrudi (450 in chips) 
Seat 3: Mahu2021 (1050 in chips) 
Mahu2021: posts small blind 15
Marcelrudi: posts big blind 30
*** HOLE CARDS ***
Dealt to Mahu2021 [5c Kd]
Mahu2021: calls 15
Marcelrudi: checks 
*** FLOP *** [5h Js 4s]
Marcelrudi: checks 
Mahu2021: checks 
*** TURN *** [5h Js 4s] [6c]
Marcelrudi: checks 
Mahu2021: checks 
*** RIVER *** [5h Js 4s 6c] [3d]
Marcelrudi: checks 
Mahu2021: checks 
*** SHOW DOWN ***
Marcelrudi: shows [8h 2s] (a straight, Deuce to Six)
Mahu2021: mucks hand 
Marcelrudi collected 60 from pot
*** SUMMARY ***
Total pot 60 | Rake 0 
Board [5h Js 4s 6c 3d]
Seat 1: Marcelrudi (big blind) showed [8h 2s] and won (60) with a straight, Deuce to Six
Seat 3: Mahu2021 (button) (small blind) mucked [5c Kd]



PokerStars Hand #246961461784: Tournament #3669170572, $1.84+$0.16 USD Hold'em No Limit - Level II (15/30) - 2023/11/06 17:34:54 CET [2023/11/06 11:34:54 ET]
Table '3669170572 1' 3-max Seat #1 is the button
Seat 1: Marcelrudi (480 in chips) 
Seat 3: Mahu2021 (1020 in chips) 
Marcelrudi: posts small blind 15
Mahu2021: posts big blind 30
*** HOLE CARDS ***
Dealt to Mahu2021 [Qd 9h]
Marcelrudi: raises 90 to 120
Mahu2021: folds 
Uncalled bet (90) returned to Marcelrudi
Marcelrudi collected 60 from pot
Marcelrudi: doesn't show hand 
*** SUMMARY ***
Total pot 60 | Rake 0 
Seat 1: Marcelrudi (button) (small blind) collected (60)
Seat 3: Mahu2021 (big blind) folded before Flop



PokerStars Hand #246961464994: Tournament #3669170572, $1.84+$0.16 USD Hold'em No Limit - Level III (20/40) - 2023/11/06 17:35:06 CET [2023/11/06 11:35:06 ET]
Table '3669170572 1' 3-max Seat #3 is the button
Seat 1: Marcelrudi (510 in chips) 
Seat 3: Mahu2021 (990 in chips) 
Mahu2021: posts small blind 20
Marcelrudi: posts big blind 40
*** HOLE CARDS ***
Dealt to Mahu2021 [4h 8c]
Mahu2021: folds 
Uncalled bet (20) returned to Marcelrudi
Marcelrudi collected 40 from pot
Marcelrudi: doesn't show hand 
*** SUMMARY ***
Total pot 40 | Rake 0 
Seat 1: Marcelrudi (big blind) collected (40)
Seat 3: Mahu2021 (button) (small blind) folded before Flop



PokerStars Hand #246961466205: Tournament #3669170572, $1.84+$0.16 USD Hold'em No Limit - Level III (20/40) - 2023/11/06 17:35:10 CET [2023/11/06 11:35:10 ET]
Table '3669170572 1' 3-max Seat #1 is the button
Seat 1: Marcelrudi (530 in chips) 
Seat 3: Mahu2021 (970 in chips) 
Marcelrudi: posts small blind 20
Mahu2021: posts big blind 40
*** HOLE CARDS ***
Dealt to Mahu2021 [Jh 8h]
Marcelrudi: calls 20
Mahu2021: checks 
*** FLOP *** [Jc 9d 2c]
Mahu2021: bets 40
Marcelrudi: calls 40
*** TURN *** [Jc 9d 2c] [6d]
Mahu2021: bets 890 and is all-in
Marcelrudi: folds 
Uncalled bet (890) returned to Mahu2021
Mahu2021 collected 160 from pot
Mahu2021: doesn't show hand 
*** SUMMARY ***
Total pot 160 | Rake 0 
Board [Jc 9d 2c 6d]
Seat 1: Marcelrudi (button) (small blind) folded on the Turn
Seat 3: Mahu2021 (big blind) collected (160)



PokerStars Hand #246961473091: Tournament #3669170572, $1.84+$0.16 USD Hold'em No Limit - Level III (20/40) - 2023/11/06 17:35:36 CET [2023/11/06 11:35:36 ET]
Table '3669170572 1' 3-max Seat #3 is the button
Seat 1: Marcelrudi (450 in chips) 
Seat 3: Mahu2021 (1050 in chips) 
Mahu2021: posts small blind 20
Marcelrudi: posts big blind 40
*** HOLE CARDS ***
Dealt to Mahu2021 [Jc 2c]
Mahu2021: calls 20
Marcelrudi: raises 410 to 450 and is all-in
Mahu2021: folds 
Uncalled bet (410) returned to Marcelrudi
Marcelrudi collected 80 from pot
Marcelrudi: doesn't show hand 
*** SUMMARY ***
Total pot 80 | Rake 0 
Seat 1: Marcelrudi (big blind) collected (80)
Seat 3: Mahu2021 (button) (small blind) folded before Flop



PokerStars Hand #246961476140: Tournament #3669170572, $1.84+$0.16 USD Hold'em No Limit - Level III (20/40) - 2023/11/06 17:35:47 CET [2023/11/06 11:35:47 ET]
Table '3669170572 1' 3-max Seat #1 is the button
Seat 1: Marcelrudi (490 in chips) 
Seat 3: Mahu2021 (1010 in chips) 
Marcelrudi: posts small blind 20
Mahu2021: posts big blind 40
*** HOLE CARDS ***
Dealt to Mahu2021 [Qh 3c]
Marcelrudi: folds 
Uncalled bet (20) returned to Mahu2021
Mahu2021 collected 40 from pot
Mahu2021: doesn't show hand 
*** SUMMARY ***
Total pot 40 | Rake 0 
Seat 1: Marcelrudi (button) (small blind) folded before Flop
Seat 3: Mahu2021 (big blind) collected (40)



PokerStars Hand #246961477620: Tournament #3669170572, $1.84+$0.16 USD Hold'em No Limit - Level III (20/40) - 2023/11/06 17:35:53 CET [2023/11/06 11:35:53 ET]
Table '3669170572 1' 3-max Seat #3 is the button
Seat 1: Marcelrudi (470 in chips) 
Seat 3: Mahu2021 (1030 in chips) 
Mahu2021: posts small blind 20
Marcelrudi: posts big blind 40
*** HOLE CARDS ***
Dealt to Mahu2021 [Qc 8h]
Mahu2021: calls 20
Marcelrudi: checks 
*** FLOP *** [3s Qh 6d]
Marcelrudi: checks 
Mahu2021: bets 80
Marcelrudi: folds 
Uncalled bet (80) returned to Mahu2021
Mahu2021 collected 80 from pot
Mahu2021: doesn't show hand 
*** SUMMARY ***
Total pot 80 | Rake 0 
Board [3s Qh 6d]
Seat 1: Marcelrudi (big blind) folded on the Flop
Seat 3: Mahu2021 (button) (small blind) collected (80)



PokerStars Hand #246961483875: Tournament #3669170572, $1.84+$0.16 USD Hold'em No Limit - Level III (20/40) - 2023/11/06 17:36:17 CET [2023/11/06 11:36:17 ET]
Table '3669170572 1' 3-max Seat #1 is the button
Seat 1: Marcelrudi (430 in chips) 
Seat 3: Mahu2021 (1070 in chips) 
Marcelrudi: posts small blind 20
Mahu2021: posts big blind 40
*** HOLE CARDS ***
Dealt to Mahu2021 [8h 7c]
Marcelrudi: calls 20
Mahu2021: checks 
*** FLOP *** [As Qc 2s]
Mahu2021: checks 
Marcelrudi: bets 40
Mahu2021: folds 
Uncalled bet (40) returned to Marcelrudi
Marcelrudi collected 80 from pot
Marcelrudi: doesn't show hand 
*** SUMMARY ***
Total pot 80 | Rake 0 
Board [As Qc 2s]
Seat 1: Marcelrudi (button) (small blind) collected (80)
Seat 3: Mahu2021 (big blind) folded on the Flop



PokerStars Hand #246961486702: Tournament #3669170572, $1.84+$0.16 USD Hold'em No Limit - Level III (20/40) - 2023/11/06 17:36:27 CET [2023/11/06 11:36:27 ET]
Table '3669170572 1' 3-max Seat #3 is the button
Seat 1: Marcelrudi (470 in chips) 
Seat 3: Mahu2021 (1030 in chips) 
Mahu2021: posts small blind 20
Marcelrudi: posts big blind 40
*** HOLE CARDS ***
Dealt to Mahu2021 [Qd 7h]
Mahu2021: calls 20
Marcelrudi: checks 
*** FLOP *** [8s 9h 6s]
Marcelrudi: bets 40
Mahu2021: calls 40
*** TURN *** [8s 9h 6s] [3s]
Marcelrudi: bets 40
Mahu2021: calls 40
*** RIVER *** [8s 9h 6s 3s] [Ac]
Marcelrudi: bets 40
Mahu2021: folds 
Uncalled bet (40) returned to Marcelrudi
Marcelrudi collected 240 from pot
Marcelrudi: doesn't show hand 
*** SUMMARY ***
Total pot 240 | Rake 0 
Board [8s 9h 6s 3s Ac]
Seat 1: Marcelrudi (big blind) collected (240)
Seat 3: Mahu2021 (button) (small blind) folded on the River



PokerStars Hand #246961491830: Tournament #3669170572, $1.84+$0.16 USD Hold'em No Limit - Level III (20/40) - 2023/11/06 17:36:47 CET [2023/11/06 11:36:47 ET]
Table '3669170572 1' 3-max Seat #1 is the button
Seat 1: Marcelrudi (590 in chips) 
Seat 3: Mahu2021 (910 in chips) 
Marcelrudi: posts small blind 20
Mahu2021: posts big blind 40
*** HOLE CARDS ***
Dealt to Mahu2021 [Kh 7h]
Marcelrudi: folds 
Uncalled bet (20) returned to Mahu2021
Mahu2021 collected 40 from pot
Mahu2021: doesn't show hand 
*** SUMMARY ***
Total pot 40 | Rake 0 
Seat 1: Marcelrudi (button) (small blind) folded before Flop
Seat 3: Mahu2021 (big blind) collected (40)



PokerStars Hand #246961493123: Tournament #3669170572, $1.84+$0.16 USD Hold'em No Limit - Level III (20/40) - 2023/11/06 17:36:52 CET [2023/11/06 11:36:52 ET]
Table '3669170572 1' 3-max Seat #3 is the button
Seat 1: Marcelrudi (570 in chips) 
Seat 3: Mahu2021 (930 in chips) 
Mahu2021: posts small blind 20
Marcelrudi: posts big blind 40
*** HOLE CARDS ***
Dealt to Mahu2021 [4s Qh]
Mahu2021: raises 40 to 80
Marcelrudi: folds 
Uncalled bet (40) returned to Mahu2021
Mahu2021 collected 80 from pot
Mahu2021: doesn't show hand 
*** SUMMARY ***
Total pot 80 | Rake 0 
Seat 1: Marcelrudi (big blind) folded before Flop
Seat 3: Mahu2021 (button) (small blind) collected (80)



PokerStars Hand #246961494976: Tournament #3669170572, $1.84+$0.16 USD Hold'em No Limit - Level III (20/40) - 2023/11/06 17:36:59 CET [2023/11/06 11:36:59 ET]
Table '3669170572 1' 3-max Seat #1 is the button
Seat 1: Marcelrudi (530 in chips) 
Seat 3: Mahu2021 (970 in chips) 
Marcelrudi: posts small blind 20
Mahu2021: posts big blind 40
*** HOLE CARDS ***
Dealt to Mahu2021 [Qd 7s]
Marcelrudi: calls 20
Mahu2021: checks 
*** FLOP *** [9s 3h Ah]
Mahu2021: checks 
Marcelrudi: bets 40
Mahu2021: folds 
Uncalled bet (40) returned to Marcelrudi
Marcelrudi collected 80 from pot
Marcelrudi: doesn't show hand 
*** SUMMARY ***
Total pot 80 | Rake 0 
Board [9s 3h Ah]
Seat 1: Marcelrudi (button) (small blind) collected (80)
Seat 3: Mahu2021 (big blind) folded on the Flop



PokerStars Hand #246961497722: Tournament #3669170572, $1.84+$0.16 USD Hold'em No Limit - Level III (20/40) - 2023/11/06 17:37:10 CET [2023/11/06 11:37:10 ET]
Table '3669170572 1' 3-max Seat #3 is the button
Seat 1: Marcelrudi (570 in chips) 
Seat 3: Mahu2021 (930 in chips) 
Mahu2021: posts small blind 20
Marcelrudi: posts big blind 40
*** HOLE CARDS ***
Dealt to Mahu2021 [6h As]
Mahu2021: raises 80 to 120
Marcelrudi: folds 
Uncalled bet (80) returned to Mahu2021
Mahu2021 collected 80 from pot
Mahu2021: doesn't show hand 
*** SUMMARY ***
Total pot 80 | Rake 0 
Seat 1: Marcelrudi (big blind) folded before Flop
Seat 3: Mahu2021 (button) (small blind) collected (80)



PokerStars Hand #246961500162: Tournament #3669170572, $1.84+$0.16 USD Hold'em No Limit - Level III (20/40) - 2023/11/06 17:37:19 CET [2023/11/06 11:37:19 ET]
Table '3669170572 1' 3-max Seat #1 is the button
Seat 1: Marcelrudi (530 in chips) 
Seat 3: Mahu2021 (970 in chips) 
Marcelrudi: posts small blind 20
Mahu2021: posts big blind 40
*** HOLE CARDS ***
Dealt to Mahu2021 [Ad 6s]
Marcelrudi: calls 20
Mahu2021: raises 80 to 120
Marcelrudi: folds 
Uncalled bet (80) returned to Mahu2021
Mahu2021 collected 80 from pot
Mahu2021: doesn't show hand 
*** SUMMARY ***
Total pot 80 | Rake 0 
Seat 1: Marcelrudi (button) (small blind) folded before Flop
Seat 3: Mahu2021 (big blind) collected (80)



PokerStars Hand #246961504741: Tournament #3669170572, $1.84+$0.16 USD Hold'em No Limit - Level III (20/40) - 2023/11/06 17:37:36 CET [2023/11/06 11:37:36 ET]
Table '3669170572 1' 3-max Seat #3 is the button
Seat 1: Marcelrudi (490 in chips) 
Seat 3: Mahu2021 (1010 in chips) 
Mahu2021: posts small blind 20
Marcelrudi: posts big blind 40
*** HOLE CARDS ***
Dealt to Mahu2021 [5h Qc]
Mahu2021: folds 
Uncalled bet (20) returned to Marcelrudi
Marcelrudi collected 40 from pot
Marcelrudi: doesn't show hand 
*** SUMMARY ***
Total pot 40 | Rake 0 
Seat 1: Marcelrudi (big blind) collected (40)
Seat 3: Mahu2021 (button) (small blind) folded before Flop



PokerStars Hand #246961506240: Tournament #3669170572, $1.84+$0.16 USD Hold'em No Limit - Level III (20/40) - 2023/11/06 17:37:42 CET [2023/11/06 11:37:42 ET]
Table '3669170572 1' 3-max Seat #1 is the button
Seat 1: Marcelrudi (510 in chips) 
Seat 3: Mahu2021 (990 in chips) 
Marcelrudi: posts small blind 20
Mahu2021: posts big blind 40
*** HOLE CARDS ***
Dealt to Mahu2021 [Td 4h]
Marcelrudi: calls 20
Mahu2021: checks 
*** FLOP *** [6s 5d Qh]
Mahu2021: checks 
Marcelrudi: bets 40
Mahu2021: folds 
Uncalled bet (40) returned to Marcelrudi
Marcelrudi collected 80 from pot
Marcelrudi: doesn't show hand 
*** SUMMARY ***
Total pot 80 | Rake 0 
Board [6s 5d Qh]
Seat 1: Marcelrudi (button) (small blind) collected (80)
Seat 3: Mahu2021 (big blind) folded on the Flop



PokerStars Hand #246961509110: Tournament #3669170572, $1.84+$0.16 USD Hold'em No Limit - Level III (20/40) - 2023/11/06 17:37:53 CET [2023/11/06 11:37:53 ET]
Table '3669170572 1' 3-max Seat #3 is the button
Seat 1: Marcelrudi (550 in chips) 
Seat 3: Mahu2021 (950 in chips) 
Mahu2021: posts small blind 20
Marcelrudi: posts big blind 40
*** HOLE CARDS ***
Dealt to Mahu2021 [Td 2d]
Mahu2021: calls 20
Marcelrudi: raises 80 to 120
Mahu2021: folds 
Uncalled bet (80) returned to Marcelrudi
Marcelrudi collected 80 from pot
Marcelrudi: doesn't show hand 
*** SUMMARY ***
Total pot 80 | Rake 0 
Seat 1: Marcelrudi (big blind) collected (80)
Seat 3: Mahu2021 (button) (small blind) folded before Flop



PokerStars Hand #246961512133: Tournament #3669170572, $1.84+$0.16 USD Hold'em No Limit - Level IV (30/60) - 2023/11/06 17:38:05 CET [2023/11/06 11:38:05 ET]
Table '3669170572 1' 3-max Seat #1 is the button
Seat 1: Marcelrudi (590 in chips) 
Seat 3: Mahu2021 (910 in chips) 
Marcelrudi: posts small blind 30
Mahu2021: posts big blind 60
*** HOLE CARDS ***
Dealt to Mahu2021 [Js 7h]
Marcelrudi: raises 120 to 180
Mahu2021: folds 
Uncalled bet (120) returned to Marcelrudi
Marcelrudi collected 120 from pot
Marcelrudi: doesn't show hand 
*** SUMMARY ***
Total pot 120 | Rake 0 
Seat 1: Marcelrudi (button) (small blind) collected (120)
Seat 3: Mahu2021 (big blind) folded before Flop



PokerStars Hand #246961515307: Tournament #3669170572, $1.84+$0.16 USD Hold'em No Limit - Level IV (30/60) - 2023/11/06 17:38:17 CET [2023/11/06 11:38:17 ET]
Table '3669170572 1' 3-max Seat #3 is the button
Seat 1: Marcelrudi (650 in chips) 
Seat 3: Mahu2021 (850 in chips) 
Mahu2021: posts small blind 30
Marcelrudi: posts big blind 60
*** HOLE CARDS ***
Dealt to Mahu2021 [Qc 5h]
Mahu2021: folds 
Uncalled bet (30) returned to Marcelrudi
Marcelrudi collected 60 from pot
Marcelrudi: doesn't show hand 
*** SUMMARY ***
Total pot 60 | Rake 0 
Seat 1: Marcelrudi (big blind) collected (60)
Seat 3: Mahu2021 (button) (small blind) folded before Flop



PokerStars Hand #246961516554: Tournament #3669170572, $1.84+$0.16 USD Hold'em No Limit - Level IV (30/60) - 2023/11/06 17:38:21 CET [2023/11/06 11:38:21 ET]
Table '3669170572 1' 3-max Seat #1 is the button
Seat 1: Marcelrudi (680 in chips) 
Seat 3: Mahu2021 (820 in chips) 
Marcelrudi: posts small blind 30
Mahu2021: posts big blind 60
*** HOLE CARDS ***
Dealt to Mahu2021 [5c Ac]
Marcelrudi: raises 120 to 180
Mahu2021: raises 640 to 820 and is all-in
Marcelrudi: calls 500 and is all-in
Uncalled bet (140) returned to Mahu2021
*** FLOP *** [Ks 6d 8c]
*** TURN *** [Ks 6d 8c] [9s]
*** RIVER *** [Ks 6d 8c 9s] [7c]
*** SHOW DOWN ***
Mahu2021: shows [5c Ac] (a straight, Five to Nine)
Marcelrudi: shows [Js As] (high card Ace)
Mahu2021 collected 1360 from pot
Marcelrudi finished the tournament in 2nd place
Mahu2021 wins the tournament and receives $6.00 - congratulations!
*** SUMMARY ***
Total pot 1360 | Rake 0 
Board [Ks 6d 8c 9s 7c]
Seat 1: Marcelrudi (button) (small blind) showed [Js As] and lost with high card Ace
Seat 3: Mahu2021 (big blind) showed [5c Ac] and won (1360) with a straight, Five to Nine



