PokerStars Hand #253364436826: Tournament #3822613694, $4.60+$0.40 USD Hold'em No Limit - Level I (10/20) - 2024/11/11 22:52:57 CET [2024/11/11 16:52:57 ET]
Table '3822613694 1' 3-max Seat #1 is the button
Seat 1: Fuuuuuuull (500 in chips) 
Seat 2: Mahu2021 (500 in chips) 
Seat 3: KMarQR (500 in chips) 
Mahu2021: posts small blind 10
KMarQR: posts big blind 20
*** HOLE CARDS ***
Dealt to Mahu2021 [3d 5d]
Fuuuuuuull: raises 20 to 40
Mahu2021: calls 30
KMarQR: calls 20
*** FLOP *** [Kh 3s As]
Mahu2021: checks 
KMarQR: checks 
Fuuuuuuull: bets 80
Mahu2021: folds 
KMarQR: folds 
Uncalled bet (80) returned to Fuuuuuuull
Fuuuuuuull collected 120 from pot
Fuuuuuuull: doesn't show hand 
*** SUMMARY ***
Total pot 120 | Rake 0 
Board [Kh 3s As]
Seat 1: Fuuuuuuull (button) collected (120)
Seat 2: Mahu2021 (small blind) folded on the Flop
Seat 3: KMarQR (big blind) folded on the Flop



PokerStars Hand #253364443672: Tournament #3822613694, $4.60+$0.40 USD Hold'em No Limit - Level I (10/20) - 2024/11/11 22:53:19 CET [2024/11/11 16:53:19 ET]
Table '3822613694 1' 3-max Seat #2 is the button
Seat 1: Fuuuuuuull (580 in chips) 
Seat 2: Mahu2021 (460 in chips) 
Seat 3: KMarQR (460 in chips) 
KMarQR: posts small blind 10
Fuuuuuuull: posts big blind 20
*** HOLE CARDS ***
Dealt to Mahu2021 [4c Tc]
Mahu2021: folds 
KMarQR: folds 
Uncalled bet (10) returned to Fuuuuuuull
Fuuuuuuull collected 20 from pot
Fuuuuuuull: doesn't show hand 
*** SUMMARY ***
Total pot 20 | Rake 0 
Seat 1: Fuuuuuuull (big blind) collected (20)
Seat 2: Mahu2021 (button) folded before Flop (didn't bet)
Seat 3: KMarQR (small blind) folded before Flop



PokerStars Hand #253364445275: Tournament #3822613694, $4.60+$0.40 USD Hold'em No Limit - Level I (10/20) - 2024/11/11 22:53:24 CET [2024/11/11 16:53:24 ET]
Table '3822613694 1' 3-max Seat #3 is the button
Seat 1: Fuuuuuuull (590 in chips) 
Seat 2: Mahu2021 (460 in chips) 
Seat 3: KMarQR (450 in chips) 
Fuuuuuuull: posts small blind 10
Mahu2021: posts big blind 20
*** HOLE CARDS ***
Dealt to Mahu2021 [8c Jc]
KMarQR: calls 20
Fuuuuuuull: folds 
Mahu2021: checks 
*** FLOP *** [3d Kc Qc]
Mahu2021: checks 
KMarQR: checks 
*** TURN *** [3d Kc Qc] [Ks]
Mahu2021: checks 
KMarQR: bets 20
Mahu2021: calls 20
*** RIVER *** [3d Kc Qc Ks] [5s]
Mahu2021: checks 
KMarQR: bets 20
Mahu2021: folds 
Uncalled bet (20) returned to KMarQR
KMarQR collected 90 from pot
KMarQR: doesn't show hand 
*** SUMMARY ***
Total pot 90 | Rake 0 
Board [3d Kc Qc Ks 5s]
Seat 1: Fuuuuuuull (small blind) folded before Flop
Seat 2: Mahu2021 (big blind) folded on the River
Seat 3: KMarQR (button) collected (90)



PokerStars Hand #253364450961: Tournament #3822613694, $4.60+$0.40 USD Hold'em No Limit - Level I (10/20) - 2024/11/11 22:53:42 CET [2024/11/11 16:53:42 ET]
Table '3822613694 1' 3-max Seat #1 is the button
Seat 1: Fuuuuuuull (580 in chips) 
Seat 2: Mahu2021 (420 in chips) 
Seat 3: KMarQR (500 in chips) 
Mahu2021: posts small blind 10
KMarQR: posts big blind 20
*** HOLE CARDS ***
Dealt to Mahu2021 [Tc Ts]
Fuuuuuuull: folds 
Mahu2021: raises 60 to 80
KMarQR: folds 
Uncalled bet (60) returned to Mahu2021
Mahu2021 collected 40 from pot
Mahu2021: doesn't show hand 
*** SUMMARY ***
Total pot 40 | Rake 0 
Seat 1: Fuuuuuuull (button) folded before Flop (didn't bet)
Seat 2: Mahu2021 (small blind) collected (40)
Seat 3: KMarQR (big blind) folded before Flop



PokerStars Hand #253364453744: Tournament #3822613694, $4.60+$0.40 USD Hold'em No Limit - Level I (10/20) - 2024/11/11 22:53:51 CET [2024/11/11 16:53:51 ET]
Table '3822613694 1' 3-max Seat #2 is the button
Seat 1: Fuuuuuuull (580 in chips) 
Seat 2: Mahu2021 (440 in chips) 
Seat 3: KMarQR (480 in chips) 
KMarQR: posts small blind 10
Fuuuuuuull: posts big blind 20
*** HOLE CARDS ***
Dealt to Mahu2021 [8c Qc]
Mahu2021: calls 20
KMarQR: folds 
Fuuuuuuull: checks 
*** FLOP *** [4s 2h 2c]
Fuuuuuuull: checks 
Mahu2021: checks 
*** TURN *** [4s 2h 2c] [Js]
Fuuuuuuull: checks 
Mahu2021: checks 
*** RIVER *** [4s 2h 2c Js] [5s]
Fuuuuuuull: checks 
Mahu2021: checks 
*** SHOW DOWN ***
Fuuuuuuull: shows [Td 6h] (a pair of Deuces)
Mahu2021: shows [8c Qc] (a pair of Deuces - Queen kicker)
Mahu2021 collected 50 from pot
*** SUMMARY ***
Total pot 50 | Rake 0 
Board [4s 2h 2c Js 5s]
Seat 1: Fuuuuuuull (big blind) showed [Td 6h] and lost with a pair of Deuces
Seat 2: Mahu2021 (button) showed [8c Qc] and won (50) with a pair of Deuces
Seat 3: KMarQR (small blind) folded before Flop



PokerStars Hand #253364459993: Tournament #3822613694, $4.60+$0.40 USD Hold'em No Limit - Level I (10/20) - 2024/11/11 22:54:11 CET [2024/11/11 16:54:11 ET]
Table '3822613694 1' 3-max Seat #3 is the button
Seat 1: Fuuuuuuull (560 in chips) 
Seat 2: Mahu2021 (470 in chips) 
Seat 3: KMarQR (470 in chips) 
Fuuuuuuull: posts small blind 10
Mahu2021: posts big blind 20
*** HOLE CARDS ***
Dealt to Mahu2021 [6c 5c]
KMarQR: calls 20
Fuuuuuuull: folds 
Mahu2021: checks 
*** FLOP *** [As Td 3d]
Mahu2021: checks 
KMarQR: bets 450 and is all-in
Mahu2021: folds 
Uncalled bet (450) returned to KMarQR
KMarQR collected 50 from pot
KMarQR: doesn't show hand 
*** SUMMARY ***
Total pot 50 | Rake 0 
Board [As Td 3d]
Seat 1: Fuuuuuuull (small blind) folded before Flop
Seat 2: Mahu2021 (big blind) folded on the Flop
Seat 3: KMarQR (button) collected (50)



PokerStars Hand #253364466161: Tournament #3822613694, $4.60+$0.40 USD Hold'em No Limit - Level I (10/20) - 2024/11/11 22:54:30 CET [2024/11/11 16:54:30 ET]
Table '3822613694 1' 3-max Seat #1 is the button
Seat 1: Fuuuuuuull (550 in chips) 
Seat 2: Mahu2021 (450 in chips) 
Seat 3: KMarQR (500 in chips) 
Mahu2021: posts small blind 10
KMarQR: posts big blind 20
*** HOLE CARDS ***
Dealt to Mahu2021 [2c 5d]
Fuuuuuuull: raises 20 to 40
Mahu2021: folds 
KMarQR: calls 20
*** FLOP *** [Qc Ah 8s]
KMarQR: checks 
Fuuuuuuull: bets 120
KMarQR: folds 
Uncalled bet (120) returned to Fuuuuuuull
Fuuuuuuull collected 90 from pot
Fuuuuuuull: doesn't show hand 
*** SUMMARY ***
Total pot 90 | Rake 0 
Board [Qc Ah 8s]
Seat 1: Fuuuuuuull (button) collected (90)
Seat 2: Mahu2021 (small blind) folded before Flop
Seat 3: KMarQR (big blind) folded on the Flop



PokerStars Hand #253364473807: Tournament #3822613694, $4.60+$0.40 USD Hold'em No Limit - Level I (10/20) - 2024/11/11 22:54:54 CET [2024/11/11 16:54:54 ET]
Table '3822613694 1' 3-max Seat #2 is the button
Seat 1: Fuuuuuuull (600 in chips) 
Seat 2: Mahu2021 (440 in chips) 
Seat 3: KMarQR (460 in chips) 
KMarQR: posts small blind 10
Fuuuuuuull: posts big blind 20
*** HOLE CARDS ***
Dealt to Mahu2021 [3s 6h]
Mahu2021: folds 
KMarQR: raises 440 to 460 and is all-in
Fuuuuuuull: folds 
Uncalled bet (440) returned to KMarQR
KMarQR collected 40 from pot
KMarQR: doesn't show hand 
*** SUMMARY ***
Total pot 40 | Rake 0 
Seat 1: Fuuuuuuull (big blind) folded before Flop
Seat 2: Mahu2021 (button) folded before Flop (didn't bet)
Seat 3: KMarQR (small blind) collected (40)



PokerStars Hand #253364476237: Tournament #3822613694, $4.60+$0.40 USD Hold'em No Limit - Level I (10/20) - 2024/11/11 22:55:02 CET [2024/11/11 16:55:02 ET]
Table '3822613694 1' 3-max Seat #3 is the button
Seat 1: Fuuuuuuull (580 in chips) 
Seat 2: Mahu2021 (440 in chips) 
Seat 3: KMarQR (480 in chips) 
Fuuuuuuull: posts small blind 10
Mahu2021: posts big blind 20
*** HOLE CARDS ***
Dealt to Mahu2021 [Ac Tc]
KMarQR: folds 
Fuuuuuuull: raises 560 to 580 and is all-in
Mahu2021: calls 420 and is all-in
Uncalled bet (140) returned to Fuuuuuuull
*** FLOP *** [8c 4d 5s]
*** TURN *** [8c 4d 5s] [Qd]
*** RIVER *** [8c 4d 5s Qd] [2d]
*** SHOW DOWN ***
Fuuuuuuull: shows [5h 5c] (three of a kind, Fives)
Mahu2021: shows [Ac Tc] (high card Ace)
Fuuuuuuull collected 880 from pot
Mahu2021 finished the tournament in 3rd place
*** SUMMARY ***
Total pot 880 | Rake 0 
Board [8c 4d 5s Qd 2d]
Seat 1: Fuuuuuuull (small blind) showed [5h 5c] and won (880) with three of a kind, Fives
Seat 2: Mahu2021 (big blind) showed [Ac Tc] and lost with high card Ace
Seat 3: KMarQR (button) folded before Flop (didn't bet)



