PokerStars Zoom Hand #254194440035:  Hold'em No Limit ($0.05/$0.10) - 2025/01/04 20:22:24 CET [2025/01/04 14:22:24 ET]
Table 'Aludra' 6-max Seat #1 is the button
Seat 1: sonicdog99 ($2.12 in chips) 
Seat 2: kamiKatze27 ($9.60 in chips) 
Seat 3: Mahu2021 ($10 in chips) 
Seat 4: Dimon_55_77 ($10 in chips) 
Seat 5: zarpapis ($11.14 in chips) 
Seat 6: jpeng248 ($19.33 in chips) 
kamiKatze27: posts small blind $0.05
Mahu2021: posts big blind $0.10
*** HOLE CARDS ***
Dealt to Mahu2021 [8d Qc]
Dimon_55_77: folds 
zarpapis: folds 
jpeng248: raises $0.12 to $0.22
sonicdog99: folds 
kamiKatze27: folds 
Mahu2021: calls $0.12
*** FLOP *** [9c 7s Kd]
Mahu2021: checks 
jpeng248: checks 
*** TURN *** [9c 7s Kd] [5h]
Mahu2021: checks 
jpeng248: checks 
*** RIVER *** [9c 7s Kd 5h] [Ks]
Mahu2021: checks 
jpeng248: checks 
*** SHOW DOWN ***
Mahu2021: shows [8d Qc] (a pair of Kings)
jpeng248: shows [Qh Qd] (two pair, Kings and Queens)
jpeng248 collected $0.47 from pot
*** SUMMARY ***
Total pot $0.49 | Rake $0.02 
Board [9c 7s Kd 5h Ks]
Seat 1: sonicdog99 (button) folded before Flop (didn't bet)
Seat 2: kamiKatze27 (small blind) folded before Flop
Seat 3: Mahu2021 (big blind) showed [8d Qc] and lost with a pair of Kings
Seat 4: Dimon_55_77 folded before Flop (didn't bet)
Seat 5: zarpapis folded before Flop (didn't bet)
Seat 6: jpeng248 showed [Qh Qd] and won ($0.47) with two pair, Kings and Queens



PokerStars Zoom Hand #254194455812:  Hold'em No Limit ($0.05/$0.10) - 2025/01/04 20:23:10 CET [2025/01/04 14:23:10 ET]
Table 'Aludra' 6-max Seat #1 is the button
Seat 1: DH1996LFC ($8.85 in chips) 
Seat 2: Mahu2021 ($9.78 in chips) 
Seat 3: CELESTINA979 ($2.13 in chips) 
Seat 4: Zonizo ($17.32 in chips) 
Seat 5: Guziks ($15.58 in chips) 
Seat 6: kropotkin2000 ($21.84 in chips) 
Mahu2021: posts small blind $0.05
CELESTINA979: posts big blind $0.10
*** HOLE CARDS ***
Dealt to Mahu2021 [Ac 9s]
Zonizo: folds 
Guziks: calls $0.10
kropotkin2000: folds 
DH1996LFC: raises $0.10 to $0.20
Mahu2021: calls $0.15
CELESTINA979: calls $0.10
Guziks: calls $0.10
*** FLOP *** [8h 8d Ah]
Mahu2021: checks 
CELESTINA979: checks 
Guziks: checks 
DH1996LFC: bets $0.20
Mahu2021: calls $0.20
CELESTINA979: calls $0.20
Guziks: folds 
*** TURN *** [8h 8d Ah] [Qc]
Mahu2021: checks 
CELESTINA979: checks 
DH1996LFC: bets $0.67
Mahu2021: calls $0.67
CELESTINA979: calls $0.67
*** RIVER *** [8h 8d Ah Qc] [Tc]
Mahu2021: checks 
CELESTINA979: checks 
DH1996LFC: checks 
*** SHOW DOWN ***
Mahu2021: shows [Ac 9s] (two pair, Aces and Eights)
CELESTINA979: shows [Kh 8s] (three of a kind, Eights)
DH1996LFC: mucks hand 
CELESTINA979 collected $3.26 from pot
*** SUMMARY ***
Total pot $3.41 | Rake $0.15 
Board [8h 8d Ah Qc Tc]
Seat 1: DH1996LFC (button) mucked [Qh Jh]
Seat 2: Mahu2021 (small blind) showed [Ac 9s] and lost with two pair, Aces and Eights
Seat 3: CELESTINA979 (big blind) showed [Kh 8s] and won ($3.26) with three of a kind, Eights
Seat 4: Zonizo folded before Flop (didn't bet)
Seat 5: Guziks folded on the Flop
Seat 6: kropotkin2000 folded before Flop (didn't bet)



PokerStars Zoom Hand #254194472261:  Hold'em No Limit ($0.05/$0.10) - 2025/01/04 20:23:59 CET [2025/01/04 14:23:59 ET]
Table 'Aludra' 6-max Seat #1 is the button
Seat 1: Mahu2021 ($8.71 in chips) 
Seat 2: Kraisecaller ($6.50 in chips) 
Seat 3: gelik32 ($10.83 in chips) 
Seat 4: chiefmaars ($15.95 in chips) 
Seat 5: Fencis ($23.76 in chips) 
Seat 6: zarpapis ($11.84 in chips) 
Kraisecaller: posts small blind $0.05
gelik32: posts big blind $0.10
*** HOLE CARDS ***
Dealt to Mahu2021 [6c 5h]
chiefmaars: folds 
Fencis: raises $0.25 to $0.35
zarpapis: folds 
Mahu2021: folds 
Kraisecaller: folds 
gelik32: folds 
Uncalled bet ($0.25) returned to Fencis
Fencis collected $0.25 from pot
Fencis: doesn't show hand 
*** SUMMARY ***
Total pot $0.25 | Rake $0 
Seat 1: Mahu2021 (button) folded before Flop (didn't bet)
Seat 2: Kraisecaller (small blind) folded before Flop
Seat 3: gelik32 (big blind) folded before Flop
Seat 4: chiefmaars folded before Flop (didn't bet)
Seat 5: Fencis collected ($0.25)
Seat 6: zarpapis folded before Flop (didn't bet)



PokerStars Zoom Hand #254194473694:  Hold'em No Limit ($0.05/$0.10) - 2025/01/04 20:24:04 CET [2025/01/04 14:24:04 ET]
Table 'Aludra' 6-max Seat #1 is the button
Seat 1: Kraisecaller ($6.45 in chips) 
Seat 2: Hypno097 ($8.11 in chips) 
Seat 3: JMcnair93 ($8.67 in chips) 
Seat 4: WideMonkaW ($12.84 in chips) 
Seat 5: sigmanolimit ($44.65 in chips) 
Seat 6: Mahu2021 ($8.71 in chips) 
Hypno097: posts small blind $0.05
JMcnair93: posts big blind $0.10
*** HOLE CARDS ***
Dealt to Mahu2021 [7s 7c]
WideMonkaW: raises $0.10 to $0.20
sigmanolimit: folds 
Mahu2021: calls $0.20
Kraisecaller: folds 
Hypno097: calls $0.15
JMcnair93: folds 
*** FLOP *** [Ad 5s Qc]
Hypno097: checks 
WideMonkaW: checks 
Mahu2021: bets $0.30
Hypno097: calls $0.30
WideMonkaW: folds 
*** TURN *** [Ad 5s Qc] [9s]
Hypno097: checks 
Mahu2021: checks 
*** RIVER *** [Ad 5s Qc 9s] [5d]
Hypno097: checks 
Mahu2021: checks 
*** SHOW DOWN ***
Hypno097: shows [Js Qd] (two pair, Queens and Fives)
Mahu2021: mucks hand 
Hypno097 collected $1.24 from pot
*** SUMMARY ***
Total pot $1.30 | Rake $0.06 
Board [Ad 5s Qc 9s 5d]
Seat 1: Kraisecaller (button) folded before Flop (didn't bet)
Seat 2: Hypno097 (small blind) showed [Js Qd] and won ($1.24) with two pair, Queens and Fives
Seat 3: JMcnair93 (big blind) folded before Flop
Seat 4: WideMonkaW folded on the Flop
Seat 5: sigmanolimit folded before Flop (didn't bet)
Seat 6: Mahu2021 mucked [7s 7c]



PokerStars Zoom Hand #254194485398:  Hold'em No Limit ($0.05/$0.10) - 2025/01/04 20:24:38 CET [2025/01/04 14:24:38 ET]
Table 'Aludra' 6-max Seat #1 is the button
Seat 1: WideMonkaW ($15.14 in chips) 
Seat 2: tycegracs101 ($13.16 in chips) 
Seat 3: pokking876 ($9.95 in chips) 
Seat 4: Vandalar ($24.86 in chips) 
Seat 5: Mahu2021 ($8.21 in chips) 
Seat 6: miffay ($9.85 in chips) 
tycegracs101: posts small blind $0.05
pokking876: posts big blind $0.10
*** HOLE CARDS ***
Dealt to Mahu2021 [Td 9d]
Vandalar: folds 
Mahu2021: folds 
miffay: raises $0.10 to $0.20
WideMonkaW: folds 
tycegracs101: raises $0.43 to $0.63
pokking876: folds 
miffay: folds 
Uncalled bet ($0.43) returned to tycegracs101
tycegracs101 collected $0.50 from pot
tycegracs101: doesn't show hand 
*** SUMMARY ***
Total pot $0.50 | Rake $0 
Seat 1: WideMonkaW (button) folded before Flop (didn't bet)
Seat 2: tycegracs101 (small blind) collected ($0.50)
Seat 3: pokking876 (big blind) folded before Flop
Seat 4: Vandalar folded before Flop (didn't bet)
Seat 5: Mahu2021 folded before Flop (didn't bet)
Seat 6: miffay folded before Flop



PokerStars Zoom Hand #254194487135:  Hold'em No Limit ($0.05/$0.10) - 2025/01/04 20:24:43 CET [2025/01/04 14:24:43 ET]
Table 'Aludra' 6-max Seat #1 is the button
Seat 1: kar4tune ($11.95 in chips) 
Seat 2: Mahu2021 ($8.21 in chips) 
Seat 3: miffay ($5.86 in chips) 
Seat 4: stiucarul ($10 in chips) 
Seat 5: Champiomf ($14.49 in chips) 
Seat 6: retarusis992 ($10.54 in chips) 
Mahu2021: posts small blind $0.05
miffay: posts big blind $0.10
*** HOLE CARDS ***
Dealt to Mahu2021 [4s Ks]
stiucarul: folds 
Champiomf: raises $0.15 to $0.25
retarusis992: folds 
kar4tune: folds 
Mahu2021: calls $0.20
miffay: folds 
*** FLOP *** [Ac 5c 4h]
Mahu2021: checks 
Champiomf: checks 
*** TURN *** [Ac 5c 4h] [As]
Mahu2021: checks 
Champiomf: bets $0.57
Mahu2021: calls $0.57
*** RIVER *** [Ac 5c 4h As] [7c]
Mahu2021: checks 
Champiomf: checks 
*** SHOW DOWN ***
Mahu2021: shows [4s Ks] (two pair, Aces and Fours)
Champiomf: shows [8h 8c] (two pair, Aces and Eights)
Champiomf collected $1.66 from pot
*** SUMMARY ***
Total pot $1.74 | Rake $0.08 
Board [Ac 5c 4h As 7c]
Seat 1: kar4tune (button) folded before Flop (didn't bet)
Seat 2: Mahu2021 (small blind) showed [4s Ks] and lost with two pair, Aces and Fours
Seat 3: miffay (big blind) folded before Flop
Seat 4: stiucarul folded before Flop (didn't bet)
Seat 5: Champiomf showed [8h 8c] and won ($1.66) with two pair, Aces and Eights
Seat 6: retarusis992 folded before Flop (didn't bet)



PokerStars Zoom Hand #254194498399:  Hold'em No Limit ($0.05/$0.10) - 2025/01/04 20:25:17 CET [2025/01/04 14:25:17 ET]
Table 'Aludra' 6-max Seat #1 is the button
Seat 1: ThirtyOnee ($9.73 in chips) 
Seat 2: gelik32 ($10.64 in chips) 
Seat 3: Mahu2021 ($7.39 in chips) 
Seat 4: ned y monny ($11.48 in chips) 
Seat 5: lalis77 ($10 in chips) 
Seat 6: Ironhelt ($13.75 in chips) 
gelik32: posts small blind $0.05
Mahu2021: posts big blind $0.10
*** HOLE CARDS ***
Dealt to Mahu2021 [6c Js]
ned y monny: raises $11.38 to $11.48 and is all-in
lalis77: folds 
Ironhelt: folds 
ThirtyOnee: folds 
gelik32: folds 
Mahu2021: folds 
Uncalled bet ($11.38) returned to ned y monny
ned y monny collected $0.25 from pot
ned y monny: doesn't show hand 
*** SUMMARY ***
Total pot $0.25 | Rake $0 
Seat 1: ThirtyOnee (button) folded before Flop (didn't bet)
Seat 2: gelik32 (small blind) folded before Flop
Seat 3: Mahu2021 (big blind) folded before Flop
Seat 4: ned y monny collected ($0.25)
Seat 5: lalis77 folded before Flop (didn't bet)
Seat 6: Ironhelt folded before Flop (didn't bet)



PokerStars Zoom Hand #254194502689:  Hold'em No Limit ($0.05/$0.10) - 2025/01/04 20:25:30 CET [2025/01/04 14:25:30 ET]
Table 'Aludra' 6-max Seat #1 is the button
Seat 1: Mahu2021 ($7.29 in chips) 
Seat 2: Champiomf ($15.33 in chips) 
Seat 3: Spixara ($10.12 in chips) 
Seat 4: jaejun162 ($19.11 in chips) 
Seat 5: chiefmaars ($15.65 in chips) 
Seat 6: gelik32 ($10.59 in chips) 
Champiomf: posts small blind $0.05
Spixara: posts big blind $0.10
*** HOLE CARDS ***
Dealt to Mahu2021 [5c 3d]
jaejun162: folds 
chiefmaars: folds 
gelik32: folds 
Mahu2021: folds 
Champiomf: folds 
Uncalled bet ($0.05) returned to Spixara
Spixara collected $0.10 from pot
Spixara: doesn't show hand 
*** SUMMARY ***
Total pot $0.10 | Rake $0 
Seat 1: Mahu2021 (button) folded before Flop (didn't bet)
Seat 2: Champiomf (small blind) folded before Flop
Seat 3: Spixara (big blind) collected ($0.10)
Seat 4: jaejun162 folded before Flop (didn't bet)
Seat 5: chiefmaars folded before Flop (didn't bet)
Seat 6: gelik32 folded before Flop (didn't bet)



PokerStars Zoom Hand #254194503745:  Hold'em No Limit ($0.05/$0.10) - 2025/01/04 20:25:33 CET [2025/01/04 14:25:33 ET]
Table 'Aludra' 6-max Seat #1 is the button
Seat 1: davo7790 ($11.52 in chips) 
Seat 2: hazza257 ($19.70 in chips) 
Seat 3: ned y monny ($11.63 in chips) 
Seat 4: Mahu2021 ($7.29 in chips) 
Seat 5: Vandalar ($11.77 in chips) 
Seat 6: VoltaireReplica ($42.76 in chips) 
hazza257: posts small blind $0.05
ned y monny: posts big blind $0.10
*** HOLE CARDS ***
Dealt to Mahu2021 [5d 7c]
Mahu2021: folds 
Vandalar: folds 
VoltaireReplica: raises $0.15 to $0.25
davo7790: folds 
hazza257: folds 
ned y monny: folds 
Uncalled bet ($0.15) returned to VoltaireReplica
VoltaireReplica collected $0.25 from pot
VoltaireReplica: doesn't show hand 
*** SUMMARY ***
Total pot $0.25 | Rake $0 
Seat 1: davo7790 (button) folded before Flop (didn't bet)
Seat 2: hazza257 (small blind) folded before Flop
Seat 3: ned y monny (big blind) folded before Flop
Seat 4: Mahu2021 folded before Flop (didn't bet)
Seat 5: Vandalar folded before Flop (didn't bet)
Seat 6: VoltaireReplica collected ($0.25)



PokerStars Zoom Hand #254194500804:  Hold'em No Limit ($0.05/$0.10) - 2025/01/04 20:25:24 CET [2025/01/04 14:25:24 ET]
Table 'Aludra' 6-max Seat #1 is the button
Seat 1: Elsacron ($17.43 in chips) 
Seat 2: lalis77 ($10 in chips) 
Seat 3: Fencis ($12.13 in chips) 
Seat 4: smixx casHs ($38.04 in chips) 
Seat 5: ThirtyOnee ($9.68 in chips) 
Seat 6: Mahu2021 ($7.29 in chips) 
lalis77: posts small blind $0.05
Fencis: posts big blind $0.10
*** HOLE CARDS ***
Dealt to Mahu2021 [2s 6s]
smixx casHs: folds 
ThirtyOnee: folds 
Mahu2021: folds 
Elsacron: raises $0.20 to $0.30
lalis77: folds 
Fencis: calls $0.20
*** FLOP *** [9s 5c 4s]
Fencis: checks 
Elsacron: bets $0.50
Fencis: folds 
Uncalled bet ($0.50) returned to Elsacron
Elsacron collected $0.61 from pot
Elsacron: doesn't show hand 
*** SUMMARY ***
Total pot $0.65 | Rake $0.04 
Board [9s 5c 4s]
Seat 1: Elsacron (button) collected ($0.61)
Seat 2: lalis77 (small blind) folded before Flop
Seat 3: Fencis (big blind) folded on the Flop
Seat 4: smixx casHs folded before Flop (didn't bet)
Seat 5: ThirtyOnee folded before Flop (didn't bet)
Seat 6: Mahu2021 folded before Flop (didn't bet)



PokerStars Zoom Hand #254194506228:  Hold'em No Limit ($0.05/$0.10) - 2025/01/04 20:25:40 CET [2025/01/04 14:25:40 ET]
Table 'Aludra' 6-max Seat #1 is the button
Seat 1: VancurPL ($9.23 in chips) 
Seat 2: Fencis ($24.50 in chips) 
Seat 3: PezeJee ($9.75 in chips) 
Seat 4: gelik32 ($10.59 in chips) 
Seat 5: Mahu2021 ($7.29 in chips) 
Seat 6: fruehwirth ($10 in chips) 
Fencis: posts small blind $0.05
PezeJee: posts big blind $0.10
*** HOLE CARDS ***
Dealt to Mahu2021 [6c 4d]
gelik32: raises $0.15 to $0.25
Mahu2021: folds 
fruehwirth: folds 
VancurPL: folds 
Fencis: folds 
PezeJee: folds 
Uncalled bet ($0.15) returned to gelik32
gelik32 collected $0.25 from pot
gelik32: doesn't show hand 
*** SUMMARY ***
Total pot $0.25 | Rake $0 
Seat 1: VancurPL (button) folded before Flop (didn't bet)
Seat 2: Fencis (small blind) folded before Flop
Seat 3: PezeJee (big blind) folded before Flop
Seat 4: gelik32 collected ($0.25)
Seat 5: Mahu2021 folded before Flop (didn't bet)
Seat 6: fruehwirth folded before Flop (didn't bet)



PokerStars Zoom Hand #254194507303:  Hold'em No Limit ($0.05/$0.10) - 2025/01/04 20:25:43 CET [2025/01/04 14:25:43 ET]
Table 'Aludra' 6-max Seat #1 is the button
Seat 1: paino123 ($17.40 in chips) 
Seat 2: crackhead 37 ($10.83 in chips) 
Seat 3: Mahu2021 ($7.29 in chips) 
Seat 4: pokking876 ($41.19 in chips) 
Seat 5: RoWw23 ($26.79 in chips) 
Seat 6: roo198 ($10.17 in chips) 
crackhead 37: posts small blind $0.05
Mahu2021: posts big blind $0.10
*** HOLE CARDS ***
Dealt to Mahu2021 [3s 5d]
pokking876: folds 
RoWw23: folds 
roo198: folds 
paino123: raises $0.20 to $0.30
crackhead 37: folds 
Mahu2021: folds 
Uncalled bet ($0.20) returned to paino123
paino123 collected $0.25 from pot
paino123: doesn't show hand 
*** SUMMARY ***
Total pot $0.25 | Rake $0 
Seat 1: paino123 (button) collected ($0.25)
Seat 2: crackhead 37 (small blind) folded before Flop
Seat 3: Mahu2021 (big blind) folded before Flop
Seat 4: pokking876 folded before Flop (didn't bet)
Seat 5: RoWw23 folded before Flop (didn't bet)
Seat 6: roo198 folded before Flop (didn't bet)



PokerStars Zoom Hand #254194505091:  Hold'em No Limit ($0.05/$0.10) - 2025/01/04 20:25:37 CET [2025/01/04 14:25:37 ET]
Table 'Aludra' 6-max Seat #1 is the button
Seat 1: Champiomf ($15.28 in chips) 
Seat 2: Maagista ($8.49 in chips) 
Seat 3: zarpapis ($12.07 in chips) 
Seat 4: kuvernoor ($12.71 in chips) 
Seat 5: Mahu2021 ($7.29 in chips) 
Seat 6: miffay ($9.75 in chips) 
Maagista: posts small blind $0.05
zarpapis: posts big blind $0.10
*** HOLE CARDS ***
Dealt to Mahu2021 [Ac 2d]
kuvernoor: raises $0.12 to $0.22
Mahu2021: folds 
miffay: folds 
Champiomf: folds 
Maagista: folds 
zarpapis: calls $0.12
*** FLOP *** [8c 7c 4c]
zarpapis: checks 
kuvernoor: bets $0.24
zarpapis: folds 
Uncalled bet ($0.24) returned to kuvernoor
kuvernoor collected $0.47 from pot
kuvernoor: doesn't show hand 
*** SUMMARY ***
Total pot $0.49 | Rake $0.02 
Board [8c 7c 4c]
Seat 1: Champiomf (button) folded before Flop (didn't bet)
Seat 2: Maagista (small blind) folded before Flop
Seat 3: zarpapis (big blind) folded on the Flop
Seat 4: kuvernoor collected ($0.47)
Seat 5: Mahu2021 folded before Flop (didn't bet)
Seat 6: miffay folded before Flop (didn't bet)



PokerStars Zoom Hand #254194512655:  Hold'em No Limit ($0.05/$0.10) - 2025/01/04 20:25:59 CET [2025/01/04 14:25:59 ET]
Table 'Aludra' 6-max Seat #1 is the button
Seat 1: Mahu2021 ($7.14 in chips) 
Seat 2: tycegracs101 ($13.26 in chips) 
Seat 3: VoltaireReplica ($19.59 in chips) 
Seat 4: kamiKatze27 ($8.80 in chips) 
Seat 5: stiucarul ($10.72 in chips) 
Seat 6: pitzymecanic ($7.02 in chips) 
tycegracs101: posts small blind $0.05
VoltaireReplica: posts big blind $0.10
*** HOLE CARDS ***
Dealt to Mahu2021 [Kd 5c]
kamiKatze27: folds 
stiucarul: folds 
pitzymecanic: folds 
Mahu2021: folds 
tycegracs101: raises $0.20 to $0.30
VoltaireReplica: folds 
Uncalled bet ($0.20) returned to tycegracs101
tycegracs101 collected $0.20 from pot
tycegracs101: doesn't show hand 
*** SUMMARY ***
Total pot $0.20 | Rake $0 
Seat 1: Mahu2021 (button) folded before Flop (didn't bet)
Seat 2: tycegracs101 (small blind) collected ($0.20)
Seat 3: VoltaireReplica (big blind) folded before Flop
Seat 4: kamiKatze27 folded before Flop (didn't bet)
Seat 5: stiucarul folded before Flop (didn't bet)
Seat 6: pitzymecanic folded before Flop (didn't bet)



PokerStars Zoom Hand #254194517915:  Hold'em No Limit ($0.05/$0.10) - 2025/01/04 20:26:15 CET [2025/01/04 14:26:15 ET]
Table 'Aludra' 6-max Seat #1 is the button
Seat 1: ThirtyOnee ($9.26 in chips) 
Seat 2: Mahu2021 ($7.14 in chips) 
Seat 3: hazza257 ($13.97 in chips) 
Seat 4: zarpapis ($11.99 in chips) 
Seat 5: sevlAA ($11.58 in chips) 
Seat 6: roo198 ($19.63 in chips) 
Mahu2021: posts small blind $0.05
hazza257: posts big blind $0.10
*** HOLE CARDS ***
Dealt to Mahu2021 [8c Th]
zarpapis: folds 
sevlAA: folds 
roo198: raises $0.20 to $0.30
ThirtyOnee: folds 
Mahu2021: folds 
hazza257: folds 
Uncalled bet ($0.20) returned to roo198
roo198 collected $0.25 from pot
roo198: doesn't show hand 
*** SUMMARY ***
Total pot $0.25 | Rake $0 
Seat 1: ThirtyOnee (button) folded before Flop (didn't bet)
Seat 2: Mahu2021 (small blind) folded before Flop
Seat 3: hazza257 (big blind) folded before Flop
Seat 4: zarpapis folded before Flop (didn't bet)
Seat 5: sevlAA folded before Flop (didn't bet)
Seat 6: roo198 collected ($0.25)



PokerStars Zoom Hand #254194516537:  Hold'em No Limit ($0.05/$0.10) - 2025/01/04 20:26:11 CET [2025/01/04 14:26:11 ET]
Table 'Aludra' 6-max Seat #1 is the button
Seat 1: pokking876 ($9.85 in chips) 
Seat 2: fruehwirth ($10 in chips) 
Seat 3: stiucarul ($9.85 in chips) 
Seat 4: Mahu2021 ($7.14 in chips) 
Seat 5: ThirtyOnee ($9.26 in chips) 
Seat 6: VancurPL ($9.53 in chips) 
fruehwirth: posts small blind $0.05
stiucarul: posts big blind $0.10
*** HOLE CARDS ***
Dealt to Mahu2021 [6h Tc]
Mahu2021: folds 
ThirtyOnee: folds 
VancurPL: folds 
pokking876: raises $0.20 to $0.30
fruehwirth: folds 
stiucarul: folds 
Uncalled bet ($0.20) returned to pokking876
pokking876 collected $0.25 from pot
pokking876: doesn't show hand 
*** SUMMARY ***
Total pot $0.25 | Rake $0 
Seat 1: pokking876 (button) collected ($0.25)
Seat 2: fruehwirth (small blind) folded before Flop
Seat 3: stiucarul (big blind) folded before Flop
Seat 4: Mahu2021 folded before Flop (didn't bet)
Seat 5: ThirtyOnee folded before Flop (didn't bet)
Seat 6: VancurPL folded before Flop (didn't bet)



PokerStars Zoom Hand #254194519127:  Hold'em No Limit ($0.05/$0.10) - 2025/01/04 20:26:18 CET [2025/01/04 14:26:18 ET]
Table 'Aludra' 6-max Seat #1 is the button
Seat 1: shortstackpro ($5.10 in chips) 
Seat 2: Champiomf ($19.31 in chips) 
Seat 3: zarpapis ($11.99 in chips) 
Seat 4: Mahu2021 ($7.09 in chips) 
Seat 5: jpeng248 ($10.15 in chips) 
Seat 6: tycegracs101 ($11.31 in chips) 
Champiomf: posts small blind $0.05
zarpapis: posts big blind $0.10
*** HOLE CARDS ***
Dealt to Mahu2021 [Jd 7s]
Mahu2021: folds 
jpeng248: folds 
tycegracs101: folds 
shortstackpro: folds 
Champiomf: folds 
Uncalled bet ($0.05) returned to zarpapis
zarpapis collected $0.10 from pot
zarpapis: doesn't show hand 
*** SUMMARY ***
Total pot $0.10 | Rake $0 
Seat 1: shortstackpro (button) folded before Flop (didn't bet)
Seat 2: Champiomf (small blind) folded before Flop
Seat 3: zarpapis (big blind) collected ($0.10)
Seat 4: Mahu2021 folded before Flop (didn't bet)
Seat 5: jpeng248 folded before Flop (didn't bet)
Seat 6: tycegracs101 folded before Flop (didn't bet)



PokerStars Zoom Hand #254194514788:  Hold'em No Limit ($0.05/$0.10) - 2025/01/04 20:26:06 CET [2025/01/04 14:26:06 ET]
Table 'Aludra' 6-max Seat #1 is the button
Seat 1: 65446418 ($11.24 in chips) 
Seat 2: jpeng248 ($17.24 in chips) 
Seat 3: Teuvo L ($17.50 in chips) 
Seat 4: sergiudv ($12.52 in chips) 
Seat 5: Mahu2021 ($7.14 in chips) 
Seat 6: smixx casHs ($38.04 in chips) 
jpeng248: posts small blind $0.05
Teuvo L: posts big blind $0.10
*** HOLE CARDS ***
Dealt to Mahu2021 [6d Th]
sergiudv: folds 
Mahu2021: folds 
smixx casHs: folds 
65446418: raises $0.12 to $0.22
jpeng248: raises $0.98 to $1.20
Teuvo L: folds 
65446418: folds 
Uncalled bet ($0.98) returned to jpeng248
jpeng248 collected $0.54 from pot
jpeng248: doesn't show hand 
*** SUMMARY ***
Total pot $0.54 | Rake $0 
Seat 1: 65446418 (button) folded before Flop
Seat 2: jpeng248 (small blind) collected ($0.54)
Seat 3: Teuvo L (big blind) folded before Flop
Seat 4: sergiudv folded before Flop (didn't bet)
Seat 5: Mahu2021 folded before Flop (didn't bet)
Seat 6: smixx casHs folded before Flop (didn't bet)



PokerStars Zoom Hand #254194511404:  Hold'em No Limit ($0.05/$0.10) - 2025/01/04 20:25:55 CET [2025/01/04 14:25:55 ET]
Table 'Aludra' 6-max Seat #1 is the button
Seat 1: sigmanolimit ($42.04 in chips) 
Seat 2: Mahu2021 ($7.19 in chips) 
Seat 3: E2AS ($9.62 in chips) 
Seat 4: red nickname ($10 in chips) 
Seat 5: tycegracs101 ($13.26 in chips) 
Seat 6: Kraisecaller ($6.02 in chips) 
Mahu2021: posts small blind $0.05
E2AS: posts big blind $0.10
*** HOLE CARDS ***
Dealt to Mahu2021 [8d 2h]
red nickname: folds 
tycegracs101: folds 
Kraisecaller: folds 
sigmanolimit: raises $0.10 to $0.20
Mahu2021: folds 
E2AS: calls $0.10
*** FLOP *** [9h 4s 3s]
E2AS: checks 
sigmanolimit: bets $0.21
E2AS: raises $0.55 to $0.76
sigmanolimit: folds 
Uncalled bet ($0.55) returned to E2AS
E2AS collected $0.83 from pot
E2AS: doesn't show hand 
*** SUMMARY ***
Total pot $0.87 | Rake $0.04 
Board [9h 4s 3s]
Seat 1: sigmanolimit (button) folded on the Flop
Seat 2: Mahu2021 (small blind) folded before Flop
Seat 3: E2AS (big blind) collected ($0.83)
Seat 4: red nickname folded before Flop (didn't bet)
Seat 5: tycegracs101 folded before Flop (didn't bet)
Seat 6: Kraisecaller folded before Flop (didn't bet)



PokerStars Zoom Hand #254194520017:  Hold'em No Limit ($0.05/$0.10) - 2025/01/04 20:26:21 CET [2025/01/04 14:26:21 ET]
Table 'Aludra' 6-max Seat #1 is the button
Seat 1: brdoyle81 ($20.11 in chips) 
Seat 2: Navarokas ($11.61 in chips) 
Seat 3: Mahu2021 ($7.09 in chips) 
Seat 4: hazza257 ($10.88 in chips) 
Seat 5: spotlightman ($8.66 in chips) 
Seat 6: 144551 ($17.20 in chips) 
Navarokas: posts small blind $0.05
Mahu2021: posts big blind $0.10
*** HOLE CARDS ***
Dealt to Mahu2021 [3h 2d]
hazza257: folds 
spotlightman: folds 
144551: raises $0.12 to $0.22
brdoyle81: folds 
Navarokas: folds 
Mahu2021: folds 
Uncalled bet ($0.12) returned to 144551
144551 collected $0.25 from pot
144551: doesn't show hand 
*** SUMMARY ***
Total pot $0.25 | Rake $0 
Seat 1: brdoyle81 (button) folded before Flop (didn't bet)
Seat 2: Navarokas (small blind) folded before Flop
Seat 3: Mahu2021 (big blind) folded before Flop
Seat 4: hazza257 folded before Flop (didn't bet)
Seat 5: spotlightman folded before Flop (didn't bet)
Seat 6: 144551 collected ($0.25)



PokerStars Zoom Hand #254194514099:  Hold'em No Limit ($0.05/$0.10) - 2025/01/04 20:26:04 CET [2025/01/04 14:26:04 ET]
Table 'Aludra' 6-max Seat #1 is the button
Seat 1: kamiKatze27 ($8.80 in chips) 
Seat 2: red nickname ($10.05 in chips) 
Seat 3: Ironhelt ($33.29 in chips) 
Seat 4: demetrioep ($11.02 in chips) 
Seat 5: sigmanolimit ($29.69 in chips) 
Seat 6: Mahu2021 ($7.14 in chips) 
red nickname: posts small blind $0.05
Ironhelt: posts big blind $0.10
*** HOLE CARDS ***
Dealt to Mahu2021 [3c Kd]
demetrioep: folds 
sigmanolimit: raises $0.15 to $0.25
Mahu2021: folds 
kamiKatze27: folds 
red nickname: folds 
Ironhelt: calls $0.15
*** FLOP *** [3s 8s 9s]
Ironhelt: checks 
sigmanolimit: bets $0.33
Ironhelt: folds 
Uncalled bet ($0.33) returned to sigmanolimit
sigmanolimit collected $0.53 from pot
sigmanolimit: doesn't show hand 
*** SUMMARY ***
Total pot $0.55 | Rake $0.02 
Board [3s 8s 9s]
Seat 1: kamiKatze27 (button) folded before Flop (didn't bet)
Seat 2: red nickname (small blind) folded before Flop
Seat 3: Ironhelt (big blind) folded on the Flop
Seat 4: demetrioep folded before Flop (didn't bet)
Seat 5: sigmanolimit collected ($0.53)
Seat 6: Mahu2021 folded before Flop (didn't bet)



PokerStars Zoom Hand #254194525216:  Hold'em No Limit ($0.05/$0.10) - 2025/01/04 20:26:37 CET [2025/01/04 14:26:37 ET]
Table 'Aludra' 6-max Seat #1 is the button
Seat 1: Navarokas ($27.20 in chips) 
Seat 2: Mahu2021 ($6.99 in chips) 
Seat 3: shortstackpro ($5.10 in chips) 
Seat 4: Tinyholden ($5.59 in chips) 
Seat 5: red nickname ($10.15 in chips) 
Seat 6: demetrioep ($3.42 in chips) 
Mahu2021: posts small blind $0.05
shortstackpro: posts big blind $0.10
*** HOLE CARDS ***
Dealt to Mahu2021 [3c 2d]
Tinyholden: raises $0.10 to $0.20
red nickname: folds 
demetrioep: folds 
Navarokas: folds 
Mahu2021: folds 
shortstackpro: folds 
Uncalled bet ($0.10) returned to Tinyholden
Tinyholden collected $0.25 from pot
Tinyholden: doesn't show hand 
*** SUMMARY ***
Total pot $0.25 | Rake $0 
Seat 1: Navarokas (button) folded before Flop (didn't bet)
Seat 2: Mahu2021 (small blind) folded before Flop
Seat 3: shortstackpro (big blind) folded before Flop
Seat 4: Tinyholden collected ($0.25)
Seat 5: red nickname folded before Flop (didn't bet)
Seat 6: demetrioep folded before Flop (didn't bet)



PokerStars Zoom Hand #254194526660:  Hold'em No Limit ($0.05/$0.10) - 2025/01/04 20:26:41 CET [2025/01/04 14:26:41 ET]
Table 'Aludra' 6-max Seat #1 is the button
Seat 1: JMcnair93 ($9.75 in chips) 
Seat 2: Vima-MTL ($4.43 in chips) 
Seat 3: gepson 69 ($10.01 in chips) 
Seat 4: kling3r ($4.22 in chips) 
Seat 5: roo198 ($13.15 in chips) 
Seat 6: Mahu2021 ($6.94 in chips) 
Vima-MTL: posts small blind $0.05
gepson 69: posts big blind $0.10
*** HOLE CARDS ***
Dealt to Mahu2021 [Jh Th]
kling3r: folds 
roo198: folds 
Mahu2021: raises $0.20 to $0.30
JMcnair93: folds 
Vima-MTL: folds 
gepson 69: folds 
Uncalled bet ($0.20) returned to Mahu2021
Mahu2021 collected $0.25 from pot
Mahu2021: doesn't show hand 
*** SUMMARY ***
Total pot $0.25 | Rake $0 
Seat 1: JMcnair93 (button) folded before Flop (didn't bet)
Seat 2: Vima-MTL (small blind) folded before Flop
Seat 3: gepson 69 (big blind) folded before Flop
Seat 4: kling3r folded before Flop (didn't bet)
Seat 5: roo198 folded before Flop (didn't bet)
Seat 6: Mahu2021 collected ($0.25)



PokerStars Zoom Hand #254194523807:  Hold'em No Limit ($0.05/$0.10) - 2025/01/04 20:26:32 CET [2025/01/04 14:26:32 ET]
Table 'Aludra' 6-max Seat #1 is the button
Seat 1: Mahu2021 ($6.99 in chips) 
Seat 2: Maagista ($9.12 in chips) 
Seat 3: miffay ($9.10 in chips) 
Seat 4: shortstackpro ($5.10 in chips) 
Seat 5: sigmanolimit ($41.63 in chips) 
Seat 6: CUSTOCRETA ($9.76 in chips) 
Maagista: posts small blind $0.05
miffay: posts big blind $0.10
*** HOLE CARDS ***
Dealt to Mahu2021 [2h 5c]
shortstackpro: folds 
sigmanolimit: folds 
CUSTOCRETA: calls $0.10
Mahu2021: folds 
Maagista: folds 
miffay: checks 
*** FLOP *** [2d 5h 6h]
miffay: checks 
CUSTOCRETA: checks 
*** TURN *** [2d 5h 6h] [Ks]
miffay: checks 
CUSTOCRETA: checks 
*** RIVER *** [2d 5h 6h Ks] [8c]
miffay: bets $0.16
CUSTOCRETA: folds 
Uncalled bet ($0.16) returned to miffay
miffay collected $0.24 from pot
miffay: doesn't show hand 
*** SUMMARY ***
Total pot $0.25 | Rake $0.01 
Board [2d 5h 6h Ks 8c]
Seat 1: Mahu2021 (button) folded before Flop (didn't bet)
Seat 2: Maagista (small blind) folded before Flop
Seat 3: miffay (big blind) collected ($0.24)
Seat 4: shortstackpro folded before Flop (didn't bet)
Seat 5: sigmanolimit folded before Flop (didn't bet)
Seat 6: CUSTOCRETA folded on the River



PokerStars Zoom Hand #254194539525:  Hold'em No Limit ($0.05/$0.10) - 2025/01/04 20:27:19 CET [2025/01/04 14:27:19 ET]
Table 'Aludra' 6-max Seat #1 is the button
Seat 1: Sgurilaos ($15.87 in chips) 
Seat 2: Navarokas ($27.25 in chips) 
Seat 3: Mahu2021 ($6.69 in chips) 
Seat 4: lalis77 ($10.40 in chips) 
Seat 5: kuvernoor ($10.02 in chips) 
Seat 6: zarpapis ($11.99 in chips) 
Navarokas: posts small blind $0.05
Mahu2021: posts big blind $0.10
*** HOLE CARDS ***
Dealt to Mahu2021 [8d As]
lalis77: folds 
kuvernoor: folds 
zarpapis: folds 
Sgurilaos: folds 
Navarokas: folds 
Uncalled bet ($0.05) returned to Mahu2021
Mahu2021 collected $0.10 from pot
Mahu2021: doesn't show hand 
*** SUMMARY ***
Total pot $0.10 | Rake $0 
Seat 1: Sgurilaos (button) folded before Flop (didn't bet)
Seat 2: Navarokas (small blind) folded before Flop
Seat 3: Mahu2021 (big blind) collected ($0.10)
Seat 4: lalis77 folded before Flop (didn't bet)
Seat 5: kuvernoor folded before Flop (didn't bet)
Seat 6: zarpapis folded before Flop (didn't bet)



PokerStars Zoom Hand #254194543491:  Hold'em No Limit ($0.05/$0.10) - 2025/01/04 20:27:31 CET [2025/01/04 14:27:31 ET]
Table 'Aludra' 6-max Seat #1 is the button
Seat 1: Kraisecaller ($5.47 in chips) 
Seat 2: kling3r ($4.59 in chips) 
Seat 3: Hypno097 ($9.72 in chips) 
Seat 4: Maagista ($10.08 in chips) 
Seat 5: Mahu2021 ($6.74 in chips) 
Seat 6: brdoyle81 ($20.11 in chips) 
kling3r: posts small blind $0.05
Hypno097: posts big blind $0.10
*** HOLE CARDS ***
Dealt to Mahu2021 [5c 3d]
Maagista: raises $0.20 to $0.30
Mahu2021: folds 
brdoyle81: folds 
Kraisecaller: folds 
kling3r: folds 
Hypno097: folds 
Uncalled bet ($0.20) returned to Maagista
Maagista collected $0.25 from pot
Maagista: doesn't show hand 
*** SUMMARY ***
Total pot $0.25 | Rake $0 
Seat 1: Kraisecaller (button) folded before Flop (didn't bet)
Seat 2: kling3r (small blind) folded before Flop
Seat 3: Hypno097 (big blind) folded before Flop
Seat 4: Maagista collected ($0.25)
Seat 5: Mahu2021 folded before Flop (didn't bet)
Seat 6: brdoyle81 folded before Flop (didn't bet)



PokerStars Zoom Hand #254194530991:  Hold'em No Limit ($0.05/$0.10) - 2025/01/04 20:26:54 CET [2025/01/04 14:26:54 ET]
Table 'Aludra' 6-max Seat #1 is the button
Seat 1: Mahu2021 ($7.09 in chips) 
Seat 2: hazza257 ($10.78 in chips) 
Seat 3: smixx casHs ($19.54 in chips) 
Seat 4: sacizin ($11.63 in chips) 
Seat 5: Spixara ($20.76 in chips) 
Seat 6: retarusis992 ($10.78 in chips) 
hazza257: posts small blind $0.05
smixx casHs: posts big blind $0.10
*** HOLE CARDS ***
Dealt to Mahu2021 [7s As]
sacizin: raises $0.15 to $0.25
Spixara: raises $0.15 to $0.40
retarusis992: folds 
Mahu2021: calls $0.40
hazza257: folds 
smixx casHs: folds 
sacizin: raises $2.10 to $2.50
Spixara: calls $2.10
Mahu2021: folds 
*** FLOP *** [4d 6h 6c]
sacizin: checks 
Spixara: checks 
*** TURN *** [4d 6h 6c] [8d]
sacizin: bets $1.80
Spixara: folds 
Uncalled bet ($1.80) returned to sacizin
sacizin collected $5.30 from pot
sacizin: doesn't show hand 
*** SUMMARY ***
Total pot $5.55 | Rake $0.25 
Board [4d 6h 6c 8d]
Seat 1: Mahu2021 (button) folded before Flop
Seat 2: hazza257 (small blind) folded before Flop
Seat 3: smixx casHs (big blind) folded before Flop
Seat 4: sacizin collected ($5.30)
Seat 5: Spixara folded on the Turn
Seat 6: retarusis992 folded before Flop (didn't bet)



PokerStars Zoom Hand #254194546630:  Hold'em No Limit ($0.05/$0.10) - 2025/01/04 20:27:40 CET [2025/01/04 14:27:40 ET]
Table 'Aludra' 6-max Seat #1 is the button
Seat 1: CuriousSmell ($9.90 in chips) 
Seat 2: Mahu2021 ($6.74 in chips) 
Seat 3: red nickname ($10.40 in chips) 
Seat 4: Bruno CP796 ($6.34 in chips) 
Seat 5: Navarokas ($14.14 in chips) 
Seat 6: AceRucia ($38.96 in chips) 
Mahu2021: posts small blind $0.05
red nickname: posts big blind $0.10
*** HOLE CARDS ***
Dealt to Mahu2021 [Qd 4c]
Bruno CP796: raises $0.10 to $0.20
Navarokas: folds 
AceRucia: folds 
CuriousSmell: folds 
Mahu2021: folds 
red nickname: folds 
Uncalled bet ($0.10) returned to Bruno CP796
Bruno CP796 collected $0.25 from pot
Bruno CP796: doesn't show hand 
*** SUMMARY ***
Total pot $0.25 | Rake $0 
Seat 1: CuriousSmell (button) folded before Flop (didn't bet)
Seat 2: Mahu2021 (small blind) folded before Flop
Seat 3: red nickname (big blind) folded before Flop
Seat 4: Bruno CP796 collected ($0.25)
Seat 5: Navarokas folded before Flop (didn't bet)
Seat 6: AceRucia folded before Flop (didn't bet)



PokerStars Zoom Hand #254194544765:  Hold'em No Limit ($0.05/$0.10) - 2025/01/04 20:27:34 CET [2025/01/04 14:27:34 ET]
Table 'Aludra' 6-max Seat #1 is the button
Seat 1: Tinyholden ($5.54 in chips) 
Seat 2: eastergth ($6.12 in chips) 
Seat 3: kling3r ($4.54 in chips) 
Seat 4: aaasss422 ($8.49 in chips) 
Seat 5: paino123 ($20.09 in chips) 
Seat 6: Mahu2021 ($6.74 in chips) 
eastergth: posts small blind $0.05
kling3r: posts big blind $0.10
*** HOLE CARDS ***
Dealt to Mahu2021 [9s 5h]
aaasss422: folds 
paino123: folds 
Mahu2021: folds 
Tinyholden: raises $0.10 to $0.20
eastergth: folds 
kling3r: folds 
Uncalled bet ($0.10) returned to Tinyholden
Tinyholden collected $0.25 from pot
Tinyholden: doesn't show hand 
*** SUMMARY ***
Total pot $0.25 | Rake $0 
Seat 1: Tinyholden (button) collected ($0.25)
Seat 2: eastergth (small blind) folded before Flop
Seat 3: kling3r (big blind) folded before Flop
Seat 4: aaasss422 folded before Flop (didn't bet)
Seat 5: paino123 folded before Flop (didn't bet)
Seat 6: Mahu2021 folded before Flop (didn't bet)



PokerStars Zoom Hand #254194548333:  Hold'em No Limit ($0.05/$0.10) - 2025/01/04 20:27:45 CET [2025/01/04 14:27:45 ET]
Table 'Aludra' 6-max Seat #1 is the button
Seat 1: kling3r ($4.44 in chips) 
Seat 2: Fencis ($24 in chips) 
Seat 3: sigmanolimit ($26.05 in chips) 
Seat 4: Mahu2021 ($6.69 in chips) 
Seat 5: hazza257 ($10 in chips) 
Seat 6: jaejun162 ($17.03 in chips) 
Fencis: posts small blind $0.05
sigmanolimit: posts big blind $0.10
*** HOLE CARDS ***
Dealt to Mahu2021 [4h 9s]
Mahu2021: folds 
hazza257: folds 
jaejun162: folds 
kling3r: folds 
Fencis: folds 
Uncalled bet ($0.05) returned to sigmanolimit
sigmanolimit collected $0.10 from pot
sigmanolimit: doesn't show hand 
*** SUMMARY ***
Total pot $0.10 | Rake $0 
Seat 1: kling3r (button) folded before Flop (didn't bet)
Seat 2: Fencis (small blind) folded before Flop
Seat 3: sigmanolimit (big blind) collected ($0.10)
Seat 4: Mahu2021 folded before Flop (didn't bet)
Seat 5: hazza257 folded before Flop (didn't bet)
Seat 6: jaejun162 folded before Flop (didn't bet)



PokerStars Zoom Hand #254194550028:  Hold'em No Limit ($0.05/$0.10) - 2025/01/04 20:27:50 CET [2025/01/04 14:27:50 ET]
Table 'Aludra' 6-max Seat #1 is the button
Seat 1: FelipeTJ995 ($9.13 in chips) 
Seat 2: stiucarul ($10.27 in chips) 
Seat 3: N3VER FOLDAA ($9.06 in chips) 
Seat 4: Mahu2021 ($6.69 in chips) 
Seat 5: gelik32 ($10.44 in chips) 
Seat 6: JonnyP773 ($9.75 in chips) 
stiucarul: posts small blind $0.05
N3VER FOLDAA: posts big blind $0.10
*** HOLE CARDS ***
Dealt to Mahu2021 [Jc Qh]
Mahu2021: raises $0.20 to $0.30
gelik32: folds 
JonnyP773: folds 
FelipeTJ995: calls $0.30
stiucarul: folds 
N3VER FOLDAA: folds 
*** FLOP *** [5d Td Jd]
Mahu2021: checks 
FelipeTJ995: checks 
*** TURN *** [5d Td Jd] [Kd]
Mahu2021: checks 
FelipeTJ995: checks 
*** RIVER *** [5d Td Jd Kd] [6h]
Mahu2021: bets $0.72
FelipeTJ995: calls $0.72
*** SHOW DOWN ***
Mahu2021: shows [Jc Qh] (a pair of Jacks)
FelipeTJ995: mucks hand 
Mahu2021 collected $2.09 from pot
*** SUMMARY ***
Total pot $2.19 | Rake $0.10 
Board [5d Td Jd Kd 6h]
Seat 1: FelipeTJ995 (button) mucked [As 8s]
Seat 2: stiucarul (small blind) folded before Flop
Seat 3: N3VER FOLDAA (big blind) folded before Flop
Seat 4: Mahu2021 showed [Jc Qh] and won ($2.09) with a pair of Jacks
Seat 5: gelik32 folded before Flop (didn't bet)
Seat 6: JonnyP773 folded before Flop (didn't bet)



PokerStars Zoom Hand #254194564243:  Hold'em No Limit ($0.05/$0.10) - 2025/01/04 20:28:32 CET [2025/01/04 14:28:32 ET]
Table 'Aludra' 6-max Seat #1 is the button
Seat 1: Mahu2021 ($7.76 in chips) 
Seat 2: VoltaireReplica ($17.72 in chips) 
Seat 3: VancurPL ($10.50 in chips) 
Seat 4: Elsacron ($18.45 in chips) 
Seat 5: Fencis ($9.25 in chips) 
Seat 6: shortstackpro ($8.67 in chips) 
VoltaireReplica: posts small blind $0.05
VancurPL: posts big blind $0.10
*** HOLE CARDS ***
Dealt to Mahu2021 [4s 5c]
Elsacron: raises $0.20 to $0.30
Fencis: folds 
shortstackpro: folds 
Mahu2021: folds 
VoltaireReplica: folds 
VancurPL: folds 
Uncalled bet ($0.20) returned to Elsacron
Elsacron collected $0.25 from pot
Elsacron: doesn't show hand 
*** SUMMARY ***
Total pot $0.25 | Rake $0 
Seat 1: Mahu2021 (button) folded before Flop (didn't bet)
Seat 2: VoltaireReplica (small blind) folded before Flop
Seat 3: VancurPL (big blind) folded before Flop
Seat 4: Elsacron collected ($0.25)
Seat 5: Fencis folded before Flop (didn't bet)
Seat 6: shortstackpro folded before Flop (didn't bet)



PokerStars Zoom Hand #254194566497:  Hold'em No Limit ($0.05/$0.10) - 2025/01/04 20:28:39 CET [2025/01/04 14:28:39 ET]
Table 'Aludra' 6-max Seat #1 is the button
Seat 1: SKAlmaty_86 ($9.84 in chips) 
Seat 2: viking_ro ($10.20 in chips) 
Seat 3: Mahu2021 ($7.76 in chips) 
Seat 4: jpeng248 ($17.36 in chips) 
Seat 5: ktje0202 ($15.90 in chips) 
Seat 6: Random_Freddy ($13.79 in chips) 
viking_ro: posts small blind $0.05
Mahu2021: posts big blind $0.10
*** HOLE CARDS ***
Dealt to Mahu2021 [8d 3c]
jpeng248: folds 
ktje0202: folds 
Random_Freddy: folds 
SKAlmaty_86: folds 
viking_ro: folds 
Uncalled bet ($0.05) returned to Mahu2021
Mahu2021 collected $0.10 from pot
Mahu2021: doesn't show hand 
*** SUMMARY ***
Total pot $0.10 | Rake $0 
Seat 1: SKAlmaty_86 (button) folded before Flop (didn't bet)
Seat 2: viking_ro (small blind) folded before Flop
Seat 3: Mahu2021 (big blind) collected ($0.10)
Seat 4: jpeng248 folded before Flop (didn't bet)
Seat 5: ktje0202 folded before Flop (didn't bet)
Seat 6: Random_Freddy folded before Flop (didn't bet)



PokerStars Zoom Hand #254194570872:  Hold'em No Limit ($0.05/$0.10) - 2025/01/04 20:28:52 CET [2025/01/04 14:28:52 ET]
Table 'Aludra' 6-max Seat #1 is the button
Seat 1: big boot656 ($19.22 in chips) 
Seat 2: sigmanolimit ($26.15 in chips) 
Seat 3: phenomeno691 ($8.15 in chips) 
Seat 4: zarpapis ($11.81 in chips) 
Seat 5: red nickname ($10.67 in chips) 
Seat 6: Mahu2021 ($7.81 in chips) 
sigmanolimit: posts small blind $0.05
phenomeno691: posts big blind $0.10
*** HOLE CARDS ***
Dealt to Mahu2021 [Tc 2h]
zarpapis: folds 
red nickname: folds 
Mahu2021: folds 
big boot656: folds 
sigmanolimit: raises $0.10 to $0.20
phenomeno691: folds 
Uncalled bet ($0.10) returned to sigmanolimit
sigmanolimit collected $0.20 from pot
sigmanolimit: doesn't show hand 
*** SUMMARY ***
Total pot $0.20 | Rake $0 
Seat 1: big boot656 (button) folded before Flop (didn't bet)
Seat 2: sigmanolimit (small blind) collected ($0.20)
Seat 3: phenomeno691 (big blind) folded before Flop
Seat 4: zarpapis folded before Flop (didn't bet)
Seat 5: red nickname folded before Flop (didn't bet)
Seat 6: Mahu2021 folded before Flop (didn't bet)



PokerStars Zoom Hand #254194572791:  Hold'em No Limit ($0.05/$0.10) - 2025/01/04 20:28:58 CET [2025/01/04 14:28:58 ET]
Table 'Aludra' 6-max Seat #1 is the button
Seat 1: kling3r ($4.14 in chips) 
Seat 2: eastergth ($5.92 in chips) 
Seat 3: miffay ($6.14 in chips) 
Seat 4: jaejun162 ($16.93 in chips) 
Seat 5: Mahu2021 ($7.81 in chips) 
Seat 6: zarpapis ($10.16 in chips) 
eastergth: posts small blind $0.05
miffay: posts big blind $0.10
*** HOLE CARDS ***
Dealt to Mahu2021 [5c 8d]
jaejun162: folds 
Mahu2021: folds 
zarpapis: folds 
kling3r: folds 
eastergth: raises $0.15 to $0.25
miffay: folds 
Uncalled bet ($0.15) returned to eastergth
eastergth collected $0.20 from pot
eastergth: doesn't show hand 
*** SUMMARY ***
Total pot $0.20 | Rake $0 
Seat 1: kling3r (button) folded before Flop (didn't bet)
Seat 2: eastergth (small blind) collected ($0.20)
Seat 3: miffay (big blind) folded before Flop
Seat 4: jaejun162 folded before Flop (didn't bet)
Seat 5: Mahu2021 folded before Flop (didn't bet)
Seat 6: zarpapis folded before Flop (didn't bet)



PokerStars Zoom Hand #254194574924:  Hold'em No Limit ($0.05/$0.10) - 2025/01/04 20:29:04 CET [2025/01/04 14:29:04 ET]
Table 'Aludra' 6-max Seat #1 is the button
Seat 1: im570rm ($10 in chips) 
Seat 2: sigmanolimit ($30.93 in chips) 
Seat 3: paino123 ($19.49 in chips) 
Seat 4: Ironhelt ($11.95 in chips) 
Seat 5: Mahu2021 ($7.81 in chips) 
Seat 6: ktje0202 ($15.90 in chips) 
sigmanolimit: posts small blind $0.05
paino123: posts big blind $0.10
*** HOLE CARDS ***
Dealt to Mahu2021 [3h Ts]
Ironhelt: raises $0.10 to $0.20
Mahu2021: folds 
ktje0202: folds 
im570rm: folds 
sigmanolimit: folds 
paino123: folds 
Uncalled bet ($0.10) returned to Ironhelt
Ironhelt collected $0.25 from pot
Ironhelt: doesn't show hand 
*** SUMMARY ***
Total pot $0.25 | Rake $0 
Seat 1: im570rm (button) folded before Flop (didn't bet)
Seat 2: sigmanolimit (small blind) folded before Flop
Seat 3: paino123 (big blind) folded before Flop
Seat 4: Ironhelt collected ($0.25)
Seat 5: Mahu2021 folded before Flop (didn't bet)
Seat 6: ktje0202 folded before Flop (didn't bet)



PokerStars Zoom Hand #254194578504:  Hold'em No Limit ($0.05/$0.10) - 2025/01/04 20:29:15 CET [2025/01/04 14:29:15 ET]
Table 'Aludra' 6-max Seat #1 is the button
Seat 1: tycegracs101 ($10.05 in chips) 
Seat 2: 2ater ($25.93 in chips) 
Seat 3: Mahu2021 ($7.81 in chips) 
Seat 4: miffay ($6.04 in chips) 
Seat 5: ktje0202 ($15.90 in chips) 
Seat 6: Elsacron ($18.20 in chips) 
2ater: posts small blind $0.05
Mahu2021: posts big blind $0.10
*** HOLE CARDS ***
Dealt to Mahu2021 [6d 3d]
miffay: raises $0.20 to $0.30
ktje0202: folds 
Elsacron: calls $0.30
tycegracs101: folds 
2ater: folds 
Mahu2021: folds 
*** FLOP *** [2h 9c 7c]
miffay: bets $0.30
Elsacron: folds 
Uncalled bet ($0.30) returned to miffay
miffay collected $0.72 from pot
miffay: doesn't show hand 
*** SUMMARY ***
Total pot $0.75 | Rake $0.03 
Board [2h 9c 7c]
Seat 1: tycegracs101 (button) folded before Flop (didn't bet)
Seat 2: 2ater (small blind) folded before Flop
Seat 3: Mahu2021 (big blind) folded before Flop
Seat 4: miffay collected ($0.72)
Seat 5: ktje0202 folded before Flop (didn't bet)
Seat 6: Elsacron folded on the Flop



PokerStars Zoom Hand #254194581574:  Hold'em No Limit ($0.05/$0.10) - 2025/01/04 20:29:24 CET [2025/01/04 14:29:24 ET]
Table 'Aludra' 6-max Seat #1 is the button
Seat 1: Mahu2021 ($7.71 in chips) 
Seat 2: jpeng248 ($17.84 in chips) 
Seat 3: michaltoja ($17.93 in chips) 
Seat 4: phenomeno691 ($12.62 in chips) 
Seat 5: brdoyle81 ($12.61 in chips) 
Seat 6: retarusis992 ($10 in chips) 
jpeng248: posts small blind $0.05
michaltoja: posts big blind $0.10
*** HOLE CARDS ***
Dealt to Mahu2021 [4h 6s]
phenomeno691: folds 
brdoyle81: folds 
retarusis992: raises $0.15 to $0.25
Mahu2021: folds 
jpeng248: folds 
michaltoja: folds 
Uncalled bet ($0.15) returned to retarusis992
retarusis992 collected $0.25 from pot
retarusis992: doesn't show hand 
*** SUMMARY ***
Total pot $0.25 | Rake $0 
Seat 1: Mahu2021 (button) folded before Flop (didn't bet)
Seat 2: jpeng248 (small blind) folded before Flop
Seat 3: michaltoja (big blind) folded before Flop
Seat 4: phenomeno691 folded before Flop (didn't bet)
Seat 5: brdoyle81 folded before Flop (didn't bet)
Seat 6: retarusis992 collected ($0.25)



PokerStars Zoom Hand #254194582781:  Hold'em No Limit ($0.05/$0.10) - 2025/01/04 20:29:28 CET [2025/01/04 14:29:28 ET]
Table 'Aludra' 6-max Seat #1 is the button
Seat 1: kropotkin2000 ($20.26 in chips) 
Seat 2: Mahu2021 ($7.71 in chips) 
Seat 3: 2ater ($10.74 in chips) 
Seat 4: phenomeno691 ($8.05 in chips) 
Seat 5: Navarokas ($11.51 in chips) 
Seat 6: DH1996LFC ($7.86 in chips) 
Mahu2021: posts small blind $0.05
2ater: posts big blind $0.10
*** HOLE CARDS ***
Dealt to Mahu2021 [9s 7s]
phenomeno691: folds 
Navarokas: raises $0.12 to $0.22
DH1996LFC: folds 
kropotkin2000: folds 
Mahu2021: calls $0.17
2ater: folds 
*** FLOP *** [7h Qc Ad]
Mahu2021: checks 
Navarokas: bets $0.17
Mahu2021: calls $0.17
*** TURN *** [7h Qc Ad] [8d]
Mahu2021: checks 
Navarokas: bets $0.30
Mahu2021: folds 
Uncalled bet ($0.30) returned to Navarokas
Navarokas collected $0.84 from pot
Navarokas: doesn't show hand 
*** SUMMARY ***
Total pot $0.88 | Rake $0.04 
Board [7h Qc Ad 8d]
Seat 1: kropotkin2000 (button) folded before Flop (didn't bet)
Seat 2: Mahu2021 (small blind) folded on the Turn
Seat 3: 2ater (big blind) folded before Flop
Seat 4: phenomeno691 folded before Flop (didn't bet)
Seat 5: Navarokas collected ($0.84)
Seat 6: DH1996LFC folded before Flop (didn't bet)



PokerStars Zoom Hand #254194592449:  Hold'em No Limit ($0.05/$0.10) - 2025/01/04 20:29:56 CET [2025/01/04 14:29:56 ET]
Table 'Aludra' 6-max Seat #1 is the button
Seat 1: Bur1k ($5 in chips) 
Seat 2: pokking876 ($41.24 in chips) 
Seat 3: retarusis992 ($10.15 in chips) 
Seat 4: Mahu2021 ($7.32 in chips) 
Seat 5: brdoyle81 ($19.76 in chips) 
Seat 6: zarpapis ($11.66 in chips) 
pokking876: posts small blind $0.05
retarusis992: posts big blind $0.10
*** HOLE CARDS ***
Dealt to Mahu2021 [Qd 9h]
Mahu2021: folds 
brdoyle81: raises $0.10 to $0.20
zarpapis: folds 
Bur1k: folds 
pokking876: folds 
retarusis992: folds 
Uncalled bet ($0.10) returned to brdoyle81
brdoyle81 collected $0.25 from pot
brdoyle81: doesn't show hand 
*** SUMMARY ***
Total pot $0.25 | Rake $0 
Seat 1: Bur1k (button) folded before Flop (didn't bet)
Seat 2: pokking876 (small blind) folded before Flop
Seat 3: retarusis992 (big blind) folded before Flop
Seat 4: Mahu2021 folded before Flop (didn't bet)
Seat 5: brdoyle81 collected ($0.25)
Seat 6: zarpapis folded before Flop (didn't bet)



PokerStars Zoom Hand #254194594170:  Hold'em No Limit ($0.05/$0.10) - 2025/01/04 20:30:01 CET [2025/01/04 14:30:01 ET]
Table 'Aludra' 6-max Seat #1 is the button
Seat 1: Mahu2021 ($7.32 in chips) 
Seat 2: retarusis992 ($10.76 in chips) 
Seat 3: rapida_entrega ($17.05 in chips) 
Seat 4: kocsuka ($10.44 in chips) 
Seat 5: lalis77 ($11.33 in chips) 
Seat 6: Tinyholden ($5.05 in chips) 
retarusis992: posts small blind $0.05
rapida_entrega: posts big blind $0.10
*** HOLE CARDS ***
Dealt to Mahu2021 [Th As]
kocsuka: raises $0.20 to $0.30
lalis77: folds 
Tinyholden: calls $0.30
Mahu2021: calls $0.30
retarusis992: folds 
rapida_entrega: folds 
*** FLOP *** [4s 4d Jc]
kocsuka: checks 
Tinyholden: checks 
Mahu2021: checks 
*** TURN *** [4s 4d Jc] [8h]
kocsuka: bets $1
Tinyholden: folds 
Mahu2021: folds 
Uncalled bet ($1) returned to kocsuka
kocsuka collected $1 from pot
kocsuka: doesn't show hand 
*** SUMMARY ***
Total pot $1.05 | Rake $0.05 
Board [4s 4d Jc 8h]
Seat 1: Mahu2021 (button) folded on the Turn
Seat 2: retarusis992 (small blind) folded before Flop
Seat 3: rapida_entrega (big blind) folded before Flop
Seat 4: kocsuka collected ($1)
Seat 5: lalis77 folded before Flop (didn't bet)
Seat 6: Tinyholden folded on the Turn



PokerStars Zoom Hand #254194601907:  Hold'em No Limit ($0.05/$0.10) - 2025/01/04 20:30:24 CET [2025/01/04 14:30:24 ET]
Table 'Aludra' 6-max Seat #1 is the button
Seat 1: eastergth ($6.20 in chips) 
Seat 2: jpeng248 ($18.73 in chips) 
Seat 3: TOMBAR_777 ($18.86 in chips) 
Seat 4: big boot656 ($19.56 in chips) 
Seat 5: kuvernoor ($11.35 in chips) 
Seat 6: Mahu2021 ($7.02 in chips) 
jpeng248: posts small blind $0.05
TOMBAR_777: posts big blind $0.10
*** HOLE CARDS ***
Dealt to Mahu2021 [Qc Jh]
big boot656: folds 
kuvernoor: folds 
Mahu2021: raises $0.20 to $0.30
eastergth: folds 
jpeng248: folds 
TOMBAR_777: folds 
Uncalled bet ($0.20) returned to Mahu2021
Mahu2021 collected $0.25 from pot
Mahu2021: doesn't show hand 
*** SUMMARY ***
Total pot $0.25 | Rake $0 
Seat 1: eastergth (button) folded before Flop (didn't bet)
Seat 2: jpeng248 (small blind) folded before Flop
Seat 3: TOMBAR_777 (big blind) folded before Flop
Seat 4: big boot656 folded before Flop (didn't bet)
Seat 5: kuvernoor folded before Flop (didn't bet)
Seat 6: Mahu2021 collected ($0.25)



PokerStars Zoom Hand #254194606965:  Hold'em No Limit ($0.05/$0.10) - 2025/01/04 20:30:39 CET [2025/01/04 14:30:39 ET]
Table 'Aludra' 6-max Seat #1 is the button
Seat 1: pokking876 ($9.40 in chips) 
Seat 2: KitschKrieg99 ($9.13 in chips) 
Seat 3: Mahu2021 ($7.17 in chips) 
Seat 4: jaejun162 ($15.20 in chips) 
Seat 5: gelik32 ($10.29 in chips) 
Seat 6: jpeng248 ($18.68 in chips) 
KitschKrieg99: posts small blind $0.05
Mahu2021: posts big blind $0.10
*** HOLE CARDS ***
Dealt to Mahu2021 [9h 9s]
jaejun162: folds 
gelik32: raises $0.15 to $0.25
jpeng248: folds 
pokking876: folds 
KitschKrieg99: folds 
Mahu2021: calls $0.15
*** FLOP *** [Jh Th Kh]
Mahu2021: checks 
gelik32: checks 
*** TURN *** [Jh Th Kh] [3s]
Mahu2021: checks 
gelik32: bets $0.40
Mahu2021: calls $0.40
*** RIVER *** [Jh Th Kh 3s] [4h]
Mahu2021: checks 
gelik32: checks 
*** SHOW DOWN ***
Mahu2021: shows [9h 9s] (a flush, King high)
gelik32: mucks hand 
Mahu2021 collected $1.29 from pot
*** SUMMARY ***
Total pot $1.35 | Rake $0.06 
Board [Jh Th Kh 3s 4h]
Seat 1: pokking876 (button) folded before Flop (didn't bet)
Seat 2: KitschKrieg99 (small blind) folded before Flop
Seat 3: Mahu2021 (big blind) showed [9h 9s] and won ($1.29) with a flush, King high
Seat 4: jaejun162 folded before Flop (didn't bet)
Seat 5: gelik32 mucked [Td Kd]
Seat 6: jpeng248 folded before Flop (didn't bet)



PokerStars Zoom Hand #254194619544:  Hold'em No Limit ($0.05/$0.10) - 2025/01/04 20:31:16 CET [2025/01/04 14:31:16 ET]
Table 'Aludra' 6-max Seat #1 is the button
Seat 1: davo7790 ($14.18 in chips) 
Seat 2: Mahu2021 ($7.81 in chips) 
Seat 3: miffay ($8.69 in chips) 
Seat 4: gelik32 ($12.04 in chips) 
Seat 5: VancurPL ($10.05 in chips) 
Seat 6: pokking876 ($16.40 in chips) 
Mahu2021: posts small blind $0.05
miffay: posts big blind $0.10
*** HOLE CARDS ***
Dealt to Mahu2021 [4c Kc]
gelik32: folds 
VancurPL has timed out
VancurPL: folds 
pokking876: folds 
davo7790: folds 
Mahu2021: raises $0.20 to $0.30
miffay: folds 
Uncalled bet ($0.20) returned to Mahu2021
Mahu2021 collected $0.20 from pot
Mahu2021: doesn't show hand 
*** SUMMARY ***
Total pot $0.20 | Rake $0 
Seat 1: davo7790 (button) folded before Flop (didn't bet)
Seat 2: Mahu2021 (small blind) collected ($0.20)
Seat 3: miffay (big blind) folded before Flop
Seat 4: gelik32 folded before Flop (didn't bet)
Seat 5: VancurPL folded before Flop (didn't bet)
Seat 6: pokking876 folded before Flop (didn't bet)



PokerStars Zoom Hand #254194630407:  Hold'em No Limit ($0.05/$0.10) - 2025/01/04 20:31:48 CET [2025/01/04 14:31:48 ET]
Table 'Aludra' 6-max Seat #1 is the button
Seat 1: red nickname ($11.52 in chips) 
Seat 2: Powerray60 ($8.73 in chips) 
Seat 3: phenomeno691 ($12.02 in chips) 
Seat 4: davo7790 ($12.87 in chips) 
Seat 5: KitschKrieg99 ($9.39 in chips) 
Seat 6: Mahu2021 ($7.91 in chips) 
Powerray60: posts small blind $0.05
phenomeno691: posts big blind $0.10
*** HOLE CARDS ***
Dealt to Mahu2021 [7h Ac]
davo7790: folds 
KitschKrieg99: folds 
Mahu2021: folds 
red nickname: folds 
Powerray60: folds 
Uncalled bet ($0.05) returned to phenomeno691
phenomeno691 collected $0.10 from pot
phenomeno691: doesn't show hand 
*** SUMMARY ***
Total pot $0.10 | Rake $0 
Seat 1: red nickname (button) folded before Flop (didn't bet)
Seat 2: Powerray60 (small blind) folded before Flop
Seat 3: phenomeno691 (big blind) collected ($0.10)
Seat 4: davo7790 folded before Flop (didn't bet)
Seat 5: KitschKrieg99 folded before Flop (didn't bet)
Seat 6: Mahu2021 folded before Flop (didn't bet)



PokerStars Zoom Hand #254194632276:  Hold'em No Limit ($0.05/$0.10) - 2025/01/04 20:31:53 CET [2025/01/04 14:31:53 ET]
Table 'Aludra' 6-max Seat #1 is the button
Seat 1: KitschKrieg99 ($9.39 in chips) 
Seat 2: Elsacron ($17.51 in chips) 
Seat 3: Hazooka ($7.87 in chips) 
Seat 4: roo198 ($10 in chips) 
Seat 5: Mahu2021 ($7.91 in chips) 
Seat 6: aalewee56 ($18.99 in chips) 
Elsacron: posts small blind $0.05
Hazooka: posts big blind $0.10
*** HOLE CARDS ***
Dealt to Mahu2021 [2c 9d]
roo198: folds 
Mahu2021: folds 
aalewee56: folds 
KitschKrieg99: folds 
Elsacron: folds 
Uncalled bet ($0.05) returned to Hazooka
Hazooka collected $0.10 from pot
Hazooka: doesn't show hand 
*** SUMMARY ***
Total pot $0.10 | Rake $0 
Seat 1: KitschKrieg99 (button) folded before Flop (didn't bet)
Seat 2: Elsacron (small blind) folded before Flop
Seat 3: Hazooka (big blind) collected ($0.10)
Seat 4: roo198 folded before Flop (didn't bet)
Seat 5: Mahu2021 folded before Flop (didn't bet)
Seat 6: aalewee56 folded before Flop (didn't bet)



PokerStars Zoom Hand #254194629017:  Hold'em No Limit ($0.05/$0.10) - 2025/01/04 20:31:44 CET [2025/01/04 14:31:44 ET]
Table 'Aludra' 6-max Seat #1 is the button
Seat 1: exROSSO ($10 in chips) 
Seat 2: Zonizo ($30.45 in chips) 
Seat 3: jpeng248 ($17.21 in chips) 
Seat 4: WideMonkaW ($11.93 in chips) 
Seat 5: Mahu2021 ($7.91 in chips) 
Seat 6: Bur1k ($5.35 in chips) 
Zonizo: posts small blind $0.05
jpeng248: posts big blind $0.10
*** HOLE CARDS ***
Dealt to Mahu2021 [7d 7h]
WideMonkaW: raises $0.10 to $0.20
Mahu2021: folds 
Bur1k: folds 
exROSSO: calls $0.20
Zonizo: folds 
jpeng248: folds 
*** FLOP *** [5d Ks 2c]
WideMonkaW: bets $0.27
exROSSO: folds 
Uncalled bet ($0.27) returned to WideMonkaW
WideMonkaW collected $0.53 from pot
WideMonkaW: doesn't show hand 
*** SUMMARY ***
Total pot $0.55 | Rake $0.02 
Board [5d Ks 2c]
Seat 1: exROSSO (button) folded on the Flop
Seat 2: Zonizo (small blind) folded before Flop
Seat 3: jpeng248 (big blind) folded before Flop
Seat 4: WideMonkaW collected ($0.53)
Seat 5: Mahu2021 folded before Flop (didn't bet)
Seat 6: Bur1k folded before Flop (didn't bet)



PokerStars Zoom Hand #254194634211:  Hold'em No Limit ($0.05/$0.10) - 2025/01/04 20:31:59 CET [2025/01/04 14:31:59 ET]
Table 'Aludra' 6-max Seat #1 is the button
Seat 1: Mahu2021 ($7.91 in chips) 
Seat 2: Bur1k ($5 in chips) 
Seat 3: retarusis992 ($10 in chips) 
Seat 4: WideMonkaW ($12.54 in chips) 
Seat 5: rapida_entrega ($11.01 in chips) 
Seat 6: Maagista ($11.95 in chips) 
Bur1k: posts small blind $0.05
retarusis992: posts big blind $0.10
*** HOLE CARDS ***
Dealt to Mahu2021 [7h Qh]
WideMonkaW: folds 
rapida_entrega: raises $0.10 to $0.20
Maagista: folds 
Mahu2021: folds 
Bur1k: folds 
retarusis992: folds 
Uncalled bet ($0.10) returned to rapida_entrega
rapida_entrega collected $0.25 from pot
rapida_entrega: doesn't show hand 
*** SUMMARY ***
Total pot $0.25 | Rake $0 
Seat 1: Mahu2021 (button) folded before Flop (didn't bet)
Seat 2: Bur1k (small blind) folded before Flop
Seat 3: retarusis992 (big blind) folded before Flop
Seat 4: WideMonkaW folded before Flop (didn't bet)
Seat 5: rapida_entrega collected ($0.25)
Seat 6: Maagista folded before Flop (didn't bet)



PokerStars Zoom Hand #254194631536:  Hold'em No Limit ($0.05/$0.10) - 2025/01/04 20:31:51 CET [2025/01/04 14:31:51 ET]
Table 'Aludra' 6-max Seat #1 is the button
Seat 1: N3VER FOLDAA ($17.75 in chips) 
Seat 2: Stedooo ($11.37 in chips) 
Seat 3: sacizin ($15.71 in chips) 
Seat 4: Mahu2021 ($7.91 in chips) 
Seat 5: VoltaireReplica ($16.77 in chips) 
Seat 6: Champiomf ($13.97 in chips) 
Stedooo: posts small blind $0.05
sacizin: posts big blind $0.10
*** HOLE CARDS ***
Dealt to Mahu2021 [Ts 6s]
Mahu2021: folds 
VoltaireReplica: raises $0.15 to $0.25
Champiomf: calls $0.25
N3VER FOLDAA: raises $1.15 to $1.40
Stedooo: folds 
sacizin: folds 
VoltaireReplica: folds 
Champiomf: folds 
Uncalled bet ($1.15) returned to N3VER FOLDAA
N3VER FOLDAA collected $0.90 from pot
N3VER FOLDAA: doesn't show hand 
*** SUMMARY ***
Total pot $0.90 | Rake $0 
Seat 1: N3VER FOLDAA (button) collected ($0.90)
Seat 2: Stedooo (small blind) folded before Flop
Seat 3: sacizin (big blind) folded before Flop
Seat 4: Mahu2021 folded before Flop (didn't bet)
Seat 5: VoltaireReplica folded before Flop
Seat 6: Champiomf folded before Flop



PokerStars Zoom Hand #254194638397:  Hold'em No Limit ($0.05/$0.10) - 2025/01/04 20:32:11 CET [2025/01/04 14:32:11 ET]
Table 'Aludra' 6-max Seat #1 is the button
Seat 1: Maagista ($11.95 in chips) 
Seat 2: Mahu2021 ($7.91 in chips) 
Seat 3: JonnyP773 ($10 in chips) 
Seat 4: zarpapis ($10.45 in chips) 
Seat 5: sigmanolimit ($14.63 in chips) 
Seat 6: doctornicola ($12.59 in chips) 
Mahu2021: posts small blind $0.05
JonnyP773: posts big blind $0.10
*** HOLE CARDS ***
Dealt to Mahu2021 [2h 7c]
zarpapis: raises $0.15 to $0.25
sigmanolimit: calls $0.25
doctornicola: calls $0.25
Maagista: folds 
Mahu2021: folds 
JonnyP773: calls $0.15
*** FLOP *** [Jc 8s Jd]
JonnyP773: checks 
zarpapis: checks 
sigmanolimit: bets $0.50
doctornicola: folds 
JonnyP773: folds 
zarpapis: folds 
Uncalled bet ($0.50) returned to sigmanolimit
sigmanolimit collected $1 from pot
sigmanolimit: doesn't show hand 
*** SUMMARY ***
Total pot $1.05 | Rake $0.05 
Board [Jc 8s Jd]
Seat 1: Maagista (button) folded before Flop (didn't bet)
Seat 2: Mahu2021 (small blind) folded before Flop
Seat 3: JonnyP773 (big blind) folded on the Flop
Seat 4: zarpapis folded on the Flop
Seat 5: sigmanolimit collected ($1)
Seat 6: doctornicola folded on the Flop



PokerStars Zoom Hand #254194639853:  Hold'em No Limit ($0.05/$0.10) - 2025/01/04 20:32:15 CET [2025/01/04 14:32:15 ET]
Table 'Aludra' 6-max Seat #1 is the button
Seat 1: smixx casHs ($20.15 in chips) 
Seat 2: WideMonkaW ($23.38 in chips) 
Seat 3: Mahu2021 ($7.86 in chips) 
Seat 4: dormmouse ($19.31 in chips) 
Seat 5: retarusis992 ($10 in chips) 
Seat 6: kolaskaFF ($14.64 in chips) 
WideMonkaW: posts small blind $0.05
Mahu2021: posts big blind $0.10
*** HOLE CARDS ***
Dealt to Mahu2021 [5c 5s]
dormmouse: folds 
retarusis992: folds 
kolaskaFF: folds 
smixx casHs: folds 
WideMonkaW: raises $0.20 to $0.30
Mahu2021: calls $0.20
*** FLOP *** [5d 3d 5h]
WideMonkaW: bets $0.29
Mahu2021: calls $0.29
*** TURN *** [5d 3d 5h] [9d]
WideMonkaW: bets $0.37
Mahu2021: calls $0.37
*** RIVER *** [5d 3d 5h 9d] [Td]
WideMonkaW: checks 
Mahu2021: bets $6.90 and is all-in
WideMonkaW: calls $6.90
*** SHOW DOWN ***
Mahu2021: shows [5c 5s] (four of a kind, Fives)
WideMonkaW: shows [9s 9c] (a full house, Nines full of Fives)
Mahu2021 collected $15.01 from pot
*** SUMMARY ***
Total pot $15.72 | Rake $0.71 
Board [5d 3d 5h 9d Td]
Seat 1: smixx casHs (button) folded before Flop (didn't bet)
Seat 2: WideMonkaW (small blind) showed [9s 9c] and lost with a full house, Nines full of Fives
Seat 3: Mahu2021 (big blind) showed [5c 5s] and won ($15.01) with four of a kind, Fives
Seat 4: dormmouse folded before Flop (didn't bet)
Seat 5: retarusis992 folded before Flop (didn't bet)
Seat 6: kolaskaFF folded before Flop (didn't bet)



PokerStars Zoom Hand #254194657129:  Hold'em No Limit ($0.05/$0.10) - 2025/01/04 20:33:06 CET [2025/01/04 14:33:06 ET]
Table 'Aludra' 6-max Seat #1 is the button
Seat 1: ScousePro ($10 in chips) 
Seat 2: 0_CAP_0 ($8.36 in chips) 
Seat 3: thorindorf ($10 in chips) 
Seat 4: xarmanis98 ($6.77 in chips) 
Seat 5: brdoyle81 ($10 in chips) 
Seat 6: Mahu2021 ($15.01 in chips) 
0_CAP_0: posts small blind $0.05
thorindorf: posts big blind $0.10
*** HOLE CARDS ***
Dealt to Mahu2021 [Qs 8d]
xarmanis98: folds 
brdoyle81: folds 
Mahu2021: folds 
ScousePro: folds 
0_CAP_0: folds 
Uncalled bet ($0.05) returned to thorindorf
thorindorf collected $0.10 from pot
thorindorf: doesn't show hand 
*** SUMMARY ***
Total pot $0.10 | Rake $0 
Seat 1: ScousePro (button) folded before Flop (didn't bet)
Seat 2: 0_CAP_0 (small blind) folded before Flop
Seat 3: thorindorf (big blind) collected ($0.10)
Seat 4: xarmanis98 folded before Flop (didn't bet)
Seat 5: brdoyle81 folded before Flop (didn't bet)
Seat 6: Mahu2021 folded before Flop (didn't bet)



