PokerStars Hand #243998318516: Tournament #3598111514, $0.92+$0.08 USD Hold'em No Limit - Level I (10/20) - 2023/05/30 20:59:33 CET [2023/05/30 14:59:33 ET]
Table '3598111514 1' 3-max Seat #1 is the button
Seat 1: uxb007 (500 in chips) 
Seat 2: such a person (500 in chips) 
Seat 3: Mahu2021 (500 in chips) 
such a person: posts small blind 10
Mahu2021: posts big blind 20
*** HOLE CARDS ***
Dealt to Mahu2021 [Kc Kd]
uxb007: calls 20
such a person: calls 10
Mahu2021: raises 480 to 500 and is all-in
uxb007: folds 
such a person: folds 
Uncalled bet (480) returned to Mahu2021
Mahu2021 collected 60 from pot
Mahu2021: doesn't show hand 
*** SUMMARY ***
Total pot 60 | Rake 0 
Seat 1: uxb007 (button) folded before Flop
Seat 2: such a person (small blind) folded before Flop
Seat 3: Mahu2021 (big blind) collected (60)



PokerStars Hand #243998321513: Tournament #3598111514, $0.92+$0.08 USD Hold'em No Limit - Level I (10/20) - 2023/05/30 20:59:45 CET [2023/05/30 14:59:45 ET]
Table '3598111514 1' 3-max Seat #2 is the button
Seat 1: uxb007 (480 in chips) 
Seat 2: such a person (480 in chips) 
Seat 3: Mahu2021 (540 in chips) 
Mahu2021: posts small blind 10
uxb007: posts big blind 20
*** HOLE CARDS ***
Dealt to Mahu2021 [2c 3s]
such a person: calls 20
Mahu2021: folds 
uxb007: checks 
*** FLOP *** [Ad 2s Js]
uxb007: bets 20
such a person: raises 20 to 40
uxb007: calls 20
*** TURN *** [Ad 2s Js] [2h]
uxb007: bets 20
such a person: folds 
Uncalled bet (20) returned to uxb007
uxb007 collected 130 from pot
uxb007: doesn't show hand 
*** SUMMARY ***
Total pot 130 | Rake 0 
Board [Ad 2s Js 2h]
Seat 1: uxb007 (big blind) collected (130)
Seat 2: such a person (button) folded on the Turn
Seat 3: Mahu2021 (small blind) folded before Flop



PokerStars Hand #243998327309: Tournament #3598111514, $0.92+$0.08 USD Hold'em No Limit - Level I (10/20) - 2023/05/30 21:00:08 CET [2023/05/30 15:00:08 ET]
Table '3598111514 1' 3-max Seat #3 is the button
Seat 1: uxb007 (550 in chips) 
Seat 2: such a person (420 in chips) 
Seat 3: Mahu2021 (530 in chips) 
uxb007: posts small blind 10
such a person: posts big blind 20
*** HOLE CARDS ***
Dealt to Mahu2021 [Qh Jd]
Mahu2021: calls 20
uxb007: calls 10
such a person: raises 40 to 60
Mahu2021: calls 40
uxb007: calls 40
*** FLOP *** [4d 4s 6d]
uxb007: checks 
such a person: checks 
Mahu2021: checks 
*** TURN *** [4d 4s 6d] [Kc]
uxb007: checks 
such a person: bets 40
Mahu2021: folds 
uxb007: folds 
Uncalled bet (40) returned to such a person
such a person collected 180 from pot
such a person: doesn't show hand 
*** SUMMARY ***
Total pot 180 | Rake 0 
Board [4d 4s 6d Kc]
Seat 1: uxb007 (small blind) folded on the Turn
Seat 2: such a person (big blind) collected (180)
Seat 3: Mahu2021 (button) folded on the Turn



PokerStars Hand #243998334316: Tournament #3598111514, $0.92+$0.08 USD Hold'em No Limit - Level I (10/20) - 2023/05/30 21:00:35 CET [2023/05/30 15:00:35 ET]
Table '3598111514 1' 3-max Seat #1 is the button
Seat 1: uxb007 (490 in chips) 
Seat 2: such a person (540 in chips) 
Seat 3: Mahu2021 (470 in chips) 
such a person: posts small blind 10
Mahu2021: posts big blind 20
*** HOLE CARDS ***
Dealt to Mahu2021 [5d Ts]
uxb007: calls 20
such a person: calls 10
Mahu2021: checks 
*** FLOP *** [Qs Td Ad]
such a person: checks 
Mahu2021: checks 
uxb007: bets 20
such a person: calls 20
Mahu2021: folds 
*** TURN *** [Qs Td Ad] [Ah]
such a person: checks 
uxb007: bets 140
such a person: folds 
Uncalled bet (140) returned to uxb007
uxb007 collected 100 from pot
uxb007: doesn't show hand 
*** SUMMARY ***
Total pot 100 | Rake 0 
Board [Qs Td Ad Ah]
Seat 1: uxb007 (button) collected (100)
Seat 2: such a person (small blind) folded on the Turn
Seat 3: Mahu2021 (big blind) folded on the Flop



PokerStars Hand #243998342213: Tournament #3598111514, $0.92+$0.08 USD Hold'em No Limit - Level I (10/20) - 2023/05/30 21:01:04 CET [2023/05/30 15:01:04 ET]
Table '3598111514 1' 3-max Seat #2 is the button
Seat 1: uxb007 (550 in chips) 
Seat 2: such a person (500 in chips) 
Seat 3: Mahu2021 (450 in chips) 
Mahu2021: posts small blind 10
uxb007: posts big blind 20
*** HOLE CARDS ***
Dealt to Mahu2021 [Ac 8h]
such a person: raises 40 to 60
Mahu2021: folds 
uxb007: calls 40
*** FLOP *** [2c As Qc]
uxb007: checks 
such a person: bets 40
uxb007: folds 
Uncalled bet (40) returned to such a person
such a person collected 130 from pot
such a person: doesn't show hand 
*** SUMMARY ***
Total pot 130 | Rake 0 
Board [2c As Qc]
Seat 1: uxb007 (big blind) folded on the Flop
Seat 2: such a person (button) collected (130)
Seat 3: Mahu2021 (small blind) folded before Flop



PokerStars Hand #243998346584: Tournament #3598111514, $0.92+$0.08 USD Hold'em No Limit - Level I (10/20) - 2023/05/30 21:01:19 CET [2023/05/30 15:01:19 ET]
Table '3598111514 1' 3-max Seat #3 is the button
Seat 1: uxb007 (490 in chips) 
Seat 2: such a person (570 in chips) 
Seat 3: Mahu2021 (440 in chips) 
uxb007: posts small blind 10
such a person: posts big blind 20
*** HOLE CARDS ***
Dealt to Mahu2021 [Qc 3s]
Mahu2021: folds 
uxb007: calls 10
such a person: checks 
*** FLOP *** [6c 7h Th]
uxb007: bets 20
such a person: calls 20
*** TURN *** [6c 7h Th] [2c]
uxb007: checks 
such a person: checks 
*** RIVER *** [6c 7h Th 2c] [Qd]
uxb007: checks 
such a person: bets 60
uxb007: folds 
Uncalled bet (60) returned to such a person
such a person collected 80 from pot
such a person: doesn't show hand 
*** SUMMARY ***
Total pot 80 | Rake 0 
Board [6c 7h Th 2c Qd]
Seat 1: uxb007 (small blind) folded on the River
Seat 2: such a person (big blind) collected (80)
Seat 3: Mahu2021 (button) folded before Flop (didn't bet)



PokerStars Hand #243998356431: Tournament #3598111514, $0.92+$0.08 USD Hold'em No Limit - Level I (10/20) - 2023/05/30 21:01:50 CET [2023/05/30 15:01:50 ET]
Table '3598111514 1' 3-max Seat #1 is the button
Seat 1: uxb007 (450 in chips) 
Seat 2: such a person (610 in chips) 
Seat 3: Mahu2021 (440 in chips) 
such a person: posts small blind 10
Mahu2021: posts big blind 20
*** HOLE CARDS ***
Dealt to Mahu2021 [As Kh]
uxb007: calls 20
such a person: folds 
Mahu2021: raises 40 to 60
uxb007: calls 40
*** FLOP *** [4c 8c 8h]
Mahu2021: checks 
uxb007: bets 20
Mahu2021: calls 20
*** TURN *** [4c 8c 8h] [Js]
Mahu2021: checks 
uxb007: checks 
*** RIVER *** [4c 8c 8h Js] [Jd]
Mahu2021: checks 
uxb007: checks 
*** SHOW DOWN ***
Mahu2021: shows [As Kh] (two pair, Jacks and Eights)
uxb007: mucks hand 
Mahu2021 collected 170 from pot
*** SUMMARY ***
Total pot 170 | Rake 0 
Board [4c 8c 8h Js Jd]
Seat 1: uxb007 (button) mucked [5c 6c]
Seat 2: such a person (small blind) folded before Flop
Seat 3: Mahu2021 (big blind) showed [As Kh] and won (170) with two pair, Jacks and Eights



PokerStars Hand #243998364005: Tournament #3598111514, $0.92+$0.08 USD Hold'em No Limit - Level I (10/20) - 2023/05/30 21:02:15 CET [2023/05/30 15:02:15 ET]
Table '3598111514 1' 3-max Seat #2 is the button
Seat 1: uxb007 (370 in chips) 
Seat 2: such a person (600 in chips) 
Seat 3: Mahu2021 (530 in chips) 
Mahu2021: posts small blind 10
uxb007: posts big blind 20
*** HOLE CARDS ***
Dealt to Mahu2021 [7c 4h]
such a person: calls 20
Mahu2021: folds 
uxb007: checks 
*** FLOP *** [7d 9s Kh]
uxb007: checks 
such a person: checks 
*** TURN *** [7d 9s Kh] [Ts]
uxb007: bets 50
such a person: folds 
Uncalled bet (50) returned to uxb007
uxb007 collected 50 from pot
uxb007: doesn't show hand 
*** SUMMARY ***
Total pot 50 | Rake 0 
Board [7d 9s Kh Ts]
Seat 1: uxb007 (big blind) collected (50)
Seat 2: such a person (button) folded on the Turn
Seat 3: Mahu2021 (small blind) folded before Flop



PokerStars Hand #243998373023: Tournament #3598111514, $0.92+$0.08 USD Hold'em No Limit - Level II (15/30) - 2023/05/30 21:02:41 CET [2023/05/30 15:02:41 ET]
Table '3598111514 1' 3-max Seat #3 is the button
Seat 1: uxb007 (400 in chips) 
Seat 2: such a person (580 in chips) 
Seat 3: Mahu2021 (520 in chips) 
uxb007: posts small blind 15
such a person: posts big blind 30
*** HOLE CARDS ***
Dealt to Mahu2021 [2c 4c]
Mahu2021: folds 
uxb007: folds 
Uncalled bet (15) returned to such a person
such a person collected 30 from pot
such a person: doesn't show hand 
*** SUMMARY ***
Total pot 30 | Rake 0 
Seat 1: uxb007 (small blind) folded before Flop
Seat 2: such a person (big blind) collected (30)
Seat 3: Mahu2021 (button) folded before Flop (didn't bet)



PokerStars Hand #243998376624: Tournament #3598111514, $0.92+$0.08 USD Hold'em No Limit - Level II (15/30) - 2023/05/30 21:02:51 CET [2023/05/30 15:02:51 ET]
Table '3598111514 1' 3-max Seat #1 is the button
Seat 1: uxb007 (385 in chips) 
Seat 2: such a person (595 in chips) 
Seat 3: Mahu2021 (520 in chips) 
such a person: posts small blind 15
Mahu2021: posts big blind 30
*** HOLE CARDS ***
Dealt to Mahu2021 [Qc 9d]
uxb007: calls 30
such a person: calls 15
Mahu2021: checks 
*** FLOP *** [Td As Th]
such a person: checks 
Mahu2021: checks 
uxb007: checks 
*** TURN *** [Td As Th] [8h]
such a person: checks 
Mahu2021: bets 30
uxb007: folds 
such a person: folds 
Uncalled bet (30) returned to Mahu2021
Mahu2021 collected 90 from pot
Mahu2021: doesn't show hand 
*** SUMMARY ***
Total pot 90 | Rake 0 
Board [Td As Th 8h]
Seat 1: uxb007 (button) folded on the Turn
Seat 2: such a person (small blind) folded on the Turn
Seat 3: Mahu2021 (big blind) collected (90)



PokerStars Hand #243998386552: Tournament #3598111514, $0.92+$0.08 USD Hold'em No Limit - Level II (15/30) - 2023/05/30 21:03:19 CET [2023/05/30 15:03:19 ET]
Table '3598111514 1' 3-max Seat #2 is the button
Seat 1: uxb007 (355 in chips) 
Seat 2: such a person (565 in chips) 
Seat 3: Mahu2021 (580 in chips) 
Mahu2021: posts small blind 15
uxb007: posts big blind 30
*** HOLE CARDS ***
Dealt to Mahu2021 [3s 7h]
such a person: folds 
Mahu2021: folds 
Uncalled bet (15) returned to uxb007
uxb007 collected 30 from pot
uxb007: doesn't show hand 
*** SUMMARY ***
Total pot 30 | Rake 0 
Seat 1: uxb007 (big blind) collected (30)
Seat 2: such a person (button) folded before Flop (didn't bet)
Seat 3: Mahu2021 (small blind) folded before Flop



PokerStars Hand #243998388458: Tournament #3598111514, $0.92+$0.08 USD Hold'em No Limit - Level II (15/30) - 2023/05/30 21:03:25 CET [2023/05/30 15:03:25 ET]
Table '3598111514 1' 3-max Seat #3 is the button
Seat 1: uxb007 (370 in chips) 
Seat 2: such a person (565 in chips) 
Seat 3: Mahu2021 (565 in chips) 
uxb007: posts small blind 15
such a person: posts big blind 30
*** HOLE CARDS ***
Dealt to Mahu2021 [6h Qd]
Mahu2021: folds 
uxb007: calls 15
such a person: checks 
*** FLOP *** [8h 9s 4c]
uxb007: checks 
such a person: checks 
*** TURN *** [8h 9s 4c] [Qh]
uxb007: bets 60
such a person: folds 
Uncalled bet (60) returned to uxb007
uxb007 collected 60 from pot
uxb007: doesn't show hand 
*** SUMMARY ***
Total pot 60 | Rake 0 
Board [8h 9s 4c Qh]
Seat 1: uxb007 (small blind) collected (60)
Seat 2: such a person (big blind) folded on the Turn
Seat 3: Mahu2021 (button) folded before Flop (didn't bet)



PokerStars Hand #243998399145: Tournament #3598111514, $0.92+$0.08 USD Hold'em No Limit - Level II (15/30) - 2023/05/30 21:03:54 CET [2023/05/30 15:03:54 ET]
Table '3598111514 1' 3-max Seat #1 is the button
Seat 1: uxb007 (400 in chips) 
Seat 2: such a person (535 in chips) 
Seat 3: Mahu2021 (565 in chips) 
such a person: posts small blind 15
Mahu2021: posts big blind 30
*** HOLE CARDS ***
Dealt to Mahu2021 [Kc 3c]
uxb007: folds 
such a person: folds 
Uncalled bet (15) returned to Mahu2021
Mahu2021 collected 30 from pot
Mahu2021: doesn't show hand 
*** SUMMARY ***
Total pot 30 | Rake 0 
Seat 1: uxb007 (button) folded before Flop (didn't bet)
Seat 2: such a person (small blind) folded before Flop
Seat 3: Mahu2021 (big blind) collected (30)



PokerStars Hand #243998405669: Tournament #3598111514, $0.92+$0.08 USD Hold'em No Limit - Level II (15/30) - 2023/05/30 21:04:12 CET [2023/05/30 15:04:12 ET]
Table '3598111514 1' 3-max Seat #2 is the button
Seat 1: uxb007 (400 in chips) 
Seat 2: such a person (520 in chips) 
Seat 3: Mahu2021 (580 in chips) 
Mahu2021: posts small blind 15
uxb007: posts big blind 30
*** HOLE CARDS ***
Dealt to Mahu2021 [6s 8h]
such a person: raises 30 to 60
Mahu2021: folds 
uxb007: folds 
Uncalled bet (30) returned to such a person
such a person collected 75 from pot
such a person: doesn't show hand 
*** SUMMARY ***
Total pot 75 | Rake 0 
Seat 1: uxb007 (big blind) folded before Flop
Seat 2: such a person (button) collected (75)
Seat 3: Mahu2021 (small blind) folded before Flop



PokerStars Hand #243998409685: Tournament #3598111514, $0.92+$0.08 USD Hold'em No Limit - Level II (15/30) - 2023/05/30 21:04:23 CET [2023/05/30 15:04:23 ET]
Table '3598111514 1' 3-max Seat #3 is the button
Seat 1: uxb007 (370 in chips) 
Seat 2: such a person (565 in chips) 
Seat 3: Mahu2021 (565 in chips) 
uxb007: posts small blind 15
such a person: posts big blind 30
*** HOLE CARDS ***
Dealt to Mahu2021 [2d Kc]
Mahu2021: folds 
uxb007: calls 15
such a person: raises 535 to 565 and is all-in
uxb007: folds 
Uncalled bet (535) returned to such a person
such a person collected 60 from pot
such a person: doesn't show hand 
*** SUMMARY ***
Total pot 60 | Rake 0 
Seat 1: uxb007 (small blind) folded before Flop
Seat 2: such a person (big blind) collected (60)
Seat 3: Mahu2021 (button) folded before Flop (didn't bet)



PokerStars Hand #243998416276: Tournament #3598111514, $0.92+$0.08 USD Hold'em No Limit - Level II (15/30) - 2023/05/30 21:04:41 CET [2023/05/30 15:04:41 ET]
Table '3598111514 1' 3-max Seat #1 is the button
Seat 1: uxb007 (340 in chips) 
Seat 2: such a person (595 in chips) 
Seat 3: Mahu2021 (565 in chips) 
such a person: posts small blind 15
Mahu2021: posts big blind 30
*** HOLE CARDS ***
Dealt to Mahu2021 [2d 4c]
uxb007: folds 
such a person: folds 
Uncalled bet (15) returned to Mahu2021
Mahu2021 collected 30 from pot
Mahu2021: doesn't show hand 
*** SUMMARY ***
Total pot 30 | Rake 0 
Seat 1: uxb007 (button) folded before Flop (didn't bet)
Seat 2: such a person (small blind) folded before Flop
Seat 3: Mahu2021 (big blind) collected (30)



PokerStars Hand #243998419171: Tournament #3598111514, $0.92+$0.08 USD Hold'em No Limit - Level II (15/30) - 2023/05/30 21:04:49 CET [2023/05/30 15:04:49 ET]
Table '3598111514 1' 3-max Seat #2 is the button
Seat 1: uxb007 (340 in chips) 
Seat 2: such a person (580 in chips) 
Seat 3: Mahu2021 (580 in chips) 
Mahu2021: posts small blind 15
uxb007: posts big blind 30
*** HOLE CARDS ***
Dealt to Mahu2021 [As Th]
such a person: raises 90 to 120
Mahu2021: folds 
uxb007: calls 90
*** FLOP *** [7h Ad 6d]
uxb007: bets 30
such a person: raises 430 to 460 and is all-in
uxb007: calls 190 and is all-in
Uncalled bet (240) returned to such a person
*** TURN *** [7h Ad 6d] [Ts]
*** RIVER *** [7h Ad 6d Ts] [Kd]
*** SHOW DOWN ***
uxb007: shows [Jh Qd] (a straight, Ten to Ace)
such a person: shows [Kc Ah] (two pair, Aces and Kings)
uxb007 collected 695 from pot
*** SUMMARY ***
Total pot 695 | Rake 0 
Board [7h Ad 6d Ts Kd]
Seat 1: uxb007 (big blind) showed [Jh Qd] and won (695) with a straight, Ten to Ace
Seat 2: such a person (button) showed [Kc Ah] and lost with two pair, Aces and Kings
Seat 3: Mahu2021 (small blind) folded before Flop



PokerStars Hand #243998431424: Tournament #3598111514, $0.92+$0.08 USD Hold'em No Limit - Level II (15/30) - 2023/05/30 21:05:17 CET [2023/05/30 15:05:17 ET]
Table '3598111514 1' 3-max Seat #3 is the button
Seat 1: uxb007 (695 in chips) 
Seat 2: such a person (240 in chips) 
Seat 3: Mahu2021 (565 in chips) 
uxb007: posts small blind 15
such a person: posts big blind 30
*** HOLE CARDS ***
Dealt to Mahu2021 [Ad 8d]
Mahu2021: calls 30
uxb007: calls 15
such a person: raises 30 to 60
Mahu2021: calls 30
uxb007: calls 30
*** FLOP *** [2h Td Qs]
uxb007: checks 
such a person: checks 
Mahu2021: checks 
*** TURN *** [2h Td Qs] [2d]
uxb007: bets 635 and is all-in
such a person: folds 
Mahu2021: folds 
Uncalled bet (635) returned to uxb007
uxb007 collected 180 from pot
uxb007: doesn't show hand 
*** SUMMARY ***
Total pot 180 | Rake 0 
Board [2h Td Qs 2d]
Seat 1: uxb007 (small blind) collected (180)
Seat 2: such a person (big blind) folded on the Turn
Seat 3: Mahu2021 (button) folded on the Turn



PokerStars Hand #243998444896: Tournament #3598111514, $0.92+$0.08 USD Hold'em No Limit - Level III (20/40) - 2023/05/30 21:05:47 CET [2023/05/30 15:05:47 ET]
Table '3598111514 1' 3-max Seat #1 is the button
Seat 1: uxb007 (815 in chips) 
Seat 2: such a person (180 in chips) 
Seat 3: Mahu2021 (505 in chips) 
such a person: posts small blind 20
Mahu2021: posts big blind 40
*** HOLE CARDS ***
Dealt to Mahu2021 [6c Kd]
uxb007: folds 
such a person: folds 
Uncalled bet (20) returned to Mahu2021
Mahu2021 collected 40 from pot
Mahu2021: doesn't show hand 
*** SUMMARY ***
Total pot 40 | Rake 0 
Seat 1: uxb007 (button) folded before Flop (didn't bet)
Seat 2: such a person (small blind) folded before Flop
Seat 3: Mahu2021 (big blind) collected (40)



PokerStars Hand #243998448466: Tournament #3598111514, $0.92+$0.08 USD Hold'em No Limit - Level III (20/40) - 2023/05/30 21:05:55 CET [2023/05/30 15:05:55 ET]
Table '3598111514 1' 3-max Seat #2 is the button
Seat 1: uxb007 (815 in chips) 
Seat 2: such a person (160 in chips) 
Seat 3: Mahu2021 (525 in chips) 
Mahu2021: posts small blind 20
uxb007: posts big blind 40
*** HOLE CARDS ***
Dealt to Mahu2021 [4d Td]
such a person: raises 120 to 160 and is all-in
Mahu2021: folds 
uxb007: folds 
Uncalled bet (120) returned to such a person
such a person collected 100 from pot
such a person: doesn't show hand 
*** SUMMARY ***
Total pot 100 | Rake 0 
Seat 1: uxb007 (big blind) folded before Flop
Seat 2: such a person (button) collected (100)
Seat 3: Mahu2021 (small blind) folded before Flop



PokerStars Hand #243998452802: Tournament #3598111514, $0.92+$0.08 USD Hold'em No Limit - Level III (20/40) - 2023/05/30 21:06:05 CET [2023/05/30 15:06:05 ET]
Table '3598111514 1' 3-max Seat #3 is the button
Seat 1: uxb007 (775 in chips) 
Seat 2: such a person (220 in chips) 
Seat 3: Mahu2021 (505 in chips) 
uxb007: posts small blind 20
such a person: posts big blind 40
*** HOLE CARDS ***
Dealt to Mahu2021 [Tc Qs]
Mahu2021: calls 40
uxb007: calls 20
such a person: checks 
*** FLOP *** [4h Jh 5d]
uxb007: bets 40
such a person: calls 40
Mahu2021: folds 
*** TURN *** [4h Jh 5d] [3c]
uxb007: bets 200
such a person: calls 140 and is all-in
Uncalled bet (60) returned to uxb007
*** RIVER *** [4h Jh 5d 3c] [Td]
*** SHOW DOWN ***
uxb007: shows [8d 8c] (a pair of Eights)
such a person: shows [3s 2c] (a pair of Threes)
uxb007 collected 480 from pot
such a person finished the tournament in 3rd place
*** SUMMARY ***
Total pot 480 | Rake 0 
Board [4h Jh 5d 3c Td]
Seat 1: uxb007 (small blind) showed [8d 8c] and won (480) with a pair of Eights
Seat 2: such a person (big blind) showed [3s 2c] and lost with a pair of Threes
Seat 3: Mahu2021 (button) folded on the Flop



PokerStars Hand #243998468817: Tournament #3598111514, $0.92+$0.08 USD Hold'em No Limit - Level III (20/40) - 2023/05/30 21:06:39 CET [2023/05/30 15:06:39 ET]
Table '3598111514 1' 3-max Seat #1 is the button
Seat 1: uxb007 (1035 in chips) 
Seat 3: Mahu2021 (465 in chips) 
uxb007: posts small blind 20
Mahu2021: posts big blind 40
*** HOLE CARDS ***
Dealt to Mahu2021 [5h 9c]
uxb007: calls 20
Mahu2021: checks 
*** FLOP *** [Ac 4s 7h]
Mahu2021: checks 
uxb007: checks 
*** TURN *** [Ac 4s 7h] [Jd]
Mahu2021: checks 
uxb007: checks 
*** RIVER *** [Ac 4s 7h Jd] [6d]
Mahu2021: checks 
uxb007: checks 
*** SHOW DOWN ***
Mahu2021: shows [5h 9c] (high card Ace)
uxb007: shows [3s 3d] (a pair of Threes)
uxb007 collected 80 from pot
*** SUMMARY ***
Total pot 80 | Rake 0 
Board [Ac 4s 7h Jd 6d]
Seat 1: uxb007 (button) (small blind) showed [3s 3d] and won (80) with a pair of Threes
Seat 3: Mahu2021 (big blind) showed [5h 9c] and lost with high card Ace



PokerStars Hand #243998481941: Tournament #3598111514, $0.92+$0.08 USD Hold'em No Limit - Level III (20/40) - 2023/05/30 21:07:07 CET [2023/05/30 15:07:07 ET]
Table '3598111514 1' 3-max Seat #3 is the button
Seat 1: uxb007 (1075 in chips) 
Seat 3: Mahu2021 (425 in chips) 
Mahu2021: posts small blind 20
uxb007: posts big blind 40
*** HOLE CARDS ***
Dealt to Mahu2021 [2c 6c]
Mahu2021: calls 20
uxb007: checks 
*** FLOP *** [Th 4h 5d]
uxb007: checks 
Mahu2021: checks 
*** TURN *** [Th 4h 5d] [4d]
uxb007: checks 
Mahu2021: bets 40
uxb007: calls 40
*** RIVER *** [Th 4h 5d 4d] [Ad]
uxb007: checks 
Mahu2021: checks 
*** SHOW DOWN ***
uxb007: shows [5s 3c] (two pair, Fives and Fours)
Mahu2021: mucks hand 
uxb007 collected 160 from pot
*** SUMMARY ***
Total pot 160 | Rake 0 
Board [Th 4h 5d 4d Ad]
Seat 1: uxb007 (big blind) showed [5s 3c] and won (160) with two pair, Fives and Fours
Seat 3: Mahu2021 (button) (small blind) mucked [2c 6c]



PokerStars Hand #243998498469: Tournament #3598111514, $0.92+$0.08 USD Hold'em No Limit - Level III (20/40) - 2023/05/30 21:07:42 CET [2023/05/30 15:07:42 ET]
Table '3598111514 1' 3-max Seat #1 is the button
Seat 1: uxb007 (1155 in chips) 
Seat 3: Mahu2021 (345 in chips) 
uxb007: posts small blind 20
Mahu2021: posts big blind 40
*** HOLE CARDS ***
Dealt to Mahu2021 [Ts 8c]
uxb007: folds 
Uncalled bet (20) returned to Mahu2021
Mahu2021 collected 40 from pot
Mahu2021: doesn't show hand 
*** SUMMARY ***
Total pot 40 | Rake 0 
Seat 1: uxb007 (button) (small blind) folded before Flop
Seat 3: Mahu2021 (big blind) collected (40)



PokerStars Hand #243998503169: Tournament #3598111514, $0.92+$0.08 USD Hold'em No Limit - Level III (20/40) - 2023/05/30 21:07:52 CET [2023/05/30 15:07:52 ET]
Table '3598111514 1' 3-max Seat #3 is the button
Seat 1: uxb007 (1135 in chips) 
Seat 3: Mahu2021 (365 in chips) 
Mahu2021: posts small blind 20
uxb007: posts big blind 40
*** HOLE CARDS ***
Dealt to Mahu2021 [6h 8s]
Mahu2021: folds 
Uncalled bet (20) returned to uxb007
uxb007 collected 40 from pot
uxb007: doesn't show hand 
*** SUMMARY ***
Total pot 40 | Rake 0 
Seat 1: uxb007 (big blind) collected (40)
Seat 3: Mahu2021 (button) (small blind) folded before Flop



PokerStars Hand #243998505348: Tournament #3598111514, $0.92+$0.08 USD Hold'em No Limit - Level III (20/40) - 2023/05/30 21:07:57 CET [2023/05/30 15:07:57 ET]
Table '3598111514 1' 3-max Seat #1 is the button
Seat 1: uxb007 (1155 in chips) 
Seat 3: Mahu2021 (345 in chips) 
uxb007: posts small blind 20
Mahu2021: posts big blind 40
*** HOLE CARDS ***
Dealt to Mahu2021 [6h Tc]
uxb007: calls 20
Mahu2021: checks 
*** FLOP *** [Jh 8d 7s]
Mahu2021: checks 
uxb007: bets 40
Mahu2021: calls 40
*** TURN *** [Jh 8d 7s] [Qd]
Mahu2021: checks 
uxb007: bets 160
Mahu2021: folds 
Uncalled bet (160) returned to uxb007
uxb007 collected 160 from pot
uxb007: doesn't show hand 
*** SUMMARY ***
Total pot 160 | Rake 0 
Board [Jh 8d 7s Qd]
Seat 1: uxb007 (button) (small blind) collected (160)
Seat 3: Mahu2021 (big blind) folded on the Turn



PokerStars Hand #243998514297: Tournament #3598111514, $0.92+$0.08 USD Hold'em No Limit - Level III (20/40) - 2023/05/30 21:08:16 CET [2023/05/30 15:08:16 ET]
Table '3598111514 1' 3-max Seat #3 is the button
Seat 1: uxb007 (1235 in chips) 
Seat 3: Mahu2021 (265 in chips) 
Mahu2021: posts small blind 20
uxb007: posts big blind 40
*** HOLE CARDS ***
Dealt to Mahu2021 [5h Js]
Mahu2021: folds 
Uncalled bet (20) returned to uxb007
uxb007 collected 40 from pot
uxb007: doesn't show hand 
*** SUMMARY ***
Total pot 40 | Rake 0 
Seat 1: uxb007 (big blind) collected (40)
Seat 3: Mahu2021 (button) (small blind) folded before Flop



PokerStars Hand #243998516452: Tournament #3598111514, $0.92+$0.08 USD Hold'em No Limit - Level III (20/40) - 2023/05/30 21:08:20 CET [2023/05/30 15:08:20 ET]
Table '3598111514 1' 3-max Seat #1 is the button
Seat 1: uxb007 (1255 in chips) 
Seat 3: Mahu2021 (245 in chips) 
uxb007: posts small blind 20
Mahu2021: posts big blind 40
*** HOLE CARDS ***
Dealt to Mahu2021 [Ad Qd]
uxb007: folds 
Uncalled bet (20) returned to Mahu2021
Mahu2021 collected 40 from pot
Mahu2021: doesn't show hand 
*** SUMMARY ***
Total pot 40 | Rake 0 
Seat 1: uxb007 (button) (small blind) folded before Flop
Seat 3: Mahu2021 (big blind) collected (40)



PokerStars Hand #243998518753: Tournament #3598111514, $0.92+$0.08 USD Hold'em No Limit - Level III (20/40) - 2023/05/30 21:08:25 CET [2023/05/30 15:08:25 ET]
Table '3598111514 1' 3-max Seat #3 is the button
Seat 1: uxb007 (1235 in chips) 
Seat 3: Mahu2021 (265 in chips) 
Mahu2021: posts small blind 20
uxb007: posts big blind 40
*** HOLE CARDS ***
Dealt to Mahu2021 [7d Jd]
Mahu2021: calls 20
uxb007: checks 
*** FLOP *** [4d 3c 8s]
uxb007: bets 80
Mahu2021: folds 
Uncalled bet (80) returned to uxb007
uxb007 collected 80 from pot
uxb007: doesn't show hand 
*** SUMMARY ***
Total pot 80 | Rake 0 
Board [4d 3c 8s]
Seat 1: uxb007 (big blind) collected (80)
Seat 3: Mahu2021 (button) (small blind) folded on the Flop



PokerStars Hand #243998526431: Tournament #3598111514, $0.92+$0.08 USD Hold'em No Limit - Level IV (30/60) - 2023/05/30 21:08:41 CET [2023/05/30 15:08:41 ET]
Table '3598111514 1' 3-max Seat #1 is the button
Seat 1: uxb007 (1275 in chips) 
Seat 3: Mahu2021 (225 in chips) 
uxb007: posts small blind 30
Mahu2021: posts big blind 60
*** HOLE CARDS ***
Dealt to Mahu2021 [As Tc]
uxb007: folds 
Uncalled bet (30) returned to Mahu2021
Mahu2021 collected 60 from pot
Mahu2021: doesn't show hand 
*** SUMMARY ***
Total pot 60 | Rake 0 
Seat 1: uxb007 (button) (small blind) folded before Flop
Seat 3: Mahu2021 (big blind) collected (60)



PokerStars Hand #243998528757: Tournament #3598111514, $0.92+$0.08 USD Hold'em No Limit - Level IV (30/60) - 2023/05/30 21:08:46 CET [2023/05/30 15:08:46 ET]
Table '3598111514 1' 3-max Seat #3 is the button
Seat 1: uxb007 (1245 in chips) 
Seat 3: Mahu2021 (255 in chips) 
Mahu2021: posts small blind 30
uxb007: posts big blind 60
*** HOLE CARDS ***
Dealt to Mahu2021 [3d 9s]
Mahu2021: folds 
Uncalled bet (30) returned to uxb007
uxb007 collected 60 from pot
uxb007: doesn't show hand 
*** SUMMARY ***
Total pot 60 | Rake 0 
Seat 1: uxb007 (big blind) collected (60)
Seat 3: Mahu2021 (button) (small blind) folded before Flop



PokerStars Hand #243998530809: Tournament #3598111514, $0.92+$0.08 USD Hold'em No Limit - Level IV (30/60) - 2023/05/30 21:08:50 CET [2023/05/30 15:08:50 ET]
Table '3598111514 1' 3-max Seat #1 is the button
Seat 1: uxb007 (1275 in chips) 
Seat 3: Mahu2021 (225 in chips) 
uxb007: posts small blind 30
Mahu2021: posts big blind 60
*** HOLE CARDS ***
Dealt to Mahu2021 [9c 2d]
uxb007: calls 30
Mahu2021: checks 
*** FLOP *** [Qc 8s Kc]
Mahu2021: checks 
uxb007: checks 
*** TURN *** [Qc 8s Kc] [Kd]
Mahu2021: checks 
uxb007: bets 60
Mahu2021: folds 
Uncalled bet (60) returned to uxb007
uxb007 collected 120 from pot
uxb007: doesn't show hand 
*** SUMMARY ***
Total pot 120 | Rake 0 
Board [Qc 8s Kc Kd]
Seat 1: uxb007 (button) (small blind) collected (120)
Seat 3: Mahu2021 (big blind) folded on the Turn



PokerStars Hand #243998536923: Tournament #3598111514, $0.92+$0.08 USD Hold'em No Limit - Level IV (30/60) - 2023/05/30 21:09:03 CET [2023/05/30 15:09:03 ET]
Table '3598111514 1' 3-max Seat #3 is the button
Seat 1: uxb007 (1335 in chips) 
Seat 3: Mahu2021 (165 in chips) 
Mahu2021: posts small blind 30
uxb007: posts big blind 60
*** HOLE CARDS ***
Dealt to Mahu2021 [8d Qc]
Mahu2021: raises 105 to 165 and is all-in
uxb007: calls 105
*** FLOP *** [Jc Ad 7d]
*** TURN *** [Jc Ad 7d] [4d]
*** RIVER *** [Jc Ad 7d 4d] [4s]
*** SHOW DOWN ***
uxb007: shows [2d Ac] (two pair, Aces and Fours)
Mahu2021: shows [8d Qc] (a pair of Fours)
uxb007 collected 330 from pot
Mahu2021 finished the tournament in 2nd place
uxb007 wins the tournament and receives $5.00 - congratulations!
*** SUMMARY ***
Total pot 330 | Rake 0 
Board [Jc Ad 7d 4d 4s]
Seat 1: uxb007 (big blind) showed [2d Ac] and won (330) with two pair, Aces and Fours
Seat 3: Mahu2021 (button) (small blind) showed [8d Qc] and lost with a pair of Fours



