PokerStars Hand #245771777366: Tournament #3640442094, $0.92+$0.08 USD Hold'em No Limit - Level I (10/20) - 2023/09/04 19:49:52 CET [2023/09/04 13:49:52 ET]
Table '3640442094 1' 3-max Seat #1 is the button
Seat 1: LJWoz (500 in chips) 
Seat 2: Allezlaballe (500 in chips) 
Seat 3: Mahu2021 (500 in chips) 
Allezlaballe: posts small blind 10
Mahu2021: posts big blind 20
*** HOLE CARDS ***
Dealt to Mahu2021 [Ad Ac]
LJWoz: calls 20
Allezlaballe: calls 10
Mahu2021: raises 480 to 500 and is all-in
LJWoz: folds 
Allezlaballe: calls 480 and is all-in
*** FLOP *** [5h Kh 6d]
*** TURN *** [5h Kh 6d] [Ts]
*** RIVER *** [5h Kh 6d Ts] [4h]
*** SHOW DOWN ***
Allezlaballe: shows [As Kd] (a pair of Kings)
Mahu2021: shows [Ad Ac] (a pair of Aces)
Mahu2021 collected 1020 from pot
Allezlaballe finished the tournament in 3rd place
*** SUMMARY ***
Total pot 1020 | Rake 0 
Board [5h Kh 6d Ts 4h]
Seat 1: LJWoz (button) folded before Flop
Seat 2: Allezlaballe (small blind) showed [As Kd] and lost with a pair of Kings
Seat 3: Mahu2021 (big blind) showed [Ad Ac] and won (1020) with a pair of Aces



PokerStars Hand #245771786910: Tournament #3640442094, $0.92+$0.08 USD Hold'em No Limit - Level I (10/20) - 2023/09/04 19:50:21 CET [2023/09/04 13:50:21 ET]
Table '3640442094 1' 3-max Seat #3 is the button
Seat 1: LJWoz (480 in chips) 
Seat 3: Mahu2021 (1020 in chips) 
Mahu2021: posts small blind 10
LJWoz: posts big blind 20
*** HOLE CARDS ***
Dealt to Mahu2021 [Qc 2d]
Mahu2021: folds 
Uncalled bet (10) returned to LJWoz
LJWoz collected 20 from pot
LJWoz: doesn't show hand 
*** SUMMARY ***
Total pot 20 | Rake 0 
Seat 1: LJWoz (big blind) collected (20)
Seat 3: Mahu2021 (button) (small blind) folded before Flop



PokerStars Hand #245771788350: Tournament #3640442094, $0.92+$0.08 USD Hold'em No Limit - Level I (10/20) - 2023/09/04 19:50:26 CET [2023/09/04 13:50:26 ET]
Table '3640442094 1' 3-max Seat #1 is the button
Seat 1: LJWoz (490 in chips) 
Seat 3: Mahu2021 (1010 in chips) 
LJWoz: posts small blind 10
Mahu2021: posts big blind 20
*** HOLE CARDS ***
Dealt to Mahu2021 [3h 5c]
LJWoz: folds 
Uncalled bet (10) returned to Mahu2021
Mahu2021 collected 20 from pot
Mahu2021: doesn't show hand 
*** SUMMARY ***
Total pot 20 | Rake 0 
Seat 1: LJWoz (button) (small blind) folded before Flop
Seat 3: Mahu2021 (big blind) collected (20)



PokerStars Hand #245771789804: Tournament #3640442094, $0.92+$0.08 USD Hold'em No Limit - Level I (10/20) - 2023/09/04 19:50:31 CET [2023/09/04 13:50:31 ET]
Table '3640442094 1' 3-max Seat #3 is the button
Seat 1: LJWoz (480 in chips) 
Seat 3: Mahu2021 (1020 in chips) 
Mahu2021: posts small blind 10
LJWoz: posts big blind 20
*** HOLE CARDS ***
Dealt to Mahu2021 [Ah Qd]
Mahu2021: raises 20 to 40
LJWoz: calls 20
*** FLOP *** [Kh Qh 7c]
LJWoz: checks 
Mahu2021: bets 20
LJWoz: folds 
Uncalled bet (20) returned to Mahu2021
Mahu2021 collected 80 from pot
Mahu2021: doesn't show hand 
*** SUMMARY ***
Total pot 80 | Rake 0 
Board [Kh Qh 7c]
Seat 1: LJWoz (big blind) folded on the Flop
Seat 3: Mahu2021 (button) (small blind) collected (80)



PokerStars Hand #245771794648: Tournament #3640442094, $0.92+$0.08 USD Hold'em No Limit - Level I (10/20) - 2023/09/04 19:50:45 CET [2023/09/04 13:50:45 ET]
Table '3640442094 1' 3-max Seat #1 is the button
Seat 1: LJWoz (440 in chips) 
Seat 3: Mahu2021 (1060 in chips) 
LJWoz: posts small blind 10
Mahu2021: posts big blind 20
*** HOLE CARDS ***
Dealt to Mahu2021 [5c 5d]
LJWoz: calls 10
Mahu2021: raises 1040 to 1060 and is all-in
LJWoz: calls 420 and is all-in
Uncalled bet (620) returned to Mahu2021
*** FLOP *** [Ks 4h 8s]
*** TURN *** [Ks 4h 8s] [3c]
*** RIVER *** [Ks 4h 8s 3c] [2s]
*** SHOW DOWN ***
Mahu2021: shows [5c 5d] (a pair of Fives)
LJWoz: shows [Js 9s] (a flush, King high)
LJWoz collected 880 from pot
*** SUMMARY ***
Total pot 880 | Rake 0 
Board [Ks 4h 8s 3c 2s]
Seat 1: LJWoz (button) (small blind) showed [Js 9s] and won (880) with a flush, King high
Seat 3: Mahu2021 (big blind) showed [5c 5d] and lost with a pair of Fives



PokerStars Hand #245771800502: Tournament #3640442094, $0.92+$0.08 USD Hold'em No Limit - Level I (10/20) - 2023/09/04 19:51:04 CET [2023/09/04 13:51:04 ET]
Table '3640442094 1' 3-max Seat #3 is the button
Seat 1: LJWoz (880 in chips) 
Seat 3: Mahu2021 (620 in chips) 
Mahu2021: posts small blind 10
LJWoz: posts big blind 20
*** HOLE CARDS ***
Dealt to Mahu2021 [8s 2c]
Mahu2021: folds 
Uncalled bet (10) returned to LJWoz
LJWoz collected 20 from pot
LJWoz: doesn't show hand 
*** SUMMARY ***
Total pot 20 | Rake 0 
Seat 1: LJWoz (big blind) collected (20)
Seat 3: Mahu2021 (button) (small blind) folded before Flop



PokerStars Hand #245771801980: Tournament #3640442094, $0.92+$0.08 USD Hold'em No Limit - Level I (10/20) - 2023/09/04 19:51:08 CET [2023/09/04 13:51:08 ET]
Table '3640442094 1' 3-max Seat #1 is the button
Seat 1: LJWoz (890 in chips) 
Seat 3: Mahu2021 (610 in chips) 
LJWoz: posts small blind 10
Mahu2021: posts big blind 20
*** HOLE CARDS ***
Dealt to Mahu2021 [4d 5c]
LJWoz: calls 10
Mahu2021: checks 
*** FLOP *** [2s Qs Kh]
Mahu2021: checks 
LJWoz: bets 40
Mahu2021: folds 
Uncalled bet (40) returned to LJWoz
LJWoz collected 40 from pot
LJWoz: doesn't show hand 
*** SUMMARY ***
Total pot 40 | Rake 0 
Board [2s Qs Kh]
Seat 1: LJWoz (button) (small blind) collected (40)
Seat 3: Mahu2021 (big blind) folded on the Flop



PokerStars Hand #245771805713: Tournament #3640442094, $0.92+$0.08 USD Hold'em No Limit - Level I (10/20) - 2023/09/04 19:51:20 CET [2023/09/04 13:51:20 ET]
Table '3640442094 1' 3-max Seat #3 is the button
Seat 1: LJWoz (910 in chips) 
Seat 3: Mahu2021 (590 in chips) 
Mahu2021: posts small blind 10
LJWoz: posts big blind 20
*** HOLE CARDS ***
Dealt to Mahu2021 [3d Kd]
Mahu2021: calls 10
LJWoz: checks 
*** FLOP *** [6h Qs Jd]
LJWoz: checks 
Mahu2021: bets 20
LJWoz: calls 20
*** TURN *** [6h Qs Jd] [7d]
LJWoz: checks 
Mahu2021: bets 80
LJWoz: folds 
Uncalled bet (80) returned to Mahu2021
Mahu2021 collected 80 from pot
Mahu2021: doesn't show hand 
*** SUMMARY ***
Total pot 80 | Rake 0 
Board [6h Qs Jd 7d]
Seat 1: LJWoz (big blind) folded on the Turn
Seat 3: Mahu2021 (button) (small blind) collected (80)



PokerStars Hand #245771811637: Tournament #3640442094, $0.92+$0.08 USD Hold'em No Limit - Level I (10/20) - 2023/09/04 19:51:38 CET [2023/09/04 13:51:38 ET]
Table '3640442094 1' 3-max Seat #1 is the button
Seat 1: LJWoz (870 in chips) 
Seat 3: Mahu2021 (630 in chips) 
LJWoz: posts small blind 10
Mahu2021: posts big blind 20
*** HOLE CARDS ***
Dealt to Mahu2021 [2h 9s]
LJWoz: calls 10
Mahu2021: checks 
*** FLOP *** [6c 4c Tc]
Mahu2021: checks 
LJWoz: checks 
*** TURN *** [6c 4c Tc] [9d]
Mahu2021: checks 
LJWoz: checks 
*** RIVER *** [6c 4c Tc 9d] [Ah]
Mahu2021: checks 
LJWoz: bets 80
Mahu2021: folds 
Uncalled bet (80) returned to LJWoz
LJWoz collected 40 from pot
LJWoz: doesn't show hand 
*** SUMMARY ***
Total pot 40 | Rake 0 
Board [6c 4c Tc 9d Ah]
Seat 1: LJWoz (button) (small blind) collected (40)
Seat 3: Mahu2021 (big blind) folded on the River



PokerStars Hand #245771817933: Tournament #3640442094, $0.92+$0.08 USD Hold'em No Limit - Level II (15/30) - 2023/09/04 19:51:58 CET [2023/09/04 13:51:58 ET]
Table '3640442094 1' 3-max Seat #3 is the button
Seat 1: LJWoz (890 in chips) 
Seat 3: Mahu2021 (610 in chips) 
Mahu2021: posts small blind 15
LJWoz: posts big blind 30
*** HOLE CARDS ***
Dealt to Mahu2021 [2d 7c]
Mahu2021: folds 
Uncalled bet (15) returned to LJWoz
LJWoz collected 30 from pot
LJWoz: doesn't show hand 
*** SUMMARY ***
Total pot 30 | Rake 0 
Seat 1: LJWoz (big blind) collected (30)
Seat 3: Mahu2021 (button) (small blind) folded before Flop



PokerStars Hand #245771819999: Tournament #3640442094, $0.92+$0.08 USD Hold'em No Limit - Level II (15/30) - 2023/09/04 19:52:04 CET [2023/09/04 13:52:04 ET]
Table '3640442094 1' 3-max Seat #1 is the button
Seat 1: LJWoz (905 in chips) 
Seat 3: Mahu2021 (595 in chips) 
LJWoz: posts small blind 15
Mahu2021: posts big blind 30
*** HOLE CARDS ***
Dealt to Mahu2021 [7c 3d]
LJWoz: calls 15
Mahu2021: checks 
*** FLOP *** [Tc As Qd]
Mahu2021: checks 
LJWoz: checks 
*** TURN *** [Tc As Qd] [5s]
Mahu2021: bets 30
LJWoz: folds 
Uncalled bet (30) returned to Mahu2021
Mahu2021 collected 60 from pot
Mahu2021: doesn't show hand 
*** SUMMARY ***
Total pot 60 | Rake 0 
Board [Tc As Qd 5s]
Seat 1: LJWoz (button) (small blind) folded on the Turn
Seat 3: Mahu2021 (big blind) collected (60)



PokerStars Hand #245771825158: Tournament #3640442094, $0.92+$0.08 USD Hold'em No Limit - Level II (15/30) - 2023/09/04 19:52:20 CET [2023/09/04 13:52:20 ET]
Table '3640442094 1' 3-max Seat #3 is the button
Seat 1: LJWoz (875 in chips) 
Seat 3: Mahu2021 (625 in chips) 
Mahu2021: posts small blind 15
LJWoz: posts big blind 30
*** HOLE CARDS ***
Dealt to Mahu2021 [5h Ac]
Mahu2021: raises 30 to 60
LJWoz: folds 
Uncalled bet (30) returned to Mahu2021
Mahu2021 collected 60 from pot
Mahu2021: doesn't show hand 
*** SUMMARY ***
Total pot 60 | Rake 0 
Seat 1: LJWoz (big blind) folded before Flop
Seat 3: Mahu2021 (button) (small blind) collected (60)



PokerStars Hand #245771827306: Tournament #3640442094, $0.92+$0.08 USD Hold'em No Limit - Level II (15/30) - 2023/09/04 19:52:27 CET [2023/09/04 13:52:27 ET]
Table '3640442094 1' 3-max Seat #1 is the button
Seat 1: LJWoz (845 in chips) 
Seat 3: Mahu2021 (655 in chips) 
LJWoz: posts small blind 15
Mahu2021: posts big blind 30
*** HOLE CARDS ***
Dealt to Mahu2021 [5h 2h]
LJWoz: calls 15
Mahu2021: checks 
*** FLOP *** [6s 5c 4s]
Mahu2021: checks 
LJWoz: checks 
*** TURN *** [6s 5c 4s] [4h]
Mahu2021: bets 30
LJWoz: calls 30
*** RIVER *** [6s 5c 4s 4h] [7c]
Mahu2021: checks 
LJWoz: bets 90
Mahu2021: folds 
Uncalled bet (90) returned to LJWoz
LJWoz collected 120 from pot
LJWoz: doesn't show hand 
*** SUMMARY ***
Total pot 120 | Rake 0 
Board [6s 5c 4s 4h 7c]
Seat 1: LJWoz (button) (small blind) collected (120)
Seat 3: Mahu2021 (big blind) folded on the River



PokerStars Hand #245771833904: Tournament #3640442094, $0.92+$0.08 USD Hold'em No Limit - Level II (15/30) - 2023/09/04 19:52:47 CET [2023/09/04 13:52:47 ET]
Table '3640442094 1' 3-max Seat #3 is the button
Seat 1: LJWoz (905 in chips) 
Seat 3: Mahu2021 (595 in chips) 
Mahu2021: posts small blind 15
LJWoz: posts big blind 30
*** HOLE CARDS ***
Dealt to Mahu2021 [2d Kc]
Mahu2021: folds 
Uncalled bet (15) returned to LJWoz
LJWoz collected 30 from pot
LJWoz: doesn't show hand 
*** SUMMARY ***
Total pot 30 | Rake 0 
Seat 1: LJWoz (big blind) collected (30)
Seat 3: Mahu2021 (button) (small blind) folded before Flop



PokerStars Hand #245771835413: Tournament #3640442094, $0.92+$0.08 USD Hold'em No Limit - Level II (15/30) - 2023/09/04 19:52:51 CET [2023/09/04 13:52:51 ET]
Table '3640442094 1' 3-max Seat #1 is the button
Seat 1: LJWoz (920 in chips) 
Seat 3: Mahu2021 (580 in chips) 
LJWoz: posts small blind 15
Mahu2021: posts big blind 30
*** HOLE CARDS ***
Dealt to Mahu2021 [6h 4s]
LJWoz: calls 15
Mahu2021: checks 
*** FLOP *** [Kd Td Qh]
Mahu2021: checks 
LJWoz: checks 
*** TURN *** [Kd Td Qh] [Jc]
Mahu2021: bets 30
LJWoz: calls 30
*** RIVER *** [Kd Td Qh Jc] [7s]
Mahu2021: checks 
LJWoz: bets 120
Mahu2021: folds 
Uncalled bet (120) returned to LJWoz
LJWoz collected 120 from pot
LJWoz: doesn't show hand 
*** SUMMARY ***
Total pot 120 | Rake 0 
Board [Kd Td Qh Jc 7s]
Seat 1: LJWoz (button) (small blind) collected (120)
Seat 3: Mahu2021 (big blind) folded on the River



PokerStars Hand #245771843295: Tournament #3640442094, $0.92+$0.08 USD Hold'em No Limit - Level II (15/30) - 2023/09/04 19:53:16 CET [2023/09/04 13:53:16 ET]
Table '3640442094 1' 3-max Seat #3 is the button
Seat 1: LJWoz (980 in chips) 
Seat 3: Mahu2021 (520 in chips) 
Mahu2021: posts small blind 15
LJWoz: posts big blind 30
*** HOLE CARDS ***
Dealt to Mahu2021 [8d As]
Mahu2021: raises 490 to 520 and is all-in
LJWoz: folds 
Uncalled bet (490) returned to Mahu2021
Mahu2021 collected 60 from pot
Mahu2021: doesn't show hand 
*** SUMMARY ***
Total pot 60 | Rake 0 
Seat 1: LJWoz (big blind) folded before Flop
Seat 3: Mahu2021 (button) (small blind) collected (60)



PokerStars Hand #245771845481: Tournament #3640442094, $0.92+$0.08 USD Hold'em No Limit - Level II (15/30) - 2023/09/04 19:53:23 CET [2023/09/04 13:53:23 ET]
Table '3640442094 1' 3-max Seat #1 is the button
Seat 1: LJWoz (950 in chips) 
Seat 3: Mahu2021 (550 in chips) 
LJWoz: posts small blind 15
Mahu2021: posts big blind 30
*** HOLE CARDS ***
Dealt to Mahu2021 [Qh 4c]
LJWoz: calls 15
Mahu2021: checks 
*** FLOP *** [4h 6h 7h]
Mahu2021: bets 520 and is all-in
LJWoz: folds 
Uncalled bet (520) returned to Mahu2021
Mahu2021 collected 60 from pot
Mahu2021: doesn't show hand 
*** SUMMARY ***
Total pot 60 | Rake 0 
Board [4h 6h 7h]
Seat 1: LJWoz (button) (small blind) folded on the Flop
Seat 3: Mahu2021 (big blind) collected (60)



PokerStars Hand #245771849365: Tournament #3640442094, $0.92+$0.08 USD Hold'em No Limit - Level II (15/30) - 2023/09/04 19:53:35 CET [2023/09/04 13:53:35 ET]
Table '3640442094 1' 3-max Seat #3 is the button
Seat 1: LJWoz (920 in chips) 
Seat 3: Mahu2021 (580 in chips) 
Mahu2021: posts small blind 15
LJWoz: posts big blind 30
*** HOLE CARDS ***
Dealt to Mahu2021 [9h 8c]
Mahu2021: calls 15
LJWoz: checks 
*** FLOP *** [4c 4h 2c]
LJWoz: checks 
Mahu2021: checks 
*** TURN *** [4c 4h 2c] [6h]
LJWoz: bets 90
Mahu2021: folds 
Uncalled bet (90) returned to LJWoz
LJWoz collected 60 from pot
LJWoz: doesn't show hand 
*** SUMMARY ***
Total pot 60 | Rake 0 
Board [4c 4h 2c 6h]
Seat 1: LJWoz (big blind) collected (60)
Seat 3: Mahu2021 (button) (small blind) folded on the Turn



PokerStars Hand #245771853809: Tournament #3640442094, $0.92+$0.08 USD Hold'em No Limit - Level II (15/30) - 2023/09/04 19:53:49 CET [2023/09/04 13:53:49 ET]
Table '3640442094 1' 3-max Seat #1 is the button
Seat 1: LJWoz (950 in chips) 
Seat 3: Mahu2021 (550 in chips) 
LJWoz: posts small blind 15
Mahu2021: posts big blind 30
*** HOLE CARDS ***
Dealt to Mahu2021 [8h 8d]
LJWoz: calls 15
Mahu2021: raises 520 to 550 and is all-in
LJWoz: folds 
Uncalled bet (520) returned to Mahu2021
Mahu2021 collected 60 from pot
Mahu2021: doesn't show hand 
*** SUMMARY ***
Total pot 60 | Rake 0 
Seat 1: LJWoz (button) (small blind) folded before Flop
Seat 3: Mahu2021 (big blind) collected (60)



PokerStars Hand #245771857830: Tournament #3640442094, $0.92+$0.08 USD Hold'em No Limit - Level III (20/40) - 2023/09/04 19:54:01 CET [2023/09/04 13:54:01 ET]
Table '3640442094 1' 3-max Seat #3 is the button
Seat 1: LJWoz (920 in chips) 
Seat 3: Mahu2021 (580 in chips) 
Mahu2021: posts small blind 20
LJWoz: posts big blind 40
*** HOLE CARDS ***
Dealt to Mahu2021 [8h 3c]
Mahu2021: folds 
Uncalled bet (20) returned to LJWoz
LJWoz collected 40 from pot
LJWoz: doesn't show hand 
*** SUMMARY ***
Total pot 40 | Rake 0 
Seat 1: LJWoz (big blind) collected (40)
Seat 3: Mahu2021 (button) (small blind) folded before Flop



PokerStars Hand #245771859277: Tournament #3640442094, $0.92+$0.08 USD Hold'em No Limit - Level III (20/40) - 2023/09/04 19:54:06 CET [2023/09/04 13:54:06 ET]
Table '3640442094 1' 3-max Seat #1 is the button
Seat 1: LJWoz (940 in chips) 
Seat 3: Mahu2021 (560 in chips) 
LJWoz: posts small blind 20
Mahu2021: posts big blind 40
*** HOLE CARDS ***
Dealt to Mahu2021 [Jc 3c]
LJWoz: calls 20
Mahu2021: checks 
*** FLOP *** [Td 5d 7h]
Mahu2021: checks 
LJWoz: checks 
*** TURN *** [Td 5d 7h] [6s]
Mahu2021: checks 
LJWoz: checks 
*** RIVER *** [Td 5d 7h 6s] [Js]
Mahu2021: checks 
LJWoz: bets 120
Mahu2021: calls 120
*** SHOW DOWN ***
LJWoz: shows [2d Kc] (high card King)
Mahu2021: shows [Jc 3c] (a pair of Jacks)
Mahu2021 collected 320 from pot
*** SUMMARY ***
Total pot 320 | Rake 0 
Board [Td 5d 7h 6s Js]
Seat 1: LJWoz (button) (small blind) showed [2d Kc] and lost with high card King
Seat 3: Mahu2021 (big blind) showed [Jc 3c] and won (320) with a pair of Jacks



PokerStars Hand #245771865187: Tournament #3640442094, $0.92+$0.08 USD Hold'em No Limit - Level III (20/40) - 2023/09/04 19:54:24 CET [2023/09/04 13:54:24 ET]
Table '3640442094 1' 3-max Seat #3 is the button
Seat 1: LJWoz (780 in chips) 
Seat 3: Mahu2021 (720 in chips) 
Mahu2021: posts small blind 20
LJWoz: posts big blind 40
*** HOLE CARDS ***
Dealt to Mahu2021 [Kc Qd]
Mahu2021: raises 40 to 80
LJWoz: folds 
Uncalled bet (40) returned to Mahu2021
Mahu2021 collected 80 from pot
Mahu2021: doesn't show hand 
*** SUMMARY ***
Total pot 80 | Rake 0 
Seat 1: LJWoz (big blind) folded before Flop
Seat 3: Mahu2021 (button) (small blind) collected (80)



PokerStars Hand #245771867242: Tournament #3640442094, $0.92+$0.08 USD Hold'em No Limit - Level III (20/40) - 2023/09/04 19:54:31 CET [2023/09/04 13:54:31 ET]
Table '3640442094 1' 3-max Seat #1 is the button
Seat 1: LJWoz (740 in chips) 
Seat 3: Mahu2021 (760 in chips) 
LJWoz: posts small blind 20
Mahu2021: posts big blind 40
*** HOLE CARDS ***
Dealt to Mahu2021 [Kc 8s]
LJWoz: calls 20
Mahu2021: checks 
*** FLOP *** [3c Jh 3h]
Mahu2021: checks 
LJWoz: checks 
*** TURN *** [3c Jh 3h] [Qc]
Mahu2021: checks 
LJWoz: checks 
*** RIVER *** [3c Jh 3h Qc] [5h]
Mahu2021: checks 
LJWoz: bets 120
Mahu2021: folds 
Uncalled bet (120) returned to LJWoz
LJWoz collected 80 from pot
LJWoz: doesn't show hand 
*** SUMMARY ***
Total pot 80 | Rake 0 
Board [3c Jh 3h Qc 5h]
Seat 1: LJWoz (button) (small blind) collected (80)
Seat 3: Mahu2021 (big blind) folded on the River



PokerStars Hand #245771873180: Tournament #3640442094, $0.92+$0.08 USD Hold'em No Limit - Level III (20/40) - 2023/09/04 19:54:49 CET [2023/09/04 13:54:49 ET]
Table '3640442094 1' 3-max Seat #3 is the button
Seat 1: LJWoz (780 in chips) 
Seat 3: Mahu2021 (720 in chips) 
Mahu2021: posts small blind 20
LJWoz: posts big blind 40
*** HOLE CARDS ***
Dealt to Mahu2021 [2d 6s]
Mahu2021: folds 
Uncalled bet (20) returned to LJWoz
LJWoz collected 40 from pot
LJWoz: doesn't show hand 
*** SUMMARY ***
Total pot 40 | Rake 0 
Seat 1: LJWoz (big blind) collected (40)
Seat 3: Mahu2021 (button) (small blind) folded before Flop



PokerStars Hand #245771875033: Tournament #3640442094, $0.92+$0.08 USD Hold'em No Limit - Level III (20/40) - 2023/09/04 19:54:55 CET [2023/09/04 13:54:55 ET]
Table '3640442094 1' 3-max Seat #1 is the button
Seat 1: LJWoz (800 in chips) 
Seat 3: Mahu2021 (700 in chips) 
LJWoz: posts small blind 20
Mahu2021: posts big blind 40
*** HOLE CARDS ***
Dealt to Mahu2021 [3d 6c]
LJWoz: folds 
Uncalled bet (20) returned to Mahu2021
Mahu2021 collected 40 from pot
Mahu2021: doesn't show hand 
*** SUMMARY ***
Total pot 40 | Rake 0 
Seat 1: LJWoz (button) (small blind) folded before Flop
Seat 3: Mahu2021 (big blind) collected (40)



PokerStars Hand #245771876508: Tournament #3640442094, $0.92+$0.08 USD Hold'em No Limit - Level III (20/40) - 2023/09/04 19:54:59 CET [2023/09/04 13:54:59 ET]
Table '3640442094 1' 3-max Seat #3 is the button
Seat 1: LJWoz (780 in chips) 
Seat 3: Mahu2021 (720 in chips) 
Mahu2021: posts small blind 20
LJWoz: posts big blind 40
*** HOLE CARDS ***
Dealt to Mahu2021 [Kd 4s]
Mahu2021: raises 40 to 80
LJWoz: calls 40
*** FLOP *** [6s 7d 8h]
LJWoz: checks 
Mahu2021: checks 
*** TURN *** [6s 7d 8h] [Ts]
LJWoz: checks 
Mahu2021: checks 
*** RIVER *** [6s 7d 8h Ts] [Tc]
LJWoz: bets 120
Mahu2021: folds 
Uncalled bet (120) returned to LJWoz
LJWoz collected 160 from pot
LJWoz: doesn't show hand 
*** SUMMARY ***
Total pot 160 | Rake 0 
Board [6s 7d 8h Ts Tc]
Seat 1: LJWoz (big blind) collected (160)
Seat 3: Mahu2021 (button) (small blind) folded on the River



PokerStars Hand #245771881233: Tournament #3640442094, $0.92+$0.08 USD Hold'em No Limit - Level III (20/40) - 2023/09/04 19:55:18 CET [2023/09/04 13:55:18 ET]
Table '3640442094 1' 3-max Seat #1 is the button
Seat 1: LJWoz (860 in chips) 
Seat 3: Mahu2021 (640 in chips) 
LJWoz: posts small blind 20
Mahu2021: posts big blind 40
*** HOLE CARDS ***
Dealt to Mahu2021 [3d 9h]
LJWoz: calls 20
Mahu2021: checks 
*** FLOP *** [Qd 7h 9d]
Mahu2021: bets 600 and is all-in
LJWoz: folds 
Uncalled bet (600) returned to Mahu2021
Mahu2021 collected 80 from pot
Mahu2021: doesn't show hand 
*** SUMMARY ***
Total pot 80 | Rake 0 
Board [Qd 7h 9d]
Seat 1: LJWoz (button) (small blind) folded on the Flop
Seat 3: Mahu2021 (big blind) collected (80)



PokerStars Hand #245771883498: Tournament #3640442094, $0.92+$0.08 USD Hold'em No Limit - Level III (20/40) - 2023/09/04 19:55:27 CET [2023/09/04 13:55:27 ET]
Table '3640442094 1' 3-max Seat #3 is the button
Seat 1: LJWoz (820 in chips) 
Seat 3: Mahu2021 (680 in chips) 
Mahu2021: posts small blind 20
LJWoz: posts big blind 40
*** HOLE CARDS ***
Dealt to Mahu2021 [5c 2d]
Mahu2021: folds 
Uncalled bet (20) returned to LJWoz
LJWoz collected 40 from pot
LJWoz: doesn't show hand 
*** SUMMARY ***
Total pot 40 | Rake 0 
Seat 1: LJWoz (big blind) collected (40)
Seat 3: Mahu2021 (button) (small blind) folded before Flop



PokerStars Hand #245771884669: Tournament #3640442094, $0.92+$0.08 USD Hold'em No Limit - Level III (20/40) - 2023/09/04 19:55:32 CET [2023/09/04 13:55:32 ET]
Table '3640442094 1' 3-max Seat #1 is the button
Seat 1: LJWoz (840 in chips) 
Seat 3: Mahu2021 (660 in chips) 
LJWoz: posts small blind 20
Mahu2021: posts big blind 40
*** HOLE CARDS ***
Dealt to Mahu2021 [Qh Qc]
LJWoz: calls 20
Mahu2021: raises 620 to 660 and is all-in
LJWoz: folds 
Uncalled bet (620) returned to Mahu2021
Mahu2021 collected 80 from pot
Mahu2021: doesn't show hand 
*** SUMMARY ***
Total pot 80 | Rake 0 
Seat 1: LJWoz (button) (small blind) folded before Flop
Seat 3: Mahu2021 (big blind) collected (80)



PokerStars Hand #245771886836: Tournament #3640442094, $0.92+$0.08 USD Hold'em No Limit - Level III (20/40) - 2023/09/04 19:55:41 CET [2023/09/04 13:55:41 ET]
Table '3640442094 1' 3-max Seat #3 is the button
Seat 1: LJWoz (800 in chips) 
Seat 3: Mahu2021 (700 in chips) 
Mahu2021: posts small blind 20
LJWoz: posts big blind 40
*** HOLE CARDS ***
Dealt to Mahu2021 [6c 7c]
Mahu2021: raises 40 to 80
LJWoz: calls 40
*** FLOP *** [Kc Qc Td]
LJWoz: checks 
Mahu2021: bets 620 and is all-in
LJWoz: folds 
Uncalled bet (620) returned to Mahu2021
Mahu2021 collected 160 from pot
Mahu2021: doesn't show hand 
*** SUMMARY ***
Total pot 160 | Rake 0 
Board [Kc Qc Td]
Seat 1: LJWoz (big blind) folded on the Flop
Seat 3: Mahu2021 (button) (small blind) collected (160)



PokerStars Hand #245771891080: Tournament #3640442094, $0.92+$0.08 USD Hold'em No Limit - Level IV (30/60) - 2023/09/04 19:55:58 CET [2023/09/04 13:55:58 ET]
Table '3640442094 1' 3-max Seat #1 is the button
Seat 1: LJWoz (720 in chips) 
Seat 3: Mahu2021 (780 in chips) 
LJWoz: posts small blind 30
Mahu2021: posts big blind 60
*** HOLE CARDS ***
Dealt to Mahu2021 [6s Ad]
LJWoz: calls 30
Mahu2021: checks 
*** FLOP *** [9d Ks 2c]
Mahu2021: checks 
LJWoz: checks 
*** TURN *** [9d Ks 2c] [7h]
Mahu2021: checks 
LJWoz: checks 
*** RIVER *** [9d Ks 2c 7h] [2d]
Mahu2021: bets 60
LJWoz: raises 60 to 120
Mahu2021: folds 
Uncalled bet (60) returned to LJWoz
LJWoz collected 240 from pot
LJWoz: doesn't show hand 
*** SUMMARY ***
Total pot 240 | Rake 0 
Board [9d Ks 2c 7h 2d]
Seat 1: LJWoz (button) (small blind) collected (240)
Seat 3: Mahu2021 (big blind) folded on the River



PokerStars Hand #245771896436: Tournament #3640442094, $0.92+$0.08 USD Hold'em No Limit - Level IV (30/60) - 2023/09/04 19:56:21 CET [2023/09/04 13:56:21 ET]
Table '3640442094 1' 3-max Seat #3 is the button
Seat 1: LJWoz (840 in chips) 
Seat 3: Mahu2021 (660 in chips) 
Mahu2021: posts small blind 30
LJWoz: posts big blind 60
*** HOLE CARDS ***
Dealt to Mahu2021 [3h Ks]
Mahu2021: calls 30
LJWoz: checks 
*** FLOP *** [7h Jd Js]
LJWoz: checks 
Mahu2021: bets 60
LJWoz: folds 
Uncalled bet (60) returned to Mahu2021
Mahu2021 collected 120 from pot
Mahu2021: doesn't show hand 
*** SUMMARY ***
Total pot 120 | Rake 0 
Board [7h Jd Js]
Seat 1: LJWoz (big blind) folded on the Flop
Seat 3: Mahu2021 (button) (small blind) collected (120)



PokerStars Hand #245771899286: Tournament #3640442094, $0.92+$0.08 USD Hold'em No Limit - Level IV (30/60) - 2023/09/04 19:56:32 CET [2023/09/04 13:56:32 ET]
Table '3640442094 1' 3-max Seat #1 is the button
Seat 1: LJWoz (780 in chips) 
Seat 3: Mahu2021 (720 in chips) 
LJWoz: posts small blind 30
Mahu2021: posts big blind 60
*** HOLE CARDS ***
Dealt to Mahu2021 [Jc 3c]
LJWoz: calls 30
Mahu2021: checks 
*** FLOP *** [4d Ac 5d]
Mahu2021: checks 
LJWoz: checks 
*** TURN *** [4d Ac 5d] [9d]
Mahu2021: checks 
LJWoz: checks 
*** RIVER *** [4d Ac 5d 9d] [8c]
Mahu2021: checks 
LJWoz: bets 120
Mahu2021: folds 
Uncalled bet (120) returned to LJWoz
LJWoz collected 120 from pot
LJWoz: doesn't show hand 
*** SUMMARY ***
Total pot 120 | Rake 0 
Board [4d Ac 5d 9d 8c]
Seat 1: LJWoz (button) (small blind) collected (120)
Seat 3: Mahu2021 (big blind) folded on the River



PokerStars Hand #245771903537: Tournament #3640442094, $0.92+$0.08 USD Hold'em No Limit - Level IV (30/60) - 2023/09/04 19:56:50 CET [2023/09/04 13:56:50 ET]
Table '3640442094 1' 3-max Seat #3 is the button
Seat 1: LJWoz (840 in chips) 
Seat 3: Mahu2021 (660 in chips) 
Mahu2021: posts small blind 30
LJWoz: posts big blind 60
*** HOLE CARDS ***
Dealt to Mahu2021 [5s 8h]
Mahu2021: folds 
Uncalled bet (30) returned to LJWoz
LJWoz collected 60 from pot
LJWoz: doesn't show hand 
*** SUMMARY ***
Total pot 60 | Rake 0 
Seat 1: LJWoz (big blind) collected (60)
Seat 3: Mahu2021 (button) (small blind) folded before Flop



PokerStars Hand #245771904635: Tournament #3640442094, $0.92+$0.08 USD Hold'em No Limit - Level IV (30/60) - 2023/09/04 19:56:54 CET [2023/09/04 13:56:54 ET]
Table '3640442094 1' 3-max Seat #1 is the button
Seat 1: LJWoz (870 in chips) 
Seat 3: Mahu2021 (630 in chips) 
LJWoz: posts small blind 30
Mahu2021: posts big blind 60
*** HOLE CARDS ***
Dealt to Mahu2021 [As 5c]
LJWoz: folds 
Uncalled bet (30) returned to Mahu2021
Mahu2021 collected 60 from pot
Mahu2021: doesn't show hand 
*** SUMMARY ***
Total pot 60 | Rake 0 
Seat 1: LJWoz (button) (small blind) folded before Flop
Seat 3: Mahu2021 (big blind) collected (60)



PokerStars Hand #245771905707: Tournament #3640442094, $0.92+$0.08 USD Hold'em No Limit - Level IV (30/60) - 2023/09/04 19:56:59 CET [2023/09/04 13:56:59 ET]
Table '3640442094 1' 3-max Seat #3 is the button
Seat 1: LJWoz (840 in chips) 
Seat 3: Mahu2021 (660 in chips) 
Mahu2021: posts small blind 30
LJWoz: posts big blind 60
*** HOLE CARDS ***
Dealt to Mahu2021 [3c 8h]
Mahu2021: folds 
Uncalled bet (30) returned to LJWoz
LJWoz collected 60 from pot
LJWoz: doesn't show hand 
*** SUMMARY ***
Total pot 60 | Rake 0 
Seat 1: LJWoz (big blind) collected (60)
Seat 3: Mahu2021 (button) (small blind) folded before Flop



PokerStars Hand #245771906862: Tournament #3640442094, $0.92+$0.08 USD Hold'em No Limit - Level IV (30/60) - 2023/09/04 19:57:04 CET [2023/09/04 13:57:04 ET]
Table '3640442094 1' 3-max Seat #1 is the button
Seat 1: LJWoz (870 in chips) 
Seat 3: Mahu2021 (630 in chips) 
LJWoz: posts small blind 30
Mahu2021: posts big blind 60
*** HOLE CARDS ***
Dealt to Mahu2021 [Js 5s]
LJWoz: calls 30
Mahu2021: checks 
*** FLOP *** [As Ks Ad]
Mahu2021: checks 
LJWoz: bets 240
Mahu2021: raises 330 to 570 and is all-in
LJWoz: folds 
Uncalled bet (330) returned to Mahu2021
Mahu2021 collected 600 from pot
Mahu2021: doesn't show hand 
*** SUMMARY ***
Total pot 600 | Rake 0 
Board [As Ks Ad]
Seat 1: LJWoz (button) (small blind) folded on the Flop
Seat 3: Mahu2021 (big blind) collected (600)



PokerStars Hand #245771910920: Tournament #3640442094, $0.92+$0.08 USD Hold'em No Limit - Level IV (30/60) - 2023/09/04 19:57:20 CET [2023/09/04 13:57:20 ET]
Table '3640442094 1' 3-max Seat #3 is the button
Seat 1: LJWoz (570 in chips) 
Seat 3: Mahu2021 (930 in chips) 
Mahu2021: posts small blind 30
LJWoz: posts big blind 60
*** HOLE CARDS ***
Dealt to Mahu2021 [Ah 6c]
Mahu2021: calls 30
LJWoz: checks 
*** FLOP *** [7s Jh 8h]
LJWoz: checks 
Mahu2021: bets 60
LJWoz: folds 
Uncalled bet (60) returned to Mahu2021
Mahu2021 collected 120 from pot
Mahu2021: doesn't show hand 
*** SUMMARY ***
Total pot 120 | Rake 0 
Board [7s Jh 8h]
Seat 1: LJWoz (big blind) folded on the Flop
Seat 3: Mahu2021 (button) (small blind) collected (120)



PokerStars Hand #245771914029: Tournament #3640442094, $0.92+$0.08 USD Hold'em No Limit - Level IV (30/60) - 2023/09/04 19:57:33 CET [2023/09/04 13:57:33 ET]
Table '3640442094 1' 3-max Seat #1 is the button
Seat 1: LJWoz (510 in chips) 
Seat 3: Mahu2021 (990 in chips) 
LJWoz: posts small blind 30
Mahu2021: posts big blind 60
*** HOLE CARDS ***
Dealt to Mahu2021 [4d 4c]
LJWoz: folds 
Uncalled bet (30) returned to Mahu2021
Mahu2021 collected 60 from pot
Mahu2021: doesn't show hand 
*** SUMMARY ***
Total pot 60 | Rake 0 
Seat 1: LJWoz (button) (small blind) folded before Flop
Seat 3: Mahu2021 (big blind) collected (60)



PokerStars Hand #245771915219: Tournament #3640442094, $0.92+$0.08 USD Hold'em No Limit - Level IV (30/60) - 2023/09/04 19:57:38 CET [2023/09/04 13:57:38 ET]
Table '3640442094 1' 3-max Seat #3 is the button
Seat 1: LJWoz (480 in chips) 
Seat 3: Mahu2021 (1020 in chips) 
Mahu2021: posts small blind 30
LJWoz: posts big blind 60
*** HOLE CARDS ***
Dealt to Mahu2021 [Qc 8c]
Mahu2021: raises 960 to 1020 and is all-in
LJWoz: folds 
Uncalled bet (960) returned to Mahu2021
Mahu2021 collected 120 from pot
Mahu2021: doesn't show hand 
*** SUMMARY ***
Total pot 120 | Rake 0 
Seat 1: LJWoz (big blind) folded before Flop
Seat 3: Mahu2021 (button) (small blind) collected (120)



PokerStars Hand #245771916813: Tournament #3640442094, $0.92+$0.08 USD Hold'em No Limit - Level IV (30/60) - 2023/09/04 19:57:44 CET [2023/09/04 13:57:44 ET]
Table '3640442094 1' 3-max Seat #1 is the button
Seat 1: LJWoz (420 in chips) 
Seat 3: Mahu2021 (1080 in chips) 
LJWoz: posts small blind 30
Mahu2021: posts big blind 60
*** HOLE CARDS ***
Dealt to Mahu2021 [4h Jh]
LJWoz: calls 30
Mahu2021: checks 
*** FLOP *** [7d 5h 9h]
Mahu2021: bets 60
LJWoz: calls 60
*** TURN *** [7d 5h 9h] [Kh]
Mahu2021: bets 60
LJWoz: folds 
Uncalled bet (60) returned to Mahu2021
Mahu2021 collected 240 from pot
Mahu2021: doesn't show hand 
*** SUMMARY ***
Total pot 240 | Rake 0 
Board [7d 5h 9h Kh]
Seat 1: LJWoz (button) (small blind) folded on the Turn
Seat 3: Mahu2021 (big blind) collected (240)



PokerStars Hand #245771921263: Tournament #3640442094, $0.92+$0.08 USD Hold'em No Limit - Level V (40/80) - 2023/09/04 19:58:03 CET [2023/09/04 13:58:03 ET]
Table '3640442094 1' 3-max Seat #3 is the button
Seat 1: LJWoz (300 in chips) 
Seat 3: Mahu2021 (1200 in chips) 
Mahu2021: posts small blind 40
LJWoz: posts big blind 80
*** HOLE CARDS ***
Dealt to Mahu2021 [Ad Ah]
Mahu2021: raises 160 to 240
LJWoz: folds 
Uncalled bet (160) returned to Mahu2021
Mahu2021 collected 160 from pot
Mahu2021: doesn't show hand 
*** SUMMARY ***
Total pot 160 | Rake 0 
Seat 1: LJWoz (big blind) folded before Flop
Seat 3: Mahu2021 (button) (small blind) collected (160)



PokerStars Hand #245771923279: Tournament #3640442094, $0.92+$0.08 USD Hold'em No Limit - Level V (40/80) - 2023/09/04 19:58:11 CET [2023/09/04 13:58:11 ET]
Table '3640442094 1' 3-max Seat #1 is the button
Seat 1: LJWoz (220 in chips) 
Seat 3: Mahu2021 (1280 in chips) 
LJWoz: posts small blind 40
Mahu2021: posts big blind 80
*** HOLE CARDS ***
Dealt to Mahu2021 [9c 7c]
LJWoz: raises 140 to 220 and is all-in
Mahu2021: calls 140
*** FLOP *** [2h Ks Jh]
*** TURN *** [2h Ks Jh] [8s]
*** RIVER *** [2h Ks Jh 8s] [Ad]
*** SHOW DOWN ***
Mahu2021: shows [9c 7c] (high card Ace)
LJWoz: shows [7h 3c] (high card Ace - lower kicker)
Mahu2021 collected 440 from pot
LJWoz finished the tournament in 2nd place
Mahu2021 wins the tournament and receives $2.00 - congratulations!
*** SUMMARY ***
Total pot 440 | Rake 0 
Board [2h Ks Jh 8s Ad]
Seat 1: LJWoz (button) (small blind) showed [7h 3c] and lost with high card Ace
Seat 3: Mahu2021 (big blind) showed [9c 7c] and won (440) with high card Ace



