PokerStars Hand #247736468041: Tournament #3688264838, $1.84+$0.16 USD Hold'em No Limit - Level I (10/20) - 2023/12/18 22:01:09 CET [2023/12/18 16:01:09 ET]
Table '3688264838 1' 3-max Seat #1 is the button
Seat 1: yuri411 (500 in chips) 
Seat 2: Mahu2021 (500 in chips) 
Seat 3: Cocolyno4 (500 in chips) 
Mahu2021: posts small blind 10
Cocolyno4: posts big blind 20
*** HOLE CARDS ***
Dealt to Mahu2021 [Ad 9h]
yuri411: calls 20
Mahu2021: calls 10
Cocolyno4: raises 480 to 500 and is all-in
yuri411: folds 
Mahu2021: folds 
Uncalled bet (480) returned to Cocolyno4
Cocolyno4 collected 60 from pot
Cocolyno4: doesn't show hand 
*** SUMMARY ***
Total pot 60 | Rake 0 
Seat 1: yuri411 (button) folded before Flop
Seat 2: Mahu2021 (small blind) folded before Flop
Seat 3: Cocolyno4 (big blind) collected (60)



PokerStars Hand #247736472609: Tournament #3688264838, $1.84+$0.16 USD Hold'em No Limit - Level I (10/20) - 2023/12/18 22:01:23 CET [2023/12/18 16:01:23 ET]
Table '3688264838 1' 3-max Seat #2 is the button
Seat 1: yuri411 (480 in chips) 
Seat 2: Mahu2021 (480 in chips) 
Seat 3: Cocolyno4 (540 in chips) 
Cocolyno4: posts small blind 10
yuri411: posts big blind 20
*** HOLE CARDS ***
Dealt to Mahu2021 [As Qc]
Mahu2021: calls 20
Cocolyno4: raises 520 to 540 and is all-in
yuri411: calls 460 and is all-in
Mahu2021: calls 460 and is all-in
Uncalled bet (60) returned to Cocolyno4
*** FLOP *** [8d Ks 4s]
*** TURN *** [8d Ks 4s] [7c]
*** RIVER *** [8d Ks 4s 7c] [Jd]
*** SHOW DOWN ***
Cocolyno4: shows [Qd Ac] (high card Ace)
yuri411: shows [Ah Td] (high card Ace - lower kicker)
Mahu2021: shows [As Qc] (high card Ace)
Cocolyno4 collected 720 from pot
Mahu2021 collected 720 from pot
yuri411 finished the tournament in 3rd place
*** SUMMARY ***
Total pot 1440 | Rake 0 
Board [8d Ks 4s 7c Jd]
Seat 1: yuri411 (big blind) showed [Ah Td] and lost with high card Ace
Seat 2: Mahu2021 (button) showed [As Qc] and won (720) with high card Ace
Seat 3: Cocolyno4 (small blind) showed [Qd Ac] and won (720) with high card Ace



PokerStars Hand #247736479832: Tournament #3688264838, $1.84+$0.16 USD Hold'em No Limit - Level I (10/20) - 2023/12/18 22:01:45 CET [2023/12/18 16:01:45 ET]
Table '3688264838 1' 3-max Seat #3 is the button
Seat 2: Mahu2021 (720 in chips) 
Seat 3: Cocolyno4 (780 in chips) 
Cocolyno4: posts small blind 10
Mahu2021: posts big blind 20
*** HOLE CARDS ***
Dealt to Mahu2021 [9d 5c]
Cocolyno4: calls 10
Mahu2021: checks 
*** FLOP *** [Jd 8h 3c]
Mahu2021: checks 
Cocolyno4: checks 
*** TURN *** [Jd 8h 3c] [Qs]
Mahu2021: checks 
Cocolyno4: bets 40
Mahu2021: folds 
Uncalled bet (40) returned to Cocolyno4
Cocolyno4 collected 40 from pot
Cocolyno4: doesn't show hand 
*** SUMMARY ***
Total pot 40 | Rake 0 
Board [Jd 8h 3c Qs]
Seat 2: Mahu2021 (big blind) folded on the Turn
Seat 3: Cocolyno4 (button) (small blind) collected (40)



PokerStars Hand #247736487329: Tournament #3688264838, $1.84+$0.16 USD Hold'em No Limit - Level I (10/20) - 2023/12/18 22:02:06 CET [2023/12/18 16:02:06 ET]
Table '3688264838 1' 3-max Seat #2 is the button
Seat 2: Mahu2021 (700 in chips) 
Seat 3: Cocolyno4 (800 in chips) 
Mahu2021: posts small blind 10
Cocolyno4: posts big blind 20
*** HOLE CARDS ***
Dealt to Mahu2021 [9c Qh]
Mahu2021: calls 10
Cocolyno4: checks 
*** FLOP *** [4d 6h 2d]
Cocolyno4: checks 
Mahu2021: checks 
*** TURN *** [4d 6h 2d] [Tc]
Cocolyno4: bets 40
Mahu2021: folds 
Uncalled bet (40) returned to Cocolyno4
Cocolyno4 collected 40 from pot
Cocolyno4: doesn't show hand 
*** SUMMARY ***
Total pot 40 | Rake 0 
Board [4d 6h 2d Tc]
Seat 2: Mahu2021 (button) (small blind) folded on the Turn
Seat 3: Cocolyno4 (big blind) collected (40)



PokerStars Hand #247736498318: Tournament #3688264838, $1.84+$0.16 USD Hold'em No Limit - Level I (10/20) - 2023/12/18 22:02:36 CET [2023/12/18 16:02:36 ET]
Table '3688264838 1' 3-max Seat #3 is the button
Seat 2: Mahu2021 (680 in chips) 
Seat 3: Cocolyno4 (820 in chips) 
Cocolyno4: posts small blind 10
Mahu2021: posts big blind 20
*** HOLE CARDS ***
Dealt to Mahu2021 [3s 9d]
Cocolyno4: calls 10
Mahu2021: checks 
*** FLOP *** [7s 7c 9c]
Mahu2021: bets 20
Cocolyno4: folds 
Uncalled bet (20) returned to Mahu2021
Mahu2021 collected 40 from pot
Mahu2021: doesn't show hand 
*** SUMMARY ***
Total pot 40 | Rake 0 
Board [7s 7c 9c]
Seat 2: Mahu2021 (big blind) collected (40)
Seat 3: Cocolyno4 (button) (small blind) folded on the Flop



PokerStars Hand #247736503721: Tournament #3688264838, $1.84+$0.16 USD Hold'em No Limit - Level I (10/20) - 2023/12/18 22:02:51 CET [2023/12/18 16:02:51 ET]
Table '3688264838 1' 3-max Seat #2 is the button
Seat 2: Mahu2021 (700 in chips) 
Seat 3: Cocolyno4 (800 in chips) 
Mahu2021: posts small blind 10
Cocolyno4: posts big blind 20
*** HOLE CARDS ***
Dealt to Mahu2021 [9s Qh]
Mahu2021: calls 10
Cocolyno4: checks 
*** FLOP *** [6d Jd Jh]
Cocolyno4: checks 
Mahu2021: bets 20
Cocolyno4: calls 20
*** TURN *** [6d Jd Jh] [5s]
Cocolyno4: checks 
Mahu2021: checks 
*** RIVER *** [6d Jd Jh 5s] [4d]
Cocolyno4: checks 
Mahu2021: bets 80
Cocolyno4: calls 80
*** SHOW DOWN ***
Mahu2021: shows [9s Qh] (a pair of Jacks)
Cocolyno4: shows [Kh Qd] (a pair of Jacks - King kicker)
Cocolyno4 collected 240 from pot
*** SUMMARY ***
Total pot 240 | Rake 0 
Board [6d Jd Jh 5s 4d]
Seat 2: Mahu2021 (button) (small blind) showed [9s Qh] and lost with a pair of Jacks
Seat 3: Cocolyno4 (big blind) showed [Kh Qd] and won (240) with a pair of Jacks



PokerStars Hand #247736515374: Tournament #3688264838, $1.84+$0.16 USD Hold'em No Limit - Level I (10/20) - 2023/12/18 22:03:24 CET [2023/12/18 16:03:24 ET]
Table '3688264838 1' 3-max Seat #3 is the button
Seat 2: Mahu2021 (580 in chips) 
Seat 3: Cocolyno4 (920 in chips) 
Cocolyno4: posts small blind 10
Mahu2021: posts big blind 20
*** HOLE CARDS ***
Dealt to Mahu2021 [3c 7d]
Cocolyno4: calls 10
Mahu2021: checks 
*** FLOP *** [7s Qd 9c]
Mahu2021: checks 
Cocolyno4: bets 40
Mahu2021: folds 
Uncalled bet (40) returned to Cocolyno4
Cocolyno4 collected 40 from pot
Cocolyno4: doesn't show hand 
*** SUMMARY ***
Total pot 40 | Rake 0 
Board [7s Qd 9c]
Seat 2: Mahu2021 (big blind) folded on the Flop
Seat 3: Cocolyno4 (button) (small blind) collected (40)



PokerStars Hand #247736519945: Tournament #3688264838, $1.84+$0.16 USD Hold'em No Limit - Level I (10/20) - 2023/12/18 22:03:37 CET [2023/12/18 16:03:37 ET]
Table '3688264838 1' 3-max Seat #2 is the button
Seat 2: Mahu2021 (560 in chips) 
Seat 3: Cocolyno4 (940 in chips) 
Mahu2021: posts small blind 10
Cocolyno4: posts big blind 20
*** HOLE CARDS ***
Dealt to Mahu2021 [Js 8d]
Mahu2021: raises 20 to 40
Cocolyno4: calls 20
*** FLOP *** [7s Jc 5h]
Cocolyno4: checks 
Mahu2021: bets 80
Cocolyno4: calls 80
*** TURN *** [7s Jc 5h] [Qc]
Cocolyno4: checks 
Mahu2021: checks 
*** RIVER *** [7s Jc 5h Qc] [4d]
Cocolyno4: bets 180
Mahu2021: folds 
Uncalled bet (180) returned to Cocolyno4
Cocolyno4 collected 240 from pot
Cocolyno4: doesn't show hand 
*** SUMMARY ***
Total pot 240 | Rake 0 
Board [7s Jc 5h Qc 4d]
Seat 2: Mahu2021 (button) (small blind) folded on the River
Seat 3: Cocolyno4 (big blind) collected (240)



PokerStars Hand #247736533606: Tournament #3688264838, $1.84+$0.16 USD Hold'em No Limit - Level II (15/30) - 2023/12/18 22:04:14 CET [2023/12/18 16:04:14 ET]
Table '3688264838 1' 3-max Seat #3 is the button
Seat 2: Mahu2021 (440 in chips) 
Seat 3: Cocolyno4 (1060 in chips) 
Cocolyno4: posts small blind 15
Mahu2021: posts big blind 30
*** HOLE CARDS ***
Dealt to Mahu2021 [3d 8s]
Cocolyno4: raises 1030 to 1060 and is all-in
Mahu2021: folds 
Uncalled bet (1030) returned to Cocolyno4
Cocolyno4 collected 60 from pot
Cocolyno4: doesn't show hand 
*** SUMMARY ***
Total pot 60 | Rake 0 
Seat 2: Mahu2021 (big blind) folded before Flop
Seat 3: Cocolyno4 (button) (small blind) collected (60)



PokerStars Hand #247736535254: Tournament #3688264838, $1.84+$0.16 USD Hold'em No Limit - Level II (15/30) - 2023/12/18 22:04:19 CET [2023/12/18 16:04:19 ET]
Table '3688264838 1' 3-max Seat #2 is the button
Seat 2: Mahu2021 (410 in chips) 
Seat 3: Cocolyno4 (1090 in chips) 
Mahu2021: posts small blind 15
Cocolyno4: posts big blind 30
*** HOLE CARDS ***
Dealt to Mahu2021 [Ah 4d]
Mahu2021: raises 30 to 60
Cocolyno4: calls 30
*** FLOP *** [Kh 8s 8h]
Cocolyno4: bets 60
Mahu2021: folds 
Uncalled bet (60) returned to Cocolyno4
Cocolyno4 collected 120 from pot
Cocolyno4: doesn't show hand 
*** SUMMARY ***
Total pot 120 | Rake 0 
Board [Kh 8s 8h]
Seat 2: Mahu2021 (button) (small blind) folded on the Flop
Seat 3: Cocolyno4 (big blind) collected (120)



PokerStars Hand #247736540921: Tournament #3688264838, $1.84+$0.16 USD Hold'em No Limit - Level II (15/30) - 2023/12/18 22:04:35 CET [2023/12/18 16:04:35 ET]
Table '3688264838 1' 3-max Seat #3 is the button
Seat 2: Mahu2021 (350 in chips) 
Seat 3: Cocolyno4 (1150 in chips) 
Cocolyno4: posts small blind 15
Mahu2021: posts big blind 30
*** HOLE CARDS ***
Dealt to Mahu2021 [7h Th]
Cocolyno4: raises 30 to 60
Mahu2021: calls 30
*** FLOP *** [7d 3c Jc]
Mahu2021: bets 290 and is all-in
Cocolyno4: calls 290
*** TURN *** [7d 3c Jc] [2c]
*** RIVER *** [7d 3c Jc 2c] [3d]
*** SHOW DOWN ***
Mahu2021: shows [7h Th] (two pair, Sevens and Threes)
Cocolyno4: shows [Js Qc] (two pair, Jacks and Threes)
Cocolyno4 collected 700 from pot
Mahu2021 finished the tournament in 2nd place
Cocolyno4 wins the tournament and receives $6.00 - congratulations!
*** SUMMARY ***
Total pot 700 | Rake 0 
Board [7d 3c Jc 2c 3d]
Seat 2: Mahu2021 (big blind) showed [7h Th] and lost with two pair, Sevens and Threes
Seat 3: Cocolyno4 (button) (small blind) showed [Js Qc] and won (700) with two pair, Jacks and Threes



