PokerStars Hand #247023877819: Tournament #3671181921, $1.84+$0.16 USD Hold'em No Limit - Level I (10/20) - 2023/11/10 6:46:48 CET [2023/11/10 0:46:48 ET]
Table '3671181921 1' 3-max Seat #1 is the button
Seat 1: Mahu2021 (500 in chips) 
Seat 2: Prerodeniat (500 in chips) 
Seat 3: ezzzis (500 in chips) 
Prerodeniat: posts small blind 10
ezzzis: posts big blind 20
*** HOLE CARDS ***
Dealt to Mahu2021 [As 2h]
Mahu2021: folds 
Prerodeniat: calls 10
ezzzis: checks 
*** FLOP *** [3h Kd 6s]
Prerodeniat: checks 
ezzzis: checks 
*** TURN *** [3h Kd 6s] [9d]
Prerodeniat: checks 
ezzzis: checks 
*** RIVER *** [3h Kd 6s 9d] [6d]
Prerodeniat: checks 
ezzzis: checks 
*** SHOW DOWN ***
Prerodeniat: shows [Jh 7h] (a pair of Sixes)
ezzzis: shows [Qh 4c] (a pair of Sixes - King+Queen kicker)
ezzzis collected 40 from pot
*** SUMMARY ***
Total pot 40 | Rake 0 
Board [3h Kd 6s 9d 6d]
Seat 1: Mahu2021 (button) folded before Flop (didn't bet)
Seat 2: Prerodeniat (small blind) showed [Jh 7h] and lost with a pair of Sixes
Seat 3: ezzzis (big blind) showed [Qh 4c] and won (40) with a pair of Sixes



PokerStars Hand #247023880863: Tournament #3671181921, $1.84+$0.16 USD Hold'em No Limit - Level I (10/20) - 2023/11/10 6:47:17 CET [2023/11/10 0:47:17 ET]
Table '3671181921 1' 3-max Seat #2 is the button
Seat 1: Mahu2021 (500 in chips) 
Seat 2: Prerodeniat (480 in chips) 
Seat 3: ezzzis (520 in chips) 
ezzzis: posts small blind 10
Mahu2021: posts big blind 20
*** HOLE CARDS ***
Dealt to Mahu2021 [6c 9c]
Prerodeniat: calls 20
ezzzis: folds 
Mahu2021: checks 
*** FLOP *** [8s 3h Td]
Mahu2021: checks 
Prerodeniat: bets 20
Mahu2021: calls 20
*** TURN *** [8s 3h Td] [8c]
Mahu2021: checks 
Prerodeniat: bets 60
Mahu2021: folds 
Uncalled bet (60) returned to Prerodeniat
Prerodeniat collected 90 from pot
*** SUMMARY ***
Total pot 90 | Rake 0 
Board [8s 3h Td 8c]
Seat 1: Mahu2021 (big blind) folded on the Turn
Seat 2: Prerodeniat (button) collected (90)
Seat 3: ezzzis (small blind) folded before Flop



PokerStars Hand #247023882718: Tournament #3671181921, $1.84+$0.16 USD Hold'em No Limit - Level I (10/20) - 2023/11/10 6:47:36 CET [2023/11/10 0:47:36 ET]
Table '3671181921 1' 3-max Seat #3 is the button
Seat 1: Mahu2021 (460 in chips) 
Seat 2: Prerodeniat (530 in chips) 
Seat 3: ezzzis (510 in chips) 
Mahu2021: posts small blind 10
Prerodeniat: posts big blind 20
*** HOLE CARDS ***
Dealt to Mahu2021 [9c Qc]
ezzzis: folds 
Mahu2021: calls 10
Prerodeniat: checks 
*** FLOP *** [9d 2d 2s]
Mahu2021: bets 20
Prerodeniat: calls 20
*** TURN *** [9d 2d 2s] [Jd]
Mahu2021: checks 
Prerodeniat: checks 
*** RIVER *** [9d 2d 2s Jd] [4c]
Mahu2021: checks 
Prerodeniat: checks 
*** SHOW DOWN ***
Mahu2021: shows [9c Qc] (two pair, Nines and Deuces)
Prerodeniat: mucks hand 
Mahu2021 collected 80 from pot
*** SUMMARY ***
Total pot 80 | Rake 0 
Board [9d 2d 2s Jd 4c]
Seat 1: Mahu2021 (small blind) showed [9c Qc] and won (80) with two pair, Nines and Deuces
Seat 2: Prerodeniat (big blind) mucked [9s 7d]
Seat 3: ezzzis (button) folded before Flop (didn't bet)



PokerStars Hand #247023884875: Tournament #3671181921, $1.84+$0.16 USD Hold'em No Limit - Level I (10/20) - 2023/11/10 6:47:58 CET [2023/11/10 0:47:58 ET]
Table '3671181921 1' 3-max Seat #1 is the button
Seat 1: Mahu2021 (500 in chips) 
Seat 2: Prerodeniat (490 in chips) 
Seat 3: ezzzis (510 in chips) 
Prerodeniat: posts small blind 10
ezzzis: posts big blind 20
*** HOLE CARDS ***
Dealt to Mahu2021 [Ah 3h]
Mahu2021: calls 20
Prerodeniat: calls 10
ezzzis: checks 
*** FLOP *** [5c 2d As]
Prerodeniat: checks 
ezzzis: checks 
Mahu2021: bets 40
Prerodeniat: folds 
ezzzis: folds 
Uncalled bet (40) returned to Mahu2021
Mahu2021 collected 60 from pot
Mahu2021: doesn't show hand 
*** SUMMARY ***
Total pot 60 | Rake 0 
Board [5c 2d As]
Seat 1: Mahu2021 (button) collected (60)
Seat 2: Prerodeniat (small blind) folded on the Flop
Seat 3: ezzzis (big blind) folded on the Flop



PokerStars Hand #247023887330: Tournament #3671181921, $1.84+$0.16 USD Hold'em No Limit - Level I (10/20) - 2023/11/10 6:48:23 CET [2023/11/10 0:48:23 ET]
Table '3671181921 1' 3-max Seat #2 is the button
Seat 1: Mahu2021 (540 in chips) 
Seat 2: Prerodeniat (470 in chips) 
Seat 3: ezzzis (490 in chips) 
ezzzis: posts small blind 10
Mahu2021: posts big blind 20
*** HOLE CARDS ***
Dealt to Mahu2021 [Jd Kc]
Prerodeniat: folds 
ezzzis: calls 10
Mahu2021: checks 
*** FLOP *** [Qd 6d 4d]
ezzzis: checks 
Mahu2021: checks 
*** TURN *** [Qd 6d 4d] [3c]
ezzzis: checks 
Mahu2021: bets 20
ezzzis: folds 
Uncalled bet (20) returned to Mahu2021
Mahu2021 collected 40 from pot
Mahu2021: doesn't show hand 
*** SUMMARY ***
Total pot 40 | Rake 0 
Board [Qd 6d 4d 3c]
Seat 1: Mahu2021 (big blind) collected (40)
Seat 2: Prerodeniat (button) folded before Flop (didn't bet)
Seat 3: ezzzis (small blind) folded on the Turn



PokerStars Hand #247023890266: Tournament #3671181921, $1.84+$0.16 USD Hold'em No Limit - Level I (10/20) - 2023/11/10 6:48:53 CET [2023/11/10 0:48:53 ET]
Table '3671181921 1' 3-max Seat #3 is the button
Seat 1: Mahu2021 (560 in chips) 
Seat 2: Prerodeniat (470 in chips) 
Seat 3: ezzzis (470 in chips) 
Mahu2021: posts small blind 10
Prerodeniat: posts big blind 20
*** HOLE CARDS ***
Dealt to Mahu2021 [8c 9d]
ezzzis: raises 20 to 40
Mahu2021: folds 
Prerodeniat: calls 20
*** FLOP *** [Ah 3s 5s]
Prerodeniat: checks 
ezzzis: checks 
*** TURN *** [Ah 3s 5s] [Qs]
Prerodeniat: checks 
ezzzis: bets 60
Prerodeniat: calls 60
*** RIVER *** [Ah 3s 5s Qs] [4h]
Prerodeniat: bets 370 and is all-in
ezzzis: folds 
Uncalled bet (370) returned to Prerodeniat
Prerodeniat collected 210 from pot
*** SUMMARY ***
Total pot 210 | Rake 0 
Board [Ah 3s 5s Qs 4h]
Seat 1: Mahu2021 (small blind) folded before Flop
Seat 2: Prerodeniat (big blind) collected (210)
Seat 3: ezzzis (button) folded on the River



PokerStars Hand #247023893338: Tournament #3671181921, $1.84+$0.16 USD Hold'em No Limit - Level I (10/20) - 2023/11/10 6:49:24 CET [2023/11/10 0:49:24 ET]
Table '3671181921 1' 3-max Seat #1 is the button
Seat 1: Mahu2021 (550 in chips) 
Seat 2: Prerodeniat (580 in chips) 
Seat 3: ezzzis (370 in chips) 
Prerodeniat: posts small blind 10
ezzzis: posts big blind 20
*** HOLE CARDS ***
Dealt to Mahu2021 [8d 8s]
Mahu2021: raises 20 to 40
Prerodeniat: calls 30
ezzzis: calls 20
*** FLOP *** [9c 9s 6d]
Prerodeniat: checks 
ezzzis: checks 
Mahu2021: bets 60
Prerodeniat: folds 
ezzzis: calls 60
*** TURN *** [9c 9s 6d] [Qs]
ezzzis: checks 
Mahu2021: checks 
*** RIVER *** [9c 9s 6d Qs] [2s]
ezzzis: checks 
Mahu2021: checks 
*** SHOW DOWN ***
ezzzis: shows [Ad 8c] (a pair of Nines)
Mahu2021: shows [8d 8s] (two pair, Nines and Eights)
Mahu2021 collected 240 from pot
*** SUMMARY ***
Total pot 240 | Rake 0 
Board [9c 9s 6d Qs 2s]
Seat 1: Mahu2021 (button) showed [8d 8s] and won (240) with two pair, Nines and Eights
Seat 2: Prerodeniat (small blind) folded on the Flop
Seat 3: ezzzis (big blind) showed [Ad 8c] and lost with a pair of Nines



PokerStars Hand #247023896867: Tournament #3671181921, $1.84+$0.16 USD Hold'em No Limit - Level II (15/30) - 2023/11/10 6:50:00 CET [2023/11/10 0:50:00 ET]
Table '3671181921 1' 3-max Seat #2 is the button
Seat 1: Mahu2021 (690 in chips) 
Seat 2: Prerodeniat (540 in chips) 
Seat 3: ezzzis (270 in chips) 
ezzzis: posts small blind 15
Mahu2021: posts big blind 30
*** HOLE CARDS ***
Dealt to Mahu2021 [7s 3c]
Prerodeniat: folds 
ezzzis: folds 
Uncalled bet (15) returned to Mahu2021
Mahu2021 collected 30 from pot
Mahu2021: doesn't show hand 
*** SUMMARY ***
Total pot 30 | Rake 0 
Seat 1: Mahu2021 (big blind) collected (30)
Seat 2: Prerodeniat (button) folded before Flop (didn't bet)
Seat 3: ezzzis (small blind) folded before Flop



PokerStars Hand #247023897550: Tournament #3671181921, $1.84+$0.16 USD Hold'em No Limit - Level II (15/30) - 2023/11/10 6:50:07 CET [2023/11/10 0:50:07 ET]
Table '3671181921 1' 3-max Seat #3 is the button
Seat 1: Mahu2021 (705 in chips) 
Seat 2: Prerodeniat (540 in chips) 
Seat 3: ezzzis (255 in chips) 
Mahu2021: posts small blind 15
Prerodeniat: posts big blind 30
*** HOLE CARDS ***
Dealt to Mahu2021 [4d Jd]
ezzzis: folds 
Mahu2021: raises 30 to 60
Prerodeniat: calls 30
*** FLOP *** [As Qd 3s]
Mahu2021: checks 
Prerodeniat: checks 
*** TURN *** [As Qd 3s] [8c]
Mahu2021: bets 60
Prerodeniat: folds 
Uncalled bet (60) returned to Mahu2021
Mahu2021 collected 120 from pot
Mahu2021: doesn't show hand 
*** SUMMARY ***
Total pot 120 | Rake 0 
Board [As Qd 3s 8c]
Seat 1: Mahu2021 (small blind) collected (120)
Seat 2: Prerodeniat (big blind) folded on the Turn
Seat 3: ezzzis (button) folded before Flop (didn't bet)



PokerStars Hand #247023899032: Tournament #3671181921, $1.84+$0.16 USD Hold'em No Limit - Level II (15/30) - 2023/11/10 6:50:22 CET [2023/11/10 0:50:22 ET]
Table '3671181921 1' 3-max Seat #1 is the button
Seat 1: Mahu2021 (765 in chips) 
Seat 2: Prerodeniat (480 in chips) 
Seat 3: ezzzis (255 in chips) 
Prerodeniat: posts small blind 15
ezzzis: posts big blind 30
*** HOLE CARDS ***
Dealt to Mahu2021 [4d 3h]
Mahu2021: folds 
Prerodeniat: calls 15
ezzzis: raises 225 to 255 and is all-in
Prerodeniat: calls 225
*** FLOP *** [2d Jh 5d]
*** TURN *** [2d Jh 5d] [7h]
*** RIVER *** [2d Jh 5d 7h] [5h]
*** SHOW DOWN ***
Prerodeniat: shows [Ah Jc] (two pair, Jacks and Fives)
ezzzis: shows [9s Qs] (a pair of Fives)
Prerodeniat collected 510 from pot
ezzzis finished the tournament in 3rd place
*** SUMMARY ***
Total pot 510 | Rake 0 
Board [2d Jh 5d 7h 5h]
Seat 1: Mahu2021 (button) folded before Flop (didn't bet)
Seat 2: Prerodeniat (small blind) showed [Ah Jc] and won (510) with two pair, Jacks and Fives
Seat 3: ezzzis (big blind) showed [9s Qs] and lost with a pair of Fives



PokerStars Hand #247023900988: Tournament #3671181921, $1.84+$0.16 USD Hold'em No Limit - Level II (15/30) - 2023/11/10 6:50:42 CET [2023/11/10 0:50:42 ET]
Table '3671181921 1' 3-max Seat #2 is the button
Seat 1: Mahu2021 (765 in chips) 
Seat 2: Prerodeniat (735 in chips) 
Prerodeniat: posts small blind 15
Mahu2021: posts big blind 30
*** HOLE CARDS ***
Dealt to Mahu2021 [9c Ks]
Prerodeniat: calls 15
Mahu2021: checks 
*** FLOP *** [6c 2s 8c]
Mahu2021: checks 
Prerodeniat: checks 
*** TURN *** [6c 2s 8c] [7s]
Mahu2021: checks 
Prerodeniat: checks 
*** RIVER *** [6c 2s 8c 7s] [6h]
Mahu2021: checks 
Prerodeniat: checks 
*** SHOW DOWN ***
Mahu2021: shows [9c Ks] (a pair of Sixes)
Prerodeniat: mucks hand 
Mahu2021 collected 60 from pot
*** SUMMARY ***
Total pot 60 | Rake 0 
Board [6c 2s 8c 7s 6h]
Seat 1: Mahu2021 (big blind) showed [9c Ks] and won (60) with a pair of Sixes
Seat 2: Prerodeniat (button) (small blind) mucked [Jc Tc]



PokerStars Hand #247023902444: Tournament #3671181921, $1.84+$0.16 USD Hold'em No Limit - Level II (15/30) - 2023/11/10 6:50:57 CET [2023/11/10 0:50:57 ET]
Table '3671181921 1' 3-max Seat #1 is the button
Seat 1: Mahu2021 (795 in chips) 
Seat 2: Prerodeniat (705 in chips) 
Mahu2021: posts small blind 15
Prerodeniat: posts big blind 30
*** HOLE CARDS ***
Dealt to Mahu2021 [3d 3h]
Mahu2021: calls 15
Prerodeniat: checks 
*** FLOP *** [5c 8h Ts]
Prerodeniat: checks 
Mahu2021: bets 30
Prerodeniat: folds 
Uncalled bet (30) returned to Mahu2021
Mahu2021 collected 60 from pot
Mahu2021: doesn't show hand 
*** SUMMARY ***
Total pot 60 | Rake 0 
Board [5c 8h Ts]
Seat 1: Mahu2021 (button) (small blind) collected (60)
Seat 2: Prerodeniat (big blind) folded on the Flop



PokerStars Hand #247023903700: Tournament #3671181921, $1.84+$0.16 USD Hold'em No Limit - Level II (15/30) - 2023/11/10 6:51:10 CET [2023/11/10 0:51:10 ET]
Table '3671181921 1' 3-max Seat #2 is the button
Seat 1: Mahu2021 (825 in chips) 
Seat 2: Prerodeniat (675 in chips) 
Prerodeniat: posts small blind 15
Mahu2021: posts big blind 30
*** HOLE CARDS ***
Dealt to Mahu2021 [Th Ks]
Prerodeniat: calls 15
Mahu2021: checks 
*** FLOP *** [Jc 8c Qc]
Mahu2021: checks 
Prerodeniat: checks 
*** TURN *** [Jc 8c Qc] [2d]
Mahu2021: checks 
Prerodeniat: checks 
*** RIVER *** [Jc 8c Qc 2d] [4c]
Mahu2021: checks 
Prerodeniat: checks 
*** SHOW DOWN ***
Mahu2021: shows [Th Ks] (high card King)
Prerodeniat: shows [As 3c] (a flush, Queen high)
Prerodeniat collected 60 from pot
*** SUMMARY ***
Total pot 60 | Rake 0 
Board [Jc 8c Qc 2d 4c]
Seat 1: Mahu2021 (big blind) showed [Th Ks] and lost with high card King
Seat 2: Prerodeniat (button) (small blind) showed [As 3c] and won (60) with a flush, Queen high



PokerStars Hand #247023905171: Tournament #3671181921, $1.84+$0.16 USD Hold'em No Limit - Level II (15/30) - 2023/11/10 6:51:26 CET [2023/11/10 0:51:26 ET]
Table '3671181921 1' 3-max Seat #1 is the button
Seat 1: Mahu2021 (795 in chips) 
Seat 2: Prerodeniat (705 in chips) 
Mahu2021: posts small blind 15
Prerodeniat: posts big blind 30
*** HOLE CARDS ***
Dealt to Mahu2021 [6d Kh]
Mahu2021: calls 15
Prerodeniat: checks 
*** FLOP *** [Jd Qs 3d]
Prerodeniat: checks 
Mahu2021: bets 30
Prerodeniat: calls 30
*** TURN *** [Jd Qs 3d] [7c]
Prerodeniat: checks 
Mahu2021: checks 
*** RIVER *** [Jd Qs 3d 7c] [Kd]
Prerodeniat: checks 
Mahu2021: bets 60
Prerodeniat: calls 60
*** SHOW DOWN ***
Mahu2021: shows [6d Kh] (a pair of Kings)
Prerodeniat: mucks hand 
Mahu2021 collected 240 from pot
*** SUMMARY ***
Total pot 240 | Rake 0 
Board [Jd Qs 3d 7c Kd]
Seat 1: Mahu2021 (button) (small blind) showed [6d Kh] and won (240) with a pair of Kings
Seat 2: Prerodeniat (big blind) mucked [Qh 8c]



PokerStars Hand #247023907205: Tournament #3671181921, $1.84+$0.16 USD Hold'em No Limit - Level II (15/30) - 2023/11/10 6:51:47 CET [2023/11/10 0:51:47 ET]
Table '3671181921 1' 3-max Seat #2 is the button
Seat 1: Mahu2021 (915 in chips) 
Seat 2: Prerodeniat (585 in chips) 
Prerodeniat: posts small blind 15
Mahu2021: posts big blind 30
*** HOLE CARDS ***
Dealt to Mahu2021 [6d Tc]
Prerodeniat: folds 
Uncalled bet (15) returned to Mahu2021
Mahu2021 collected 30 from pot
Mahu2021: doesn't show hand 
*** SUMMARY ***
Total pot 30 | Rake 0 
Seat 1: Mahu2021 (big blind) collected (30)
Seat 2: Prerodeniat (button) (small blind) folded before Flop



PokerStars Hand #247023907670: Tournament #3671181921, $1.84+$0.16 USD Hold'em No Limit - Level II (15/30) - 2023/11/10 6:51:51 CET [2023/11/10 0:51:51 ET]
Table '3671181921 1' 3-max Seat #1 is the button
Seat 1: Mahu2021 (930 in chips) 
Seat 2: Prerodeniat (570 in chips) 
Mahu2021: posts small blind 15
Prerodeniat: posts big blind 30
*** HOLE CARDS ***
Dealt to Mahu2021 [Qh 3s]
Mahu2021: calls 15
Prerodeniat: checks 
*** FLOP *** [7s Ah 6d]
Prerodeniat: checks 
Mahu2021: checks 
*** TURN *** [7s Ah 6d] [3c]
Prerodeniat: checks 
Mahu2021: bets 30
Prerodeniat: calls 30
*** RIVER *** [7s Ah 6d 3c] [7h]
Prerodeniat: checks 
Mahu2021: checks 
*** SHOW DOWN ***
Prerodeniat: shows [Kc Jd] (a pair of Sevens)
Mahu2021: shows [Qh 3s] (two pair, Sevens and Threes)
Mahu2021 collected 120 from pot
*** SUMMARY ***
Total pot 120 | Rake 0 
Board [7s Ah 6d 3c 7h]
Seat 1: Mahu2021 (button) (small blind) showed [Qh 3s] and won (120) with two pair, Sevens and Threes
Seat 2: Prerodeniat (big blind) showed [Kc Jd] and lost with a pair of Sevens



PokerStars Hand #247023909236: Tournament #3671181921, $1.84+$0.16 USD Hold'em No Limit - Level II (15/30) - 2023/11/10 6:52:08 CET [2023/11/10 0:52:08 ET]
Table '3671181921 1' 3-max Seat #2 is the button
Seat 1: Mahu2021 (990 in chips) 
Seat 2: Prerodeniat (510 in chips) 
Prerodeniat: posts small blind 15
Mahu2021: posts big blind 30
*** HOLE CARDS ***
Dealt to Mahu2021 [7s Ah]
Prerodeniat: calls 15
Mahu2021: checks 
*** FLOP *** [Jh Qh 6d]
Mahu2021: checks 
Prerodeniat: checks 
*** TURN *** [Jh Qh 6d] [9h]
Mahu2021: checks 
Prerodeniat: checks 
*** RIVER *** [Jh Qh 6d 9h] [Td]
Mahu2021: checks 
Prerodeniat: checks 
*** SHOW DOWN ***
Mahu2021: shows [7s Ah] (high card Ace)
Prerodeniat: shows [4c Th] (a pair of Tens)
Prerodeniat collected 60 from pot
*** SUMMARY ***
Total pot 60 | Rake 0 
Board [Jh Qh 6d 9h Td]
Seat 1: Mahu2021 (big blind) showed [7s Ah] and lost with high card Ace
Seat 2: Prerodeniat (button) (small blind) showed [4c Th] and won (60) with a pair of Tens



PokerStars Hand #247023910603: Tournament #3671181921, $1.84+$0.16 USD Hold'em No Limit - Level II (15/30) - 2023/11/10 6:52:22 CET [2023/11/10 0:52:22 ET]
Table '3671181921 1' 3-max Seat #1 is the button
Seat 1: Mahu2021 (960 in chips) 
Seat 2: Prerodeniat (540 in chips) 
Mahu2021: posts small blind 15
Prerodeniat: posts big blind 30
*** HOLE CARDS ***
Dealt to Mahu2021 [Kh Jd]
Mahu2021: raises 30 to 60
Prerodeniat: folds 
Uncalled bet (30) returned to Mahu2021
Mahu2021 collected 60 from pot
Mahu2021: doesn't show hand 
*** SUMMARY ***
Total pot 60 | Rake 0 
Seat 1: Mahu2021 (button) (small blind) collected (60)
Seat 2: Prerodeniat (big blind) folded before Flop



PokerStars Hand #247023911260: Tournament #3671181921, $1.84+$0.16 USD Hold'em No Limit - Level II (15/30) - 2023/11/10 6:52:29 CET [2023/11/10 0:52:29 ET]
Table '3671181921 1' 3-max Seat #2 is the button
Seat 1: Mahu2021 (990 in chips) 
Seat 2: Prerodeniat (510 in chips) 
Prerodeniat: posts small blind 15
Mahu2021: posts big blind 30
*** HOLE CARDS ***
Dealt to Mahu2021 [6s 4c]
Prerodeniat: calls 15
Mahu2021: checks 
*** FLOP *** [8d 7d 9d]
Mahu2021: checks 
Prerodeniat: checks 
*** TURN *** [8d 7d 9d] [Ac]
Mahu2021: checks 
Prerodeniat: checks 
*** RIVER *** [8d 7d 9d Ac] [9h]
Mahu2021: checks 
Prerodeniat: checks 
*** SHOW DOWN ***
Mahu2021: shows [6s 4c] (a pair of Nines)
Prerodeniat: shows [4s 2s] (a pair of Nines)
Mahu2021 collected 30 from pot
Prerodeniat collected 30 from pot
*** SUMMARY ***
Total pot 60 | Rake 0 
Board [8d 7d 9d Ac 9h]
Seat 1: Mahu2021 (big blind) showed [6s 4c] and won (30) with a pair of Nines
Seat 2: Prerodeniat (button) (small blind) showed [4s 2s] and won (30) with a pair of Nines



PokerStars Hand #247023912766: Tournament #3671181921, $1.84+$0.16 USD Hold'em No Limit - Level II (15/30) - 2023/11/10 6:52:45 CET [2023/11/10 0:52:45 ET]
Table '3671181921 1' 3-max Seat #1 is the button
Seat 1: Mahu2021 (990 in chips) 
Seat 2: Prerodeniat (510 in chips) 
Mahu2021: posts small blind 15
Prerodeniat: posts big blind 30
*** HOLE CARDS ***
Dealt to Mahu2021 [3h 4c]
Mahu2021: calls 15
Prerodeniat: checks 
*** FLOP *** [5c 9d Ts]
Prerodeniat: checks 
Mahu2021: checks 
*** TURN *** [5c 9d Ts] [2h]
Prerodeniat: checks 
Mahu2021: bets 60
Prerodeniat: folds 
Uncalled bet (60) returned to Mahu2021
Mahu2021 collected 60 from pot
Mahu2021: doesn't show hand 
*** SUMMARY ***
Total pot 60 | Rake 0 
Board [5c 9d Ts 2h]
Seat 1: Mahu2021 (button) (small blind) collected (60)
Seat 2: Prerodeniat (big blind) folded on the Turn



PokerStars Hand #247023914535: Tournament #3671181921, $1.84+$0.16 USD Hold'em No Limit - Level III (20/40) - 2023/11/10 6:53:03 CET [2023/11/10 0:53:03 ET]
Table '3671181921 1' 3-max Seat #2 is the button
Seat 1: Mahu2021 (1020 in chips) 
Seat 2: Prerodeniat (480 in chips) 
Prerodeniat: posts small blind 20
Mahu2021: posts big blind 40
*** HOLE CARDS ***
Dealt to Mahu2021 [3s 9c]
Prerodeniat: calls 20
Mahu2021: checks 
*** FLOP *** [Jh Tc 3c]
Mahu2021: bets 40
Prerodeniat: folds 
Uncalled bet (40) returned to Mahu2021
Mahu2021 collected 80 from pot
Mahu2021: doesn't show hand 
*** SUMMARY ***
Total pot 80 | Rake 0 
Board [Jh Tc 3c]
Seat 1: Mahu2021 (big blind) collected (80)
Seat 2: Prerodeniat (button) (small blind) folded on the Flop



PokerStars Hand #247023915603: Tournament #3671181921, $1.84+$0.16 USD Hold'em No Limit - Level III (20/40) - 2023/11/10 6:53:14 CET [2023/11/10 0:53:14 ET]
Table '3671181921 1' 3-max Seat #1 is the button
Seat 1: Mahu2021 (1060 in chips) 
Seat 2: Prerodeniat (440 in chips) 
Mahu2021: posts small blind 20
Prerodeniat: posts big blind 40
*** HOLE CARDS ***
Dealt to Mahu2021 [6d 8s]
Mahu2021: calls 20
Prerodeniat: checks 
*** FLOP *** [7s 5d 8d]
Prerodeniat: checks 
Mahu2021: bets 40
Prerodeniat: calls 40
*** TURN *** [7s 5d 8d] [3h]
Prerodeniat: checks 
Mahu2021: bets 40
Prerodeniat: calls 40
*** RIVER *** [7s 5d 8d 3h] [5h]
Prerodeniat: checks 
Mahu2021: checks 
*** SHOW DOWN ***
Prerodeniat: shows [Ah Ad] (two pair, Aces and Fives)
Mahu2021: mucks hand 
Prerodeniat collected 240 from pot
*** SUMMARY ***
Total pot 240 | Rake 0 
Board [7s 5d 8d 3h 5h]
Seat 1: Mahu2021 (button) (small blind) mucked [6d 8s]
Seat 2: Prerodeniat (big blind) showed [Ah Ad] and won (240) with two pair, Aces and Fives



PokerStars Hand #247023917507: Tournament #3671181921, $1.84+$0.16 USD Hold'em No Limit - Level III (20/40) - 2023/11/10 6:53:34 CET [2023/11/10 0:53:34 ET]
Table '3671181921 1' 3-max Seat #2 is the button
Seat 1: Mahu2021 (940 in chips) 
Seat 2: Prerodeniat (560 in chips) 
Prerodeniat: posts small blind 20
Mahu2021: posts big blind 40
*** HOLE CARDS ***
Dealt to Mahu2021 [6c 5c]
Prerodeniat: calls 20
Mahu2021: checks 
*** FLOP *** [Qd 2d Kd]
Mahu2021: checks 
Prerodeniat: bets 40
Mahu2021: folds 
Uncalled bet (40) returned to Prerodeniat
Prerodeniat collected 80 from pot
*** SUMMARY ***
Total pot 80 | Rake 0 
Board [Qd 2d Kd]
Seat 1: Mahu2021 (big blind) folded on the Flop
Seat 2: Prerodeniat (button) (small blind) collected (80)



PokerStars Hand #247023918587: Tournament #3671181921, $1.84+$0.16 USD Hold'em No Limit - Level III (20/40) - 2023/11/10 6:53:45 CET [2023/11/10 0:53:45 ET]
Table '3671181921 1' 3-max Seat #1 is the button
Seat 1: Mahu2021 (900 in chips) 
Seat 2: Prerodeniat (600 in chips) 
Mahu2021: posts small blind 20
Prerodeniat: posts big blind 40
*** HOLE CARDS ***
Dealt to Mahu2021 [6c Qd]
Mahu2021: calls 20
Prerodeniat: checks 
*** FLOP *** [4s Jd Kc]
Prerodeniat: checks 
Mahu2021: bets 40
Prerodeniat: calls 40
*** TURN *** [4s Jd Kc] [Kd]
Prerodeniat: checks 
Mahu2021: checks 
*** RIVER *** [4s Jd Kc Kd] [7s]
Prerodeniat: checks 
Mahu2021: checks 
*** SHOW DOWN ***
Prerodeniat: shows [2s 2h] (two pair, Kings and Deuces)
Mahu2021: mucks hand 
Prerodeniat collected 160 from pot
*** SUMMARY ***
Total pot 160 | Rake 0 
Board [4s Jd Kc Kd 7s]
Seat 1: Mahu2021 (button) (small blind) mucked [6c Qd]
Seat 2: Prerodeniat (big blind) showed [2s 2h] and won (160) with two pair, Kings and Deuces



PokerStars Hand #247023920114: Tournament #3671181921, $1.84+$0.16 USD Hold'em No Limit - Level III (20/40) - 2023/11/10 6:54:01 CET [2023/11/10 0:54:01 ET]
Table '3671181921 1' 3-max Seat #2 is the button
Seat 1: Mahu2021 (820 in chips) 
Seat 2: Prerodeniat (680 in chips) 
Prerodeniat: posts small blind 20
Mahu2021: posts big blind 40
*** HOLE CARDS ***
Dealt to Mahu2021 [8c Qd]
Prerodeniat: calls 20
Mahu2021: checks 
*** FLOP *** [2d Ts Jd]
Mahu2021: checks 
Prerodeniat: checks 
*** TURN *** [2d Ts Jd] [Th]
Mahu2021: checks 
Prerodeniat: checks 
*** RIVER *** [2d Ts Jd Th] [6h]
Mahu2021: checks 
Prerodeniat: checks 
*** SHOW DOWN ***
Mahu2021: shows [8c Qd] (a pair of Tens)
Prerodeniat: shows [Ah 5c] (a pair of Tens - Ace kicker)
Prerodeniat collected 80 from pot
*** SUMMARY ***
Total pot 80 | Rake 0 
Board [2d Ts Jd Th 6h]
Seat 1: Mahu2021 (big blind) showed [8c Qd] and lost with a pair of Tens
Seat 2: Prerodeniat (button) (small blind) showed [Ah 5c] and won (80) with a pair of Tens



PokerStars Hand #247023921312: Tournament #3671181921, $1.84+$0.16 USD Hold'em No Limit - Level III (20/40) - 2023/11/10 6:54:14 CET [2023/11/10 0:54:14 ET]
Table '3671181921 1' 3-max Seat #1 is the button
Seat 1: Mahu2021 (780 in chips) 
Seat 2: Prerodeniat (720 in chips) 
Mahu2021: posts small blind 20
Prerodeniat: posts big blind 40
*** HOLE CARDS ***
Dealt to Mahu2021 [Ad 8s]
Mahu2021: raises 40 to 80
Prerodeniat: folds 
Uncalled bet (40) returned to Mahu2021
Mahu2021 collected 80 from pot
Mahu2021: doesn't show hand 
*** SUMMARY ***
Total pot 80 | Rake 0 
Seat 1: Mahu2021 (button) (small blind) collected (80)
Seat 2: Prerodeniat (big blind) folded before Flop



PokerStars Hand #247023921880: Tournament #3671181921, $1.84+$0.16 USD Hold'em No Limit - Level III (20/40) - 2023/11/10 6:54:20 CET [2023/11/10 0:54:20 ET]
Table '3671181921 1' 3-max Seat #2 is the button
Seat 1: Mahu2021 (820 in chips) 
Seat 2: Prerodeniat (680 in chips) 
Prerodeniat: posts small blind 20
Mahu2021: posts big blind 40
*** HOLE CARDS ***
Dealt to Mahu2021 [3h 8d]
Prerodeniat: calls 20
Mahu2021: checks 
*** FLOP *** [Qc Ad As]
Mahu2021: checks 
Prerodeniat: checks 
*** TURN *** [Qc Ad As] [7s]
Mahu2021: checks 
Prerodeniat: bets 40
Mahu2021: folds 
Uncalled bet (40) returned to Prerodeniat
Prerodeniat collected 80 from pot
*** SUMMARY ***
Total pot 80 | Rake 0 
Board [Qc Ad As 7s]
Seat 1: Mahu2021 (big blind) folded on the Turn
Seat 2: Prerodeniat (button) (small blind) collected (80)



PokerStars Hand #247023923135: Tournament #3671181921, $1.84+$0.16 USD Hold'em No Limit - Level III (20/40) - 2023/11/10 6:54:32 CET [2023/11/10 0:54:32 ET]
Table '3671181921 1' 3-max Seat #1 is the button
Seat 1: Mahu2021 (780 in chips) 
Seat 2: Prerodeniat (720 in chips) 
Mahu2021: posts small blind 20
Prerodeniat: posts big blind 40
*** HOLE CARDS ***
Dealt to Mahu2021 [Ks Qd]
Mahu2021: raises 40 to 80
Prerodeniat: calls 40
*** FLOP *** [5d 5c 8c]
Prerodeniat: checks 
Mahu2021: checks 
*** TURN *** [5d 5c 8c] [2s]
Prerodeniat: checks 
Mahu2021: checks 
*** RIVER *** [5d 5c 8c 2s] [5s]
Prerodeniat: bets 40
Mahu2021: calls 40
*** SHOW DOWN ***
Prerodeniat: shows [3d Ah] (three of a kind, Fives)
Mahu2021: mucks hand 
Prerodeniat collected 240 from pot
*** SUMMARY ***
Total pot 240 | Rake 0 
Board [5d 5c 8c 2s 5s]
Seat 1: Mahu2021 (button) (small blind) mucked [Ks Qd]
Seat 2: Prerodeniat (big blind) showed [3d Ah] and won (240) with three of a kind, Fives



PokerStars Hand #247023924948: Tournament #3671181921, $1.84+$0.16 USD Hold'em No Limit - Level III (20/40) - 2023/11/10 6:54:51 CET [2023/11/10 0:54:51 ET]
Table '3671181921 1' 3-max Seat #2 is the button
Seat 1: Mahu2021 (660 in chips) 
Seat 2: Prerodeniat (840 in chips) 
Prerodeniat: posts small blind 20
Mahu2021: posts big blind 40
*** HOLE CARDS ***
Dealt to Mahu2021 [8s Td]
Prerodeniat: folds 
Uncalled bet (20) returned to Mahu2021
Mahu2021 collected 40 from pot
Mahu2021: doesn't show hand 
*** SUMMARY ***
Total pot 40 | Rake 0 
Seat 1: Mahu2021 (big blind) collected (40)
Seat 2: Prerodeniat (button) (small blind) folded before Flop



PokerStars Hand #247023925521: Tournament #3671181921, $1.84+$0.16 USD Hold'em No Limit - Level III (20/40) - 2023/11/10 6:54:57 CET [2023/11/10 0:54:57 ET]
Table '3671181921 1' 3-max Seat #1 is the button
Seat 1: Mahu2021 (680 in chips) 
Seat 2: Prerodeniat (820 in chips) 
Mahu2021: posts small blind 20
Prerodeniat: posts big blind 40
*** HOLE CARDS ***
Dealt to Mahu2021 [4s Ah]
Mahu2021: raises 40 to 80
Prerodeniat: calls 40
*** FLOP *** [7c 9c 6s]
Prerodeniat: checks 
Mahu2021: checks 
*** TURN *** [7c 9c 6s] [9d]
Prerodeniat: checks 
Mahu2021: bets 80
Prerodeniat: folds 
Uncalled bet (80) returned to Mahu2021
Mahu2021 collected 160 from pot
Mahu2021: doesn't show hand 
*** SUMMARY ***
Total pot 160 | Rake 0 
Board [7c 9c 6s 9d]
Seat 1: Mahu2021 (button) (small blind) collected (160)
Seat 2: Prerodeniat (big blind) folded on the Turn



PokerStars Hand #247023926879: Tournament #3671181921, $1.84+$0.16 USD Hold'em No Limit - Level III (20/40) - 2023/11/10 6:55:12 CET [2023/11/10 0:55:12 ET]
Table '3671181921 1' 3-max Seat #2 is the button
Seat 1: Mahu2021 (760 in chips) 
Seat 2: Prerodeniat (740 in chips) 
Prerodeniat: posts small blind 20
Mahu2021: posts big blind 40
*** HOLE CARDS ***
Dealt to Mahu2021 [5h 9d]
Prerodeniat: calls 20
Mahu2021: checks 
*** FLOP *** [5c 6s 7h]
Mahu2021: checks 
Prerodeniat: checks 
*** TURN *** [5c 6s 7h] [As]
Mahu2021: bets 40
Prerodeniat: folds 
Uncalled bet (40) returned to Mahu2021
Mahu2021 collected 80 from pot
Mahu2021: doesn't show hand 
*** SUMMARY ***
Total pot 80 | Rake 0 
Board [5c 6s 7h As]
Seat 1: Mahu2021 (big blind) collected (80)
Seat 2: Prerodeniat (button) (small blind) folded on the Turn



PokerStars Hand #247023928108: Tournament #3671181921, $1.84+$0.16 USD Hold'em No Limit - Level III (20/40) - 2023/11/10 6:55:27 CET [2023/11/10 0:55:27 ET]
Table '3671181921 1' 3-max Seat #1 is the button
Seat 1: Mahu2021 (800 in chips) 
Seat 2: Prerodeniat (700 in chips) 
Mahu2021: posts small blind 20
Prerodeniat: posts big blind 40
*** HOLE CARDS ***
Dealt to Mahu2021 [Qh Qd]
Mahu2021: raises 80 to 120
Prerodeniat: calls 80
*** FLOP *** [8c Kh 9d]
Prerodeniat: bets 580 and is all-in
Mahu2021: folds 
Uncalled bet (580) returned to Prerodeniat
Prerodeniat collected 240 from pot
*** SUMMARY ***
Total pot 240 | Rake 0 
Board [8c Kh 9d]
Seat 1: Mahu2021 (button) (small blind) folded on the Flop
Seat 2: Prerodeniat (big blind) collected (240)



PokerStars Hand #247023929282: Tournament #3671181921, $1.84+$0.16 USD Hold'em No Limit - Level III (20/40) - 2023/11/10 6:55:42 CET [2023/11/10 0:55:42 ET]
Table '3671181921 1' 3-max Seat #2 is the button
Seat 1: Mahu2021 (680 in chips) 
Seat 2: Prerodeniat (820 in chips) 
Prerodeniat: posts small blind 20
Mahu2021: posts big blind 40
*** HOLE CARDS ***
Dealt to Mahu2021 [Ah 6c]
Prerodeniat: folds 
Uncalled bet (20) returned to Mahu2021
Mahu2021 collected 40 from pot
Mahu2021: doesn't show hand 
*** SUMMARY ***
Total pot 40 | Rake 0 
Seat 1: Mahu2021 (big blind) collected (40)
Seat 2: Prerodeniat (button) (small blind) folded before Flop



PokerStars Hand #247023929718: Tournament #3671181921, $1.84+$0.16 USD Hold'em No Limit - Level III (20/40) - 2023/11/10 6:55:46 CET [2023/11/10 0:55:46 ET]
Table '3671181921 1' 3-max Seat #1 is the button
Seat 1: Mahu2021 (700 in chips) 
Seat 2: Prerodeniat (800 in chips) 
Mahu2021: posts small blind 20
Prerodeniat: posts big blind 40
*** HOLE CARDS ***
Dealt to Mahu2021 [3c 7c]
Mahu2021: calls 20
Prerodeniat: checks 
*** FLOP *** [5c 3d Ts]
Prerodeniat: checks 
Mahu2021: bets 40
Prerodeniat: folds 
Uncalled bet (40) returned to Mahu2021
Mahu2021 collected 80 from pot
Mahu2021: doesn't show hand 
*** SUMMARY ***
Total pot 80 | Rake 0 
Board [5c 3d Ts]
Seat 1: Mahu2021 (button) (small blind) collected (80)
Seat 2: Prerodeniat (big blind) folded on the Flop



PokerStars Hand #247023930933: Tournament #3671181921, $1.84+$0.16 USD Hold'em No Limit - Level IV (30/60) - 2023/11/10 6:56:01 CET [2023/11/10 0:56:01 ET]
Table '3671181921 1' 3-max Seat #2 is the button
Seat 1: Mahu2021 (740 in chips) 
Seat 2: Prerodeniat (760 in chips) 
Prerodeniat: posts small blind 30
Mahu2021: posts big blind 60
*** HOLE CARDS ***
Dealt to Mahu2021 [2h 6s]
Prerodeniat: calls 30
Mahu2021: checks 
*** FLOP *** [Qc 9c As]
Mahu2021: checks 
Prerodeniat: checks 
*** TURN *** [Qc 9c As] [Th]
Mahu2021: bets 60
Prerodeniat: calls 60
*** RIVER *** [Qc 9c As Th] [Kc]
Mahu2021: checks 
Prerodeniat: checks 
*** SHOW DOWN ***
Mahu2021: shows [2h 6s] (high card Ace)
Prerodeniat: shows [Td 6d] (a pair of Tens)
Prerodeniat collected 240 from pot
*** SUMMARY ***
Total pot 240 | Rake 0 
Board [Qc 9c As Th Kc]
Seat 1: Mahu2021 (big blind) showed [2h 6s] and lost with high card Ace
Seat 2: Prerodeniat (button) (small blind) showed [Td 6d] and won (240) with a pair of Tens



PokerStars Hand #247023932274: Tournament #3671181921, $1.84+$0.16 USD Hold'em No Limit - Level IV (30/60) - 2023/11/10 6:56:17 CET [2023/11/10 0:56:17 ET]
Table '3671181921 1' 3-max Seat #1 is the button
Seat 1: Mahu2021 (620 in chips) 
Seat 2: Prerodeniat (880 in chips) 
Mahu2021: posts small blind 30
Prerodeniat: posts big blind 60
*** HOLE CARDS ***
Dealt to Mahu2021 [4s 2d]
Mahu2021: folds 
Uncalled bet (30) returned to Prerodeniat
Prerodeniat collected 60 from pot
*** SUMMARY ***
Total pot 60 | Rake 0 
Seat 1: Mahu2021 (button) (small blind) folded before Flop
Seat 2: Prerodeniat (big blind) collected (60)



PokerStars Hand #247023932658: Tournament #3671181921, $1.84+$0.16 USD Hold'em No Limit - Level IV (30/60) - 2023/11/10 6:56:22 CET [2023/11/10 0:56:22 ET]
Table '3671181921 1' 3-max Seat #2 is the button
Seat 1: Mahu2021 (590 in chips) 
Seat 2: Prerodeniat (910 in chips) 
Prerodeniat: posts small blind 30
Mahu2021: posts big blind 60
*** HOLE CARDS ***
Dealt to Mahu2021 [Qh 7s]
Prerodeniat: calls 30
Mahu2021: checks 
*** FLOP *** [4c 3h 4h]
Mahu2021: checks 
Prerodeniat: checks 
*** TURN *** [4c 3h 4h] [3d]
Mahu2021: checks 
Prerodeniat: checks 
*** RIVER *** [4c 3h 4h 3d] [Td]
Mahu2021: checks 
Prerodeniat: checks 
*** SHOW DOWN ***
Mahu2021: shows [Qh 7s] (two pair, Fours and Threes)
Prerodeniat: shows [5d Kh] (two pair, Fours and Threes - King kicker)
Prerodeniat collected 120 from pot
*** SUMMARY ***
Total pot 120 | Rake 0 
Board [4c 3h 4h 3d Td]
Seat 1: Mahu2021 (big blind) showed [Qh 7s] and lost with two pair, Fours and Threes
Seat 2: Prerodeniat (button) (small blind) showed [5d Kh] and won (120) with two pair, Fours and Threes



PokerStars Hand #247023933845: Tournament #3671181921, $1.84+$0.16 USD Hold'em No Limit - Level IV (30/60) - 2023/11/10 6:56:36 CET [2023/11/10 0:56:36 ET]
Table '3671181921 1' 3-max Seat #1 is the button
Seat 1: Mahu2021 (530 in chips) 
Seat 2: Prerodeniat (970 in chips) 
Mahu2021: posts small blind 30
Prerodeniat: posts big blind 60
*** HOLE CARDS ***
Dealt to Mahu2021 [2h Ac]
Mahu2021: raises 60 to 120
Prerodeniat: folds 
Uncalled bet (60) returned to Mahu2021
Mahu2021 collected 120 from pot
Mahu2021: doesn't show hand 
*** SUMMARY ***
Total pot 120 | Rake 0 
Seat 1: Mahu2021 (button) (small blind) collected (120)
Seat 2: Prerodeniat (big blind) folded before Flop



PokerStars Hand #247023934352: Tournament #3671181921, $1.84+$0.16 USD Hold'em No Limit - Level IV (30/60) - 2023/11/10 6:56:42 CET [2023/11/10 0:56:42 ET]
Table '3671181921 1' 3-max Seat #2 is the button
Seat 1: Mahu2021 (590 in chips) 
Seat 2: Prerodeniat (910 in chips) 
Prerodeniat: posts small blind 30
Mahu2021: posts big blind 60
*** HOLE CARDS ***
Dealt to Mahu2021 [5c 3h]
Prerodeniat: calls 30
Mahu2021: checks 
*** FLOP *** [Jd 5d 4c]
Mahu2021: bets 60
Prerodeniat: calls 60
*** TURN *** [Jd 5d 4c] [8d]
Mahu2021: checks 
Prerodeniat: checks 
*** RIVER *** [Jd 5d 4c 8d] [4h]
Mahu2021: checks 
Prerodeniat: bets 180
Mahu2021: folds 
Uncalled bet (180) returned to Prerodeniat
Prerodeniat collected 240 from pot
*** SUMMARY ***
Total pot 240 | Rake 0 
Board [Jd 5d 4c 8d 4h]
Seat 1: Mahu2021 (big blind) folded on the River
Seat 2: Prerodeniat (button) (small blind) collected (240)



PokerStars Hand #247023935988: Tournament #3671181921, $1.84+$0.16 USD Hold'em No Limit - Level IV (30/60) - 2023/11/10 6:57:01 CET [2023/11/10 0:57:01 ET]
Table '3671181921 1' 3-max Seat #1 is the button
Seat 1: Mahu2021 (470 in chips) 
Seat 2: Prerodeniat (1030 in chips) 
Mahu2021: posts small blind 30
Prerodeniat: posts big blind 60
*** HOLE CARDS ***
Dealt to Mahu2021 [2h 6s]
Mahu2021: folds 
Uncalled bet (30) returned to Prerodeniat
Prerodeniat collected 60 from pot
*** SUMMARY ***
Total pot 60 | Rake 0 
Seat 1: Mahu2021 (button) (small blind) folded before Flop
Seat 2: Prerodeniat (big blind) collected (60)



PokerStars Hand #247023936401: Tournament #3671181921, $1.84+$0.16 USD Hold'em No Limit - Level IV (30/60) - 2023/11/10 6:57:06 CET [2023/11/10 0:57:06 ET]
Table '3671181921 1' 3-max Seat #2 is the button
Seat 1: Mahu2021 (440 in chips) 
Seat 2: Prerodeniat (1060 in chips) 
Prerodeniat: posts small blind 30
Mahu2021: posts big blind 60
*** HOLE CARDS ***
Dealt to Mahu2021 [8s 2c]
Prerodeniat: calls 30
Mahu2021: checks 
*** FLOP *** [Ac Ad 5c]
Mahu2021: checks 
Prerodeniat: checks 
*** TURN *** [Ac Ad 5c] [9s]
Mahu2021: checks 
Prerodeniat: checks 
*** RIVER *** [Ac Ad 5c 9s] [Qd]
Mahu2021: checks 
Prerodeniat: checks 
*** SHOW DOWN ***
Mahu2021: shows [8s 2c] (a pair of Aces)
Prerodeniat: shows [6d Jh] (a pair of Aces - Queen+Jack kicker)
Prerodeniat collected 120 from pot
*** SUMMARY ***
Total pot 120 | Rake 0 
Board [Ac Ad 5c 9s Qd]
Seat 1: Mahu2021 (big blind) showed [8s 2c] and lost with a pair of Aces
Seat 2: Prerodeniat (button) (small blind) showed [6d Jh] and won (120) with a pair of Aces



PokerStars Hand #247023937574: Tournament #3671181921, $1.84+$0.16 USD Hold'em No Limit - Level IV (30/60) - 2023/11/10 6:57:20 CET [2023/11/10 0:57:20 ET]
Table '3671181921 1' 3-max Seat #1 is the button
Seat 1: Mahu2021 (380 in chips) 
Seat 2: Prerodeniat (1120 in chips) 
Mahu2021: posts small blind 30
Prerodeniat: posts big blind 60
*** HOLE CARDS ***
Dealt to Mahu2021 [9s 2s]
Mahu2021: folds 
Uncalled bet (30) returned to Prerodeniat
Prerodeniat collected 60 from pot
*** SUMMARY ***
Total pot 60 | Rake 0 
Seat 1: Mahu2021 (button) (small blind) folded before Flop
Seat 2: Prerodeniat (big blind) collected (60)



PokerStars Hand #247023937963: Tournament #3671181921, $1.84+$0.16 USD Hold'em No Limit - Level IV (30/60) - 2023/11/10 6:57:25 CET [2023/11/10 0:57:25 ET]
Table '3671181921 1' 3-max Seat #2 is the button
Seat 1: Mahu2021 (350 in chips) 
Seat 2: Prerodeniat (1150 in chips) 
Prerodeniat: posts small blind 30
Mahu2021: posts big blind 60
*** HOLE CARDS ***
Dealt to Mahu2021 [7d Th]
Prerodeniat: calls 30
Mahu2021: checks 
*** FLOP *** [9d 3d 4s]
Mahu2021: checks 
Prerodeniat: checks 
*** TURN *** [9d 3d 4s] [9s]
Mahu2021: checks 
Prerodeniat: checks 
*** RIVER *** [9d 3d 4s 9s] [Tc]
Mahu2021: checks 
Prerodeniat: checks 
*** SHOW DOWN ***
Mahu2021: shows [7d Th] (two pair, Tens and Nines)
Prerodeniat: mucks hand 
Mahu2021 collected 120 from pot
*** SUMMARY ***
Total pot 120 | Rake 0 
Board [9d 3d 4s 9s Tc]
Seat 1: Mahu2021 (big blind) showed [7d Th] and won (120) with two pair, Tens and Nines
Seat 2: Prerodeniat (button) (small blind) mucked [Js 7c]



PokerStars Hand #247023939223: Tournament #3671181921, $1.84+$0.16 USD Hold'em No Limit - Level IV (30/60) - 2023/11/10 6:57:39 CET [2023/11/10 0:57:39 ET]
Table '3671181921 1' 3-max Seat #1 is the button
Seat 1: Mahu2021 (410 in chips) 
Seat 2: Prerodeniat (1090 in chips) 
Mahu2021: posts small blind 30
Prerodeniat: posts big blind 60
*** HOLE CARDS ***
Dealt to Mahu2021 [Js 3c]
Mahu2021: raises 60 to 120
Prerodeniat: calls 60
*** FLOP *** [9d 7h Kd]
Prerodeniat: checks 
Mahu2021: checks 
*** TURN *** [9d 7h Kd] [Th]
Prerodeniat: bets 120
Mahu2021: folds 
Uncalled bet (120) returned to Prerodeniat
Prerodeniat collected 240 from pot
*** SUMMARY ***
Total pot 240 | Rake 0 
Board [9d 7h Kd Th]
Seat 1: Mahu2021 (button) (small blind) folded on the Turn
Seat 2: Prerodeniat (big blind) collected (240)



PokerStars Hand #247023940462: Tournament #3671181921, $1.84+$0.16 USD Hold'em No Limit - Level IV (30/60) - 2023/11/10 6:57:54 CET [2023/11/10 0:57:54 ET]
Table '3671181921 1' 3-max Seat #2 is the button
Seat 1: Mahu2021 (290 in chips) 
Seat 2: Prerodeniat (1210 in chips) 
Prerodeniat: posts small blind 30
Mahu2021: posts big blind 60
*** HOLE CARDS ***
Dealt to Mahu2021 [Ad 8s]
Prerodeniat: calls 30
Mahu2021: raises 230 to 290 and is all-in
Prerodeniat: folds 
Uncalled bet (230) returned to Mahu2021
Mahu2021 collected 120 from pot
Mahu2021: doesn't show hand 
*** SUMMARY ***
Total pot 120 | Rake 0 
Seat 1: Mahu2021 (big blind) collected (120)
Seat 2: Prerodeniat (button) (small blind) folded before Flop



PokerStars Hand #247023941235: Tournament #3671181921, $1.84+$0.16 USD Hold'em No Limit - Level IV (30/60) - 2023/11/10 6:58:03 CET [2023/11/10 0:58:03 ET]
Table '3671181921 1' 3-max Seat #1 is the button
Seat 1: Mahu2021 (350 in chips) 
Seat 2: Prerodeniat (1150 in chips) 
Mahu2021: posts small blind 30
Prerodeniat: posts big blind 60
*** HOLE CARDS ***
Dealt to Mahu2021 [Ah Kc]
Mahu2021: raises 60 to 120
Prerodeniat: calls 60
*** FLOP *** [Tc Ts Kh]
Prerodeniat: checks 
Mahu2021: bets 230 and is all-in
Prerodeniat: calls 230
*** TURN *** [Tc Ts Kh] [7d]
*** RIVER *** [Tc Ts Kh 7d] [2h]
*** SHOW DOWN ***
Prerodeniat: shows [Kd Qh] (two pair, Kings and Tens)
Mahu2021: shows [Ah Kc] (two pair, Kings and Tens - Ace kicker)
Mahu2021 collected 700 from pot
*** SUMMARY ***
Total pot 700 | Rake 0 
Board [Tc Ts Kh 7d 2h]
Seat 1: Mahu2021 (button) (small blind) showed [Ah Kc] and won (700) with two pair, Kings and Tens
Seat 2: Prerodeniat (big blind) showed [Kd Qh] and lost with two pair, Kings and Tens



PokerStars Hand #247023942744: Tournament #3671181921, $1.84+$0.16 USD Hold'em No Limit - Level IV (30/60) - 2023/11/10 6:58:21 CET [2023/11/10 0:58:21 ET]
Table '3671181921 1' 3-max Seat #2 is the button
Seat 1: Mahu2021 (700 in chips) 
Seat 2: Prerodeniat (800 in chips) 
Prerodeniat: posts small blind 30
Mahu2021: posts big blind 60
*** HOLE CARDS ***
Dealt to Mahu2021 [Jd 2d]
Prerodeniat: folds 
Uncalled bet (30) returned to Mahu2021
Mahu2021 collected 60 from pot
Mahu2021: doesn't show hand 
*** SUMMARY ***
Total pot 60 | Rake 0 
Seat 1: Mahu2021 (big blind) collected (60)
Seat 2: Prerodeniat (button) (small blind) folded before Flop



PokerStars Hand #247023943214: Tournament #3671181921, $1.84+$0.16 USD Hold'em No Limit - Level IV (30/60) - 2023/11/10 6:58:27 CET [2023/11/10 0:58:27 ET]
Table '3671181921 1' 3-max Seat #1 is the button
Seat 1: Mahu2021 (730 in chips) 
Seat 2: Prerodeniat (770 in chips) 
Mahu2021: posts small blind 30
Prerodeniat: posts big blind 60
*** HOLE CARDS ***
Dealt to Mahu2021 [8c Qs]
Mahu2021: calls 30
Prerodeniat: checks 
*** FLOP *** [4c Ac 7s]
Prerodeniat: checks 
Mahu2021: bets 60
Prerodeniat: calls 60
*** TURN *** [4c Ac 7s] [6d]
Prerodeniat: checks 
Mahu2021: checks 
*** RIVER *** [4c Ac 7s 6d] [Jh]
Prerodeniat: checks 
Mahu2021: checks 
*** SHOW DOWN ***
Prerodeniat: shows [7d 6c] (two pair, Sevens and Sixes)
Mahu2021: mucks hand 
Prerodeniat collected 240 from pot
*** SUMMARY ***
Total pot 240 | Rake 0 
Board [4c Ac 7s 6d Jh]
Seat 1: Mahu2021 (button) (small blind) mucked [8c Qs]
Seat 2: Prerodeniat (big blind) showed [7d 6c] and won (240) with two pair, Sevens and Sixes



PokerStars Hand #247023944640: Tournament #3671181921, $1.84+$0.16 USD Hold'em No Limit - Level IV (30/60) - 2023/11/10 6:58:44 CET [2023/11/10 0:58:44 ET]
Table '3671181921 1' 3-max Seat #2 is the button
Seat 1: Mahu2021 (610 in chips) 
Seat 2: Prerodeniat (890 in chips) 
Prerodeniat: posts small blind 30
Mahu2021: posts big blind 60
*** HOLE CARDS ***
Dealt to Mahu2021 [7c 5s]
Prerodeniat: calls 30
Mahu2021: checks 
*** FLOP *** [9d 2d 7d]
Mahu2021: bets 60
Prerodeniat: calls 60
*** TURN *** [9d 2d 7d] [4c]
Mahu2021: checks 
Prerodeniat: checks 
*** RIVER *** [9d 2d 7d 4c] [9h]
Mahu2021: checks 
Prerodeniat: checks 
*** SHOW DOWN ***
Mahu2021: shows [7c 5s] (two pair, Nines and Sevens)
Prerodeniat: mucks hand 
Mahu2021 collected 240 from pot
*** SUMMARY ***
Total pot 240 | Rake 0 
Board [9d 2d 7d 4c 9h]
Seat 1: Mahu2021 (big blind) showed [7c 5s] and won (240) with two pair, Nines and Sevens
Seat 2: Prerodeniat (button) (small blind) mucked [Jc Qd]



PokerStars Hand #247023946206: Tournament #3671181921, $1.84+$0.16 USD Hold'em No Limit - Level V (40/80) - 2023/11/10 6:59:02 CET [2023/11/10 0:59:02 ET]
Table '3671181921 1' 3-max Seat #1 is the button
Seat 1: Mahu2021 (730 in chips) 
Seat 2: Prerodeniat (770 in chips) 
Mahu2021: posts small blind 40
Prerodeniat: posts big blind 80
*** HOLE CARDS ***
Dealt to Mahu2021 [Th 9h]
Mahu2021: calls 40
Prerodeniat: checks 
*** FLOP *** [As 8h 4s]
Prerodeniat: checks 
Mahu2021: checks 
*** TURN *** [As 8h 4s] [3h]
Prerodeniat: checks 
Mahu2021: checks 
*** RIVER *** [As 8h 4s 3h] [Qd]
Prerodeniat: checks 
Mahu2021: checks 
*** SHOW DOWN ***
Prerodeniat: shows [3d Jc] (a pair of Threes)
Mahu2021: mucks hand 
Prerodeniat collected 160 from pot
*** SUMMARY ***
Total pot 160 | Rake 0 
Board [As 8h 4s 3h Qd]
Seat 1: Mahu2021 (button) (small blind) mucked [Th 9h]
Seat 2: Prerodeniat (big blind) showed [3d Jc] and won (160) with a pair of Threes



PokerStars Hand #247023947868: Tournament #3671181921, $1.84+$0.16 USD Hold'em No Limit - Level V (40/80) - 2023/11/10 6:59:22 CET [2023/11/10 0:59:22 ET]
Table '3671181921 1' 3-max Seat #2 is the button
Seat 1: Mahu2021 (650 in chips) 
Seat 2: Prerodeniat (850 in chips) 
Prerodeniat: posts small blind 40
Mahu2021: posts big blind 80
*** HOLE CARDS ***
Dealt to Mahu2021 [8c 7h]
Prerodeniat: calls 40
Mahu2021: checks 
*** FLOP *** [5c 3c 3h]
Mahu2021: checks 
Prerodeniat: checks 
*** TURN *** [5c 3c 3h] [8d]
Mahu2021: bets 80
Prerodeniat: folds 
Uncalled bet (80) returned to Mahu2021
Mahu2021 collected 160 from pot
Mahu2021: doesn't show hand 
*** SUMMARY ***
Total pot 160 | Rake 0 
Board [5c 3c 3h 8d]
Seat 1: Mahu2021 (big blind) collected (160)
Seat 2: Prerodeniat (button) (small blind) folded on the Turn



PokerStars Hand #247023949404: Tournament #3671181921, $1.84+$0.16 USD Hold'em No Limit - Level V (40/80) - 2023/11/10 6:59:40 CET [2023/11/10 0:59:40 ET]
Table '3671181921 1' 3-max Seat #1 is the button
Seat 1: Mahu2021 (730 in chips) 
Seat 2: Prerodeniat (770 in chips) 
Mahu2021: posts small blind 40
Prerodeniat: posts big blind 80
*** HOLE CARDS ***
Dealt to Mahu2021 [Kd 5h]
Mahu2021: calls 40
Prerodeniat: checks 
*** FLOP *** [Ks Ad 9h]
Prerodeniat: checks 
Mahu2021: bets 80
Prerodeniat: folds 
Uncalled bet (80) returned to Mahu2021
Mahu2021 collected 160 from pot
Mahu2021: doesn't show hand 
*** SUMMARY ***
Total pot 160 | Rake 0 
Board [Ks Ad 9h]
Seat 1: Mahu2021 (button) (small blind) collected (160)
Seat 2: Prerodeniat (big blind) folded on the Flop



PokerStars Hand #247023950309: Tournament #3671181921, $1.84+$0.16 USD Hold'em No Limit - Level V (40/80) - 2023/11/10 6:59:51 CET [2023/11/10 0:59:51 ET]
Table '3671181921 1' 3-max Seat #2 is the button
Seat 1: Mahu2021 (810 in chips) 
Seat 2: Prerodeniat (690 in chips) 
Prerodeniat: posts small blind 40
Mahu2021: posts big blind 80
*** HOLE CARDS ***
Dealt to Mahu2021 [Th 3s]
Prerodeniat: folds 
Uncalled bet (40) returned to Mahu2021
Mahu2021 collected 80 from pot
Mahu2021: doesn't show hand 
*** SUMMARY ***
Total pot 80 | Rake 0 
Seat 1: Mahu2021 (big blind) collected (80)
Seat 2: Prerodeniat (button) (small blind) folded before Flop



PokerStars Hand #247023950711: Tournament #3671181921, $1.84+$0.16 USD Hold'em No Limit - Level V (40/80) - 2023/11/10 6:59:55 CET [2023/11/10 0:59:55 ET]
Table '3671181921 1' 3-max Seat #1 is the button
Seat 1: Mahu2021 (850 in chips) 
Seat 2: Prerodeniat (650 in chips) 
Mahu2021: posts small blind 40
Prerodeniat: posts big blind 80
*** HOLE CARDS ***
Dealt to Mahu2021 [As 3d]
Mahu2021: raises 80 to 160
Prerodeniat: calls 80
*** FLOP *** [Jc 3h 4d]
Prerodeniat: checks 
Mahu2021: checks 
*** TURN *** [Jc 3h 4d] [3s]
Prerodeniat: bets 80
Mahu2021: raises 160 to 240
Prerodeniat: calls 160
*** RIVER *** [Jc 3h 4d 3s] [Jd]
Prerodeniat: bets 250 and is all-in
Mahu2021: calls 250
*** SHOW DOWN ***
Prerodeniat: shows [2d Ad] (two pair, Jacks and Threes)
Mahu2021: shows [As 3d] (a full house, Threes full of Jacks)
Mahu2021 collected 1300 from pot
Prerodeniat finished the tournament in 2nd place
Mahu2021 wins the tournament and receives $10.00 - congratulations!
*** SUMMARY ***
Total pot 1300 | Rake 0 
Board [Jc 3h 4d 3s Jd]
Seat 1: Mahu2021 (button) (small blind) showed [As 3d] and won (1300) with a full house, Threes full of Jacks
Seat 2: Prerodeniat (big blind) showed [2d Ad] and lost with two pair, Jacks and Threes



