PokerStars Zoom Hand #255244927852:  Hold'em No Limit ($0.05/$0.10) - 2025/03/11 21:56:18 CET [2025/03/11 16:56:18 ET]
Table 'Aludra' 6-max Seat #1 is the button
Seat 1: ronkejko ($7.18 in chips) 
Seat 2: oocs ($10.84 in chips) 
Seat 3: Mahu2021 ($10 in chips) 
Seat 4: seignior ($10 in chips) 
Seat 5: K1ngOfHU ($14.15 in chips) 
Seat 6: BaBiloff ($11.36 in chips) 
oocs: posts small blind $0.05
Mahu2021: posts big blind $0.10
*** HOLE CARDS ***
Dealt to Mahu2021 [9s 2c]
seignior: folds 
K1ngOfHU: raises $0.17 to $0.27
BaBiloff: folds 
ronkejko: calls $0.27
oocs: calls $0.22
Mahu2021: folds 
*** FLOP *** [2h Jh 5s]
oocs: checks 
K1ngOfHU: bets $0.87
ronkejko: folds 
oocs: folds 
Uncalled bet ($0.87) returned to K1ngOfHU
K1ngOfHU collected $0.87 from pot
K1ngOfHU: doesn't show hand 
*** SUMMARY ***
Total pot $0.91 | Rake $0.04 
Board [2h Jh 5s]
Seat 1: ronkejko (button) folded on the Flop
Seat 2: oocs (small blind) folded on the Flop
Seat 3: Mahu2021 (big blind) folded before Flop
Seat 4: seignior folded before Flop (didn't bet)
Seat 5: K1ngOfHU collected ($0.87)
Seat 6: BaBiloff folded before Flop (didn't bet)



PokerStars Zoom Hand #255244929101:  Hold'em No Limit ($0.05/$0.10) - 2025/03/11 21:56:24 CET [2025/03/11 16:56:24 ET]
Table 'Aludra' 6-max Seat #1 is the button
Seat 1: gilly993 ($19.33 in chips) 
Seat 2: Mahu2021 ($9.90 in chips) 
Seat 3: K@rsburg ($17.27 in chips) 
Seat 4: Pataplan ($3.63 in chips) 
Seat 5: starkmage ($10 in chips) 
Seat 6: I_NeverGiveUp_I ($8.98 in chips) 
Mahu2021: posts small blind $0.05
K@rsburg: posts big blind $0.10
*** HOLE CARDS ***
Dealt to Mahu2021 [2c Qd]
Pataplan: folds 
starkmage: folds 
I_NeverGiveUp_I: folds 
gilly993: calls $0.10
Mahu2021: calls $0.05
K@rsburg: raises $0.60 to $0.70
gilly993: calls $0.60
Mahu2021: folds 
*** FLOP *** [Kd Kc Td]
K@rsburg: bets $0.36
gilly993: calls $0.36
*** TURN *** [Kd Kc Td] [Js]
K@rsburg: checks 
gilly993: checks 
*** RIVER *** [Kd Kc Td Js] [7c]
K@rsburg: bets $2.54
gilly993: folds 
Uncalled bet ($2.54) returned to K@rsburg
K@rsburg collected $2.12 from pot
K@rsburg: doesn't show hand 
*** SUMMARY ***
Total pot $2.22 | Rake $0.10 
Board [Kd Kc Td Js 7c]
Seat 1: gilly993 (button) folded on the River
Seat 2: Mahu2021 (small blind) folded before Flop
Seat 3: K@rsburg (big blind) collected ($2.12)
Seat 4: Pataplan folded before Flop (didn't bet)
Seat 5: starkmage folded before Flop (didn't bet)
Seat 6: I_NeverGiveUp_I folded before Flop (didn't bet)



PokerStars Zoom Hand #255244933882:  Hold'em No Limit ($0.05/$0.10) - 2025/03/11 21:56:47 CET [2025/03/11 16:56:47 ET]
Table 'Aludra' 6-max Seat #1 is the button
Seat 1: Mahu2021 ($9.80 in chips) 
Seat 2: ddoctah ($15.55 in chips) 
Seat 3: Tulikarhu ($26.11 in chips) 
Seat 4: GrozovaIra ($10.27 in chips) 
Seat 5: DuesserBaest ($11 in chips) 
Seat 6: K@rsburg ($25.30 in chips) 
ddoctah: posts small blind $0.05
Tulikarhu: posts big blind $0.10
*** HOLE CARDS ***
Dealt to Mahu2021 [Tc Qd]
GrozovaIra: folds 
DuesserBaest: folds 
K@rsburg: folds 
Mahu2021: raises $0.20 to $0.30
ddoctah: raises $0.90 to $1.20
Tulikarhu: folds 
Mahu2021: folds 
Uncalled bet ($0.90) returned to ddoctah
ddoctah collected $0.70 from pot
ddoctah: doesn't show hand 
*** SUMMARY ***
Total pot $0.70 | Rake $0 
Seat 1: Mahu2021 (button) folded before Flop
Seat 2: ddoctah (small blind) collected ($0.70)
Seat 3: Tulikarhu (big blind) folded before Flop
Seat 4: GrozovaIra folded before Flop (didn't bet)
Seat 5: DuesserBaest folded before Flop (didn't bet)
Seat 6: K@rsburg folded before Flop (didn't bet)



PokerStars Zoom Hand #255244948008:  Hold'em No Limit ($0.05/$0.10) - 2025/03/11 21:57:53 CET [2025/03/11 16:57:53 ET]
Table 'Aludra' 6-max Seat #1 is the button
Seat 1: ostant ($11.39 in chips) 
Seat 2: RocketMaro12 ($8.34 in chips) 
Seat 3: Mahu2021 ($9.40 in chips) 
Seat 4: 1HungryPanda ($13.61 in chips) 
Seat 5: Tulikarhu ($10.82 in chips) 
Seat 6: kiks220272 ($17.74 in chips) 
RocketMaro12: posts small blind $0.05
Mahu2021: posts big blind $0.10
*** HOLE CARDS ***
Dealt to Mahu2021 [6h 5d]
1HungryPanda: folds 
Tulikarhu: folds 
kiks220272: folds 
ostant: raises $0.15 to $0.25
RocketMaro12: folds 
Mahu2021: folds 
Uncalled bet ($0.15) returned to ostant
ostant collected $0.25 from pot
ostant: doesn't show hand 
*** SUMMARY ***
Total pot $0.25 | Rake $0 
Seat 1: ostant (button) collected ($0.25)
Seat 2: RocketMaro12 (small blind) folded before Flop
Seat 3: Mahu2021 (big blind) folded before Flop
Seat 4: 1HungryPanda folded before Flop (didn't bet)
Seat 5: Tulikarhu folded before Flop (didn't bet)
Seat 6: kiks220272 folded before Flop (didn't bet)



PokerStars Zoom Hand #255244939451:  Hold'em No Limit ($0.05/$0.10) - 2025/03/11 21:57:13 CET [2025/03/11 16:57:13 ET]
Table 'Aludra' 6-max Seat #1 is the button
Seat 1: VadnaiG ($12.30 in chips) 
Seat 2: Carlospaes07 ($1.83 in chips) 
Seat 3: Mangostar28 ($5.45 in chips) 
Seat 4: Derek746 ($12.58 in chips) 
Seat 5: slevencdiachel ($19.03 in chips) 
Seat 6: Mahu2021 ($9.50 in chips) 
Carlospaes07: posts small blind $0.05
Mangostar28: posts big blind $0.10
*** HOLE CARDS ***
Dealt to Mahu2021 [9h 9s]
Derek746: calls $0.10
slevencdiachel: folds 
Mahu2021: calls $0.10
VadnaiG: folds 
Carlospaes07: raises $0.70 to $0.80
Mangostar28: folds 
Derek746: raises $0.80 to $1.60
Mahu2021: folds 
Carlospaes07: raises $0.23 to $1.83 and is all-in
Derek746: calls $0.23
*** FLOP *** [Qc Jh 6h]
*** TURN *** [Qc Jh 6h] [9c]
*** RIVER *** [Qc Jh 6h 9c] [7c]
*** SHOW DOWN ***
Carlospaes07: shows [3d Ks] (high card King)
Derek746: shows [Kd Qd] (a pair of Queens)
Derek746 collected $3.69 from pot
*** SUMMARY ***
Total pot $3.86 | Rake $0.17 
Board [Qc Jh 6h 9c 7c]
Seat 1: VadnaiG (button) folded before Flop (didn't bet)
Seat 2: Carlospaes07 (small blind) showed [3d Ks] and lost with high card King
Seat 3: Mangostar28 (big blind) folded before Flop
Seat 4: Derek746 showed [Kd Qd] and won ($3.69) with a pair of Queens
Seat 5: slevencdiachel folded before Flop (didn't bet)
Seat 6: Mahu2021 folded before Flop



PokerStars Zoom Hand #255244950135:  Hold'em No Limit ($0.05/$0.10) - 2025/03/11 21:58:04 CET [2025/03/11 16:58:04 ET]
Table 'Aludra' 6-max Seat #1 is the button
Seat 1: Ozias01 ($10.10 in chips) 
Seat 2: JonKing75 ($16.49 in chips) 
Seat 3: khz71 ($10.52 in chips) 
Seat 4: K1ngOfHU ($14.93 in chips) 
Seat 5: Mahu2021 ($9.30 in chips) 
Seat 6: SlipperySealion ($25.78 in chips) 
JonKing75: posts small blind $0.05
khz71: posts big blind $0.10
*** HOLE CARDS ***
Dealt to Mahu2021 [Qc 2c]
K1ngOfHU: folds 
Mahu2021: folds 
SlipperySealion: folds 
Ozias01: raises $0.20 to $0.30
JonKing75: folds 
khz71: folds 
Uncalled bet ($0.20) returned to Ozias01
Ozias01 collected $0.25 from pot
Ozias01: doesn't show hand 
*** SUMMARY ***
Total pot $0.25 | Rake $0 
Seat 1: Ozias01 (button) collected ($0.25)
Seat 2: JonKing75 (small blind) folded before Flop
Seat 3: khz71 (big blind) folded before Flop
Seat 4: K1ngOfHU folded before Flop (didn't bet)
Seat 5: Mahu2021 folded before Flop (didn't bet)
Seat 6: SlipperySealion folded before Flop (didn't bet)



PokerStars Zoom Hand #255244952844:  Hold'em No Limit ($0.05/$0.10) - 2025/03/11 21:58:17 CET [2025/03/11 16:58:17 ET]
Table 'Aludra' 6-max Seat #1 is the button
Seat 1: Mahu2021 ($9.25 in chips) 
Seat 2: yEyoU ($19.38 in chips) 
Seat 3: Boo81223 ($8.73 in chips) 
Seat 4: spmafrik2 ($10.27 in chips) 
Seat 5: GrozovaIra ($12.67 in chips) 
Seat 6: RocketMaro12 ($8.29 in chips) 
yEyoU: posts small blind $0.05
Boo81223: posts big blind $0.10
*** HOLE CARDS ***
Dealt to Mahu2021 [8d 8c]
spmafrik2: folds 
GrozovaIra: folds 
RocketMaro12: folds 
Mahu2021: raises $0.20 to $0.30
yEyoU: folds 
Boo81223: folds 
Uncalled bet ($0.20) returned to Mahu2021
Mahu2021 collected $0.25 from pot
Mahu2021: doesn't show hand 
*** SUMMARY ***
Total pot $0.25 | Rake $0 
Seat 1: Mahu2021 (button) collected ($0.25)
Seat 2: yEyoU (small blind) folded before Flop
Seat 3: Boo81223 (big blind) folded before Flop
Seat 4: spmafrik2 folded before Flop (didn't bet)
Seat 5: GrozovaIra folded before Flop (didn't bet)
Seat 6: RocketMaro12 folded before Flop (didn't bet)



PokerStars Zoom Hand #255244956882:  Hold'em No Limit ($0.05/$0.10) - 2025/03/11 21:58:36 CET [2025/03/11 16:58:36 ET]
Table 'Aludra' 6-max Seat #1 is the button
Seat 1: Hybrid1878 ($31.02 in chips) 
Seat 2: gilly993 ($17.85 in chips) 
Seat 3: oocs ($13.75 in chips) 
Seat 4: JonKing75 ($14.37 in chips) 
Seat 5: Mahu2021 ($9.40 in chips) 
Seat 6: reaffiliate ($18.54 in chips) 
gilly993: posts small blind $0.05
oocs: posts big blind $0.10
*** HOLE CARDS ***
Dealt to Mahu2021 [4c Kd]
JonKing75: raises $0.20 to $0.30
Mahu2021: folds 
reaffiliate: folds 
Hybrid1878: folds 
gilly993: folds 
oocs: folds 
Uncalled bet ($0.20) returned to JonKing75
JonKing75 collected $0.25 from pot
JonKing75: doesn't show hand 
*** SUMMARY ***
Total pot $0.25 | Rake $0 
Seat 1: Hybrid1878 (button) folded before Flop (didn't bet)
Seat 2: gilly993 (small blind) folded before Flop
Seat 3: oocs (big blind) folded before Flop
Seat 4: JonKing75 collected ($0.25)
Seat 5: Mahu2021 folded before Flop (didn't bet)
Seat 6: reaffiliate folded before Flop (didn't bet)



PokerStars Zoom Hand #255244951894:  Hold'em No Limit ($0.05/$0.10) - 2025/03/11 21:58:12 CET [2025/03/11 16:58:12 ET]
Table 'Aludra' 6-max Seat #1 is the button
Seat 1: VadnaiG ($15.62 in chips) 
Seat 2: ryansscn26 ($10.45 in chips) 
Seat 3: calum101 ($12.50 in chips) 
Seat 4: Hybrid1878 ($13.43 in chips) 
Seat 5: MarcelitaS ($10.44 in chips) 
Seat 6: Mahu2021 ($9.25 in chips) 
ryansscn26: posts small blind $0.05
calum101: posts big blind $0.10
*** HOLE CARDS ***
Dealt to Mahu2021 [9d Tc]
Hybrid1878: folds 
MarcelitaS: folds 
Mahu2021: folds 
VadnaiG: raises $0.12 to $0.22
ryansscn26: calls $0.17
calum101: folds 
*** FLOP *** [8c Qc Ks]
ryansscn26: bets $0.20
VadnaiG: calls $0.20
*** TURN *** [8c Qc Ks] [9h]
ryansscn26: checks 
VadnaiG: checks 
*** RIVER *** [8c Qc Ks 9h] [4c]
ryansscn26: bets $0.43
VadnaiG: folds 
Uncalled bet ($0.43) returned to ryansscn26
ryansscn26 collected $0.90 from pot
ryansscn26: doesn't show hand 
*** SUMMARY ***
Total pot $0.94 | Rake $0.04 
Board [8c Qc Ks 9h 4c]
Seat 1: VadnaiG (button) folded on the River
Seat 2: ryansscn26 (small blind) collected ($0.90)
Seat 3: calum101 (big blind) folded before Flop
Seat 4: Hybrid1878 folded before Flop (didn't bet)
Seat 5: MarcelitaS folded before Flop (didn't bet)
Seat 6: Mahu2021 folded before Flop (didn't bet)



PokerStars Zoom Hand #255244958911:  Hold'em No Limit ($0.05/$0.10) - 2025/03/11 21:58:46 CET [2025/03/11 16:58:46 ET]
Table 'Aludra' 6-max Seat #1 is the button
Seat 1: JonKing75 ($17.54 in chips) 
Seat 2: seignior ($12.71 in chips) 
Seat 3: Mahu2021 ($9.40 in chips) 
Seat 4: K@rsburg ($10.98 in chips) 
Seat 5: mateo vivas ($10.33 in chips) 
Seat 6: oocs ($13.65 in chips) 
seignior: posts small blind $0.05
Mahu2021: posts big blind $0.10
*** HOLE CARDS ***
Dealt to Mahu2021 [Js 4h]
K@rsburg: folds 
mateo vivas: folds 
oocs: folds 
JonKing75: raises $0.20 to $0.30
seignior: folds 
Mahu2021: folds 
Uncalled bet ($0.20) returned to JonKing75
JonKing75 collected $0.25 from pot
JonKing75: doesn't show hand 
*** SUMMARY ***
Total pot $0.25 | Rake $0 
Seat 1: JonKing75 (button) collected ($0.25)
Seat 2: seignior (small blind) folded before Flop
Seat 3: Mahu2021 (big blind) folded before Flop
Seat 4: K@rsburg folded before Flop (didn't bet)
Seat 5: mateo vivas folded before Flop (didn't bet)
Seat 6: oocs folded before Flop (didn't bet)



PokerStars Zoom Hand #255244951068:  Hold'em No Limit ($0.05/$0.10) - 2025/03/11 21:58:08 CET [2025/03/11 16:58:08 ET]
Table 'Aludra' 6-max Seat #1 is the button
Seat 1: RocketMaro12 ($8.29 in chips) 
Seat 2: Mahu2021 ($9.30 in chips) 
Seat 3: reaffiliate ($8.52 in chips) 
Seat 4: starkmage ($12.31 in chips) 
Seat 5: DuesserBaest ($10.98 in chips) 
Seat 6: MarcelitaS ($10.44 in chips) 
Mahu2021: posts small blind $0.05
reaffiliate: posts big blind $0.10
*** HOLE CARDS ***
Dealt to Mahu2021 [Ts 9h]
starkmage: raises $0.20 to $0.30
DuesserBaest: raises $0.57 to $0.87
MarcelitaS: folds 
RocketMaro12: folds 
Mahu2021: folds 
reaffiliate: folds 
starkmage: calls $0.57
*** FLOP *** [Jh Jd Ad]
starkmage: checks 
DuesserBaest: checks 
*** TURN *** [Jh Jd Ad] [6s]
starkmage: checks 
DuesserBaest: bets $0.83
starkmage: folds 
Uncalled bet ($0.83) returned to DuesserBaest
DuesserBaest collected $1.78 from pot
DuesserBaest: doesn't show hand 
*** SUMMARY ***
Total pot $1.89 | Rake $0.11 
Board [Jh Jd Ad 6s]
Seat 1: RocketMaro12 (button) folded before Flop (didn't bet)
Seat 2: Mahu2021 (small blind) folded before Flop
Seat 3: reaffiliate (big blind) folded before Flop
Seat 4: starkmage folded on the Turn
Seat 5: DuesserBaest collected ($1.78)
Seat 6: MarcelitaS folded before Flop (didn't bet)



PokerStars Zoom Hand #255244957896:  Hold'em No Limit ($0.05/$0.10) - 2025/03/11 21:58:41 CET [2025/03/11 16:58:41 ET]
Table 'Aludra' 6-max Seat #1 is the button
Seat 1: BenJJones ($21 in chips) 
Seat 2: G.Baris78 ($9.90 in chips) 
Seat 3: Pataplan ($3.33 in chips) 
Seat 4: flens75go ($10.15 in chips) 
Seat 5: JonKing75 ($17.54 in chips) 
Seat 6: Mahu2021 ($9.40 in chips) 
G.Baris78: posts small blind $0.05
Pataplan: posts big blind $0.10
*** HOLE CARDS ***
Dealt to Mahu2021 [Qs 7s]
flens75go: folds 
JonKing75: folds 
Mahu2021: folds 
BenJJones: raises $0.20 to $0.30
G.Baris78: raises $0.70 to $1
Pataplan: folds 
BenJJones: folds 
Uncalled bet ($0.70) returned to G.Baris78
G.Baris78 collected $0.70 from pot
G.Baris78: doesn't show hand 
*** SUMMARY ***
Total pot $0.70 | Rake $0 
Seat 1: BenJJones (button) folded before Flop
Seat 2: G.Baris78 (small blind) collected ($0.70)
Seat 3: Pataplan (big blind) folded before Flop
Seat 4: flens75go folded before Flop (didn't bet)
Seat 5: JonKing75 folded before Flop (didn't bet)
Seat 6: Mahu2021 folded before Flop (didn't bet)



PokerStars Zoom Hand #255244962525:  Hold'em No Limit ($0.05/$0.10) - 2025/03/11 21:59:03 CET [2025/03/11 16:59:03 ET]
Table 'Aludra' 6-max Seat #1 is the button
Seat 1: kocyk 7 ($7.69 in chips) 
Seat 2: Mahu2021 ($9.30 in chips) 
Seat 3: camposiza ($7.98 in chips) 
Seat 4: SownedxD ($10 in chips) 
Seat 5: GrozovaIra ($10.66 in chips) 
Seat 6: pepe198880 ($7.17 in chips) 
Mahu2021: posts small blind $0.05
camposiza: posts big blind $0.10
*** HOLE CARDS ***
Dealt to Mahu2021 [2c 2h]
SownedxD: folds 
GrozovaIra: folds 
pepe198880: folds 
kocyk 7: raises $0.20 to $0.30
Mahu2021: calls $0.25
camposiza: folds 
*** FLOP *** [5d Jc 6h]
Mahu2021: checks 
kocyk 7: bets $0.54
Mahu2021: folds 
Uncalled bet ($0.54) returned to kocyk 7
kocyk 7 collected $0.67 from pot
kocyk 7: doesn't show hand 
*** SUMMARY ***
Total pot $0.70 | Rake $0.03 
Board [5d Jc 6h]
Seat 1: kocyk 7 (button) collected ($0.67)
Seat 2: Mahu2021 (small blind) folded on the Flop
Seat 3: camposiza (big blind) folded before Flop
Seat 4: SownedxD folded before Flop (didn't bet)
Seat 5: GrozovaIra folded before Flop (didn't bet)
Seat 6: pepe198880 folded before Flop (didn't bet)



PokerStars Zoom Hand #255244956186:  Hold'em No Limit ($0.05/$0.10) - 2025/03/11 21:58:33 CET [2025/03/11 16:58:33 ET]
Table 'Aludra' 6-max Seat #1 is the button
Seat 1: RocketMaro12 ($8.29 in chips) 
Seat 2: AES Edgard ($8.88 in chips) 
Seat 3: MarcelitaS ($10.44 in chips) 
Seat 4: Mahu2021 ($9.40 in chips) 
Seat 5: Carlospaes07 ($5.51 in chips) 
Seat 6: PROSTOZIDAR ($6.57 in chips) 
AES Edgard: posts small blind $0.05
MarcelitaS: posts big blind $0.10
*** HOLE CARDS ***
Dealt to Mahu2021 [Tc 2h]
Mahu2021: folds 
Carlospaes07: raises $0.25 to $0.35
AES Edgard is disconnected 
PROSTOZIDAR: folds 
RocketMaro12: folds 
AES Edgard has timed out while disconnected
AES Edgard: folds 
MarcelitaS: calls $0.25
*** FLOP *** [Jd 3c Qh]
MarcelitaS: checks 
Carlospaes07: bets $0.72
MarcelitaS: calls $0.72
*** TURN *** [Jd 3c Qh] [6h]
MarcelitaS: checks 
Carlospaes07: bets $2.09
MarcelitaS: folds 
Uncalled bet ($2.09) returned to Carlospaes07
Carlospaes07 collected $2.09 from pot
Carlospaes07: doesn't show hand 
*** SUMMARY ***
Total pot $2.19 | Rake $0.10 
Board [Jd 3c Qh 6h]
Seat 1: RocketMaro12 (button) folded before Flop (didn't bet)
Seat 2: AES Edgard (small blind) folded before Flop
Seat 3: MarcelitaS (big blind) folded on the Turn
Seat 4: Mahu2021 folded before Flop (didn't bet)
Seat 5: Carlospaes07 collected ($2.09)
Seat 6: PROSTOZIDAR folded before Flop (didn't bet)



PokerStars Zoom Hand #255244966121:  Hold'em No Limit ($0.05/$0.10) - 2025/03/11 21:59:19 CET [2025/03/11 16:59:19 ET]
Table 'Aludra' 6-max Seat #1 is the button
Seat 1: Mahu2021 ($9 in chips) 
Seat 2: SownedxD ($13.51 in chips) 
Seat 3: X-rayFeeling ($24.87 in chips) 
Seat 4: yEyoU ($10 in chips) 
Seat 5: oocs ($13.65 in chips) 
Seat 6: Apollolol ($13.39 in chips) 
SownedxD: posts small blind $0.05
X-rayFeeling: posts big blind $0.10
*** HOLE CARDS ***
Dealt to Mahu2021 [As 9d]
yEyoU: folds 
oocs: folds 
Apollolol: folds 
Mahu2021: raises $0.20 to $0.30
SownedxD: folds 
X-rayFeeling: folds 
Uncalled bet ($0.20) returned to Mahu2021
Mahu2021 collected $0.25 from pot
Mahu2021: doesn't show hand 
*** SUMMARY ***
Total pot $0.25 | Rake $0 
Seat 1: Mahu2021 (button) collected ($0.25)
Seat 2: SownedxD (small blind) folded before Flop
Seat 3: X-rayFeeling (big blind) folded before Flop
Seat 4: yEyoU folded before Flop (didn't bet)
Seat 5: oocs folded before Flop (didn't bet)
Seat 6: Apollolol folded before Flop (didn't bet)



PokerStars Zoom Hand #255244968900:  Hold'em No Limit ($0.05/$0.10) - 2025/03/11 21:59:33 CET [2025/03/11 16:59:33 ET]
Table 'Aludra' 6-max Seat #1 is the button
Seat 1: X-rayFeeling ($24.77 in chips) 
Seat 2: johnyb1972 ($13.22 in chips) 
Seat 3: Strelets.UA ($10.15 in chips) 
Seat 4: victorffc ($12.61 in chips) 
Seat 5: Mahu2021 ($9.15 in chips) 
Seat 6: TKTPackman ($10.80 in chips) 
johnyb1972: posts small blind $0.05
Strelets.UA: posts big blind $0.10
*** HOLE CARDS ***
Dealt to Mahu2021 [8s Kc]
victorffc: folds 
Mahu2021: folds 
TKTPackman: folds 
X-rayFeeling: raises $0.15 to $0.25
johnyb1972: folds 
Strelets.UA: folds 
Uncalled bet ($0.15) returned to X-rayFeeling
X-rayFeeling collected $0.25 from pot
X-rayFeeling: doesn't show hand 
*** SUMMARY ***
Total pot $0.25 | Rake $0 
Seat 1: X-rayFeeling (button) collected ($0.25)
Seat 2: johnyb1972 (small blind) folded before Flop
Seat 3: Strelets.UA (big blind) folded before Flop
Seat 4: victorffc folded before Flop (didn't bet)
Seat 5: Mahu2021 folded before Flop (didn't bet)
Seat 6: TKTPackman folded before Flop (didn't bet)



PokerStars Zoom Hand #255244970622:  Hold'em No Limit ($0.05/$0.10) - 2025/03/11 21:59:41 CET [2025/03/11 16:59:41 ET]
Table 'Aludra' 6-max Seat #1 is the button
Seat 1: BenJJones ($21.03 in chips) 
Seat 2: I_NeverGiveUp_I ($9.23 in chips) 
Seat 3: Mahu2021 ($9.15 in chips) 
Seat 4: JonKing75 ($17.29 in chips) 
Seat 5: victorffc ($12.61 in chips) 
Seat 6: Ozias01 ($10 in chips) 
I_NeverGiveUp_I: posts small blind $0.05
Mahu2021: posts big blind $0.10
*** HOLE CARDS ***
Dealt to Mahu2021 [3s 9s]
JonKing75: folds 
victorffc: folds 
Ozias01: folds 
BenJJones: folds 
I_NeverGiveUp_I: folds 
Uncalled bet ($0.05) returned to Mahu2021
Mahu2021 collected $0.10 from pot
Mahu2021: doesn't show hand 
*** SUMMARY ***
Total pot $0.10 | Rake $0 
Seat 1: BenJJones (button) folded before Flop (didn't bet)
Seat 2: I_NeverGiveUp_I (small blind) folded before Flop
Seat 3: Mahu2021 (big blind) collected ($0.10)
Seat 4: JonKing75 folded before Flop (didn't bet)
Seat 5: victorffc folded before Flop (didn't bet)
Seat 6: Ozias01 folded before Flop (didn't bet)



PokerStars Zoom Hand #255244969794:  Hold'em No Limit ($0.05/$0.10) - 2025/03/11 21:59:37 CET [2025/03/11 16:59:37 ET]
Table 'Aludra' 6-max Seat #1 is the button
Seat 1: Tulikarhu ($25.11 in chips) 
Seat 2: devonmiles85 ($11.31 in chips) 
Seat 3: VadnaiG ($11.16 in chips) 
Seat 4: Mahu2021 ($9.15 in chips) 
Seat 5: JessyPop ($10 in chips) 
Seat 6: schachmats ($4.68 in chips) 
devonmiles85: posts small blind $0.05
VadnaiG: posts big blind $0.10
*** HOLE CARDS ***
Dealt to Mahu2021 [As 7d]
Mahu2021: folds 
JessyPop: raises $0.15 to $0.25
schachmats: calls $0.25
Tulikarhu: folds 
devonmiles85: folds 
VadnaiG: folds 
*** FLOP *** [3c 6s 8d]
JessyPop: checks 
schachmats: checks 
*** TURN *** [3c 6s 8d] [6c]
JessyPop: checks 
schachmats: bets $0.20
JessyPop: calls $0.20
*** RIVER *** [3c 6s 8d 6c] [Ad]
JessyPop: bets $0.70
schachmats: folds 
Uncalled bet ($0.70) returned to JessyPop
JessyPop collected $1 from pot
JessyPop: doesn't show hand 
*** SUMMARY ***
Total pot $1.05 | Rake $0.05 
Board [3c 6s 8d 6c Ad]
Seat 1: Tulikarhu (button) folded before Flop (didn't bet)
Seat 2: devonmiles85 (small blind) folded before Flop
Seat 3: VadnaiG (big blind) folded before Flop
Seat 4: Mahu2021 folded before Flop (didn't bet)
Seat 5: JessyPop collected ($1)
Seat 6: schachmats folded on the River



PokerStars Zoom Hand #255244974115:  Hold'em No Limit ($0.05/$0.10) - 2025/03/11 21:59:57 CET [2025/03/11 16:59:57 ET]
Table 'Aludra' 6-max Seat #1 is the button
Seat 1: Mark4757 ($13.49 in chips) 
Seat 2: Mahu2021 ($9.20 in chips) 
Seat 3: ryansscn26 ($11.07 in chips) 
Seat 4: Cash_4077 ($16.46 in chips) 
Seat 5: JonKing75 ($12.86 in chips) 
Seat 6: johnyb1972 ($13.07 in chips) 
Mahu2021: posts small blind $0.05
ryansscn26: posts big blind $0.10
*** HOLE CARDS ***
Dealt to Mahu2021 [Ad Jd]
Cash_4077: folds 
JonKing75: folds 
johnyb1972: raises $0.15 to $0.25
Mark4757: folds 
Mahu2021: calls $0.20
ryansscn26: folds 
*** FLOP *** [Qh Kh 3h]
Mahu2021: checks 
johnyb1972: checks 
*** TURN *** [Qh Kh 3h] [5d]
Mahu2021: checks 
johnyb1972: checks 
*** RIVER *** [Qh Kh 3h 5d] [7c]
Mahu2021: checks 
johnyb1972: bets $0.43
Mahu2021: folds 
Uncalled bet ($0.43) returned to johnyb1972
johnyb1972 collected $0.57 from pot
johnyb1972: doesn't show hand 
*** SUMMARY ***
Total pot $0.60 | Rake $0.03 
Board [Qh Kh 3h 5d 7c]
Seat 1: Mark4757 (button) folded before Flop (didn't bet)
Seat 2: Mahu2021 (small blind) folded on the River
Seat 3: ryansscn26 (big blind) folded before Flop
Seat 4: Cash_4077 folded before Flop (didn't bet)
Seat 5: JonKing75 folded before Flop (didn't bet)
Seat 6: johnyb1972 collected ($0.57)



PokerStars Zoom Hand #255244981458:  Hold'em No Limit ($0.05/$0.10) - 2025/03/11 22:00:31 CET [2025/03/11 17:00:31 ET]
Table 'Aludra' 6-max Seat #1 is the button
Seat 1: Mahu2021 ($8.95 in chips) 
Seat 2: Amb8463 ($4.87 in chips) 
Seat 3: Apollolol ($11.49 in chips) 
Seat 4: ostant ($13.24 in chips) 
Seat 5: dr_asanti ($11.05 in chips) 
Seat 6: kiks220272 ($22.26 in chips) 
Amb8463: posts small blind $0.05
Apollolol: posts big blind $0.10
*** HOLE CARDS ***
Dealt to Mahu2021 [8d Kh]
ostant: folds 
dr_asanti: folds 
kiks220272: folds 
Mahu2021: folds 
Amb8463: folds 
Uncalled bet ($0.05) returned to Apollolol
Apollolol collected $0.10 from pot
Apollolol: doesn't show hand 
*** SUMMARY ***
Total pot $0.10 | Rake $0 
Seat 1: Mahu2021 (button) folded before Flop (didn't bet)
Seat 2: Amb8463 (small blind) folded before Flop
Seat 3: Apollolol (big blind) collected ($0.10)
Seat 4: ostant folded before Flop (didn't bet)
Seat 5: dr_asanti folded before Flop (didn't bet)
Seat 6: kiks220272 folded before Flop (didn't bet)



PokerStars Zoom Hand #255244982396:  Hold'em No Limit ($0.05/$0.10) - 2025/03/11 22:00:35 CET [2025/03/11 17:00:35 ET]
Table 'Aludra' 6-max Seat #1 is the button
Seat 1: clickandcry ($9.22 in chips) 
Seat 2: tobillon3110 ($10 in chips) 
Seat 3: ddoctah ($22.40 in chips) 
Seat 4: Tulikarhu ($25.39 in chips) 
Seat 5: Mahu2021 ($8.95 in chips) 
Seat 6: ostant ($13.24 in chips) 
tobillon3110: posts small blind $0.05
ddoctah: posts big blind $0.10
*** HOLE CARDS ***
Dealt to Mahu2021 [3s 5d]
Tulikarhu: folds 
Mahu2021: folds 
ostant: folds 
clickandcry: folds 
tobillon3110: folds 
Uncalled bet ($0.05) returned to ddoctah
ddoctah collected $0.10 from pot
ddoctah: doesn't show hand 
*** SUMMARY ***
Total pot $0.10 | Rake $0 
Seat 1: clickandcry (button) folded before Flop (didn't bet)
Seat 2: tobillon3110 (small blind) folded before Flop
Seat 3: ddoctah (big blind) collected ($0.10)
Seat 4: Tulikarhu folded before Flop (didn't bet)
Seat 5: Mahu2021 folded before Flop (didn't bet)
Seat 6: ostant folded before Flop (didn't bet)



PokerStars Zoom Hand #255244984532:  Hold'em No Limit ($0.05/$0.10) - 2025/03/11 22:00:44 CET [2025/03/11 17:00:44 ET]
Table 'Aludra' 6-max Seat #1 is the button
Seat 1: Mark4757 ($13.39 in chips) 
Seat 2: kiks220272 ($24.07 in chips) 
Seat 3: Mahu2021 ($8.95 in chips) 
Seat 4: ostant ($19.84 in chips) 
Seat 5: Derek746 ($10 in chips) 
Seat 6: Mangostar28 ($3.40 in chips) 
kiks220272: posts small blind $0.05
Mahu2021: posts big blind $0.10
*** HOLE CARDS ***
Dealt to Mahu2021 [8h Qs]
ostant: folds 
Derek746: calls $0.10
Mangostar28: folds 
Mark4757: folds 
kiks220272: folds 
Mahu2021: checks 
*** FLOP *** [Jd 3c 8s]
Mahu2021: checks 
Derek746: bets $0.10
Mahu2021: calls $0.10
*** TURN *** [Jd 3c 8s] [Kc]
Mahu2021: checks 
Derek746: bets $0.65
Mahu2021: folds 
Uncalled bet ($0.65) returned to Derek746
Derek746 collected $0.43 from pot
Derek746: doesn't show hand 
*** SUMMARY ***
Total pot $0.45 | Rake $0.02 
Board [Jd 3c 8s Kc]
Seat 1: Mark4757 (button) folded before Flop (didn't bet)
Seat 2: kiks220272 (small blind) folded before Flop
Seat 3: Mahu2021 (big blind) folded on the Turn
Seat 4: ostant folded before Flop (didn't bet)
Seat 5: Derek746 collected ($0.43)
Seat 6: Mangostar28 folded before Flop (didn't bet)



PokerStars Zoom Hand #255244980213:  Hold'em No Limit ($0.05/$0.10) - 2025/03/11 22:00:25 CET [2025/03/11 17:00:25 ET]
Table 'Aludra' 6-max Seat #1 is the button
Seat 1: VadnaiG ($16.66 in chips) 
Seat 2: MarcelitaS ($10 in chips) 
Seat 3: camposiza ($7.63 in chips) 
Seat 4: AndresAbus88 ($6.07 in chips) 
Seat 5: reaffiliate ($17.96 in chips) 
Seat 6: Mahu2021 ($8.95 in chips) 
MarcelitaS: posts small blind $0.05
camposiza: posts big blind $0.10
*** HOLE CARDS ***
Dealt to Mahu2021 [6s Qs]
AndresAbus88: calls $0.10
reaffiliate: folds 
Mahu2021: folds 
VadnaiG: raises $0.40 to $0.50
MarcelitaS: folds 
camposiza: calls $0.40
AndresAbus88: folds 
*** FLOP *** [Ah 7d 5h]
camposiza: checks 
VadnaiG: bets $1.40
camposiza: calls $1.40
*** TURN *** [Ah 7d 5h] [As]
camposiza: checks 
VadnaiG: bets $2.83
camposiza: raises $2.90 to $5.73 and is all-in
VadnaiG: calls $2.90
camposiza has timed out
*** RIVER *** [Ah 7d 5h As] [Td]
*** SHOW DOWN ***
camposiza: shows [5d 5c] (a full house, Fives full of Aces)
VadnaiG: shows [Ac Kc] (three of a kind, Aces)
camposiza collected $14.72 from pot
*** SUMMARY ***
Total pot $15.41 | Rake $0.69 
Board [Ah 7d 5h As Td]
Seat 1: VadnaiG (button) showed [Ac Kc] and lost with three of a kind, Aces
Seat 2: MarcelitaS (small blind) folded before Flop
Seat 3: camposiza (big blind) showed [5d 5c] and won ($14.72) with a full house, Fives full of Aces
Seat 4: AndresAbus88 folded before Flop
Seat 5: reaffiliate folded before Flop (didn't bet)
Seat 6: Mahu2021 folded before Flop (didn't bet)



PokerStars Zoom Hand #255244994669:  Hold'em No Limit ($0.05/$0.10) - 2025/03/11 22:01:26 CET [2025/03/11 17:01:26 ET]
Table 'Aludra' 6-max Seat #1 is the button
Seat 1: ostant ($13.04 in chips) 
Seat 2: X-rayFeeling ($24.92 in chips) 
Seat 3: reaffiliate ($7.29 in chips) 
Seat 4: RocketMaro12 ($9.90 in chips) 
Seat 5: Hybrid1878 ($30.58 in chips) 
Seat 6: Mahu2021 ($8.75 in chips) 
X-rayFeeling: posts small blind $0.05
reaffiliate: posts big blind $0.10
*** HOLE CARDS ***
Dealt to Mahu2021 [Js 8s]
RocketMaro12: folds 
Hybrid1878: folds 
Mahu2021: folds 
ostant: folds 
X-rayFeeling: folds 
Uncalled bet ($0.05) returned to reaffiliate
reaffiliate collected $0.10 from pot
reaffiliate: doesn't show hand 
*** SUMMARY ***
Total pot $0.10 | Rake $0 
Seat 1: ostant (button) folded before Flop (didn't bet)
Seat 2: X-rayFeeling (small blind) folded before Flop
Seat 3: reaffiliate (big blind) collected ($0.10)
Seat 4: RocketMaro12 folded before Flop (didn't bet)
Seat 5: Hybrid1878 folded before Flop (didn't bet)
Seat 6: Mahu2021 folded before Flop (didn't bet)



PokerStars Zoom Hand #255244983598:  Hold'em No Limit ($0.05/$0.10) - 2025/03/11 22:00:40 CET [2025/03/11 17:00:40 ET]
Table 'Aludra' 6-max Seat #1 is the button
Seat 1: I_NeverGiveUp_I ($4.10 in chips) 
Seat 2: Beste_Whizz ($9.12 in chips) 
Seat 3: Rob3rt000 ($10 in chips) 
Seat 4: Mahu2021 ($8.95 in chips) 
Seat 5: slevencdiachel ($11.94 in chips) 
Seat 6: Carlospaes07 ($5.95 in chips) 
Beste_Whizz: posts small blind $0.05
Rob3rt000: posts big blind $0.10
*** HOLE CARDS ***
Dealt to Mahu2021 [Qc 9d]
Mahu2021: folds 
slevencdiachel: folds 
Carlospaes07: folds 
I_NeverGiveUp_I: raises $0.10 to $0.20
Beste_Whizz: calls $0.15
Rob3rt000: calls $0.10
*** FLOP *** [5s 5d Ts]
Beste_Whizz: bets $0.30
Rob3rt000: folds 
I_NeverGiveUp_I: calls $0.30
*** TURN *** [5s 5d Ts] [Td]
Beste_Whizz: bets $0.40
I_NeverGiveUp_I: calls $0.40
*** RIVER *** [5s 5d Ts Td] [5c]
Beste_Whizz: bets $0.50
I_NeverGiveUp_I: calls $0.50
*** SHOW DOWN ***
Beste_Whizz: shows [9s 9h] (a full house, Fives full of Tens)
I_NeverGiveUp_I: shows [Ks 8c] (a full house, Fives full of Tens)
Beste_Whizz collected $1.41 from pot
I_NeverGiveUp_I collected $1.43 from pot
*** SUMMARY ***
Total pot $3 | Rake $0.16 
Board [5s 5d Ts Td 5c]
Seat 1: I_NeverGiveUp_I (button) showed [Ks 8c] and won ($1.43) with a full house, Fives full of Tens
Seat 2: Beste_Whizz (small blind) showed [9s 9h] and won ($1.41) with a full house, Fives full of Tens
Seat 3: Rob3rt000 (big blind) folded on the Flop
Seat 4: Mahu2021 folded before Flop (didn't bet)
Seat 5: slevencdiachel folded before Flop (didn't bet)
Seat 6: Carlospaes07 folded before Flop (didn't bet)



PokerStars Zoom Hand #255244997898:  Hold'em No Limit ($0.05/$0.10) - 2025/03/11 22:01:38 CET [2025/03/11 17:01:38 ET]
Table 'Aludra' 6-max Seat #1 is the button
Seat 1: johnyb1972 ($13.44 in chips) 
Seat 2: yEyoU ($10.63 in chips) 
Seat 3: reaffiliate ($17.81 in chips) 
Seat 4: VadnaiG ($11.90 in chips) 
Seat 5: Mahu2021 ($8.70 in chips) 
Seat 6: JonKing75 ($20.72 in chips) 
yEyoU: posts small blind $0.05
reaffiliate: posts big blind $0.10
*** HOLE CARDS ***
Dealt to Mahu2021 [7d 8s]
VadnaiG: raises $0.12 to $0.22
Mahu2021: folds 
JonKing75: folds 
johnyb1972: folds 
yEyoU: folds 
reaffiliate: folds 
Uncalled bet ($0.12) returned to VadnaiG
VadnaiG collected $0.25 from pot
VadnaiG: doesn't show hand 
*** SUMMARY ***
Total pot $0.25 | Rake $0 
Seat 1: johnyb1972 (button) folded before Flop (didn't bet)
Seat 2: yEyoU (small blind) folded before Flop
Seat 3: reaffiliate (big blind) folded before Flop
Seat 4: VadnaiG collected ($0.25)
Seat 5: Mahu2021 folded before Flop (didn't bet)
Seat 6: JonKing75 folded before Flop (didn't bet)



PokerStars Zoom Hand #255244995964:  Hold'em No Limit ($0.05/$0.10) - 2025/03/11 22:01:31 CET [2025/03/11 17:01:31 ET]
Table 'Aludra' 6-max Seat #1 is the button
Seat 1: Pataplan ($3.87 in chips) 
Seat 2: Mahu2021 ($8.75 in chips) 
Seat 3: pepe198880 ($6.72 in chips) 
Seat 4: MrCesarius ($10.92 in chips) 
Seat 5: Bur1k ($5.30 in chips) 
Seat 6: GrozovaIra ($14.85 in chips) 
Mahu2021: posts small blind $0.05
pepe198880: posts big blind $0.10
*** HOLE CARDS ***
Dealt to Mahu2021 [6h Qh]
MrCesarius: folds 
Bur1k: folds 
GrozovaIra: folds 
Pataplan: folds 
Mahu2021: folds 
Uncalled bet ($0.05) returned to pepe198880
pepe198880 collected $0.10 from pot
pepe198880: doesn't show hand 
*** SUMMARY ***
Total pot $0.10 | Rake $0 
Seat 1: Pataplan (button) folded before Flop (didn't bet)
Seat 2: Mahu2021 (small blind) folded before Flop
Seat 3: pepe198880 (big blind) collected ($0.10)
Seat 4: MrCesarius folded before Flop (didn't bet)
Seat 5: Bur1k folded before Flop (didn't bet)
Seat 6: GrozovaIra folded before Flop (didn't bet)



PokerStars Zoom Hand #255244998942:  Hold'em No Limit ($0.05/$0.10) - 2025/03/11 22:01:42 CET [2025/03/11 17:01:42 ET]
Table 'Aludra' 6-max Seat #1 is the button
Seat 1: Mahu2021 ($8.70 in chips) 
Seat 2: Footraiser ($16.60 in chips) 
Seat 3: K1ngOfHU ($12.02 in chips) 
Seat 4: spmafrik2 ($12.06 in chips) 
Seat 5: ahmat star ($9.74 in chips) 
Seat 6: pougia777 ($10 in chips) 
Footraiser: posts small blind $0.05
K1ngOfHU: posts big blind $0.10
*** HOLE CARDS ***
Dealt to Mahu2021 [Qs 9s]
spmafrik2: folds 
ahmat star: folds 
pougia777: folds 
Mahu2021: raises $0.20 to $0.30
Footraiser: folds 
K1ngOfHU: folds 
Uncalled bet ($0.20) returned to Mahu2021
Mahu2021 collected $0.25 from pot
Mahu2021: doesn't show hand 
*** SUMMARY ***
Total pot $0.25 | Rake $0 
Seat 1: Mahu2021 (button) collected ($0.25)
Seat 2: Footraiser (small blind) folded before Flop
Seat 3: K1ngOfHU (big blind) folded before Flop
Seat 4: spmafrik2 folded before Flop (didn't bet)
Seat 5: ahmat star folded before Flop (didn't bet)
Seat 6: pougia777 folded before Flop (didn't bet)



PokerStars Zoom Hand #255245003189:  Hold'em No Limit ($0.05/$0.10) - 2025/03/11 22:01:57 CET [2025/03/11 17:01:57 ET]
Table 'Aludra' 6-max Seat #1 is the button
Seat 1: Mahu2021 ($8.85 in chips) 
Seat 2: ComplyOrDie8 ($20.98 in chips) 
Seat 3: Footraiser ($16.55 in chips) 
Seat 4: K1ngOfHU ($11.92 in chips) 
Seat 5: JonKing75 ($18.18 in chips) 
Seat 6: pougia777 ($11.35 in chips) 
ComplyOrDie8: posts small blind $0.05
Footraiser: posts big blind $0.10
*** HOLE CARDS ***
Dealt to Mahu2021 [6c 2s]
K1ngOfHU has timed out
K1ngOfHU: folds 
JonKing75: folds 
pougia777: folds 
Mahu2021: folds 
ComplyOrDie8: folds 
Uncalled bet ($0.05) returned to Footraiser
Footraiser collected $0.10 from pot
Footraiser: doesn't show hand 
*** SUMMARY ***
Total pot $0.10 | Rake $0 
Seat 1: Mahu2021 (button) folded before Flop (didn't bet)
Seat 2: ComplyOrDie8 (small blind) folded before Flop
Seat 3: Footraiser (big blind) collected ($0.10)
Seat 4: K1ngOfHU folded before Flop (didn't bet)
Seat 5: JonKing75 folded before Flop (didn't bet)
Seat 6: pougia777 folded before Flop (didn't bet)



PokerStars Zoom Hand #255245004332:  Hold'em No Limit ($0.05/$0.10) - 2025/03/11 22:02:01 CET [2025/03/11 17:02:01 ET]
Table 'Aludra' 6-max Seat #1 is the button
Seat 1: elvenu ($13.57 in chips) 
Seat 2: JonKing75 ($18.18 in chips) 
Seat 3: Mahu2021 ($8.85 in chips) 
Seat 4: GrozovaIra ($15 in chips) 
Seat 5: kiks220272 ($24.22 in chips) 
Seat 6: ostant ($10.05 in chips) 
JonKing75: posts small blind $0.05
Mahu2021: posts big blind $0.10
*** HOLE CARDS ***
Dealt to Mahu2021 [Jc Ah]
GrozovaIra: folds 
kiks220272: folds 
ostant: raises $0.15 to $0.25
elvenu: calls $0.25
JonKing75: folds 
Mahu2021: calls $0.15
*** FLOP *** [Ks 9d 4s]
Mahu2021: checks 
ostant: bets $0.38
elvenu: folds 
Mahu2021: folds 
Uncalled bet ($0.38) returned to ostant
ostant collected $0.76 from pot
ostant: doesn't show hand 
*** SUMMARY ***
Total pot $0.80 | Rake $0.04 
Board [Ks 9d 4s]
Seat 1: elvenu (button) folded on the Flop
Seat 2: JonKing75 (small blind) folded before Flop
Seat 3: Mahu2021 (big blind) folded on the Flop
Seat 4: GrozovaIra folded before Flop (didn't bet)
Seat 5: kiks220272 folded before Flop (didn't bet)
Seat 6: ostant collected ($0.76)



PokerStars Zoom Hand #255244996789:  Hold'em No Limit ($0.05/$0.10) - 2025/03/11 22:01:34 CET [2025/03/11 17:01:34 ET]
Table 'Aludra' 6-max Seat #1 is the button
Seat 1: luckyviale ($4.45 in chips) 
Seat 2: oocs ($10.89 in chips) 
Seat 3: dr_asanti ($10.77 in chips) 
Seat 4: Mahu2021 ($8.70 in chips) 
Seat 5: Hybrid1878 ($30.58 in chips) 
Seat 6: agusdecarca ($11.91 in chips) 
oocs: posts small blind $0.05
dr_asanti: posts big blind $0.10
*** HOLE CARDS ***
Dealt to Mahu2021 [3s 3c]
Mahu2021: folds 
Hybrid1878: folds 
agusdecarca: folds 
luckyviale: calls $0.10
oocs: folds 
dr_asanti: checks 
*** FLOP *** [Jd 5d 2d]
dr_asanti: checks 
luckyviale: bets $0.24
dr_asanti: calls $0.24
*** TURN *** [Jd 5d 2d] [Qc]
dr_asanti: checks 
luckyviale: bets $0.35
dr_asanti: folds 
Uncalled bet ($0.35) returned to luckyviale
luckyviale collected $0.70 from pot
luckyviale: doesn't show hand 
*** SUMMARY ***
Total pot $0.73 | Rake $0.03 
Board [Jd 5d 2d Qc]
Seat 1: luckyviale (button) collected ($0.70)
Seat 2: oocs (small blind) folded before Flop
Seat 3: dr_asanti (big blind) folded on the Turn
Seat 4: Mahu2021 folded before Flop (didn't bet)
Seat 5: Hybrid1878 folded before Flop (didn't bet)
Seat 6: agusdecarca folded before Flop (didn't bet)



PokerStars Zoom Hand #255245017464:  Hold'em No Limit ($0.05/$0.10) - 2025/03/11 22:02:45 CET [2025/03/11 17:02:45 ET]
Table 'Aludra' 6-max Seat #1 is the button
Seat 1: ddoctah ($15.78 in chips) 
Seat 2: Tulikarhu ($23.54 in chips) 
Seat 3: WakeUpcoaching ($10.10 in chips) 
Seat 4: spmafrik2 ($10.05 in chips) 
Seat 5: Mahu2021 ($8.55 in chips) 
Seat 6: Sanjireyes ($21.22 in chips) 
Tulikarhu: posts small blind $0.05
WakeUpcoaching: posts big blind $0.10
*** HOLE CARDS ***
Dealt to Mahu2021 [6d Ah]
spmafrik2: folds 
Mahu2021: folds 
Sanjireyes: folds 
ddoctah: folds 
Tulikarhu: folds 
Uncalled bet ($0.05) returned to WakeUpcoaching
WakeUpcoaching collected $0.10 from pot
WakeUpcoaching: doesn't show hand 
*** SUMMARY ***
Total pot $0.10 | Rake $0 
Seat 1: ddoctah (button) folded before Flop (didn't bet)
Seat 2: Tulikarhu (small blind) folded before Flop
Seat 3: WakeUpcoaching (big blind) collected ($0.10)
Seat 4: spmafrik2 folded before Flop (didn't bet)
Seat 5: Mahu2021 folded before Flop (didn't bet)
Seat 6: Sanjireyes folded before Flop (didn't bet)



PokerStars Zoom Hand #255245015755:  Hold'em No Limit ($0.05/$0.10) - 2025/03/11 22:02:39 CET [2025/03/11 17:02:39 ET]
Table 'Aludra' 6-max Seat #1 is the button
Seat 1: Strelets.UA ($10.20 in chips) 
Seat 2: petrov14 ($16.06 in chips) 
Seat 3: Hybrid1878 ($19.30 in chips) 
Seat 4: camposiza ($14.89 in chips) 
Seat 5: elvenu ($13.17 in chips) 
Seat 6: Mahu2021 ($8.55 in chips) 
petrov14: posts small blind $0.05
Hybrid1878: posts big blind $0.10
*** HOLE CARDS ***
Dealt to Mahu2021 [6c As]
camposiza: folds 
elvenu: raises $0.15 to $0.25
Mahu2021: folds 
Strelets.UA: folds 
petrov14: folds 
Hybrid1878: folds 
Uncalled bet ($0.15) returned to elvenu
elvenu collected $0.25 from pot
elvenu: doesn't show hand 
*** SUMMARY ***
Total pot $0.25 | Rake $0 
Seat 1: Strelets.UA (button) folded before Flop (didn't bet)
Seat 2: petrov14 (small blind) folded before Flop
Seat 3: Hybrid1878 (big blind) folded before Flop
Seat 4: camposiza folded before Flop (didn't bet)
Seat 5: elvenu collected ($0.25)
Seat 6: Mahu2021 folded before Flop (didn't bet)



PokerStars Zoom Hand #255245012518:  Hold'em No Limit ($0.05/$0.10) - 2025/03/11 22:02:28 CET [2025/03/11 17:02:28 ET]
Table 'Aludra' 6-max Seat #1 is the button
Seat 1: ronkejko ($8.78 in chips) 
Seat 2: Footraiser ($16.75 in chips) 
Seat 3: BaBiloff ($11.53 in chips) 
Seat 4: Mahu2021 ($8.60 in chips) 
Seat 5: reaffiliate ($7.14 in chips) 
Seat 6: Tulikarhu ($23.59 in chips) 
Footraiser: posts small blind $0.05
BaBiloff: posts big blind $0.10
*** HOLE CARDS ***
Dealt to Mahu2021 [3s 3d]
Mahu2021: folds 
reaffiliate: folds 
Tulikarhu: folds 
ronkejko: calls $0.10
Footraiser: folds 
BaBiloff: checks 
*** FLOP *** [Kc 2c 8c]
BaBiloff: checks 
ronkejko: bets $0.10
BaBiloff: calls $0.10
*** TURN *** [Kc 2c 8c] [Tc]
BaBiloff: checks 
ronkejko: bets $0.10
BaBiloff: calls $0.10
*** RIVER *** [Kc 2c 8c Tc] [6c]
BaBiloff: checks 
ronkejko: bets $0.10
BaBiloff: calls $0.10
*** SHOW DOWN ***
ronkejko: shows [Kh 2d] (a flush, King high)
BaBiloff: shows [Jc 9d] (a flush, King high - Jack higher)
BaBiloff collected $0.81 from pot
*** SUMMARY ***
Total pot $0.85 | Rake $0.04 
Board [Kc 2c 8c Tc 6c]
Seat 1: ronkejko (button) showed [Kh 2d] and lost with a flush, King high
Seat 2: Footraiser (small blind) folded before Flop
Seat 3: BaBiloff (big blind) showed [Jc 9d] and won ($0.81) with a flush, King high
Seat 4: Mahu2021 folded before Flop (didn't bet)
Seat 5: reaffiliate folded before Flop (didn't bet)
Seat 6: Tulikarhu folded before Flop (didn't bet)



PokerStars Zoom Hand #255245014818:  Hold'em No Limit ($0.05/$0.10) - 2025/03/11 22:02:36 CET [2025/03/11 17:02:36 ET]
Table 'Aludra' 6-max Seat #1 is the button
Seat 1: ComplyOrDie8 ($10.92 in chips) 
Seat 2: Mahu2021 ($8.60 in chips) 
Seat 3: GrozovaIra ($10 in chips) 
Seat 4: petrov14 ($16.06 in chips) 
Seat 5: ddoctah ($15.83 in chips) 
Seat 6: reaffiliate ($7.14 in chips) 
Mahu2021: posts small blind $0.05
GrozovaIra: posts big blind $0.10
*** HOLE CARDS ***
Dealt to Mahu2021 [Kd 2s]
petrov14: folds 
ddoctah: folds 
reaffiliate has timed out
reaffiliate: folds 
ComplyOrDie8: raises $0.15 to $0.25
Mahu2021: folds 
GrozovaIra: folds 
Uncalled bet ($0.15) returned to ComplyOrDie8
ComplyOrDie8 collected $0.25 from pot
ComplyOrDie8: doesn't show hand 
*** SUMMARY ***
Total pot $0.25 | Rake $0 
Seat 1: ComplyOrDie8 (button) collected ($0.25)
Seat 2: Mahu2021 (small blind) folded before Flop
Seat 3: GrozovaIra (big blind) folded before Flop
Seat 4: petrov14 folded before Flop (didn't bet)
Seat 5: ddoctah folded before Flop (didn't bet)
Seat 6: reaffiliate folded before Flop (didn't bet)



PokerStars Zoom Hand #255245029830:  Hold'em No Limit ($0.05/$0.10) - 2025/03/11 22:03:27 CET [2025/03/11 17:03:27 ET]
Table 'Aludra' 6-max Seat #1 is the button
Seat 1: ostant ($10.91 in chips) 
Seat 2: JonKing75 ($18.58 in chips) 
Seat 3: SlipperySealion ($32.43 in chips) 
Seat 4: DuesserBaest ($12.79 in chips) 
Seat 5: gilly993 ($15.98 in chips) 
Seat 6: Mahu2021 ($8.35 in chips) 
JonKing75: posts small blind $0.05
SlipperySealion: posts big blind $0.10
*** HOLE CARDS ***
Dealt to Mahu2021 [Jd 2s]
DuesserBaest: folds 
gilly993: calls $0.10
Mahu2021: folds 
ostant: folds 
JonKing75: folds 
SlipperySealion: checks 
*** FLOP *** [9s Ac 2h]
SlipperySealion: checks 
gilly993: checks 
*** TURN *** [9s Ac 2h] [Qc]
SlipperySealion: checks 
gilly993: bets $0.24
SlipperySealion: folds 
Uncalled bet ($0.24) returned to gilly993
gilly993 collected $0.24 from pot
gilly993: doesn't show hand 
*** SUMMARY ***
Total pot $0.25 | Rake $0.01 
Board [9s Ac 2h Qc]
Seat 1: ostant (button) folded before Flop (didn't bet)
Seat 2: JonKing75 (small blind) folded before Flop
Seat 3: SlipperySealion (big blind) folded on the Turn
Seat 4: DuesserBaest folded before Flop (didn't bet)
Seat 5: gilly993 collected ($0.24)
Seat 6: Mahu2021 folded before Flop (didn't bet)



PokerStars Zoom Hand #255245030816:  Hold'em No Limit ($0.05/$0.10) - 2025/03/11 22:03:30 CET [2025/03/11 17:03:30 ET]
Table 'Aludra' 6-max Seat #1 is the button
Seat 1: clickandcry ($8.42 in chips) 
Seat 2: Apollolol ($16.10 in chips) 
Seat 3: Mahu2021 ($8.35 in chips) 
Seat 4: devonmiles85 ($10.94 in chips) 
Seat 5: spmafrik2 ($10.15 in chips) 
Seat 6: slevencdiachel ($12.54 in chips) 
Apollolol: posts small blind $0.05
Mahu2021: posts big blind $0.10
*** HOLE CARDS ***
Dealt to Mahu2021 [9s 8h]
devonmiles85: folds 
spmafrik2: folds 
slevencdiachel: folds 
clickandcry: folds 
Apollolol: raises $0.20 to $0.30
Mahu2021: calls $0.20
*** FLOP *** [Jd 9c 6c]
Apollolol: bets $0.19
Mahu2021: raises $0.41 to $0.60
Apollolol: folds 
Uncalled bet ($0.41) returned to Mahu2021
Mahu2021 collected $0.94 from pot
Mahu2021: doesn't show hand 
*** SUMMARY ***
Total pot $0.98 | Rake $0.04 
Board [Jd 9c 6c]
Seat 1: clickandcry (button) folded before Flop (didn't bet)
Seat 2: Apollolol (small blind) folded on the Flop
Seat 3: Mahu2021 (big blind) collected ($0.94)
Seat 4: devonmiles85 folded before Flop (didn't bet)
Seat 5: spmafrik2 folded before Flop (didn't bet)
Seat 6: slevencdiachel folded before Flop (didn't bet)



PokerStars Zoom Hand #255245040684:  Hold'em No Limit ($0.05/$0.10) - 2025/03/11 22:04:03 CET [2025/03/11 17:04:03 ET]
Table 'Aludra' 6-max Seat #1 is the button
Seat 1: JonKing75 ($27.03 in chips) 
Seat 2: Strelets.UA ($10.05 in chips) 
Seat 3: Maestro90208 ($26.73 in chips) 
Seat 4: Mahu2021 ($8.80 in chips) 
Seat 5: TKTPackman ($17.47 in chips) 
Seat 6: petrov14 ($16.60 in chips) 
Strelets.UA: posts small blind $0.05
Maestro90208: posts big blind $0.10
*** HOLE CARDS ***
Dealt to Mahu2021 [3s 5c]
Mahu2021: folds 
TKTPackman: folds 
petrov14: raises $0.10 to $0.20
JonKing75: raises $0.50 to $0.70
Strelets.UA: folds 
Maestro90208: folds 
petrov14: folds 
Uncalled bet ($0.50) returned to JonKing75
JonKing75 collected $0.55 from pot
JonKing75: doesn't show hand 
*** SUMMARY ***
Total pot $0.55 | Rake $0 
Seat 1: JonKing75 (button) collected ($0.55)
Seat 2: Strelets.UA (small blind) folded before Flop
Seat 3: Maestro90208 (big blind) folded before Flop
Seat 4: Mahu2021 folded before Flop (didn't bet)
Seat 5: TKTPackman folded before Flop (didn't bet)
Seat 6: petrov14 folded before Flop



PokerStars Zoom Hand #255245018741:  Hold'em No Limit ($0.05/$0.10) - 2025/03/11 22:02:49 CET [2025/03/11 17:02:49 ET]
Table 'Aludra' 6-max Seat #1 is the button
Seat 1: Hybrid1878 ($18.37 in chips) 
Seat 2: Mahu2021 ($8.55 in chips) 
Seat 3: Bur1k ($5.86 in chips) 
Seat 4: dr_asanti ($10.65 in chips) 
Seat 5: Pataplan ($4.41 in chips) 
Seat 6: luckyviale ($4.81 in chips) 
Mahu2021: posts small blind $0.05
Bur1k: posts big blind $0.10
*** HOLE CARDS ***
Dealt to Mahu2021 [Ac Tc]
dr_asanti: folds 
Pataplan: folds 
luckyviale: raises $0.10 to $0.20
Hybrid1878: folds 
Mahu2021: calls $0.15
Bur1k: calls $0.10
*** FLOP *** [8h 7s 8c]
Mahu2021: checks 
Bur1k: checks 
luckyviale: bets $0.10
Mahu2021: folds 
Bur1k: calls $0.10
*** TURN *** [8h 7s 8c] [3h]
Bur1k: checks 
luckyviale: bets $0.10
Bur1k: calls $0.10
*** RIVER *** [8h 7s 8c 3h] [Qh]
Bur1k: bets $0.69
luckyviale: calls $0.69
*** SHOW DOWN ***
Bur1k: shows [5h Kh] (a flush, King high)
luckyviale: mucks hand 
Bur1k collected $2.27 from pot
*** SUMMARY ***
Total pot $2.38 | Rake $0.11 
Board [8h 7s 8c 3h Qh]
Seat 1: Hybrid1878 (button) folded before Flop (didn't bet)
Seat 2: Mahu2021 (small blind) folded on the Flop
Seat 3: Bur1k (big blind) showed [5h Kh] and won ($2.27) with a flush, King high
Seat 4: dr_asanti folded before Flop (didn't bet)
Seat 5: Pataplan folded before Flop (didn't bet)
Seat 6: luckyviale mucked [Qc Ad]



PokerStars Zoom Hand #255245039585:  Hold'em No Limit ($0.05/$0.10) - 2025/03/11 22:03:59 CET [2025/03/11 17:03:59 ET]
Table 'Aludra' 6-max Seat #1 is the button
Seat 1: Mahu2021 ($8.80 in chips) 
Seat 2: starkmage ($13.62 in chips) 
Seat 3: figaroo2 ($9.19 in chips) 
Seat 4: ComplyOrDie8 ($21.51 in chips) 
Seat 5: SlipperySealion ($32.33 in chips) 
Seat 6: victorffc ($10.15 in chips) 
starkmage: posts small blind $0.05
figaroo2: posts big blind $0.10
*** HOLE CARDS ***
Dealt to Mahu2021 [6s 2d]
ComplyOrDie8: folds 
SlipperySealion: folds 
victorffc: folds 
Mahu2021: folds 
starkmage: raises $0.20 to $0.30
figaroo2: calls $0.20
*** FLOP *** [5h As 9c]
starkmage: checks 
figaroo2: checks 
*** TURN *** [5h As 9c] [Tc]
starkmage: checks 
figaroo2: bets $0.38
starkmage: calls $0.38
*** RIVER *** [5h As 9c Tc] [4c]
starkmage: checks 
figaroo2: checks 
*** SHOW DOWN ***
starkmage: shows [6c Kc] (a flush, King high)
figaroo2: mucks hand 
starkmage collected $1.30 from pot
*** SUMMARY ***
Total pot $1.36 | Rake $0.06 
Board [5h As 9c Tc 4c]
Seat 1: Mahu2021 (button) folded before Flop (didn't bet)
Seat 2: starkmage (small blind) showed [6c Kc] and won ($1.30) with a flush, King high
Seat 3: figaroo2 (big blind) mucked [8h Ad]
Seat 4: ComplyOrDie8 folded before Flop (didn't bet)
Seat 5: SlipperySealion folded before Flop (didn't bet)
Seat 6: victorffc folded before Flop (didn't bet)



PokerStars Zoom Hand #255245044660:  Hold'em No Limit ($0.05/$0.10) - 2025/03/11 22:04:16 CET [2025/03/11 17:04:16 ET]
Table 'Aludra' 6-max Seat #1 is the button
Seat 1: Mark4757 ($14.04 in chips) 
Seat 2: MastBlast187 ($17.42 in chips) 
Seat 3: Mahu2021 ($8.80 in chips) 
Seat 4: Apollolol ($10.47 in chips) 
Seat 5: 1HungryPanda ($14.47 in chips) 
Seat 6: Bur1k ($6.45 in chips) 
MastBlast187: posts small blind $0.05
Mahu2021: posts big blind $0.10
*** HOLE CARDS ***
Dealt to Mahu2021 [7c 5d]
Apollolol: folds 
1HungryPanda: raises $0.20 to $0.30
Bur1k: folds 
Mark4757: folds 
MastBlast187: folds 
Mahu2021: folds 
Uncalled bet ($0.20) returned to 1HungryPanda
1HungryPanda collected $0.25 from pot
1HungryPanda: doesn't show hand 
*** SUMMARY ***
Total pot $0.25 | Rake $0 
Seat 1: Mark4757 (button) folded before Flop (didn't bet)
Seat 2: MastBlast187 (small blind) folded before Flop
Seat 3: Mahu2021 (big blind) folded before Flop
Seat 4: Apollolol folded before Flop (didn't bet)
Seat 5: 1HungryPanda collected ($0.25)
Seat 6: Bur1k folded before Flop (didn't bet)



PokerStars Zoom Hand #255245041940:  Hold'em No Limit ($0.05/$0.10) - 2025/03/11 22:04:07 CET [2025/03/11 17:04:07 ET]
Table 'Aludra' 6-max Seat #1 is the button
Seat 1: David Chacal ($1.99 in chips) 
Seat 2: Hvat ($5 in chips) 
Seat 3: BankaiKK ($9.90 in chips) 
Seat 4: Hybrid1878 ($30.40 in chips) 
Seat 5: Mahu2021 ($8.80 in chips) 
Seat 6: pepe198880 ($7.96 in chips) 
Hvat: posts small blind $0.05
BankaiKK: posts big blind $0.10
*** HOLE CARDS ***
Dealt to Mahu2021 [Kc Ts]
Hybrid1878: raises $0.13 to $0.23
Mahu2021: folds 
pepe198880: folds 
David Chacal: raises $1.76 to $1.99 and is all-in
Hvat: folds 
BankaiKK: folds 
Hybrid1878: calls $1.76
*** FLOP *** [9d 2c 9s]
*** TURN *** [9d 2c 9s] [Jd]
*** RIVER *** [9d 2c 9s Jd] [9h]
*** SHOW DOWN ***
Hybrid1878: shows [Jh Ac] (a full house, Nines full of Jacks)
David Chacal: shows [8c 5s] (three of a kind, Nines)
Hybrid1878 collected $3.94 from pot
*** SUMMARY ***
Total pot $4.13 | Rake $0.19 
Board [9d 2c 9s Jd 9h]
Seat 1: David Chacal (button) showed [8c 5s] and lost with three of a kind, Nines
Seat 2: Hvat (small blind) folded before Flop
Seat 3: BankaiKK (big blind) folded before Flop
Seat 4: Hybrid1878 showed [Jh Ac] and won ($3.94) with a full house, Nines full of Jacks
Seat 5: Mahu2021 folded before Flop (didn't bet)
Seat 6: pepe198880 folded before Flop (didn't bet)



PokerStars Zoom Hand #255245047254:  Hold'em No Limit ($0.05/$0.10) - 2025/03/11 22:04:25 CET [2025/03/11 17:04:25 ET]
Table 'Aludra' 6-max Seat #1 is the button
Seat 1: SlipperySealion ($32.23 in chips) 
Seat 2: Mahu2021 ($8.70 in chips) 
Seat 3: BenJJones ($19.52 in chips) 
Seat 4: ostant ($17.68 in chips) 
Seat 5: Tulikarhu ($10 in chips) 
Seat 6: MauroxElCria ($9.45 in chips) 
Mahu2021: posts small blind $0.05
BenJJones: posts big blind $0.10
*** HOLE CARDS ***
Dealt to Mahu2021 [Qd Ah]
ostant: folds 
Tulikarhu: folds 
MauroxElCria: folds 
SlipperySealion: raises $0.15 to $0.25
Mahu2021: calls $0.20
BenJJones: calls $0.15
*** FLOP *** [3h 7c Kh]
Mahu2021: checks 
BenJJones: checks 
SlipperySealion: checks 
*** TURN *** [3h 7c Kh] [Qc]
Mahu2021: checks 
BenJJones: bets $0.24
SlipperySealion: folds 
Mahu2021: calls $0.24
*** RIVER *** [3h 7c Kh Qc] [6c]
Mahu2021: checks 
BenJJones: checks 
*** SHOW DOWN ***
Mahu2021: shows [Qd Ah] (a pair of Queens)
BenJJones: mucks hand 
Mahu2021 collected $1.17 from pot
*** SUMMARY ***
Total pot $1.23 | Rake $0.06 
Board [3h 7c Kh Qc 6c]
Seat 1: SlipperySealion (button) folded on the Turn
Seat 2: Mahu2021 (small blind) showed [Qd Ah] and won ($1.17) with a pair of Queens
Seat 3: BenJJones (big blind) mucked [4h 6h]
Seat 4: ostant folded before Flop (didn't bet)
Seat 5: Tulikarhu folded before Flop (didn't bet)
Seat 6: MauroxElCria folded before Flop (didn't bet)



PokerStars Zoom Hand #255245043758:  Hold'em No Limit ($0.05/$0.10) - 2025/03/11 22:04:13 CET [2025/03/11 17:04:13 ET]
Table 'Aludra' 6-max Seat #1 is the button
Seat 1: clickandcry ($8.42 in chips) 
Seat 2: JIucu4ka ($4.39 in chips) 
Seat 3: Derek746 ($12.25 in chips) 
Seat 4: X-rayFeeling ($25.77 in chips) 
Seat 5: AndresAbus88 ($6.03 in chips) 
Seat 6: Mahu2021 ($8.80 in chips) 
JIucu4ka: posts small blind $0.05
Derek746: posts big blind $0.10
*** HOLE CARDS ***
Dealt to Mahu2021 [6h Jd]
X-rayFeeling: folds 
AndresAbus88: folds 
Mahu2021: folds 
clickandcry: raises $0.20 to $0.30
JIucu4ka: raises $0.75 to $1.05
Derek746: folds 
clickandcry: folds 
Uncalled bet ($0.75) returned to JIucu4ka
JIucu4ka collected $0.70 from pot
JIucu4ka: doesn't show hand 
*** SUMMARY ***
Total pot $0.70 | Rake $0 
Seat 1: clickandcry (button) folded before Flop
Seat 2: JIucu4ka (small blind) collected ($0.70)
Seat 3: Derek746 (big blind) folded before Flop
Seat 4: X-rayFeeling folded before Flop (didn't bet)
Seat 5: AndresAbus88 folded before Flop (didn't bet)
Seat 6: Mahu2021 folded before Flop (didn't bet)



PokerStars Zoom Hand #255245059988:  Hold'em No Limit ($0.05/$0.10) - 2025/03/11 22:05:08 CET [2025/03/11 17:05:08 ET]
Table 'Aludra' 6-max Seat #1 is the button
Seat 1: 4etkiu ($5.16 in chips) 
Seat 2: JonKing75 ($27.23 in chips) 
Seat 3: Tulikarhu ($24.09 in chips) 
Seat 4: Mahu2021 ($9.38 in chips) 
Seat 5: ddoctah ($15.86 in chips) 
Seat 6: X-rayFeeling ($10.57 in chips) 
JonKing75: posts small blind $0.05
Tulikarhu: posts big blind $0.10
*** HOLE CARDS ***
Dealt to Mahu2021 [2d Td]
Mahu2021: folds 
ddoctah: folds 
X-rayFeeling: folds 
4etkiu: raises $0.10 to $0.20
JonKing75: folds 
Tulikarhu: folds 
Uncalled bet ($0.10) returned to 4etkiu
4etkiu collected $0.25 from pot
4etkiu: doesn't show hand 
*** SUMMARY ***
Total pot $0.25 | Rake $0 
Seat 1: 4etkiu (button) collected ($0.25)
Seat 2: JonKing75 (small blind) folded before Flop
Seat 3: Tulikarhu (big blind) folded before Flop
Seat 4: Mahu2021 folded before Flop (didn't bet)
Seat 5: ddoctah folded before Flop (didn't bet)
Seat 6: X-rayFeeling folded before Flop (didn't bet)



PokerStars Zoom Hand #255245058899:  Hold'em No Limit ($0.05/$0.10) - 2025/03/11 22:05:04 CET [2025/03/11 17:05:04 ET]
Table 'Aludra' 6-max Seat #1 is the button
Seat 1: Mahu2021 ($9.38 in chips) 
Seat 2: ddoctah ($15.91 in chips) 
Seat 3: Bur1k ($5.15 in chips) 
Seat 4: yEyoU ($10.60 in chips) 
Seat 5: figaroo2 ($10 in chips) 
Seat 6: ComplyOrDie8 ($21.16 in chips) 
ddoctah: posts small blind $0.05
Bur1k: posts big blind $0.10
*** HOLE CARDS ***
Dealt to Mahu2021 [Jd 4h]
yEyoU: folds 
figaroo2: folds 
ComplyOrDie8: raises $0.15 to $0.25
Mahu2021: folds 
ddoctah: folds 
Bur1k: folds 
Uncalled bet ($0.15) returned to ComplyOrDie8
ComplyOrDie8 collected $0.25 from pot
ComplyOrDie8: doesn't show hand 
*** SUMMARY ***
Total pot $0.25 | Rake $0 
Seat 1: Mahu2021 (button) folded before Flop (didn't bet)
Seat 2: ddoctah (small blind) folded before Flop
Seat 3: Bur1k (big blind) folded before Flop
Seat 4: yEyoU folded before Flop (didn't bet)
Seat 5: figaroo2 folded before Flop (didn't bet)
Seat 6: ComplyOrDie8 collected ($0.25)



PokerStars Zoom Hand #255245057380:  Hold'em No Limit ($0.05/$0.10) - 2025/03/11 22:04:59 CET [2025/03/11 17:04:59 ET]
Table 'Aludra' 6-max Seat #1 is the button
Seat 1: GrozovaIra ($19.24 in chips) 
Seat 2: BenJJones ($19.03 in chips) 
Seat 3: elvenu ($10.95 in chips) 
Seat 4: yEyoU ($10.60 in chips) 
Seat 5: Mahu2021 ($9.38 in chips) 
Seat 6: ComplyOrDie8 ($19.86 in chips) 
BenJJones: posts small blind $0.05
elvenu: posts big blind $0.10
*** HOLE CARDS ***
Dealt to Mahu2021 [9s Jc]
yEyoU: folds 
Mahu2021: folds 
ComplyOrDie8: raises $0.15 to $0.25
GrozovaIra: folds 
BenJJones: folds 
elvenu: folds 
Uncalled bet ($0.15) returned to ComplyOrDie8
ComplyOrDie8 collected $0.25 from pot
ComplyOrDie8: doesn't show hand 
*** SUMMARY ***
Total pot $0.25 | Rake $0 
Seat 1: GrozovaIra (button) folded before Flop (didn't bet)
Seat 2: BenJJones (small blind) folded before Flop
Seat 3: elvenu (big blind) folded before Flop
Seat 4: yEyoU folded before Flop (didn't bet)
Seat 5: Mahu2021 folded before Flop (didn't bet)
Seat 6: ComplyOrDie8 collected ($0.25)



PokerStars Zoom Hand #255245060906:  Hold'em No Limit ($0.05/$0.10) - 2025/03/11 22:05:11 CET [2025/03/11 17:05:11 ET]
Table 'Aludra' 6-max Seat #1 is the button
Seat 1: kimonozygo ($10 in chips) 
Seat 2: oocs ($13.48 in chips) 
Seat 3: Mozart440 ($10 in chips) 
Seat 4: Mahu2021 ($9.38 in chips) 
Seat 5: calum101 ($11.40 in chips) 
Seat 6: VadnaiG ($14.92 in chips) 
oocs: posts small blind $0.05
Mozart440: posts big blind $0.10
*** HOLE CARDS ***
Dealt to Mahu2021 [3c 2s]
Mahu2021: folds 
calum101: folds 
VadnaiG: folds 
kimonozygo: folds 
oocs: folds 
Uncalled bet ($0.05) returned to Mozart440
Mozart440 collected $0.10 from pot
Mozart440: doesn't show hand 
*** SUMMARY ***
Total pot $0.10 | Rake $0 
Seat 1: kimonozygo (button) folded before Flop (didn't bet)
Seat 2: oocs (small blind) folded before Flop
Seat 3: Mozart440 (big blind) collected ($0.10)
Seat 4: Mahu2021 folded before Flop (didn't bet)
Seat 5: calum101 folded before Flop (didn't bet)
Seat 6: VadnaiG folded before Flop (didn't bet)



PokerStars Zoom Hand #255245061719:  Hold'em No Limit ($0.05/$0.10) - 2025/03/11 22:05:14 CET [2025/03/11 17:05:14 ET]
Table 'Aludra' 6-max Seat #1 is the button
Seat 1: Mahu2021 ($9.38 in chips) 
Seat 2: flens75go ($9.79 in chips) 
Seat 3: GrozovaIra ($19.24 in chips) 
Seat 4: Footraiser ($15.65 in chips) 
Seat 5: Hvat ($5 in chips) 
Seat 6: SlipperySealion ($25.19 in chips) 
flens75go: posts small blind $0.05
GrozovaIra: posts big blind $0.10
*** HOLE CARDS ***
Dealt to Mahu2021 [3c Kd]
Footraiser: folds 
Hvat: folds 
SlipperySealion: raises $0.15 to $0.25
Mahu2021: folds 
flens75go: folds 
GrozovaIra: folds 
Uncalled bet ($0.15) returned to SlipperySealion
SlipperySealion collected $0.25 from pot
SlipperySealion: doesn't show hand 
*** SUMMARY ***
Total pot $0.25 | Rake $0 
Seat 1: Mahu2021 (button) folded before Flop (didn't bet)
Seat 2: flens75go (small blind) folded before Flop
Seat 3: GrozovaIra (big blind) folded before Flop
Seat 4: Footraiser folded before Flop (didn't bet)
Seat 5: Hvat folded before Flop (didn't bet)
Seat 6: SlipperySealion collected ($0.25)



PokerStars Zoom Hand #255245062917:  Hold'em No Limit ($0.05/$0.10) - 2025/03/11 22:05:18 CET [2025/03/11 17:05:18 ET]
Table 'Aludra' 6-max Seat #1 is the button
Seat 1: ComplyOrDie8 ($21.31 in chips) 
Seat 2: Bur1k ($5.05 in chips) 
Seat 3: Mahu2021 ($9.38 in chips) 
Seat 4: starkmage ($17.47 in chips) 
Seat 5: Narangonis ($10.22 in chips) 
Seat 6: $ergentu$tar ($10.90 in chips) 
Bur1k: posts small blind $0.05
Mahu2021: posts big blind $0.10
*** HOLE CARDS ***
Dealt to Mahu2021 [Qc Tc]
starkmage: folds 
Narangonis: folds 
$ergentu$tar: raises $0.15 to $0.25
ComplyOrDie8: folds 
Bur1k: raises $0.65 to $0.90
Mahu2021: folds 
$ergentu$tar: raises $10 to $10.90 and is all-in
Bur1k: folds 
Uncalled bet ($10) returned to $ergentu$tar
$ergentu$tar collected $1.90 from pot
$ergentu$tar: doesn't show hand 
*** SUMMARY ***
Total pot $1.90 | Rake $0 
Seat 1: ComplyOrDie8 (button) folded before Flop (didn't bet)
Seat 2: Bur1k (small blind) folded before Flop
Seat 3: Mahu2021 (big blind) folded before Flop
Seat 4: starkmage folded before Flop (didn't bet)
Seat 5: Narangonis folded before Flop (didn't bet)
Seat 6: $ergentu$tar collected ($1.90)



PokerStars Zoom Hand #255245072629:  Hold'em No Limit ($0.05/$0.10) - 2025/03/11 22:05:50 CET [2025/03/11 17:05:50 ET]
Table 'Aludra' 6-max Seat #1 is the button
Seat 1: shalombro1 ($31.12 in chips) 
Seat 2: mateo vivas ($9.85 in chips) 
Seat 3: ostant ($17.83 in chips) 
Seat 4: Beste_Whizz ($10.82 in chips) 
Seat 5: Mahu2021 ($9.23 in chips) 
Seat 6: Anesme1 ($6.28 in chips) 
mateo vivas: posts small blind $0.05
ostant: posts big blind $0.10
*** HOLE CARDS ***
Dealt to Mahu2021 [Qd 5d]
Beste_Whizz: folds 
Mahu2021: folds 
Anesme1: folds 
shalombro1: folds 
mateo vivas: folds 
Uncalled bet ($0.05) returned to ostant
ostant collected $0.10 from pot
ostant: doesn't show hand 
*** SUMMARY ***
Total pot $0.10 | Rake $0 
Seat 1: shalombro1 (button) folded before Flop (didn't bet)
Seat 2: mateo vivas (small blind) folded before Flop
Seat 3: ostant (big blind) collected ($0.10)
Seat 4: Beste_Whizz folded before Flop (didn't bet)
Seat 5: Mahu2021 folded before Flop (didn't bet)
Seat 6: Anesme1 folded before Flop (didn't bet)



PokerStars Zoom Hand #255245069234:  Hold'em No Limit ($0.05/$0.10) - 2025/03/11 22:05:39 CET [2025/03/11 17:05:39 ET]
Table 'Aludra' 6-max Seat #1 is the button
Seat 1: Mark4757 ($14.26 in chips) 
Seat 2: Mahu2021 ($9.28 in chips) 
Seat 3: shalombro1 ($31.22 in chips) 
Seat 4: Apollolol ($10.32 in chips) 
Seat 5: Grinsekatze97 ($8.45 in chips) 
Seat 6: Mozart440 ($10 in chips) 
Mahu2021: posts small blind $0.05
shalombro1: posts big blind $0.10
*** HOLE CARDS ***
Dealt to Mahu2021 [8h Kd]
Apollolol: folds 
Grinsekatze97: raises $0.15 to $0.25
Mozart440: raises $0.55 to $0.80
Mark4757: folds 
Mahu2021: folds 
shalombro1: folds 
Grinsekatze97: calls $0.55
*** FLOP *** [6c 2s 8d]
Grinsekatze97: checks 
Mozart440: checks 
*** TURN *** [6c 2s 8d] [2c]
Grinsekatze97: bets $0.90
Mozart440: folds 
Uncalled bet ($0.90) returned to Grinsekatze97
Grinsekatze97 collected $1.67 from pot
Grinsekatze97: doesn't show hand 
*** SUMMARY ***
Total pot $1.75 | Rake $0.08 
Board [6c 2s 8d 2c]
Seat 1: Mark4757 (button) folded before Flop (didn't bet)
Seat 2: Mahu2021 (small blind) folded before Flop
Seat 3: shalombro1 (big blind) folded before Flop
Seat 4: Apollolol folded before Flop (didn't bet)
Seat 5: Grinsekatze97 collected ($1.67)
Seat 6: Mozart440 folded on the Turn



PokerStars Zoom Hand #255245073799:  Hold'em No Limit ($0.05/$0.10) - 2025/03/11 22:05:54 CET [2025/03/11 17:05:54 ET]
Table 'Aludra' 6-max Seat #1 is the button
Seat 1: JonKing75 ($26.88 in chips) 
Seat 2: GrozovaIra ($11.10 in chips) 
Seat 3: Beste_Whizz ($10.82 in chips) 
Seat 4: MauroxElCria ($15.80 in chips) 
Seat 5: Darkstarzac ($9.22 in chips) 
Seat 6: Mahu2021 ($9.23 in chips) 
GrozovaIra: posts small blind $0.05
Beste_Whizz: posts big blind $0.10
*** HOLE CARDS ***
Dealt to Mahu2021 [Kc Ac]
MauroxElCria: folds 
Darkstarzac: folds 
Mahu2021: raises $0.14 to $0.24
JonKing75: folds 
GrozovaIra: folds 
Beste_Whizz: folds 
Uncalled bet ($0.14) returned to Mahu2021
Mahu2021 collected $0.25 from pot
Mahu2021: doesn't show hand 
*** SUMMARY ***
Total pot $0.25 | Rake $0 
Seat 1: JonKing75 (button) folded before Flop (didn't bet)
Seat 2: GrozovaIra (small blind) folded before Flop
Seat 3: Beste_Whizz (big blind) folded before Flop
Seat 4: MauroxElCria folded before Flop (didn't bet)
Seat 5: Darkstarzac folded before Flop (didn't bet)
Seat 6: Mahu2021 collected ($0.25)



PokerStars Zoom Hand #255245071132:  Hold'em No Limit ($0.05/$0.10) - 2025/03/11 22:05:45 CET [2025/03/11 17:05:45 ET]
Table 'Aludra' 6-max Seat #1 is the button
Seat 1: pougia777 ($10.10 in chips) 
Seat 2: camposiza ($15.38 in chips) 
Seat 3: SAVKA71 ($4.44 in chips) 
Seat 4: Beste_Whizz ($10.82 in chips) 
Seat 5: JonKing75 ($26.88 in chips) 
Seat 6: Mahu2021 ($9.23 in chips) 
camposiza: posts small blind $0.05
SAVKA71: posts big blind $0.10
*** HOLE CARDS ***
Dealt to Mahu2021 [Th 6h]
Beste_Whizz: folds 
JonKing75: folds 
Mahu2021: folds 
pougia777: raises $0.20 to $0.30
camposiza: calls $0.25
SAVKA71: folds 
*** FLOP *** [2h Ts 5c]
camposiza: checks 
pougia777: bets $0.34
camposiza: calls $0.34
*** TURN *** [2h Ts 5c] [Jc]
camposiza: checks 
pougia777: checks 
*** RIVER *** [2h Ts 5c Jc] [5d]
camposiza: bets $0.66
pougia777: folds 
Uncalled bet ($0.66) returned to camposiza
camposiza collected $1.32 from pot
camposiza: doesn't show hand 
*** SUMMARY ***
Total pot $1.38 | Rake $0.06 
Board [2h Ts 5c Jc 5d]
Seat 1: pougia777 (button) folded on the River
Seat 2: camposiza (small blind) collected ($1.32)
Seat 3: SAVKA71 (big blind) folded before Flop
Seat 4: Beste_Whizz folded before Flop (didn't bet)
Seat 5: JonKing75 folded before Flop (didn't bet)
Seat 6: Mahu2021 folded before Flop (didn't bet)



PokerStars Zoom Hand #255245080065:  Hold'em No Limit ($0.05/$0.10) - 2025/03/11 22:06:15 CET [2025/03/11 17:06:15 ET]
Table 'Aludra' 6-max Seat #1 is the button
Seat 1: AndresAbus88 ($2.28 in chips) 
Seat 2: $ergentu$tar ($11.80 in chips) 
Seat 3: Mahu2021 ($9.38 in chips) 
Seat 4: clickandcry ($10.82 in chips) 
Seat 5: 4etkiu ($5.49 in chips) 
Seat 6: kimonozygo ($10.44 in chips) 
$ergentu$tar: posts small blind $0.05
Mahu2021: posts big blind $0.10
*** HOLE CARDS ***
Dealt to Mahu2021 [3s 5s]
clickandcry: folds 
4etkiu: folds 
kimonozygo: folds 
AndresAbus88: folds 
$ergentu$tar: raises $0.20 to $0.30
Mahu2021: calls $0.20
*** FLOP *** [7c 3d Kc]
$ergentu$tar: bets $0.19
Mahu2021: calls $0.19
*** TURN *** [7c 3d Kc] [Ac]
$ergentu$tar: bets $0.57
Mahu2021: folds 
Uncalled bet ($0.57) returned to $ergentu$tar
$ergentu$tar collected $0.94 from pot
$ergentu$tar: doesn't show hand 
*** SUMMARY ***
Total pot $0.98 | Rake $0.04 
Board [7c 3d Kc Ac]
Seat 1: AndresAbus88 (button) folded before Flop (didn't bet)
Seat 2: $ergentu$tar (small blind) collected ($0.94)
Seat 3: Mahu2021 (big blind) folded on the Turn
Seat 4: clickandcry folded before Flop (didn't bet)
Seat 5: 4etkiu folded before Flop (didn't bet)
Seat 6: kimonozygo folded before Flop (didn't bet)



PokerStars Zoom Hand #255245092944:  Hold'em No Limit ($0.05/$0.10) - 2025/03/11 22:06:58 CET [2025/03/11 17:06:58 ET]
Table 'Aludra' 6-max Seat #1 is the button
Seat 1: KGralu ($6.90 in chips) 
Seat 2: Mahu2021 ($8.89 in chips) 
Seat 3: shalombro1 ($12.51 in chips) 
Seat 4: oocs ($19.41 in chips) 
Seat 5: ostant ($10.75 in chips) 
Seat 6: VadnaiG ($12.50 in chips) 
Mahu2021: posts small blind $0.05
shalombro1: posts big blind $0.10
*** HOLE CARDS ***
Dealt to Mahu2021 [Qc 6h]
oocs: folds 
ostant: folds 
VadnaiG: folds 
KGralu: folds 
Mahu2021: folds 
Uncalled bet ($0.05) returned to shalombro1
shalombro1 collected $0.10 from pot
shalombro1: doesn't show hand 
*** SUMMARY ***
Total pot $0.10 | Rake $0 
Seat 1: KGralu (button) folded before Flop (didn't bet)
Seat 2: Mahu2021 (small blind) folded before Flop
Seat 3: shalombro1 (big blind) collected ($0.10)
Seat 4: oocs folded before Flop (didn't bet)
Seat 5: ostant folded before Flop (didn't bet)
Seat 6: VadnaiG folded before Flop (didn't bet)



PokerStars Zoom Hand #255245094266:  Hold'em No Limit ($0.05/$0.10) - 2025/03/11 22:07:03 CET [2025/03/11 17:07:03 ET]
Table 'Aludra' 6-max Seat #1 is the button
Seat 1: Mahu2021 ($8.84 in chips) 
Seat 2: JessyPop ($15.09 in chips) 
Seat 3: petrov14 ($15.20 in chips) 
Seat 4: slevencdiachel ($12.94 in chips) 
Seat 5: BuBBleBoy548 ($55.69 in chips) 
Seat 6: starkmage ($12.43 in chips) 
JessyPop: posts small blind $0.05
petrov14: posts big blind $0.10
*** HOLE CARDS ***
Dealt to Mahu2021 [9s 4s]
slevencdiachel: folds 
BuBBleBoy548: folds 
starkmage: folds 
Mahu2021: folds 
JessyPop: folds 
Uncalled bet ($0.05) returned to petrov14
petrov14 collected $0.10 from pot
petrov14: doesn't show hand 
*** SUMMARY ***
Total pot $0.10 | Rake $0 
Seat 1: Mahu2021 (button) folded before Flop (didn't bet)
Seat 2: JessyPop (small blind) folded before Flop
Seat 3: petrov14 (big blind) collected ($0.10)
Seat 4: slevencdiachel folded before Flop (didn't bet)
Seat 5: BuBBleBoy548 folded before Flop (didn't bet)
Seat 6: starkmage folded before Flop (didn't bet)



PokerStars Zoom Hand #255245096429:  Hold'em No Limit ($0.05/$0.10) - 2025/03/11 22:07:10 CET [2025/03/11 17:07:10 ET]
Table 'Aludra' 6-max Seat #1 is the button
Seat 1: flens75go ($18.33 in chips) 
Seat 2: Footraiser ($15.04 in chips) 
Seat 3: starkmage ($12.43 in chips) 
Seat 4: agusdecarca ($10.05 in chips) 
Seat 5: Mark4757 ($14.51 in chips) 
Seat 6: Mahu2021 ($8.84 in chips) 
Footraiser: posts small blind $0.05
starkmage: posts big blind $0.10
*** HOLE CARDS ***
Dealt to Mahu2021 [2s 5h]
agusdecarca: raises $0.15 to $0.25
Mark4757: folds 
Mahu2021: folds 
flens75go: folds 
Footraiser: folds 
starkmage: folds 
Uncalled bet ($0.15) returned to agusdecarca
agusdecarca collected $0.25 from pot
agusdecarca: doesn't show hand 
*** SUMMARY ***
Total pot $0.25 | Rake $0 
Seat 1: flens75go (button) folded before Flop (didn't bet)
Seat 2: Footraiser (small blind) folded before Flop
Seat 3: starkmage (big blind) folded before Flop
Seat 4: agusdecarca collected ($0.25)
Seat 5: Mark4757 folded before Flop (didn't bet)
Seat 6: Mahu2021 folded before Flop (didn't bet)



PokerStars Zoom Hand #255245097413:  Hold'em No Limit ($0.05/$0.10) - 2025/03/11 22:07:14 CET [2025/03/11 17:07:14 ET]
Table 'Aludra' 6-max Seat #1 is the button
Seat 1: JonKing75 ($10 in chips) 
Seat 2: Mahu2021 ($8.84 in chips) 
Seat 3: ThomasJ76 ($10.15 in chips) 
Seat 4: Footraiser ($14.99 in chips) 
Seat 5: 1HungryPanda ($14.93 in chips) 
Seat 6: slevencdiachel ($12.94 in chips) 
Mahu2021: posts small blind $0.05
ThomasJ76: posts big blind $0.10
*** HOLE CARDS ***
Dealt to Mahu2021 [8d 7d]
Footraiser: raises $0.15 to $0.25
1HungryPanda: folds 
slevencdiachel: folds 
JonKing75: folds 
Mahu2021: calls $0.20
ThomasJ76: folds 
*** FLOP *** [Qh 9d 9c]
Mahu2021: checks 
Footraiser: bets $0.29
Mahu2021: folds 
Uncalled bet ($0.29) returned to Footraiser
Footraiser collected $0.57 from pot
Footraiser: doesn't show hand 
*** SUMMARY ***
Total pot $0.60 | Rake $0.03 
Board [Qh 9d 9c]
Seat 1: JonKing75 (button) folded before Flop (didn't bet)
Seat 2: Mahu2021 (small blind) folded on the Flop
Seat 3: ThomasJ76 (big blind) folded before Flop
Seat 4: Footraiser collected ($0.57)
Seat 5: 1HungryPanda folded before Flop (didn't bet)
Seat 6: slevencdiachel folded before Flop (didn't bet)



PokerStars Zoom Hand #255245095278:  Hold'em No Limit ($0.05/$0.10) - 2025/03/11 22:07:06 CET [2025/03/11 17:07:06 ET]
Table 'Aludra' 6-max Seat #1 is the button
Seat 1: RocketMaro12 ($10.31 in chips) 
Seat 2: BenJJones ($18.58 in chips) 
Seat 3: FSVBasti2712 ($10.34 in chips) 
Seat 4: LOL- DONK 22 ($10.56 in chips) 
Seat 5: Mahu2021 ($8.84 in chips) 
Seat 6: Grinsekatze97 ($9.90 in chips) 
BenJJones: posts small blind $0.05
FSVBasti2712: posts big blind $0.10
*** HOLE CARDS ***
Dealt to Mahu2021 [5h 8h]
LOL- DONK 22: raises $0.16 to $0.26
Mahu2021: folds 
Grinsekatze97: calls $0.26
RocketMaro12: folds 
BenJJones: calls $0.21
FSVBasti2712: folds 
*** FLOP *** [Js 7s 9c]
BenJJones: checks 
LOL- DONK 22: bets $0.43
Grinsekatze97: calls $0.43
BenJJones: calls $0.43
*** TURN *** [Js 7s 9c] [Ad]
BenJJones: checks 
LOL- DONK 22: checks 
Grinsekatze97: checks 
*** RIVER *** [Js 7s 9c Ad] [Qc]
BenJJones: bets $1
LOL- DONK 22: calls $1
Grinsekatze97: folds 
*** SHOW DOWN ***
BenJJones: shows [Ah Tc] (a pair of Aces)
LOL- DONK 22: shows [Jh Qd] (two pair, Queens and Jacks)
LOL- DONK 22 collected $3.98 from pot
*** SUMMARY ***
Total pot $4.17 | Rake $0.19 
Board [Js 7s 9c Ad Qc]
Seat 1: RocketMaro12 (button) folded before Flop (didn't bet)
Seat 2: BenJJones (small blind) showed [Ah Tc] and lost with a pair of Aces
Seat 3: FSVBasti2712 (big blind) folded before Flop
Seat 4: LOL- DONK 22 showed [Jh Qd] and won ($3.98) with two pair, Queens and Jacks
Seat 5: Mahu2021 folded before Flop (didn't bet)
Seat 6: Grinsekatze97 folded on the River



PokerStars Zoom Hand #255245106118:  Hold'em No Limit ($0.05/$0.10) - 2025/03/11 22:07:43 CET [2025/03/11 17:07:43 ET]
Table 'Aludra' 6-max Seat #1 is the button
Seat 1: Sanjireyes ($24.45 in chips) 
Seat 2: KGralu ($6.90 in chips) 
Seat 3: kimonozygo ($10.44 in chips) 
Seat 4: Mahu2021 ($8.59 in chips) 
Seat 5: ahmat star ($9.17 in chips) 
Seat 6: prettika ($9.45 in chips) 
KGralu: posts small blind $0.05
kimonozygo: posts big blind $0.10
*** HOLE CARDS ***
Dealt to Mahu2021 [7h 3s]
Mahu2021: folds 
ahmat star: folds 
prettika: raises $0.10 to $0.20
Sanjireyes: folds 
KGralu: calls $0.15
kimonozygo: folds 
*** FLOP *** [8s 3h Ac]
KGralu: checks 
prettika: bets $0.24
KGralu: calls $0.24
*** TURN *** [8s 3h Ac] [8h]
KGralu: checks 
prettika: checks 
*** RIVER *** [8s 3h Ac 8h] [7d]
KGralu: checks 
prettika: checks 
*** SHOW DOWN ***
KGralu: shows [Ks 9s] (a pair of Eights)
prettika: shows [Qc Kd] (a pair of Eights - Ace+King+Queen kicker)
prettika collected $0.94 from pot
*** SUMMARY ***
Total pot $0.98 | Rake $0.04 
Board [8s 3h Ac 8h 7d]
Seat 1: Sanjireyes (button) folded before Flop (didn't bet)
Seat 2: KGralu (small blind) showed [Ks 9s] and lost with a pair of Eights
Seat 3: kimonozygo (big blind) folded before Flop
Seat 4: Mahu2021 folded before Flop (didn't bet)
Seat 5: ahmat star folded before Flop (didn't bet)
Seat 6: prettika showed [Qc Kd] and won ($0.94) with a pair of Eights



PokerStars Zoom Hand #255245107257:  Hold'em No Limit ($0.05/$0.10) - 2025/03/11 22:07:47 CET [2025/03/11 17:07:47 ET]
Table 'Aludra' 6-max Seat #1 is the button
Seat 1: ddoctah ($15.86 in chips) 
Seat 2: JonKing75 ($26.58 in chips) 
Seat 3: Mahu2021 ($8.59 in chips) 
Seat 4: ahmat star ($9.17 in chips) 
Seat 5: calum101 ($15.81 in chips) 
Seat 6: Lenusia392 ($3.55 in chips) 
JonKing75: posts small blind $0.05
Mahu2021: posts big blind $0.10
*** HOLE CARDS ***
Dealt to Mahu2021 [Jc Ad]
ahmat star: folds 
calum101: raises $0.15 to $0.25
Lenusia392: folds 
ddoctah: folds 
JonKing75: folds 
Mahu2021: calls $0.15
*** FLOP *** [8h Qh Ks]
Mahu2021: checks 
calum101: bets $0.13
Mahu2021: raises $0.37 to $0.50
calum101: calls $0.37
*** TURN *** [8h Qh Ks] [5c]
Mahu2021: checks 
calum101: checks 
*** RIVER *** [8h Qh Ks 5c] [Ah]
Mahu2021: bets $0.50
calum101: raises $1.75 to $2.25
Mahu2021: calls $1.75
*** SHOW DOWN ***
calum101: shows [Kh 7h] (a flush, Ace high)
Mahu2021: mucks hand 
calum101 collected $5.78 from pot
*** SUMMARY ***
Total pot $6.05 | Rake $0.27 
Board [8h Qh Ks 5c Ah]
Seat 1: ddoctah (button) folded before Flop (didn't bet)
Seat 2: JonKing75 (small blind) folded before Flop
Seat 3: Mahu2021 (big blind) mucked [Jc Ad]
Seat 4: ahmat star folded before Flop (didn't bet)
Seat 5: calum101 showed [Kh 7h] and won ($5.78) with a flush, Ace high
Seat 6: Lenusia392 folded before Flop (didn't bet)



PokerStars Zoom Hand #255245127577:  Hold'em No Limit ($0.05/$0.10) - 2025/03/11 22:08:57 CET [2025/03/11 17:08:57 ET]
Table 'Aludra' 6-max Seat #1 is the button
Seat 1: victorffc ($11.46 in chips) 
Seat 2: EL AS BS AS ($12.34 in chips) 
Seat 3: Smailodon ($5 in chips) 
Seat 4: slevencdiachel ($12.65 in chips) 
Seat 5: Mahu2021 ($5.59 in chips) 
Seat 6: Sn1p3rBR ($14.31 in chips) 
EL AS BS AS: posts small blind $0.05
Smailodon: posts big blind $0.10
*** HOLE CARDS ***
Dealt to Mahu2021 [7s Kh]
slevencdiachel: folds 
Mahu2021: folds 
Sn1p3rBR: folds 
victorffc: folds 
EL AS BS AS: raises $0.20 to $0.30
Smailodon: folds 
Uncalled bet ($0.20) returned to EL AS BS AS
EL AS BS AS collected $0.20 from pot
EL AS BS AS: doesn't show hand 
*** SUMMARY ***
Total pot $0.20 | Rake $0 
Seat 1: victorffc (button) folded before Flop (didn't bet)
Seat 2: EL AS BS AS (small blind) collected ($0.20)
Seat 3: Smailodon (big blind) folded before Flop
Seat 4: slevencdiachel folded before Flop (didn't bet)
Seat 5: Mahu2021 folded before Flop (didn't bet)
Seat 6: Sn1p3rBR folded before Flop (didn't bet)



PokerStars Zoom Hand #255245128646:  Hold'em No Limit ($0.05/$0.10) - 2025/03/11 22:09:01 CET [2025/03/11 17:09:01 ET]
Table 'Aludra' 6-max Seat #1 is the button
Seat 1: Sn1p3rBR ($10 in chips) 
Seat 2: JessyPop ($14.53 in chips) 
Seat 3: VadnaiG ($10.15 in chips) 
Seat 4: Mahu2021 ($5.59 in chips) 
Seat 5: starkmage ($16.37 in chips) 
Seat 6: Mark4757 ($14.83 in chips) 
JessyPop: posts small blind $0.05
VadnaiG: posts big blind $0.10
*** HOLE CARDS ***
Dealt to Mahu2021 [Tc 6d]
Mahu2021: folds 
starkmage: folds 
Mark4757: folds 
Sn1p3rBR: raises $0.15 to $0.25
JessyPop: folds 
VadnaiG: folds 
Uncalled bet ($0.15) returned to Sn1p3rBR
Sn1p3rBR collected $0.25 from pot
Sn1p3rBR: doesn't show hand 
*** SUMMARY ***
Total pot $0.25 | Rake $0 
Seat 1: Sn1p3rBR (button) collected ($0.25)
Seat 2: JessyPop (small blind) folded before Flop
Seat 3: VadnaiG (big blind) folded before Flop
Seat 4: Mahu2021 folded before Flop (didn't bet)
Seat 5: starkmage folded before Flop (didn't bet)
Seat 6: Mark4757 folded before Flop (didn't bet)



PokerStars Zoom Hand #255245130828:  Hold'em No Limit ($0.05/$0.10) - 2025/03/11 22:09:08 CET [2025/03/11 17:09:08 ET]
Table 'Aludra' 6-max Seat #1 is the button
Seat 1: Grinsekatze97 ($10.42 in chips) 
Seat 2: elvenu ($13.16 in chips) 
Seat 3: Mahu2021 ($5.59 in chips) 
Seat 4: slevencdiachel ($12.60 in chips) 
Seat 5: oocs ($15.97 in chips) 
Seat 6: yEyoU ($10 in chips) 
elvenu: posts small blind $0.05
Mahu2021: posts big blind $0.10
*** HOLE CARDS ***
Dealt to Mahu2021 [6s 3s]
slevencdiachel: folds 
oocs: folds 
yEyoU: folds 
Grinsekatze97: folds 
elvenu: raises $0.20 to $0.30
Mahu2021: calls $0.20
*** FLOP *** [4c Qs Kh]
elvenu: bets $0.30
Mahu2021: folds 
Uncalled bet ($0.30) returned to elvenu
elvenu collected $0.57 from pot
elvenu: doesn't show hand 
*** SUMMARY ***
Total pot $0.60 | Rake $0.03 
Board [4c Qs Kh]
Seat 1: Grinsekatze97 (button) folded before Flop (didn't bet)
Seat 2: elvenu (small blind) collected ($0.57)
Seat 3: Mahu2021 (big blind) folded on the Flop
Seat 4: slevencdiachel folded before Flop (didn't bet)
Seat 5: oocs folded before Flop (didn't bet)
Seat 6: yEyoU folded before Flop (didn't bet)



PokerStars Zoom Hand #255245129820:  Hold'em No Limit ($0.05/$0.10) - 2025/03/11 22:09:05 CET [2025/03/11 17:09:05 ET]
Table 'Aludra' 6-max Seat #1 is the button
Seat 1: JessyPop ($14.48 in chips) 
Seat 2: Carlos Ne258 ($8.86 in chips) 
Seat 3: JIucu4ka ($4.80 in chips) 
Seat 4: Mahu2021 ($5.59 in chips) 
Seat 5: Pataplan ($5 in chips) 
Seat 6: GrozovaIra ($15.56 in chips) 
Carlos Ne258: posts small blind $0.05
JIucu4ka: posts big blind $0.10
*** HOLE CARDS ***
Dealt to Mahu2021 [2s 8h]
Mahu2021: folds 
Pataplan: folds 
GrozovaIra: folds 
JessyPop: folds 
Carlos Ne258: raises $0.10 to $0.20
JIucu4ka: calls $0.10
*** FLOP *** [Js 7s Ts]
Carlos Ne258: checks 
JIucu4ka: bets $0.10
Carlos Ne258: folds 
Uncalled bet ($0.10) returned to JIucu4ka
JIucu4ka collected $0.38 from pot
JIucu4ka: doesn't show hand 
*** SUMMARY ***
Total pot $0.40 | Rake $0.02 
Board [Js 7s Ts]
Seat 1: JessyPop (button) folded before Flop (didn't bet)
Seat 2: Carlos Ne258 (small blind) folded on the Flop
Seat 3: JIucu4ka (big blind) collected ($0.38)
Seat 4: Mahu2021 folded before Flop (didn't bet)
Seat 5: Pataplan folded before Flop (didn't bet)
Seat 6: GrozovaIra folded before Flop (didn't bet)



PokerStars Zoom Hand #255245126332:  Hold'em No Limit ($0.05/$0.10) - 2025/03/11 22:08:53 CET [2025/03/11 17:08:53 ET]
Table 'Aludra' 6-max Seat #1 is the button
Seat 1: Mahu2021 ($5.59 in chips) 
Seat 2: petrov14 ($15.70 in chips) 
Seat 3: yEyoU ($19.18 in chips) 
Seat 4: BuBBleBoy548 ($55.39 in chips) 
Seat 5: pepe198880 ($7.81 in chips) 
Seat 6: SkyBoy23 ($10.05 in chips) 
petrov14: posts small blind $0.05
yEyoU: posts big blind $0.10
*** HOLE CARDS ***
Dealt to Mahu2021 [5h 9s]
BuBBleBoy548: folds 
pepe198880: raises $0.20 to $0.30
SkyBoy23: raises $0.60 to $0.90
Mahu2021: folds 
petrov14: folds 
yEyoU: folds 
pepe198880: calls $0.60
*** FLOP *** [5d 8h 3d]
pepe198880: checks 
SkyBoy23: bets $1.45
pepe198880: folds 
Uncalled bet ($1.45) returned to SkyBoy23
SkyBoy23 collected $1.86 from pot
SkyBoy23: doesn't show hand 
*** SUMMARY ***
Total pot $1.95 | Rake $0.09 
Board [5d 8h 3d]
Seat 1: Mahu2021 (button) folded before Flop (didn't bet)
Seat 2: petrov14 (small blind) folded before Flop
Seat 3: yEyoU (big blind) folded before Flop
Seat 4: BuBBleBoy548 folded before Flop (didn't bet)
Seat 5: pepe198880 folded on the Flop
Seat 6: SkyBoy23 collected ($1.86)



PokerStars Zoom Hand #255245136463:  Hold'em No Limit ($0.05/$0.10) - 2025/03/11 22:09:28 CET [2025/03/11 17:09:28 ET]
Table 'Aludra' 6-max Seat #1 is the button
Seat 1: yEyoU ($10 in chips) 
Seat 2: Mahu2021 ($5.29 in chips) 
Seat 3: BrotherDore ($10.45 in chips) 
Seat 4: ThomasJ76 ($10.10 in chips) 
Seat 5: EL AS BS AS ($11.26 in chips) 
Seat 6: victorffc ($12.21 in chips) 
Mahu2021: posts small blind $0.05
BrotherDore: posts big blind $0.10
*** HOLE CARDS ***
Dealt to Mahu2021 [Kh 8s]
ThomasJ76 has timed out
ThomasJ76: folds 
EL AS BS AS: folds 
victorffc: folds 
yEyoU: raises $0.20 to $0.30
Mahu2021: folds 
BrotherDore: folds 
Uncalled bet ($0.20) returned to yEyoU
yEyoU collected $0.25 from pot
yEyoU: doesn't show hand 
*** SUMMARY ***
Total pot $0.25 | Rake $0 
Seat 1: yEyoU (button) collected ($0.25)
Seat 2: Mahu2021 (small blind) folded before Flop
Seat 3: BrotherDore (big blind) folded before Flop
Seat 4: ThomasJ76 folded before Flop (didn't bet)
Seat 5: EL AS BS AS folded before Flop (didn't bet)
Seat 6: victorffc folded before Flop (didn't bet)



PokerStars Zoom Hand #255245137595:  Hold'em No Limit ($0.05/$0.10) - 2025/03/11 22:09:32 CET [2025/03/11 17:09:32 ET]
Table 'Aludra' 6-max Seat #1 is the button
Seat 1: Mahu2021 ($5.24 in chips) 
Seat 2: TomandJerry45 ($7.22 in chips) 
Seat 3: ostant ($22.45 in chips) 
Seat 4: ZAURBEKK2013 ($10.10 in chips) 
Seat 5: reaffiliate ($20.19 in chips) 
Seat 6: Strelets.UA ($10 in chips) 
TomandJerry45: posts small blind $0.05
ostant: posts big blind $0.10
*** HOLE CARDS ***
Dealt to Mahu2021 [8s Ts]
ZAURBEKK2013: raises $0.15 to $0.25
reaffiliate: calls $0.25
Strelets.UA: folds 
Mahu2021: calls $0.25
TomandJerry45: raises $0.25 to $0.50
ostant: folds 
ZAURBEKK2013: calls $0.25
reaffiliate: calls $0.25
Mahu2021: calls $0.25
*** FLOP *** [7c Jd 9s]
TomandJerry45: checks 
ZAURBEKK2013: checks 
reaffiliate: checks 
Mahu2021: bets $1
TomandJerry45: calls $1
ZAURBEKK2013: calls $1
reaffiliate: folds 
*** TURN *** [7c Jd 9s] [6h]
TomandJerry45: checks 
ZAURBEKK2013: checks 
Mahu2021: bets $3.74 and is all-in
TomandJerry45: folds 
ZAURBEKK2013: folds 
Uncalled bet ($3.74) returned to Mahu2021
Mahu2021 collected $4.87 from pot
Mahu2021: doesn't show hand 
*** SUMMARY ***
Total pot $5.10 | Rake $0.23 
Board [7c Jd 9s 6h]
Seat 1: Mahu2021 (button) collected ($4.87)
Seat 2: TomandJerry45 (small blind) folded on the Turn
Seat 3: ostant (big blind) folded before Flop
Seat 4: ZAURBEKK2013 folded on the Turn
Seat 5: reaffiliate folded on the Flop
Seat 6: Strelets.UA folded before Flop (didn't bet)



PokerStars Zoom Hand #255245154630:  Hold'em No Limit ($0.05/$0.10) - 2025/03/11 22:10:31 CET [2025/03/11 17:10:31 ET]
Table 'Aludra' 6-max Seat #1 is the button
Seat 1: 1HungryPanda ($17.55 in chips) 
Seat 2: Grinsekatze97 ($10.26 in chips) 
Seat 3: Apollolol ($14.26 in chips) 
Seat 4: yEyoU ($10.42 in chips) 
Seat 5: VadnaiG ($10.50 in chips) 
Seat 6: Mahu2021 ($8.61 in chips) 
Grinsekatze97: posts small blind $0.05
Apollolol: posts big blind $0.10
*** HOLE CARDS ***
Dealt to Mahu2021 [2d Qd]
yEyoU: raises $0.10 to $0.20
VadnaiG: folds 
Mahu2021: folds 
1HungryPanda: folds 
Grinsekatze97: folds 
Apollolol: folds 
Uncalled bet ($0.10) returned to yEyoU
yEyoU collected $0.25 from pot
yEyoU: doesn't show hand 
*** SUMMARY ***
Total pot $0.25 | Rake $0 
Seat 1: 1HungryPanda (button) folded before Flop (didn't bet)
Seat 2: Grinsekatze97 (small blind) folded before Flop
Seat 3: Apollolol (big blind) folded before Flop
Seat 4: yEyoU collected ($0.25)
Seat 5: VadnaiG folded before Flop (didn't bet)
Seat 6: Mahu2021 folded before Flop (didn't bet)



PokerStars Zoom Hand #255245157159:  Hold'em No Limit ($0.05/$0.10) - 2025/03/11 22:10:40 CET [2025/03/11 17:10:40 ET]
Table 'Aludra' 6-max Seat #1 is the button
Seat 1: Hybrid1878 ($22.40 in chips) 
Seat 2: ddoctah ($17.54 in chips) 
Seat 3: CHANCER808 ($13.64 in chips) 
Seat 4: Mahu2021 ($8.61 in chips) 
Seat 5: 1HungryPanda ($17.55 in chips) 
Seat 6: Strelets.UA ($10.82 in chips) 
ddoctah: posts small blind $0.05
CHANCER808: posts big blind $0.10
*** HOLE CARDS ***
Dealt to Mahu2021 [As Ks]
Mahu2021: raises $0.14 to $0.24
1HungryPanda: folds 
Strelets.UA: folds 
Hybrid1878: folds 
ddoctah: folds 
CHANCER808: calls $0.14
*** FLOP *** [Qh Kd 8s]
CHANCER808: checks 
Mahu2021: bets $0.30
CHANCER808: calls $0.30
*** TURN *** [Qh Kd 8s] [Th]
CHANCER808: checks 
Mahu2021: bets $1.08
CHANCER808: folds 
Uncalled bet ($1.08) returned to Mahu2021
Mahu2021 collected $1.08 from pot
Mahu2021: doesn't show hand 
*** SUMMARY ***
Total pot $1.13 | Rake $0.05 
Board [Qh Kd 8s Th]
Seat 1: Hybrid1878 (button) folded before Flop (didn't bet)
Seat 2: ddoctah (small blind) folded before Flop
Seat 3: CHANCER808 (big blind) folded on the Turn
Seat 4: Mahu2021 collected ($1.08)
Seat 5: 1HungryPanda folded before Flop (didn't bet)
Seat 6: Strelets.UA folded before Flop (didn't bet)



PokerStars Zoom Hand #255245165554:  Hold'em No Limit ($0.05/$0.10) - 2025/03/11 22:11:10 CET [2025/03/11 17:11:10 ET]
Table 'Aludra' 6-max Seat #1 is the button
Seat 1: calum101 ($21.04 in chips) 
Seat 2: SkyBoy23 ($21.82 in chips) 
Seat 3: Hybrid1878 ($25.29 in chips) 
Seat 4: Smdpair77 ($38.90 in chips) 
Seat 5: JonKing75 ($19.12 in chips) 
Seat 6: Mahu2021 ($9.15 in chips) 
SkyBoy23: posts small blind $0.05
Hybrid1878: posts big blind $0.10
*** HOLE CARDS ***
Dealt to Mahu2021 [9c Qd]
Smdpair77: folds 
JonKing75: folds 
Mahu2021: folds 
calum101: folds 
SkyBoy23: raises $0.20 to $0.30
Hybrid1878: folds 
Uncalled bet ($0.20) returned to SkyBoy23
SkyBoy23 collected $0.20 from pot
SkyBoy23: doesn't show hand 
*** SUMMARY ***
Total pot $0.20 | Rake $0 
Seat 1: calum101 (button) folded before Flop (didn't bet)
Seat 2: SkyBoy23 (small blind) collected ($0.20)
Seat 3: Hybrid1878 (big blind) folded before Flop
Seat 4: Smdpair77 folded before Flop (didn't bet)
Seat 5: JonKing75 folded before Flop (didn't bet)
Seat 6: Mahu2021 folded before Flop (didn't bet)



PokerStars Zoom Hand #255245167209:  Hold'em No Limit ($0.05/$0.10) - 2025/03/11 22:11:16 CET [2025/03/11 17:11:16 ET]
Table 'Aludra' 6-max Seat #1 is the button
Seat 1: pougia777 ($10 in chips) 
Seat 2: JonKing75 ($15.50 in chips) 
Seat 3: Mahu2021 ($9.15 in chips) 
Seat 4: SkyBoy23 ($13.08 in chips) 
Seat 5: Grinsekatze97 ($9.52 in chips) 
Seat 6: GoodGame1989 ($10 in chips) 
JonKing75: posts small blind $0.05
Mahu2021: posts big blind $0.10
*** HOLE CARDS ***
Dealt to Mahu2021 [8c 8h]
SkyBoy23: folds 
Grinsekatze97: raises $0.15 to $0.25
GoodGame1989: folds 
pougia777: folds 
JonKing75: folds 
Mahu2021: calls $0.15
*** FLOP *** [Kh 5h Ah]
Mahu2021: checks 
Grinsekatze97: bets $0.27
Mahu2021: calls $0.27
*** TURN *** [Kh 5h Ah] [Ks]
Mahu2021: checks 
Grinsekatze97: bets $0.80
Mahu2021: folds 
Uncalled bet ($0.80) returned to Grinsekatze97
Grinsekatze97 collected $1.04 from pot
Grinsekatze97: doesn't show hand 
*** SUMMARY ***
Total pot $1.09 | Rake $0.05 
Board [Kh 5h Ah Ks]
Seat 1: pougia777 (button) folded before Flop (didn't bet)
Seat 2: JonKing75 (small blind) folded before Flop
Seat 3: Mahu2021 (big blind) folded on the Turn
Seat 4: SkyBoy23 folded before Flop (didn't bet)
Seat 5: Grinsekatze97 collected ($1.04)
Seat 6: GoodGame1989 folded before Flop (didn't bet)



PokerStars Zoom Hand #255245176548:  Hold'em No Limit ($0.05/$0.10) - 2025/03/11 22:11:49 CET [2025/03/11 17:11:49 ET]
Table 'Aludra' 6-max Seat #1 is the button
Seat 1: G.Baris78 ($6.16 in chips) 
Seat 2: Mahu2021 ($8.63 in chips) 
Seat 3: Apollolol ($18.32 in chips) 
Seat 4: EL AS BS AS ($12.36 in chips) 
Seat 5: KGralu ($12.56 in chips) 
Seat 6: JonKing75 ($15.45 in chips) 
Mahu2021: posts small blind $0.05
Apollolol: posts big blind $0.10
*** HOLE CARDS ***
Dealt to Mahu2021 [8d 8s]
EL AS BS AS: folds 
KGralu: raises $0.20 to $0.30
JonKing75: folds 
G.Baris78: folds 
Mahu2021: calls $0.25
Apollolol: folds 
*** FLOP *** [Qc As 6d]
Mahu2021: checks 
KGralu: bets $0.34
Mahu2021: folds 
Uncalled bet ($0.34) returned to KGralu
KGralu collected $0.67 from pot
KGralu: doesn't show hand 
*** SUMMARY ***
Total pot $0.70 | Rake $0.03 
Board [Qc As 6d]
Seat 1: G.Baris78 (button) folded before Flop (didn't bet)
Seat 2: Mahu2021 (small blind) folded on the Flop
Seat 3: Apollolol (big blind) folded before Flop
Seat 4: EL AS BS AS folded before Flop (didn't bet)
Seat 5: KGralu collected ($0.67)
Seat 6: JonKing75 folded before Flop (didn't bet)



PokerStars Zoom Hand #255245183597:  Hold'em No Limit ($0.05/$0.10) - 2025/03/11 22:12:14 CET [2025/03/11 17:12:14 ET]
Table 'Aludra' 6-max Seat #1 is the button
Seat 1: Mahu2021 ($8.33 in chips) 
Seat 2: reaffiliate ($8.20 in chips) 
Seat 3: GrozovaIra ($10 in chips) 
Seat 4: Apollolol ($10 in chips) 
Seat 5: clickandcry ($11 in chips) 
Seat 6: oocs ($12.77 in chips) 
reaffiliate: posts small blind $0.05
GrozovaIra: posts big blind $0.10
*** HOLE CARDS ***
Dealt to Mahu2021 [5d 9d]
Apollolol: folds 
clickandcry: raises $0.20 to $0.30
oocs: folds 
Mahu2021: folds 
reaffiliate: folds 
GrozovaIra: folds 
Uncalled bet ($0.20) returned to clickandcry
clickandcry collected $0.25 from pot
clickandcry: doesn't show hand 
*** SUMMARY ***
Total pot $0.25 | Rake $0 
Seat 1: Mahu2021 (button) folded before Flop (didn't bet)
Seat 2: reaffiliate (small blind) folded before Flop
Seat 3: GrozovaIra (big blind) folded before Flop
Seat 4: Apollolol folded before Flop (didn't bet)
Seat 5: clickandcry collected ($0.25)
Seat 6: oocs folded before Flop (didn't bet)



PokerStars Zoom Hand #255245182237:  Hold'em No Limit ($0.05/$0.10) - 2025/03/11 22:12:09 CET [2025/03/11 17:12:09 ET]
Table 'Aludra' 6-max Seat #1 is the button
Seat 1: Smdpair77 ($38.48 in chips) 
Seat 2: ComplyOrDie8 ($23.69 in chips) 
Seat 3: Cash_4077 ($21.45 in chips) 
Seat 4: GrozovaIra ($15.23 in chips) 
Seat 5: Mahu2021 ($8.33 in chips) 
Seat 6: starkmage ($16.27 in chips) 
ComplyOrDie8: posts small blind $0.05
Cash_4077: posts big blind $0.10
*** HOLE CARDS ***
Dealt to Mahu2021 [6d Qc]
GrozovaIra: folds 
Mahu2021: folds 
starkmage: raises $0.20 to $0.30
Smdpair77: folds 
ComplyOrDie8: folds 
Cash_4077: folds 
Uncalled bet ($0.20) returned to starkmage
starkmage collected $0.25 from pot
starkmage: doesn't show hand 
*** SUMMARY ***
Total pot $0.25 | Rake $0 
Seat 1: Smdpair77 (button) folded before Flop (didn't bet)
Seat 2: ComplyOrDie8 (small blind) folded before Flop
Seat 3: Cash_4077 (big blind) folded before Flop
Seat 4: GrozovaIra folded before Flop (didn't bet)
Seat 5: Mahu2021 folded before Flop (didn't bet)
Seat 6: starkmage collected ($0.25)



PokerStars Zoom Hand #255245184867:  Hold'em No Limit ($0.05/$0.10) - 2025/03/11 22:12:18 CET [2025/03/11 17:12:18 ET]
Table 'Aludra' 6-max Seat #1 is the button
Seat 1: Apollolol ($10 in chips) 
Seat 2: SkyBoy23 ($10.60 in chips) 
Seat 3: Strelets.UA ($11.89 in chips) 
Seat 4: ddoctah ($21.07 in chips) 
Seat 5: Mahu2021 ($8.33 in chips) 
Seat 6: Maestro90208 ($29.53 in chips) 
SkyBoy23: posts small blind $0.05
Strelets.UA: posts big blind $0.10
*** HOLE CARDS ***
Dealt to Mahu2021 [Qh 9d]
ddoctah: folds 
Mahu2021: raises $0.14 to $0.24
Maestro90208: folds 
Apollolol: folds 
SkyBoy23: folds 
Strelets.UA: folds 
Uncalled bet ($0.14) returned to Mahu2021
Mahu2021 collected $0.25 from pot
Mahu2021: doesn't show hand 
*** SUMMARY ***
Total pot $0.25 | Rake $0 
Seat 1: Apollolol (button) folded before Flop (didn't bet)
Seat 2: SkyBoy23 (small blind) folded before Flop
Seat 3: Strelets.UA (big blind) folded before Flop
Seat 4: ddoctah folded before Flop (didn't bet)
Seat 5: Mahu2021 collected ($0.25)
Seat 6: Maestro90208 folded before Flop (didn't bet)



PokerStars Zoom Hand #255245189174:  Hold'em No Limit ($0.05/$0.10) - 2025/03/11 22:12:33 CET [2025/03/11 17:12:33 ET]
Table 'Aludra' 6-max Seat #1 is the button
Seat 1: SkyBoy23 ($10.55 in chips) 
Seat 2: cornetto07 ($10 in chips) 
Seat 3: oocs ($14.09 in chips) 
Seat 4: Mahu2021 ($8.48 in chips) 
Seat 5: tobillon3110 ($10.35 in chips) 
Seat 6: victorffc ($14.48 in chips) 
cornetto07: posts small blind $0.05
oocs: posts big blind $0.10
*** HOLE CARDS ***
Dealt to Mahu2021 [As 3h]
Mahu2021: folds 
tobillon3110: folds 
victorffc: folds 
SkyBoy23: folds 
cornetto07: raises $0.20 to $0.30
oocs: calls $0.20
*** FLOP *** [9c 6c Jh]
cornetto07: bets $0.47
oocs: folds 
Uncalled bet ($0.47) returned to cornetto07
cornetto07 collected $0.57 from pot
cornetto07: doesn't show hand 
*** SUMMARY ***
Total pot $0.60 | Rake $0.03 
Board [9c 6c Jh]
Seat 1: SkyBoy23 (button) folded before Flop (didn't bet)
Seat 2: cornetto07 (small blind) collected ($0.57)
Seat 3: oocs (big blind) folded on the Flop
Seat 4: Mahu2021 folded before Flop (didn't bet)
Seat 5: tobillon3110 folded before Flop (didn't bet)
Seat 6: victorffc folded before Flop (didn't bet)



PokerStars Zoom Hand #255245191696:  Hold'em No Limit ($0.05/$0.10) - 2025/03/11 22:12:42 CET [2025/03/11 17:12:42 ET]
Table 'Aludra' 6-max Seat #1 is the button
Seat 1: ProjectPokerPro ($10.30 in chips) 
Seat 2: Mahu2021 ($8.48 in chips) 
Seat 3: bliblablupbp ($10.10 in chips) 
Seat 4: Ozias01 ($14.72 in chips) 
Seat 5: pepe198880 ($7.92 in chips) 
Seat 6: Hvat ($5 in chips) 
Mahu2021: posts small blind $0.05
bliblablupbp: posts big blind $0.10
*** HOLE CARDS ***
Dealt to Mahu2021 [Ks Kd]
Ozias01: folds 
pepe198880: raises $0.20 to $0.30
Hvat: folds 
ProjectPokerPro: folds 
Mahu2021: raises $8.18 to $8.48 and is all-in
bliblablupbp: folds 
pepe198880: folds 
Uncalled bet ($8.18) returned to Mahu2021
Mahu2021 collected $0.70 from pot
Mahu2021: doesn't show hand 
*** SUMMARY ***
Total pot $0.70 | Rake $0 
Seat 1: ProjectPokerPro (button) folded before Flop (didn't bet)
Seat 2: Mahu2021 (small blind) collected ($0.70)
Seat 3: bliblablupbp (big blind) folded before Flop
Seat 4: Ozias01 folded before Flop (didn't bet)
Seat 5: pepe198880 folded before Flop
Seat 6: Hvat folded before Flop (didn't bet)



PokerStars Zoom Hand #255245190808:  Hold'em No Limit ($0.05/$0.10) - 2025/03/11 22:12:38 CET [2025/03/11 17:12:38 ET]
Table 'Aludra' 6-max Seat #1 is the button
Seat 1: SlipperySealion ($22.33 in chips) 
Seat 2: JIucu4ka ($4.98 in chips) 
Seat 3: Sn1p3rBR ($11.70 in chips) 
Seat 4: JessyPop ($14.67 in chips) 
Seat 5: Mangostar28 ($4.47 in chips) 
Seat 6: Mahu2021 ($8.48 in chips) 
JIucu4ka: posts small blind $0.05
Sn1p3rBR: posts big blind $0.10
*** HOLE CARDS ***
Dealt to Mahu2021 [4c Qs]
JessyPop: folds 
Mangostar28: folds 
Mahu2021: folds 
SlipperySealion: raises $0.15 to $0.25
JIucu4ka: raises $0.63 to $0.88
Sn1p3rBR: folds 
SlipperySealion: folds 
Uncalled bet ($0.63) returned to JIucu4ka
JIucu4ka collected $0.60 from pot
JIucu4ka: doesn't show hand 
*** SUMMARY ***
Total pot $0.60 | Rake $0 
Seat 1: SlipperySealion (button) folded before Flop
Seat 2: JIucu4ka (small blind) collected ($0.60)
Seat 3: Sn1p3rBR (big blind) folded before Flop
Seat 4: JessyPop folded before Flop (didn't bet)
Seat 5: Mangostar28 folded before Flop (didn't bet)
Seat 6: Mahu2021 folded before Flop (didn't bet)



PokerStars Zoom Hand #255245196975:  Hold'em No Limit ($0.05/$0.10) - 2025/03/11 22:13:00 CET [2025/03/11 17:13:00 ET]
Table 'Aludra' 6-max Seat #1 is the button
Seat 1: Mahu2021 ($8.88 in chips) 
Seat 2: SkyBoy23 ($12.88 in chips) 
Seat 3: Pataplan ($5 in chips) 
Seat 4: Smailodon ($3.53 in chips) 
Seat 5: SownedxD ($11.63 in chips) 
Seat 6: Pacca20 ($14.34 in chips) 
SkyBoy23: posts small blind $0.05
Pataplan: posts big blind $0.10
*** HOLE CARDS ***
Dealt to Mahu2021 [6s 8d]
Smailodon: folds 
SownedxD: folds 
Pacca20: folds 
Mahu2021: folds 
SkyBoy23: folds 
Uncalled bet ($0.05) returned to Pataplan
Pataplan collected $0.10 from pot
Pataplan: doesn't show hand 
*** SUMMARY ***
Total pot $0.10 | Rake $0 
Seat 1: Mahu2021 (button) folded before Flop (didn't bet)
Seat 2: SkyBoy23 (small blind) folded before Flop
Seat 3: Pataplan (big blind) collected ($0.10)
Seat 4: Smailodon folded before Flop (didn't bet)
Seat 5: SownedxD folded before Flop (didn't bet)
Seat 6: Pacca20 folded before Flop (didn't bet)



PokerStars Zoom Hand #255245197811:  Hold'em No Limit ($0.05/$0.10) - 2025/03/11 22:13:03 CET [2025/03/11 17:13:03 ET]
Table 'Aludra' 6-max Seat #1 is the button
Seat 1: ComplyOrDie8 ($14 in chips) 
Seat 2: Smdpair77 ($13.18 in chips) 
Seat 3: Mahu2021 ($8.88 in chips) 
Seat 4: SAVKA71 ($8.74 in chips) 
Seat 5: SlipperySealion ($31.59 in chips) 
Seat 6: ZAURBEKK2013 ($14.24 in chips) 
Smdpair77: posts small blind $0.05
Mahu2021: posts big blind $0.10
*** HOLE CARDS ***
Dealt to Mahu2021 [5s Qh]
SAVKA71: raises $0.10 to $0.20
SlipperySealion: folds 
ZAURBEKK2013: folds 
ComplyOrDie8: folds 
Smdpair77: folds 
Mahu2021: folds 
Uncalled bet ($0.10) returned to SAVKA71
SAVKA71 collected $0.25 from pot
SAVKA71: doesn't show hand 
*** SUMMARY ***
Total pot $0.25 | Rake $0 
Seat 1: ComplyOrDie8 (button) folded before Flop (didn't bet)
Seat 2: Smdpair77 (small blind) folded before Flop
Seat 3: Mahu2021 (big blind) folded before Flop
Seat 4: SAVKA71 collected ($0.25)
Seat 5: SlipperySealion folded before Flop (didn't bet)
Seat 6: ZAURBEKK2013 folded before Flop (didn't bet)



PokerStars Zoom Hand #255245198967:  Hold'em No Limit ($0.05/$0.10) - 2025/03/11 22:13:07 CET [2025/03/11 17:13:07 ET]
Table 'Aludra' 6-max Seat #1 is the button
Seat 1: SlipperySealion ($21.98 in chips) 
Seat 2: 4etkiu ($9.08 in chips) 
Seat 3: Smailodon ($3.53 in chips) 
Seat 4: Smdpair77 ($13.13 in chips) 
Seat 5: Mahu2021 ($8.78 in chips) 
Seat 6: slevencdiachel ($13.98 in chips) 
4etkiu: posts small blind $0.05
Smailodon: posts big blind $0.10
*** HOLE CARDS ***
Dealt to Mahu2021 [3h Kh]
Smdpair77: folds 
Mahu2021: folds 
slevencdiachel: folds 
SlipperySealion: folds 
4etkiu: folds 
Uncalled bet ($0.05) returned to Smailodon
Smailodon collected $0.10 from pot
Smailodon: doesn't show hand 
*** SUMMARY ***
Total pot $0.10 | Rake $0 
Seat 1: SlipperySealion (button) folded before Flop (didn't bet)
Seat 2: 4etkiu (small blind) folded before Flop
Seat 3: Smailodon (big blind) collected ($0.10)
Seat 4: Smdpair77 folded before Flop (didn't bet)
Seat 5: Mahu2021 folded before Flop (didn't bet)
Seat 6: slevencdiachel folded before Flop (didn't bet)



PokerStars Zoom Hand #255245202715:  Hold'em No Limit ($0.05/$0.10) - 2025/03/11 22:13:20 CET [2025/03/11 17:13:20 ET]
Table 'Aludra' 6-max Seat #1 is the button
Seat 1: Hvat ($5 in chips) 
Seat 2: figaroo2 ($11.08 in chips) 
Seat 3: xavi66 ($10.50 in chips) 
Seat 4: GrozovaIra ($10 in chips) 
Seat 5: LOL- DONK 22 ($14.95 in chips) 
Seat 6: Mahu2021 ($8.78 in chips) 
figaroo2: posts small blind $0.05
xavi66: posts big blind $0.10
*** HOLE CARDS ***
Dealt to Mahu2021 [3c As]
GrozovaIra: folds 
LOL- DONK 22: folds 
Mahu2021: folds 
Hvat: folds 
figaroo2: folds 
Uncalled bet ($0.05) returned to xavi66
xavi66 collected $0.10 from pot
xavi66: doesn't show hand 
*** SUMMARY ***
Total pot $0.10 | Rake $0 
Seat 1: Hvat (button) folded before Flop (didn't bet)
Seat 2: figaroo2 (small blind) folded before Flop
Seat 3: xavi66 (big blind) collected ($0.10)
Seat 4: GrozovaIra folded before Flop (didn't bet)
Seat 5: LOL- DONK 22 folded before Flop (didn't bet)
Seat 6: Mahu2021 folded before Flop (didn't bet)



PokerStars Zoom Hand #255245200587:  Hold'em No Limit ($0.05/$0.10) - 2025/03/11 22:13:13 CET [2025/03/11 17:13:13 ET]
Table 'Aludra' 6-max Seat #1 is the button
Seat 1: EL AS BS AS ($12.52 in chips) 
Seat 2: G.Baris78 ($4.59 in chips) 
Seat 3: Narangonis ($9.71 in chips) 
Seat 4: Mahu2021 ($8.78 in chips) 
Seat 5: Pataplan ($4.20 in chips) 
Seat 6: Grinsekatze97 ($10.59 in chips) 
G.Baris78: posts small blind $0.05
Narangonis: posts big blind $0.10
*** HOLE CARDS ***
Dealt to Mahu2021 [4c 3d]
Mahu2021: folds 
Pataplan: folds 
Grinsekatze97: folds 
EL AS BS AS: raises $0.16 to $0.26
G.Baris78: folds 
Narangonis: calls $0.16
*** FLOP *** [8d 6d 2s]
Narangonis: checks 
EL AS BS AS: bets $0.18
Narangonis: calls $0.18
*** TURN *** [8d 6d 2s] [Qc]
Narangonis: checks 
EL AS BS AS: bets $0.50
Narangonis: calls $0.50
*** RIVER *** [8d 6d 2s Qc] [9s]
Narangonis: checks 
EL AS BS AS: checks 
*** SHOW DOWN ***
Narangonis: shows [Td 7d] (a straight, Six to Ten)
EL AS BS AS: mucks hand 
Narangonis collected $1.82 from pot
*** SUMMARY ***
Total pot $1.93 | Rake $0.11 
Board [8d 6d 2s Qc 9s]
Seat 1: EL AS BS AS (button) mucked [Qh Js]
Seat 2: G.Baris78 (small blind) folded before Flop
Seat 3: Narangonis (big blind) showed [Td 7d] and won ($1.82) with a straight, Six to Ten
Seat 4: Mahu2021 folded before Flop (didn't bet)
Seat 5: Pataplan folded before Flop (didn't bet)
Seat 6: Grinsekatze97 folded before Flop (didn't bet)



PokerStars Zoom Hand #255245201695:  Hold'em No Limit ($0.05/$0.10) - 2025/03/11 22:13:17 CET [2025/03/11 17:13:17 ET]
Table 'Aludra' 6-max Seat #1 is the button
Seat 1: starkmage ($15.52 in chips) 
Seat 2: BankaiKK ($7.49 in chips) 
Seat 3: Fuchs225 ($12.77 in chips) 
Seat 4: Mahu2021 ($8.78 in chips) 
Seat 5: VadnaiG ($18.56 in chips) 
Seat 6: victorffc ($12.04 in chips) 
BankaiKK: posts small blind $0.05
Fuchs225: posts big blind $0.10
*** HOLE CARDS ***
Dealt to Mahu2021 [7s Qh]
Mahu2021: folds 
VadnaiG: raises $0.12 to $0.22
victorffc: folds 
starkmage: folds 
BankaiKK: calls $0.17
Fuchs225: folds 
*** FLOP *** [7d 5s 3h]
BankaiKK: bets $0.26
VadnaiG: calls $0.26
*** TURN *** [7d 5s 3h] [4c]
BankaiKK: bets $0.51
VadnaiG: calls $0.51
*** RIVER *** [7d 5s 3h 4c] [Qs]
BankaiKK: bets $0.30
VadnaiG: calls $0.30
*** SHOW DOWN ***
BankaiKK: shows [Tc Th] (a pair of Tens)
VadnaiG: shows [Jc Jd] (a pair of Jacks)
VadnaiG collected $2.56 from pot
*** SUMMARY ***
Total pot $2.68 | Rake $0.12 
Board [7d 5s 3h 4c Qs]
Seat 1: starkmage (button) folded before Flop (didn't bet)
Seat 2: BankaiKK (small blind) showed [Tc Th] and lost with a pair of Tens
Seat 3: Fuchs225 (big blind) folded before Flop
Seat 4: Mahu2021 folded before Flop (didn't bet)
Seat 5: VadnaiG showed [Jc Jd] and won ($2.56) with a pair of Jacks
Seat 6: victorffc folded before Flop (didn't bet)



PokerStars Zoom Hand #255245207002:  Hold'em No Limit ($0.05/$0.10) - 2025/03/11 22:13:35 CET [2025/03/11 17:13:35 ET]
Table 'Aludra' 6-max Seat #1 is the button
Seat 1: 4etkiu ($9.08 in chips) 
Seat 2: Mahu2021 ($8.68 in chips) 
Seat 3: WakeUpcoaching ($9.95 in chips) 
Seat 4: oocs ($10.05 in chips) 
Seat 5: Apollolol ($10.15 in chips) 
Seat 6: SlipperySealion ($31.44 in chips) 
Mahu2021: posts small blind $0.05
WakeUpcoaching: posts big blind $0.10
*** HOLE CARDS ***
Dealt to Mahu2021 [8s 6s]
oocs: folds 
Apollolol: folds 
SlipperySealion: folds 
4etkiu: raises $0.10 to $0.20
Mahu2021: calls $0.15
WakeUpcoaching: folds 
*** FLOP *** [4h Qd Jc]
Mahu2021: checks 
4etkiu: bets $0.38
Mahu2021: folds 
Uncalled bet ($0.38) returned to 4etkiu
4etkiu collected $0.48 from pot
4etkiu: doesn't show hand 
*** SUMMARY ***
Total pot $0.50 | Rake $0.02 
Board [4h Qd Jc]
Seat 1: 4etkiu (button) collected ($0.48)
Seat 2: Mahu2021 (small blind) folded on the Flop
Seat 3: WakeUpcoaching (big blind) folded before Flop
Seat 4: oocs folded before Flop (didn't bet)
Seat 5: Apollolol folded before Flop (didn't bet)
Seat 6: SlipperySealion folded before Flop (didn't bet)



PokerStars Zoom Hand #255245203980:  Hold'em No Limit ($0.05/$0.10) - 2025/03/11 22:13:25 CET [2025/03/11 17:13:25 ET]
Table 'Aludra' 6-max Seat #1 is the button
Seat 1: alan87cg ($15.14 in chips) 
Seat 2: Hybrid1878 ($24.83 in chips) 
Seat 3: Mahu2021 ($8.78 in chips) 
Seat 4: ostant ($10.60 in chips) 
Seat 5: WakeUpcoaching ($9.70 in chips) 
Seat 6: agusdecarca ($25.23 in chips) 
Hybrid1878: posts small blind $0.05
Mahu2021: posts big blind $0.10
*** HOLE CARDS ***
Dealt to Mahu2021 [Kc 2s]
ostant: folds 
WakeUpcoaching: raises $0.20 to $0.30
agusdecarca: folds 
alan87cg: calls $0.30
Hybrid1878: folds 
Mahu2021: folds 
*** FLOP *** [9s 4h 7c]
WakeUpcoaching: checks 
alan87cg: bets $0.36
WakeUpcoaching: calls $0.36
*** TURN *** [9s 4h 7c] [7h]
WakeUpcoaching: checks 
alan87cg: bets $0.90
WakeUpcoaching: calls $0.90
*** RIVER *** [9s 4h 7c 7h] [Ac]
WakeUpcoaching: checks 
alan87cg: bets $2.10
WakeUpcoaching: folds 
Uncalled bet ($2.10) returned to alan87cg
alan87cg collected $3.12 from pot
alan87cg: doesn't show hand 
*** SUMMARY ***
Total pot $3.27 | Rake $0.15 
Board [9s 4h 7c 7h Ac]
Seat 1: alan87cg (button) collected ($3.12)
Seat 2: Hybrid1878 (small blind) folded before Flop
Seat 3: Mahu2021 (big blind) folded before Flop
Seat 4: ostant folded before Flop (didn't bet)
Seat 5: WakeUpcoaching folded on the River
Seat 6: agusdecarca folded before Flop (didn't bet)



PokerStars Zoom Hand #255245214931:  Hold'em No Limit ($0.05/$0.10) - 2025/03/11 22:14:03 CET [2025/03/11 17:14:03 ET]
Table 'Aludra' 6-max Seat #1 is the button
Seat 1: Mahu2021 ($8.48 in chips) 
Seat 2: GrozovaIra ($15.63 in chips) 
Seat 3: BenJJones ($10.12 in chips) 
Seat 4: Mark4757 ($10.25 in chips) 
Seat 5: calum101 ($13.32 in chips) 
Seat 6: ProjectPokerPro ($13.40 in chips) 
GrozovaIra: posts small blind $0.05
BenJJones: posts big blind $0.10
*** HOLE CARDS ***
Dealt to Mahu2021 [2d 2h]
Mark4757: folds 
calum101: folds 
ProjectPokerPro: folds 
Mahu2021: raises $0.20 to $0.30
GrozovaIra: folds 
BenJJones: folds 
Uncalled bet ($0.20) returned to Mahu2021
Mahu2021 collected $0.25 from pot
Mahu2021: doesn't show hand 
*** SUMMARY ***
Total pot $0.25 | Rake $0 
Seat 1: Mahu2021 (button) collected ($0.25)
Seat 2: GrozovaIra (small blind) folded before Flop
Seat 3: BenJJones (big blind) folded before Flop
Seat 4: Mark4757 folded before Flop (didn't bet)
Seat 5: calum101 folded before Flop (didn't bet)
Seat 6: ProjectPokerPro folded before Flop (didn't bet)



PokerStars Zoom Hand #255245225682:  Hold'em No Limit ($0.05/$0.10) - 2025/03/11 22:14:41 CET [2025/03/11 17:14:41 ET]
Table 'Aludra' 6-max Seat #1 is the button
Seat 1: 4etkiu ($9.36 in chips) 
Seat 2: SownedxD ($16.60 in chips) 
Seat 3: Mahu2021 ($8.63 in chips) 
Seat 4: samoraize ($12.96 in chips) 
Seat 5: ahmat star ($7.67 in chips) 
Seat 6: SlipperySealion ($49.58 in chips) 
SownedxD: posts small blind $0.05
Mahu2021: posts big blind $0.10
*** HOLE CARDS ***
Dealt to Mahu2021 [2s 3h]
samoraize: calls $0.10
ahmat star: folds 
SlipperySealion: folds 
4etkiu: folds 
SownedxD: folds 
Mahu2021: checks 
*** FLOP *** [4d 7h 5h]
Mahu2021: checks 
samoraize: bets $0.30
Mahu2021: calls $0.30
*** TURN *** [4d 7h 5h] [9c]
Mahu2021: checks 
samoraize: checks 
*** RIVER *** [4d 7h 5h 9c] [Kd]
Mahu2021: checks 
samoraize: checks 
*** SHOW DOWN ***
Mahu2021: shows [2s 3h] (high card King)
samoraize: shows [6c 5c] (a pair of Fives)
samoraize collected $0.81 from pot
*** SUMMARY ***
Total pot $0.85 | Rake $0.04 
Board [4d 7h 5h 9c Kd]
Seat 1: 4etkiu (button) folded before Flop (didn't bet)
Seat 2: SownedxD (small blind) folded before Flop
Seat 3: Mahu2021 (big blind) showed [2s 3h] and lost with high card King
Seat 4: samoraize showed [6c 5c] and won ($0.81) with a pair of Fives
Seat 5: ahmat star folded before Flop (didn't bet)
Seat 6: SlipperySealion folded before Flop (didn't bet)



PokerStars Zoom Hand #255245232631:  Hold'em No Limit ($0.05/$0.10) - 2025/03/11 22:15:05 CET [2025/03/11 17:15:05 ET]
Table 'Aludra' 6-max Seat #1 is the button
Seat 1: Sn1p3rBR ($12.16 in chips) 
Seat 2: oocs ($10.15 in chips) 
Seat 3: Strelets.UA ($11.54 in chips) 
Seat 4: pougia777 ($10 in chips) 
Seat 5: Smdpair77 ($9.22 in chips) 
Seat 6: Mahu2021 ($8.23 in chips) 
oocs: posts small blind $0.05
Strelets.UA: posts big blind $0.10
*** HOLE CARDS ***
Dealt to Mahu2021 [4h 2d]
pougia777: folds 
Smdpair77: folds 
Mahu2021: folds 
Sn1p3rBR: folds 
oocs: raises $0.20 to $0.30
Strelets.UA: folds 
Uncalled bet ($0.20) returned to oocs
oocs collected $0.20 from pot
oocs: doesn't show hand 
*** SUMMARY ***
Total pot $0.20 | Rake $0 
Seat 1: Sn1p3rBR (button) folded before Flop (didn't bet)
Seat 2: oocs (small blind) collected ($0.20)
Seat 3: Strelets.UA (big blind) folded before Flop
Seat 4: pougia777 folded before Flop (didn't bet)
Seat 5: Smdpair77 folded before Flop (didn't bet)
Seat 6: Mahu2021 folded before Flop (didn't bet)



PokerStars Zoom Hand #255245234057:  Hold'em No Limit ($0.05/$0.10) - 2025/03/11 22:15:10 CET [2025/03/11 17:15:10 ET]
Table 'Aludra' 6-max Seat #1 is the button
Seat 1: Apollolol ($9.95 in chips) 
Seat 2: Mahu2021 ($8.23 in chips) 
Seat 3: SAVKA71 ($4.98 in chips) 
Seat 4: elvenu ($10.54 in chips) 
Seat 5: ProjectPokerPro ($10.04 in chips) 
Seat 6: flens75go ($27.83 in chips) 
Mahu2021: posts small blind $0.05
SAVKA71: posts big blind $0.10
*** HOLE CARDS ***
Dealt to Mahu2021 [Qh 3d]
elvenu: folds 
ProjectPokerPro: folds 
flens75go: folds 
Apollolol: raises $0.10 to $0.20
Mahu2021: folds 
SAVKA71: folds 
Uncalled bet ($0.10) returned to Apollolol
Apollolol collected $0.25 from pot
Apollolol: doesn't show hand 
*** SUMMARY ***
Total pot $0.25 | Rake $0 
Seat 1: Apollolol (button) collected ($0.25)
Seat 2: Mahu2021 (small blind) folded before Flop
Seat 3: SAVKA71 (big blind) folded before Flop
Seat 4: elvenu folded before Flop (didn't bet)
Seat 5: ProjectPokerPro folded before Flop (didn't bet)
Seat 6: flens75go folded before Flop (didn't bet)



PokerStars Zoom Hand #255245224158:  Hold'em No Limit ($0.05/$0.10) - 2025/03/11 22:14:35 CET [2025/03/11 17:14:35 ET]
Table 'Aludra' 6-max Seat #1 is the button
Seat 1: JonKing75 ($18.80 in chips) 
Seat 2: clickandcry ($11.59 in chips) 
Seat 3: slevencdiachel ($13.32 in chips) 
Seat 4: pougia777 ($13.54 in chips) 
Seat 5: Mahu2021 ($8.63 in chips) 
Seat 6: starkmage ($15.42 in chips) 
clickandcry: posts small blind $0.05
slevencdiachel: posts big blind $0.10
*** HOLE CARDS ***
Dealt to Mahu2021 [5s Ks]
pougia777: folds 
Mahu2021: folds 
starkmage: folds 
JonKing75: folds 
clickandcry: raises $0.20 to $0.30
slevencdiachel: raises $0.60 to $0.90
clickandcry: calls $0.60
*** FLOP *** [Qs 9h 6h]
clickandcry: checks 
slevencdiachel: checks 
*** TURN *** [Qs 9h 6h] [8s]
clickandcry: checks 
slevencdiachel: checks 
*** RIVER *** [Qs 9h 6h 8s] [Ad]
clickandcry: checks 
slevencdiachel: checks 
*** SHOW DOWN ***
clickandcry: shows [Kd Jh] (high card Ace)
slevencdiachel: shows [6d 4s] (a pair of Sixes)
slevencdiachel collected $1.72 from pot
*** SUMMARY ***
Total pot $1.80 | Rake $0.08 
Board [Qs 9h 6h 8s Ad]
Seat 1: JonKing75 (button) folded before Flop (didn't bet)
Seat 2: clickandcry (small blind) showed [Kd Jh] and lost with high card Ace
Seat 3: slevencdiachel (big blind) showed [6d 4s] and won ($1.72) with a pair of Sixes
Seat 4: pougia777 folded before Flop (didn't bet)
Seat 5: Mahu2021 folded before Flop (didn't bet)
Seat 6: starkmage folded before Flop (didn't bet)



PokerStars Zoom Hand #255245235230:  Hold'em No Limit ($0.05/$0.10) - 2025/03/11 22:15:14 CET [2025/03/11 17:15:14 ET]
Table 'Aludra' 6-max Seat #1 is the button
Seat 1: calum101 ($13.12 in chips) 
Seat 2: JonKing75 ($21.70 in chips) 
Seat 3: MicZnuk ($9.85 in chips) 
Seat 4: swimboi01 ($7.09 in chips) 
Seat 5: Mahu2021 ($8.18 in chips) 
Seat 6: JAntdog ($12.46 in chips) 
JonKing75: posts small blind $0.05
MicZnuk: posts big blind $0.10
*** HOLE CARDS ***
Dealt to Mahu2021 [8s 8c]
swimboi01: calls $0.10
Mahu2021: calls $0.10
JAntdog: folds 
calum101: folds 
JonKing75: calls $0.05
MicZnuk: checks 
*** FLOP *** [9h Jd Ts]
JonKing75: checks 
MicZnuk: checks 
swimboi01: checks 
Mahu2021: bets $0.20
JonKing75: calls $0.20
MicZnuk: folds 
swimboi01: calls $0.20
*** TURN *** [9h Jd Ts] [2h]
JonKing75: checks 
swimboi01: checks 
Mahu2021: checks 
*** RIVER *** [9h Jd Ts 2h] [Qh]
JonKing75: checks 
swimboi01: bets $6.79 and is all-in
Mahu2021: folds 
JonKing75: folds 
Uncalled bet ($6.79) returned to swimboi01
swimboi01 collected $0.96 from pot
swimboi01: doesn't show hand 
*** SUMMARY ***
Total pot $1 | Rake $0.04 
Board [9h Jd Ts 2h Qh]
Seat 1: calum101 (button) folded before Flop (didn't bet)
Seat 2: JonKing75 (small blind) folded on the River
Seat 3: MicZnuk (big blind) folded on the Flop
Seat 4: swimboi01 collected ($0.96)
Seat 5: Mahu2021 folded on the River
Seat 6: JAntdog folded before Flop (didn't bet)



PokerStars Zoom Hand #255245248102:  Hold'em No Limit ($0.05/$0.10) - 2025/03/11 22:16:00 CET [2025/03/11 17:16:00 ET]
Table 'Aludra' 6-max Seat #1 is the button
Seat 1: yEyoU ($20.32 in chips) 
Seat 2: Grinsekatze97 ($9.86 in chips) 
Seat 3: Pacca20 ($19.28 in chips) 
Seat 4: Rob3rt000 ($19.65 in chips) 
Seat 5: Carlos Ne258 ($9.29 in chips) 
Seat 6: Mahu2021 ($7.88 in chips) 
Grinsekatze97: posts small blind $0.05
Pacca20: posts big blind $0.10
*** HOLE CARDS ***
Dealt to Mahu2021 [5s 4c]
Rob3rt000: folds 
Carlos Ne258: folds 
Mahu2021: folds 
yEyoU: folds 
Grinsekatze97: folds 
Uncalled bet ($0.05) returned to Pacca20
Pacca20 collected $0.10 from pot
Pacca20: doesn't show hand 
*** SUMMARY ***
Total pot $0.10 | Rake $0 
Seat 1: yEyoU (button) folded before Flop (didn't bet)
Seat 2: Grinsekatze97 (small blind) folded before Flop
Seat 3: Pacca20 (big blind) collected ($0.10)
Seat 4: Rob3rt000 folded before Flop (didn't bet)
Seat 5: Carlos Ne258 folded before Flop (didn't bet)
Seat 6: Mahu2021 folded before Flop (didn't bet)



PokerStars Zoom Hand #255245245787:  Hold'em No Limit ($0.05/$0.10) - 2025/03/11 22:15:52 CET [2025/03/11 17:15:52 ET]
Table 'Aludra' 6-max Seat #1 is the button
Seat 1: Mahu2021 ($7.88 in chips) 
Seat 2: Mozart440 ($10.71 in chips) 
Seat 3: KGralu ($4.66 in chips) 
Seat 4: mateo vivas ($8.67 in chips) 
Seat 5: Pacca20 ($13.16 in chips) 
Seat 6: numeraali ($9.85 in chips) 
Mozart440: posts small blind $0.05
KGralu: posts big blind $0.10
*** HOLE CARDS ***
Dealt to Mahu2021 [6s Ah]
mateo vivas: raises $0.16 to $0.26
Pacca20: calls $0.26
numeraali: folds 
Mahu2021: folds 
Mozart440: folds 
KGralu: folds 
*** FLOP *** [Kh Js 6d]
mateo vivas: checks 
Pacca20: checks 
*** TURN *** [Kh Js 6d] [Ks]
mateo vivas: bets $0.32
Pacca20: folds 
Uncalled bet ($0.32) returned to mateo vivas
mateo vivas collected $0.64 from pot
mateo vivas: doesn't show hand 
*** SUMMARY ***
Total pot $0.67 | Rake $0.03 
Board [Kh Js 6d Ks]
Seat 1: Mahu2021 (button) folded before Flop (didn't bet)
Seat 2: Mozart440 (small blind) folded before Flop
Seat 3: KGralu (big blind) folded before Flop
Seat 4: mateo vivas collected ($0.64)
Seat 5: Pacca20 folded on the Turn
Seat 6: numeraali folded before Flop (didn't bet)



PokerStars Zoom Hand #255245249178:  Hold'em No Limit ($0.05/$0.10) - 2025/03/11 22:16:04 CET [2025/03/11 17:16:04 ET]
Table 'Aludra' 6-max Seat #1 is the button
Seat 1: reaffiliate ($9.44 in chips) 
Seat 2: JonKing75 ($21.40 in chips) 
Seat 3: Mozart440 ($11.51 in chips) 
Seat 4: MicZnuk ($9.70 in chips) 
Seat 5: Mahu2021 ($7.88 in chips) 
Seat 6: starkmage ($21.59 in chips) 
JonKing75: posts small blind $0.05
Mozart440: posts big blind $0.10
*** HOLE CARDS ***
Dealt to Mahu2021 [Jc Jd]
MicZnuk: folds 
Mahu2021: raises $0.14 to $0.24
starkmage: calls $0.24
reaffiliate: folds 
JonKing75: raises $1.16 to $1.40
Mozart440: folds 
Mahu2021: calls $1.16
starkmage: folds 
*** FLOP *** [8h Qd 2c]
JonKing75: bets $0.99
Mahu2021: raises $5.49 to $6.48 and is all-in
JonKing75: folds 
Uncalled bet ($5.49) returned to Mahu2021
Mahu2021 collected $4.89 from pot
Mahu2021: doesn't show hand 
*** SUMMARY ***
Total pot $5.12 | Rake $0.23 
Board [8h Qd 2c]
Seat 1: reaffiliate (button) folded before Flop (didn't bet)
Seat 2: JonKing75 (small blind) folded on the Flop
Seat 3: Mozart440 (big blind) folded before Flop
Seat 4: MicZnuk folded before Flop (didn't bet)
Seat 5: Mahu2021 collected ($4.89)
Seat 6: starkmage folded before Flop



PokerStars Zoom Hand #255245256244:  Hold'em No Limit ($0.05/$0.10) - 2025/03/11 22:16:29 CET [2025/03/11 17:16:29 ET]
Table 'Aludra' 6-max Seat #1 is the button
Seat 1: ProjectPokerPro ($10.19 in chips) 
Seat 2: Mahu2021 ($10.38 in chips) 
Seat 3: JonKing75 ($19.01 in chips) 
Seat 4: MCliffey ($10.93 in chips) 
Seat 5: Sanjireyes ($20.49 in chips) 
Seat 6: ahmat star ($6.79 in chips) 
Mahu2021: posts small blind $0.05
JonKing75: posts big blind $0.10
*** HOLE CARDS ***
Dealt to Mahu2021 [Ks 9d]
MCliffey: folds 
Sanjireyes: folds 
ahmat star: folds 
ProjectPokerPro: raises $0.15 to $0.25
Mahu2021: folds 
JonKing75: calls $0.15
*** FLOP *** [6s 8c 5d]
JonKing75: checks 
ProjectPokerPro: checks 
*** TURN *** [6s 8c 5d] [Jd]
JonKing75: bets $0.40
ProjectPokerPro: folds 
Uncalled bet ($0.40) returned to JonKing75
JonKing75 collected $0.53 from pot
JonKing75: doesn't show hand 
*** SUMMARY ***
Total pot $0.55 | Rake $0.02 
Board [6s 8c 5d Jd]
Seat 1: ProjectPokerPro (button) folded on the Turn
Seat 2: Mahu2021 (small blind) folded before Flop
Seat 3: JonKing75 (big blind) collected ($0.53)
Seat 4: MCliffey folded before Flop (didn't bet)
Seat 5: Sanjireyes folded before Flop (didn't bet)
Seat 6: ahmat star folded before Flop (didn't bet)



PokerStars Zoom Hand #255245258214:  Hold'em No Limit ($0.05/$0.10) - 2025/03/11 22:16:36 CET [2025/03/11 17:16:36 ET]
Table 'Aludra' 6-max Seat #1 is the button
Seat 1: MyTHaeBoka ($11.05 in chips) 
Seat 2: reaffiliate ($19.60 in chips) 
Seat 3: Mahu2021 ($10.33 in chips) 
Seat 4: Hybrid1878 ($26.97 in chips) 
Seat 5: SkyBoy23 ($12.68 in chips) 
Seat 6: BenJJones ($33.19 in chips) 
reaffiliate: posts small blind $0.05
Mahu2021: posts big blind $0.10
*** HOLE CARDS ***
Dealt to Mahu2021 [4s 5s]
Hybrid1878: folds 
SkyBoy23: raises $0.10 to $0.20
BenJJones: folds 
MyTHaeBoka: folds 
reaffiliate: folds 
Mahu2021: calls $0.10
*** FLOP *** [Ah 3h 3d]
Mahu2021: checks 
SkyBoy23: bets $0.10
Mahu2021: calls $0.10
*** TURN *** [Ah 3h 3d] [Ac]
Mahu2021: checks 
SkyBoy23: bets $0.28
Mahu2021: folds 
Uncalled bet ($0.28) returned to SkyBoy23
SkyBoy23 collected $0.62 from pot
SkyBoy23: doesn't show hand 
*** SUMMARY ***
Total pot $0.65 | Rake $0.03 
Board [Ah 3h 3d Ac]
Seat 1: MyTHaeBoka (button) folded before Flop (didn't bet)
Seat 2: reaffiliate (small blind) folded before Flop
Seat 3: Mahu2021 (big blind) folded on the Turn
Seat 4: Hybrid1878 folded before Flop (didn't bet)
Seat 5: SkyBoy23 collected ($0.62)
Seat 6: BenJJones folded before Flop (didn't bet)



PokerStars Zoom Hand #255245272483:  Hold'em No Limit ($0.05/$0.10) - 2025/03/11 22:17:26 CET [2025/03/11 17:17:26 ET]
Table 'Aludra' 6-max Seat #1 is the button
Seat 1: WakeUpcoaching ($8.93 in chips) 
Seat 2: Ozias01 ($15.78 in chips) 
Seat 3: mateo vivas ($10.82 in chips) 
Seat 4: Mahu2021 ($10.03 in chips) 
Seat 5: shalombro1 ($21.52 in chips) 
Seat 6: Viton888 ($8.25 in chips) 
Ozias01: posts small blind $0.05
mateo vivas: posts big blind $0.10
*** HOLE CARDS ***
Dealt to Mahu2021 [4d 3s]
Mahu2021: folds 
shalombro1: folds 
Viton888: folds 
WakeUpcoaching: raises $0.12 to $0.22
Ozias01: raises $0.98 to $1.20
mateo vivas: folds 
WakeUpcoaching: folds 
Uncalled bet ($0.98) returned to Ozias01
Ozias01 collected $0.54 from pot
Ozias01: doesn't show hand 
*** SUMMARY ***
Total pot $0.54 | Rake $0 
Seat 1: WakeUpcoaching (button) folded before Flop
Seat 2: Ozias01 (small blind) collected ($0.54)
Seat 3: mateo vivas (big blind) folded before Flop
Seat 4: Mahu2021 folded before Flop (didn't bet)
Seat 5: shalombro1 folded before Flop (didn't bet)
Seat 6: Viton888 folded before Flop (didn't bet)



PokerStars Zoom Hand #255245286812:  Hold'em No Limit ($0.05/$0.10) - 2025/03/11 22:18:16 CET [2025/03/11 17:18:16 ET]
Table 'Aludra' 6-max Seat #1 is the button
Seat 1: calum101 ($11.71 in chips) 
Seat 2: victorffc ($13.02 in chips) 
Seat 3: JonKing75 ($10 in chips) 
Seat 4: Mahu2021 ($9.93 in chips) 
Seat 5: bliblablupbp ($20.10 in chips) 
Seat 6: VadnaiG ($10.20 in chips) 
victorffc: posts small blind $0.05
JonKing75: posts big blind $0.10
*** HOLE CARDS ***
Dealt to Mahu2021 [8c 9d]
Mahu2021: folds 
bliblablupbp: folds 
VadnaiG: folds 
calum101: folds 
victorffc: folds 
Uncalled bet ($0.05) returned to JonKing75
JonKing75 collected $0.10 from pot
JonKing75: doesn't show hand 
*** SUMMARY ***
Total pot $0.10 | Rake $0 
Seat 1: calum101 (button) folded before Flop (didn't bet)
Seat 2: victorffc (small blind) folded before Flop
Seat 3: JonKing75 (big blind) collected ($0.10)
Seat 4: Mahu2021 folded before Flop (didn't bet)
Seat 5: bliblablupbp folded before Flop (didn't bet)
Seat 6: VadnaiG folded before Flop (didn't bet)



PokerStars Zoom Hand #255245288524:  Hold'em No Limit ($0.05/$0.10) - 2025/03/11 22:18:22 CET [2025/03/11 17:18:22 ET]
Table 'Aludra' 6-max Seat #1 is the button
Seat 1: ComplyOrDie8 ($18.22 in chips) 
Seat 2: Strelets.UA ($10 in chips) 
Seat 3: Mahu2021 ($9.93 in chips) 
Seat 4: flens75go ($17.06 in chips) 
Seat 5: Footraiser ($16.46 in chips) 
Seat 6: Sn1p3rBR ($13.49 in chips) 
Strelets.UA: posts small blind $0.05
Mahu2021: posts big blind $0.10
*** HOLE CARDS ***
Dealt to Mahu2021 [Qc Td]
flens75go: folds 
Footraiser: folds 
Sn1p3rBR: folds 
ComplyOrDie8: folds 
Strelets.UA: folds 
Uncalled bet ($0.05) returned to Mahu2021
Mahu2021 collected $0.10 from pot
Mahu2021: doesn't show hand 
*** SUMMARY ***
Total pot $0.10 | Rake $0 
Seat 1: ComplyOrDie8 (button) folded before Flop (didn't bet)
Seat 2: Strelets.UA (small blind) folded before Flop
Seat 3: Mahu2021 (big blind) collected ($0.10)
Seat 4: flens75go folded before Flop (didn't bet)
Seat 5: Footraiser folded before Flop (didn't bet)
Seat 6: Sn1p3rBR folded before Flop (didn't bet)



PokerStars Zoom Hand #255245273606:  Hold'em No Limit ($0.05/$0.10) - 2025/03/11 22:17:30 CET [2025/03/11 17:17:30 ET]
Table 'Aludra' 6-max Seat #1 is the button
Seat 1: Mahu2021 ($10.03 in chips) 
Seat 2: ZAURBEKK2013 ($12.94 in chips) 
Seat 3: Apollolol ($10 in chips) 
Seat 4: GoodGame1989 ($10 in chips) 
Seat 5: Viton888 ($8.25 in chips) 
Seat 6: Gilmarlise ($5.02 in chips) 
ZAURBEKK2013: posts small blind $0.05
Apollolol: posts big blind $0.10
*** HOLE CARDS ***
Dealt to Mahu2021 [7c 7s]
GoodGame1989: folds 
Viton888: calls $0.10
Gilmarlise: calls $0.10
Mahu2021: calls $0.10
ZAURBEKK2013: calls $0.05
Apollolol: checks 
*** FLOP *** [4h Ks 8s]
ZAURBEKK2013: checks 
Apollolol: checks 
Viton888: checks 
Gilmarlise: checks 
Mahu2021: checks 
*** TURN *** [4h Ks 8s] [Qd]
ZAURBEKK2013: bets $0.16
Apollolol: folds 
Viton888: calls $0.16
Gilmarlise: folds 
Mahu2021: folds 
*** RIVER *** [4h Ks 8s Qd] [Js]
ZAURBEKK2013: checks 
Viton888: checks 
*** SHOW DOWN ***
ZAURBEKK2013: shows [Th Jh] (a pair of Jacks)
Viton888: mucks hand 
ZAURBEKK2013 collected $0.78 from pot
*** SUMMARY ***
Total pot $0.82 | Rake $0.04 
Board [4h Ks 8s Qd Js]
Seat 1: Mahu2021 (button) folded on the Turn
Seat 2: ZAURBEKK2013 (small blind) showed [Th Jh] and won ($0.78) with a pair of Jacks
Seat 3: Apollolol (big blind) folded on the Turn
Seat 4: GoodGame1989 folded before Flop (didn't bet)
Seat 5: Viton888 mucked [5d 6d]
Seat 6: Gilmarlise folded on the Turn



PokerStars Zoom Hand #255245287667:  Hold'em No Limit ($0.05/$0.10) - 2025/03/11 22:18:19 CET [2025/03/11 17:18:19 ET]
Table 'Aludra' 6-max Seat #1 is the button
Seat 1: WakeUpcoaching ($10 in chips) 
Seat 2: $ergentu$tar ($22.20 in chips) 
Seat 3: bliblablupbp ($20.10 in chips) 
Seat 4: Mahu2021 ($9.93 in chips) 
Seat 5: VadnaiG ($18.56 in chips) 
Seat 6: prettika ($9.95 in chips) 
$ergentu$tar: posts small blind $0.05
bliblablupbp: posts big blind $0.10
*** HOLE CARDS ***
Dealt to Mahu2021 [9s Kc]
Mahu2021: folds 
VadnaiG: folds 
prettika: raises $0.20 to $0.30
WakeUpcoaching: folds 
$ergentu$tar: folds 
bliblablupbp: calls $0.20
*** FLOP *** [Kh Th Kd]
bliblablupbp: checks 
prettika: bets $0.31
bliblablupbp: calls $0.31
*** TURN *** [Kh Th Kd] [7c]
bliblablupbp: checks 
prettika: bets $1.21
bliblablupbp: folds 
Uncalled bet ($1.21) returned to prettika
prettika collected $1.21 from pot
prettika: doesn't show hand 
*** SUMMARY ***
Total pot $1.27 | Rake $0.06 
Board [Kh Th Kd 7c]
Seat 1: WakeUpcoaching (button) folded before Flop (didn't bet)
Seat 2: $ergentu$tar (small blind) folded before Flop
Seat 3: bliblablupbp (big blind) folded on the Turn
Seat 4: Mahu2021 folded before Flop (didn't bet)
Seat 5: VadnaiG folded before Flop (didn't bet)
Seat 6: prettika collected ($1.21)



PokerStars Zoom Hand #255245294446:  Hold'em No Limit ($0.05/$0.10) - 2025/03/11 22:18:42 CET [2025/03/11 17:18:42 ET]
Table 'Aludra' 6-max Seat #1 is the button
Seat 1: mateo vivas ($11.99 in chips) 
Seat 2: Mangostar28 ($8.03 in chips) 
Seat 3: AES Edgard ($5.40 in chips) 
Seat 4: Aspablo1982 ($17.44 in chips) 
Seat 5: MicZnuk ($10.64 in chips) 
Seat 6: Mahu2021 ($9.98 in chips) 
Mangostar28: posts small blind $0.05
AES Edgard: posts big blind $0.10
*** HOLE CARDS ***
Dealt to Mahu2021 [Ks 7d]
Aspablo1982: folds 
MicZnuk: folds 
Mahu2021: folds 
mateo vivas: raises $0.16 to $0.26
Mangostar28: folds 
AES Edgard: calls $0.16
*** FLOP *** [6s 2c 6c]
AES Edgard: checks 
mateo vivas: checks 
*** TURN *** [6s 2c 6c] [8d]
AES Edgard: checks 
mateo vivas: bets $0.27
AES Edgard: folds 
Uncalled bet ($0.27) returned to mateo vivas
mateo vivas collected $0.54 from pot
mateo vivas: doesn't show hand 
*** SUMMARY ***
Total pot $0.57 | Rake $0.03 
Board [6s 2c 6c 8d]
Seat 1: mateo vivas (button) collected ($0.54)
Seat 2: Mangostar28 (small blind) folded before Flop
Seat 3: AES Edgard (big blind) folded on the Turn
Seat 4: Aspablo1982 folded before Flop (didn't bet)
Seat 5: MicZnuk folded before Flop (didn't bet)
Seat 6: Mahu2021 folded before Flop (didn't bet)



PokerStars Zoom Hand #255245295533:  Hold'em No Limit ($0.05/$0.10) - 2025/03/11 22:18:46 CET [2025/03/11 17:18:46 ET]
Table 'Aludra' 6-max Seat #1 is the button
Seat 1: ostant ($31.41 in chips) 
Seat 2: Mahu2021 ($9.98 in chips) 
Seat 3: Smdpair77 ($9.06 in chips) 
Seat 4: victorffc ($16.62 in chips) 
Seat 5: Aspablo1982 ($17.44 in chips) 
Seat 6: calum101 ($11.81 in chips) 
Mahu2021: posts small blind $0.05
Smdpair77: posts big blind $0.10
*** HOLE CARDS ***
Dealt to Mahu2021 [Js Qc]
victorffc: folds 
Aspablo1982: folds 
calum101: raises $0.15 to $0.25
ostant: folds 
Mahu2021: calls $0.20
Smdpair77: folds 
*** FLOP *** [7d 9d 2s]
Mahu2021: checks 
calum101: checks 
*** TURN *** [7d 9d 2s] [Kc]
Mahu2021: checks 
calum101: checks 
*** RIVER *** [7d 9d 2s Kc] [7h]
Mahu2021: checks 
calum101: checks 
*** SHOW DOWN ***
Mahu2021: shows [Js Qc] (a pair of Sevens)
calum101: shows [5h 5d] (two pair, Sevens and Fives)
calum101 collected $0.57 from pot
*** SUMMARY ***
Total pot $0.60 | Rake $0.03 
Board [7d 9d 2s Kc 7h]
Seat 1: ostant (button) folded before Flop (didn't bet)
Seat 2: Mahu2021 (small blind) showed [Js Qc] and lost with a pair of Sevens
Seat 3: Smdpair77 (big blind) folded before Flop
Seat 4: victorffc folded before Flop (didn't bet)
Seat 5: Aspablo1982 folded before Flop (didn't bet)
Seat 6: calum101 showed [5h 5d] and won ($0.57) with two pair, Sevens and Fives



PokerStars Zoom Hand #255245309764:  Hold'em No Limit ($0.05/$0.10) - 2025/03/11 22:19:37 CET [2025/03/11 17:19:37 ET]
Table 'Aludra' 6-max Seat #1 is the button
Seat 1: Mahu2021 ($9.73 in chips) 
Seat 2: LOL- DONK 22 ($14.18 in chips) 
Seat 3: willooo77 ($11.02 in chips) 
Seat 4: Mozart440 ($10.38 in chips) 
Seat 5: Strelets.UA ($10 in chips) 
Seat 6: Jamer_7 ($13.53 in chips) 
LOL- DONK 22: posts small blind $0.05
willooo77: posts big blind $0.10
*** HOLE CARDS ***
Dealt to Mahu2021 [3s Ac]
Mozart440: folds 
Strelets.UA: folds 
Jamer_7: folds 
Mahu2021: raises $0.20 to $0.30
LOL- DONK 22: folds 
willooo77: folds 
Uncalled bet ($0.20) returned to Mahu2021
Mahu2021 collected $0.25 from pot
Mahu2021: doesn't show hand 
*** SUMMARY ***
Total pot $0.25 | Rake $0 
Seat 1: Mahu2021 (button) collected ($0.25)
Seat 2: LOL- DONK 22 (small blind) folded before Flop
Seat 3: willooo77 (big blind) folded before Flop
Seat 4: Mozart440 folded before Flop (didn't bet)
Seat 5: Strelets.UA folded before Flop (didn't bet)
Seat 6: Jamer_7 folded before Flop (didn't bet)



PokerStars Zoom Hand #255245313708:  Hold'em No Limit ($0.05/$0.10) - 2025/03/11 22:19:50 CET [2025/03/11 17:19:50 ET]
Table 'Aludra' 6-max Seat #1 is the button
Seat 1: victorffc ($14.49 in chips) 
Seat 2: AES Edgard ($4.63 in chips) 
Seat 3: alan87cg ($17.12 in chips) 
Seat 4: Bur1k ($5.45 in chips) 
Seat 5: MicZnuk ($10.57 in chips) 
Seat 6: Mahu2021 ($9.88 in chips) 
AES Edgard: posts small blind $0.05
alan87cg: posts big blind $0.10
*** HOLE CARDS ***
Dealt to Mahu2021 [Qd Kh]
Bur1k: folds 
MicZnuk: folds 
Mahu2021: raises $0.14 to $0.24
victorffc: raises $0.51 to $0.75
AES Edgard: folds 
alan87cg: folds 
Mahu2021: calls $0.51
*** FLOP *** [4d 9c 9d]
Mahu2021: checks 
victorffc: bets $0.80
Mahu2021: folds 
Uncalled bet ($0.80) returned to victorffc
victorffc collected $1.58 from pot
victorffc: doesn't show hand 
*** SUMMARY ***
Total pot $1.65 | Rake $0.07 
Board [4d 9c 9d]
Seat 1: victorffc (button) collected ($1.58)
Seat 2: AES Edgard (small blind) folded before Flop
Seat 3: alan87cg (big blind) folded before Flop
Seat 4: Bur1k folded before Flop (didn't bet)
Seat 5: MicZnuk folded before Flop (didn't bet)
Seat 6: Mahu2021 folded on the Flop



PokerStars Zoom Hand #255245326588:  Hold'em No Limit ($0.05/$0.10) - 2025/03/11 22:20:36 CET [2025/03/11 17:20:36 ET]
Table 'Aludra' 6-max Seat #1 is the button
Seat 1: ostant ($15.22 in chips) 
Seat 2: onis_uk ($17.09 in chips) 
Seat 3: shalombro1 ($9.95 in chips) 
Seat 4: Sn1p3rBR ($15.89 in chips) 
Seat 5: Mahu2021 ($9.13 in chips) 
Seat 6: VadnaiG ($18.26 in chips) 
onis_uk: posts small blind $0.05
shalombro1: posts big blind $0.10
*** HOLE CARDS ***
Dealt to Mahu2021 [7d Kc]
Sn1p3rBR: folds 
Mahu2021: folds 
VadnaiG: folds 
ostant: folds 
onis_uk: folds 
Uncalled bet ($0.05) returned to shalombro1
shalombro1 collected $0.10 from pot
shalombro1: doesn't show hand 
*** SUMMARY ***
Total pot $0.10 | Rake $0 
Seat 1: ostant (button) folded before Flop (didn't bet)
Seat 2: onis_uk (small blind) folded before Flop
Seat 3: shalombro1 (big blind) collected ($0.10)
Seat 4: Sn1p3rBR folded before Flop (didn't bet)
Seat 5: Mahu2021 folded before Flop (didn't bet)
Seat 6: VadnaiG folded before Flop (didn't bet)



PokerStars Zoom Hand #255245327842:  Hold'em No Limit ($0.05/$0.10) - 2025/03/11 22:20:40 CET [2025/03/11 17:20:40 ET]
Table 'Aludra' 6-max Seat #1 is the button
Seat 1: bliblablupbp ($19.16 in chips) 
Seat 2: Mahu2021 ($9.13 in chips) 
Seat 3: Fuchs225 ($5.81 in chips) 
Seat 4: oocs ($14.85 in chips) 
Seat 5: Grinsekatze97 ($14.37 in chips) 
Seat 6: JonKing75 ($17.59 in chips) 
Mahu2021: posts small blind $0.05
Fuchs225: posts big blind $0.10
*** HOLE CARDS ***
Dealt to Mahu2021 [Qh Kh]
oocs: folds 
Grinsekatze97: folds 
JonKing75: folds 
bliblablupbp: raises $0.15 to $0.25
Mahu2021: calls $0.20
Fuchs225: folds 
*** FLOP *** [6s Tc Ac]
Mahu2021: checks 
bliblablupbp: bets $0.19
Mahu2021: calls $0.19
*** TURN *** [6s Tc Ac] [Qd]
Mahu2021: checks 
bliblablupbp: bets $0.80
Mahu2021: calls $0.80
*** RIVER *** [6s Tc Ac Qd] [6h]
Mahu2021: checks 
bliblablupbp: checks 
*** SHOW DOWN ***
Mahu2021: shows [Qh Kh] (two pair, Queens and Sixes)
bliblablupbp: mucks hand 
Mahu2021 collected $2.46 from pot
*** SUMMARY ***
Total pot $2.58 | Rake $0.12 
Board [6s Tc Ac Qd 6h]
Seat 1: bliblablupbp (button) mucked [4h 7h]
Seat 2: Mahu2021 (small blind) showed [Qh Kh] and won ($2.46) with two pair, Queens and Sixes
Seat 3: Fuchs225 (big blind) folded before Flop
Seat 4: oocs folded before Flop (didn't bet)
Seat 5: Grinsekatze97 folded before Flop (didn't bet)
Seat 6: JonKing75 folded before Flop (didn't bet)



PokerStars Zoom Hand #255245344685:  Hold'em No Limit ($0.05/$0.10) - 2025/03/11 22:21:39 CET [2025/03/11 17:21:39 ET]
Table 'Aludra' 6-max Seat #1 is the button
Seat 1: numeraali ($10.40 in chips) 
Seat 2: Hybrid1878 ($19.33 in chips) 
Seat 3: Mahu2021 ($10.11 in chips) 
Seat 4: JonKing75 ($10.35 in chips) 
Seat 5: BenJJones ($24.86 in chips) 
Seat 6: ronkejko ($10.96 in chips) 
Hybrid1878: posts small blind $0.05
Mahu2021: posts big blind $0.10
*** HOLE CARDS ***
Dealt to Mahu2021 [Ad Qh]
JonKing75: folds 
BenJJones: folds 
ronkejko: folds 
numeraali: folds 
Hybrid1878: folds 
Uncalled bet ($0.05) returned to Mahu2021
Mahu2021 collected $0.10 from pot
Mahu2021: doesn't show hand 
*** SUMMARY ***
Total pot $0.10 | Rake $0 
Seat 1: numeraali (button) folded before Flop (didn't bet)
Seat 2: Hybrid1878 (small blind) folded before Flop
Seat 3: Mahu2021 (big blind) collected ($0.10)
Seat 4: JonKing75 folded before Flop (didn't bet)
Seat 5: BenJJones folded before Flop (didn't bet)
Seat 6: ronkejko folded before Flop (didn't bet)



PokerStars Zoom Hand #255245340331:  Hold'em No Limit ($0.05/$0.10) - 2025/03/11 22:21:24 CET [2025/03/11 17:21:24 ET]
Table 'Aludra' 6-max Seat #1 is the button
Seat 1: SkyBoy23 ($21.07 in chips) 
Seat 2: shalombro1 ($21.80 in chips) 
Seat 3: TomandJerry45 ($15.32 in chips) 
Seat 4: Mahu2021 ($10.35 in chips) 
Seat 5: ddoctah ($21.50 in chips) 
Seat 6: ahmat star ($10.06 in chips) 
shalombro1: posts small blind $0.05
TomandJerry45: posts big blind $0.10
*** HOLE CARDS ***
Dealt to Mahu2021 [8d 8h]
Mahu2021: raises $0.14 to $0.24
ddoctah: raises $0.56 to $0.80
ahmat star: folds 
SkyBoy23: folds 
shalombro1: folds 
TomandJerry45: calls $0.70
Mahu2021: folds 
*** FLOP *** [2s 9d Kh]
TomandJerry45: checks 
ddoctah: bets $0.40
TomandJerry45: folds 
Uncalled bet ($0.40) returned to ddoctah
ddoctah collected $1.80 from pot
ddoctah: doesn't show hand 
*** SUMMARY ***
Total pot $1.89 | Rake $0.09 
Board [2s 9d Kh]
Seat 1: SkyBoy23 (button) folded before Flop (didn't bet)
Seat 2: shalombro1 (small blind) folded before Flop
Seat 3: TomandJerry45 (big blind) folded on the Flop
Seat 4: Mahu2021 folded before Flop
Seat 5: ddoctah collected ($1.80)
Seat 6: ahmat star folded before Flop (didn't bet)



PokerStars Zoom Hand #255245349688:  Hold'em No Limit ($0.05/$0.10) - 2025/03/11 22:21:57 CET [2025/03/11 17:21:57 ET]
Table 'Aludra' 6-max Seat #1 is the button
Seat 1: Hybrid1878 ($19.18 in chips) 
Seat 2: samoraize ($12.72 in chips) 
Seat 3: WakeUpcoaching ($14.65 in chips) 
Seat 4: JIucu4ka ($5.25 in chips) 
Seat 5: Mahu2021 ($10.16 in chips) 
Seat 6: kimonozygo ($10.29 in chips) 
samoraize: posts small blind $0.05
WakeUpcoaching: posts big blind $0.10
*** HOLE CARDS ***
Dealt to Mahu2021 [5s 4s]
JIucu4ka: folds 
Mahu2021: folds 
kimonozygo: folds 
Hybrid1878: folds 
samoraize: folds 
Uncalled bet ($0.05) returned to WakeUpcoaching
WakeUpcoaching collected $0.10 from pot
WakeUpcoaching: doesn't show hand 
*** SUMMARY ***
Total pot $0.10 | Rake $0 
Seat 1: Hybrid1878 (button) folded before Flop (didn't bet)
Seat 2: samoraize (small blind) folded before Flop
Seat 3: WakeUpcoaching (big blind) collected ($0.10)
Seat 4: JIucu4ka folded before Flop (didn't bet)
Seat 5: Mahu2021 folded before Flop (didn't bet)
Seat 6: kimonozygo folded before Flop (didn't bet)



PokerStars Zoom Hand #255245348418:  Hold'em No Limit ($0.05/$0.10) - 2025/03/11 22:21:53 CET [2025/03/11 17:21:53 ET]
Table 'Aludra' 6-max Seat #1 is the button
Seat 1: Mahu2021 ($10.16 in chips) 
Seat 2: MicZnuk ($15.92 in chips) 
Seat 3: marcioadrs ($10 in chips) 
Seat 4: ComplyOrDie8 ($17.82 in chips) 
Seat 5: AES Edgard ($3.02 in chips) 
Seat 6: Apollolol ($10.03 in chips) 
MicZnuk: posts small blind $0.05
marcioadrs: posts big blind $0.10
*** HOLE CARDS ***
Dealt to Mahu2021 [Jh 9d]
ComplyOrDie8: folds 
AES Edgard: folds 
Apollolol: folds 
Mahu2021: folds 
MicZnuk: raises $0.10 to $0.20
marcioadrs: folds 
Uncalled bet ($0.10) returned to MicZnuk
MicZnuk collected $0.20 from pot
MicZnuk: doesn't show hand 
*** SUMMARY ***
Total pot $0.20 | Rake $0 
Seat 1: Mahu2021 (button) folded before Flop (didn't bet)
Seat 2: MicZnuk (small blind) collected ($0.20)
Seat 3: marcioadrs (big blind) folded before Flop
Seat 4: ComplyOrDie8 folded before Flop (didn't bet)
Seat 5: AES Edgard folded before Flop (didn't bet)
Seat 6: Apollolol folded before Flop (didn't bet)



PokerStars Zoom Hand #255245350860:  Hold'em No Limit ($0.05/$0.10) - 2025/03/11 22:22:02 CET [2025/03/11 17:22:02 ET]
Table 'Aludra' 6-max Seat #1 is the button
Seat 1: Rob3rt000 ($19.35 in chips) 
Seat 2: RocketMaro12 ($10.34 in chips) 
Seat 3: ostant ($30.46 in chips) 
Seat 4: Mahu2021 ($10.16 in chips) 
Seat 5: samoraize ($12.67 in chips) 
Seat 6: Strelets.UA ($10.10 in chips) 
RocketMaro12: posts small blind $0.05
ostant: posts big blind $0.10
*** HOLE CARDS ***
Dealt to Mahu2021 [Kc 2h]
Mahu2021: folds 
samoraize: raises $0.30 to $0.40
Strelets.UA: folds 
Rob3rt000: folds 
RocketMaro12: folds 
ostant: folds 
Uncalled bet ($0.30) returned to samoraize
samoraize collected $0.25 from pot
samoraize: doesn't show hand 
*** SUMMARY ***
Total pot $0.25 | Rake $0 
Seat 1: Rob3rt000 (button) folded before Flop (didn't bet)
Seat 2: RocketMaro12 (small blind) folded before Flop
Seat 3: ostant (big blind) folded before Flop
Seat 4: Mahu2021 folded before Flop (didn't bet)
Seat 5: samoraize collected ($0.25)
Seat 6: Strelets.UA folded before Flop (didn't bet)



PokerStars Zoom Hand #255245352074:  Hold'em No Limit ($0.05/$0.10) - 2025/03/11 22:22:06 CET [2025/03/11 17:22:06 ET]
Table 'Aludra' 6-max Seat #1 is the button
Seat 1: JonKing75 ($10.05 in chips) 
Seat 2: victorffc ($14.04 in chips) 
Seat 3: Strelets.UA ($10.10 in chips) 
Seat 4: marcioadrs ($10.07 in chips) 
Seat 5: Mahu2021 ($10.16 in chips) 
Seat 6: shalombro1 ($10 in chips) 
victorffc: posts small blind $0.05
Strelets.UA: posts big blind $0.10
*** HOLE CARDS ***
Dealt to Mahu2021 [9d 3h]
marcioadrs: folds 
Mahu2021: folds 
shalombro1: folds 
JonKing75: raises $0.20 to $0.30
victorffc: folds 
Strelets.UA: folds 
Uncalled bet ($0.20) returned to JonKing75
JonKing75 collected $0.25 from pot
JonKing75: doesn't show hand 
*** SUMMARY ***
Total pot $0.25 | Rake $0 
Seat 1: JonKing75 (button) collected ($0.25)
Seat 2: victorffc (small blind) folded before Flop
Seat 3: Strelets.UA (big blind) folded before Flop
Seat 4: marcioadrs folded before Flop (didn't bet)
Seat 5: Mahu2021 folded before Flop (didn't bet)
Seat 6: shalombro1 folded before Flop (didn't bet)



PokerStars Zoom Hand #255245353110:  Hold'em No Limit ($0.05/$0.10) - 2025/03/11 22:22:09 CET [2025/03/11 17:22:09 ET]
Table 'Aludra' 6-max Seat #1 is the button
Seat 1: oocs ($11.77 in chips) 
Seat 2: RocketMaro12 ($10.29 in chips) 
Seat 3: Mahu2021 ($10.16 in chips) 
Seat 4: KrysuSkerdikas ($2.26 in chips) 
Seat 5: JAntdog ($10.92 in chips) 
Seat 6: victorffc ($13.99 in chips) 
RocketMaro12: posts small blind $0.05
Mahu2021: posts big blind $0.10
*** HOLE CARDS ***
Dealt to Mahu2021 [Ac Ah]
KrysuSkerdikas: folds 
JAntdog: folds 
victorffc: folds 
oocs: raises $0.15 to $0.25
RocketMaro12: folds 
Mahu2021: raises $9.91 to $10.16 and is all-in
oocs: folds 
Uncalled bet ($9.91) returned to Mahu2021
Mahu2021 collected $0.55 from pot
Mahu2021: doesn't show hand 
*** SUMMARY ***
Total pot $0.55 | Rake $0 
Seat 1: oocs (button) folded before Flop
Seat 2: RocketMaro12 (small blind) folded before Flop
Seat 3: Mahu2021 (big blind) collected ($0.55)
Seat 4: KrysuSkerdikas folded before Flop (didn't bet)
Seat 5: JAntdog folded before Flop (didn't bet)
Seat 6: victorffc folded before Flop (didn't bet)



PokerStars Zoom Hand #255245357622:  Hold'em No Limit ($0.05/$0.10) - 2025/03/11 22:22:26 CET [2025/03/11 17:22:26 ET]
Table 'Aludra' 6-max Seat #1 is the button
Seat 1: victorffc ($11.99 in chips) 
Seat 2: slevencdiachel ($24.42 in chips) 
Seat 3: Cash_4077 ($34.64 in chips) 
Seat 4: bliblablupbp ($12.01 in chips) 
Seat 5: Sn1p3rBR ($15 in chips) 
Seat 6: Mahu2021 ($10.46 in chips) 
slevencdiachel: posts small blind $0.05
Cash_4077: posts big blind $0.10
*** HOLE CARDS ***
Dealt to Mahu2021 [6h Ks]
bliblablupbp: raises $0.15 to $0.25
Sn1p3rBR: folds 
Mahu2021: folds 
victorffc: folds 
slevencdiachel: folds 
Cash_4077: folds 
Uncalled bet ($0.15) returned to bliblablupbp
bliblablupbp collected $0.25 from pot
bliblablupbp: doesn't show hand 
*** SUMMARY ***
Total pot $0.25 | Rake $0 
Seat 1: victorffc (button) folded before Flop (didn't bet)
Seat 2: slevencdiachel (small blind) folded before Flop
Seat 3: Cash_4077 (big blind) folded before Flop
Seat 4: bliblablupbp collected ($0.25)
Seat 5: Sn1p3rBR folded before Flop (didn't bet)
Seat 6: Mahu2021 folded before Flop (didn't bet)



PokerStars Zoom Hand #255245359107:  Hold'em No Limit ($0.05/$0.10) - 2025/03/11 22:22:31 CET [2025/03/11 17:22:31 ET]
Table 'Aludra' 6-max Seat #1 is the button
Seat 1: ProjectPokerPro ($14.09 in chips) 
Seat 2: Mahu2021 ($10.46 in chips) 
Seat 3: yEyoU ($14.54 in chips) 
Seat 4: bruehler ($9.70 in chips) 
Seat 5: ostant ($30.31 in chips) 
Seat 6: Hybrid1878 ($26.38 in chips) 
Mahu2021: posts small blind $0.05
yEyoU: posts big blind $0.10
*** HOLE CARDS ***
Dealt to Mahu2021 [5c Jh]
bruehler: folds 
ostant: folds 
Hybrid1878: folds 
ProjectPokerPro: folds 
Mahu2021: folds 
Uncalled bet ($0.05) returned to yEyoU
yEyoU collected $0.10 from pot
yEyoU: doesn't show hand 
*** SUMMARY ***
Total pot $0.10 | Rake $0 
Seat 1: ProjectPokerPro (button) folded before Flop (didn't bet)
Seat 2: Mahu2021 (small blind) folded before Flop
Seat 3: yEyoU (big blind) collected ($0.10)
Seat 4: bruehler folded before Flop (didn't bet)
Seat 5: ostant folded before Flop (didn't bet)
Seat 6: Hybrid1878 folded before Flop (didn't bet)



PokerStars Zoom Hand #255245360117:  Hold'em No Limit ($0.05/$0.10) - 2025/03/11 22:22:35 CET [2025/03/11 17:22:35 ET]
Table 'Aludra' 6-max Seat #1 is the button
Seat 1: Mahu2021 ($10.41 in chips) 
Seat 2: Sanjireyes ($9.75 in chips) 
Seat 3: VadnaiG ($10.72 in chips) 
Seat 4: Hybrid1878 ($26.38 in chips) 
Seat 5: ZAURBEKK2013 ($10.15 in chips) 
Seat 6: victorffc ($16.67 in chips) 
Sanjireyes: posts small blind $0.05
VadnaiG: posts big blind $0.10
*** HOLE CARDS ***
Dealt to Mahu2021 [As 9h]
Hybrid1878: folds 
ZAURBEKK2013: folds 
victorffc: folds 
Mahu2021: raises $0.20 to $0.30
Sanjireyes: folds 
VadnaiG: folds 
Uncalled bet ($0.20) returned to Mahu2021
Mahu2021 collected $0.25 from pot
Mahu2021: doesn't show hand 
*** SUMMARY ***
Total pot $0.25 | Rake $0 
Seat 1: Mahu2021 (button) collected ($0.25)
Seat 2: Sanjireyes (small blind) folded before Flop
Seat 3: VadnaiG (big blind) folded before Flop
Seat 4: Hybrid1878 folded before Flop (didn't bet)
Seat 5: ZAURBEKK2013 folded before Flop (didn't bet)
Seat 6: victorffc folded before Flop (didn't bet)



