PokerStars Hand #243189467671: Tournament #3579759967, $0.92+$0.08 USD Hold'em No Limit - Level I (10/20) - 2023/04/19 17:50:15 CET [2023/04/19 11:50:15 ET]
Table '3579759967 1' 3-max Seat #1 is the button
Seat 1: Mahu2021 (500 in chips) 
Seat 2: tonto51 (500 in chips) 
Seat 3: mmside (500 in chips) 
tonto51: posts small blind 10
mmside: posts big blind 20
*** HOLE CARDS ***
Dealt to Mahu2021 [7c 3s]
Mahu2021: folds 
tonto51: raises 40 to 60
mmside: folds 
Uncalled bet (40) returned to tonto51
tonto51 collected 40 from pot
tonto51: doesn't show hand 
*** SUMMARY ***
Total pot 40 | Rake 0 
Seat 1: Mahu2021 (button) folded before Flop (didn't bet)
Seat 2: tonto51 (small blind) collected (40)
Seat 3: mmside (big blind) folded before Flop



PokerStars Hand #243189471077: Tournament #3579759967, $0.92+$0.08 USD Hold'em No Limit - Level I (10/20) - 2023/04/19 17:50:28 CET [2023/04/19 11:50:28 ET]
Table '3579759967 1' 3-max Seat #2 is the button
Seat 1: Mahu2021 (500 in chips) 
Seat 2: tonto51 (520 in chips) 
Seat 3: mmside (480 in chips) 
mmside: posts small blind 10
Mahu2021: posts big blind 20
*** HOLE CARDS ***
Dealt to Mahu2021 [Jd Kc]
tonto51: raises 20 to 40
mmside: folds 
Mahu2021: calls 20
*** FLOP *** [Js Qs 7c]
Mahu2021: checks 
tonto51: bets 480 and is all-in
Mahu2021: folds 
Uncalled bet (480) returned to tonto51
tonto51 collected 90 from pot
tonto51: doesn't show hand 
*** SUMMARY ***
Total pot 90 | Rake 0 
Board [Js Qs 7c]
Seat 1: Mahu2021 (big blind) folded on the Flop
Seat 2: tonto51 (button) collected (90)
Seat 3: mmside (small blind) folded before Flop



PokerStars Hand #243189481884: Tournament #3579759967, $0.92+$0.08 USD Hold'em No Limit - Level I (10/20) - 2023/04/19 17:51:07 CET [2023/04/19 11:51:07 ET]
Table '3579759967 1' 3-max Seat #3 is the button
Seat 1: Mahu2021 (460 in chips) 
Seat 2: tonto51 (570 in chips) 
Seat 3: mmside (470 in chips) 
Mahu2021: posts small blind 10
tonto51: posts big blind 20
*** HOLE CARDS ***
Dealt to Mahu2021 [5s 9d]
mmside: folds 
Mahu2021: folds 
Uncalled bet (10) returned to tonto51
tonto51 collected 20 from pot
tonto51: doesn't show hand 
*** SUMMARY ***
Total pot 20 | Rake 0 
Seat 1: Mahu2021 (small blind) folded before Flop
Seat 2: tonto51 (big blind) collected (20)
Seat 3: mmside (button) folded before Flop (didn't bet)



PokerStars Hand #243189483614: Tournament #3579759967, $0.92+$0.08 USD Hold'em No Limit - Level I (10/20) - 2023/04/19 17:51:13 CET [2023/04/19 11:51:13 ET]
Table '3579759967 1' 3-max Seat #1 is the button
Seat 1: Mahu2021 (450 in chips) 
Seat 2: tonto51 (580 in chips) 
Seat 3: mmside (470 in chips) 
tonto51: posts small blind 10
mmside: posts big blind 20
*** HOLE CARDS ***
Dealt to Mahu2021 [Ac Jc]
Mahu2021: raises 40 to 60
tonto51: raises 140 to 200
mmside: folds 
Mahu2021: raises 250 to 450 and is all-in
tonto51: calls 250
*** FLOP *** [8s 3c Tc]
*** TURN *** [8s 3c Tc] [Ts]
*** RIVER *** [8s 3c Tc Ts] [9d]
*** SHOW DOWN ***
tonto51: shows [4h Ah] (a pair of Tens)
Mahu2021: shows [Ac Jc] (a pair of Tens - Ace+Jack kicker)
Mahu2021 collected 920 from pot
*** SUMMARY ***
Total pot 920 | Rake 0 
Board [8s 3c Tc Ts 9d]
Seat 1: Mahu2021 (button) showed [Ac Jc] and won (920) with a pair of Tens
Seat 2: tonto51 (small blind) showed [4h Ah] and lost with a pair of Tens
Seat 3: mmside (big blind) folded before Flop



PokerStars Hand #243189489939: Tournament #3579759967, $0.92+$0.08 USD Hold'em No Limit - Level I (10/20) - 2023/04/19 17:51:36 CET [2023/04/19 11:51:36 ET]
Table '3579759967 1' 3-max Seat #2 is the button
Seat 1: Mahu2021 (920 in chips) 
Seat 2: tonto51 (130 in chips) 
Seat 3: mmside (450 in chips) 
mmside: posts small blind 10
Mahu2021: posts big blind 20
*** HOLE CARDS ***
Dealt to Mahu2021 [2s Kd]
tonto51: raises 110 to 130 and is all-in
mmside: folds 
Mahu2021: folds 
Uncalled bet (110) returned to tonto51
tonto51 collected 50 from pot
tonto51: doesn't show hand 
*** SUMMARY ***
Total pot 50 | Rake 0 
Seat 1: Mahu2021 (big blind) folded before Flop
Seat 2: tonto51 (button) collected (50)
Seat 3: mmside (small blind) folded before Flop



PokerStars Hand #243189493594: Tournament #3579759967, $0.92+$0.08 USD Hold'em No Limit - Level I (10/20) - 2023/04/19 17:51:50 CET [2023/04/19 11:51:50 ET]
Table '3579759967 1' 3-max Seat #3 is the button
Seat 1: Mahu2021 (900 in chips) 
Seat 2: tonto51 (160 in chips) 
Seat 3: mmside (440 in chips) 
Mahu2021: posts small blind 10
tonto51: posts big blind 20
*** HOLE CARDS ***
Dealt to Mahu2021 [Kd 9d]
mmside: folds 
Mahu2021: raises 880 to 900 and is all-in
tonto51: calls 140 and is all-in
Uncalled bet (740) returned to Mahu2021
*** FLOP *** [7d 5h 3s]
*** TURN *** [7d 5h 3s] [7h]
*** RIVER *** [7d 5h 3s 7h] [6s]
*** SHOW DOWN ***
Mahu2021: shows [Kd 9d] (a pair of Sevens)
tonto51: shows [Kh 2s] (a pair of Sevens - lower kicker)
Mahu2021 collected 320 from pot
tonto51 finished the tournament in 3rd place
*** SUMMARY ***
Total pot 320 | Rake 0 
Board [7d 5h 3s 7h 6s]
Seat 1: Mahu2021 (small blind) showed [Kd 9d] and won (320) with a pair of Sevens
Seat 2: tonto51 (big blind) showed [Kh 2s] and lost with a pair of Sevens
Seat 3: mmside (button) folded before Flop (didn't bet)



PokerStars Hand #243189500673: Tournament #3579759967, $0.92+$0.08 USD Hold'em No Limit - Level I (10/20) - 2023/04/19 17:52:16 CET [2023/04/19 11:52:16 ET]
Table '3579759967 1' 3-max Seat #1 is the button
Seat 1: Mahu2021 (1060 in chips) 
Seat 3: mmside (440 in chips) 
Mahu2021: posts small blind 10
mmside: posts big blind 20
*** HOLE CARDS ***
Dealt to Mahu2021 [6d Js]
Mahu2021: calls 10
mmside: checks 
*** FLOP *** [Qs 3h Qc]
mmside: checks 
Mahu2021: bets 20
mmside: folds 
Uncalled bet (20) returned to Mahu2021
Mahu2021 collected 40 from pot
Mahu2021: doesn't show hand 
*** SUMMARY ***
Total pot 40 | Rake 0 
Board [Qs 3h Qc]
Seat 1: Mahu2021 (button) (small blind) collected (40)
Seat 3: mmside (big blind) folded on the Flop



PokerStars Hand #243189510927: Tournament #3579759967, $0.92+$0.08 USD Hold'em No Limit - Level I (10/20) - 2023/04/19 17:52:54 CET [2023/04/19 11:52:54 ET]
Table '3579759967 1' 3-max Seat #3 is the button
Seat 1: Mahu2021 (1080 in chips) 
Seat 3: mmside (420 in chips) 
mmside: posts small blind 10
Mahu2021: posts big blind 20
*** HOLE CARDS ***
Dealt to Mahu2021 [9d Qd]
mmside has timed out
mmside: folds 
mmside is sitting out
Uncalled bet (10) returned to Mahu2021
Mahu2021 collected 20 from pot
Mahu2021: doesn't show hand 
*** SUMMARY ***
Total pot 20 | Rake 0 
Seat 1: Mahu2021 (big blind) collected (20)
Seat 3: mmside (button) (small blind) folded before Flop



PokerStars Hand #243189516581: Tournament #3579759967, $0.92+$0.08 USD Hold'em No Limit - Level I (10/20) - 2023/04/19 17:53:15 CET [2023/04/19 11:53:15 ET]
Table '3579759967 1' 3-max Seat #1 is the button
Seat 1: Mahu2021 (1090 in chips) 
Seat 3: mmside (410 in chips) is sitting out
Mahu2021: posts small blind 10
mmside: posts big blind 20
*** HOLE CARDS ***
Dealt to Mahu2021 [Ah 8h]
Mahu2021: raises 20 to 40
mmside: folds 
Uncalled bet (20) returned to Mahu2021
Mahu2021 collected 40 from pot
Mahu2021: doesn't show hand 
mmside has returned
*** SUMMARY ***
Total pot 40 | Rake 0 
Seat 1: Mahu2021 (button) (small blind) collected (40)
Seat 3: mmside (big blind) folded before Flop



PokerStars Hand #243189518461: Tournament #3579759967, $0.92+$0.08 USD Hold'em No Limit - Level II (15/30) - 2023/04/19 17:53:22 CET [2023/04/19 11:53:22 ET]
Table '3579759967 1' 3-max Seat #3 is the button
Seat 1: Mahu2021 (1110 in chips) 
Seat 3: mmside (390 in chips) 
mmside: posts small blind 15
Mahu2021: posts big blind 30
*** HOLE CARDS ***
Dealt to Mahu2021 [5d Kc]
mmside: calls 15
Mahu2021: checks 
*** FLOP *** [Jh 8c 5c]
Mahu2021: checks 
mmside: bets 30
Mahu2021: calls 30
*** TURN *** [Jh 8c 5c] [9s]
Mahu2021: checks 
mmside: checks 
*** RIVER *** [Jh 8c 5c 9s] [6s]
Mahu2021: checks 
mmside: bets 60
Mahu2021: folds 
Uncalled bet (60) returned to mmside
mmside collected 120 from pot
*** SUMMARY ***
Total pot 120 | Rake 0 
Board [Jh 8c 5c 9s 6s]
Seat 1: Mahu2021 (big blind) folded on the River
Seat 3: mmside (button) (small blind) collected (120)



PokerStars Hand #243189527900: Tournament #3579759967, $0.92+$0.08 USD Hold'em No Limit - Level II (15/30) - 2023/04/19 17:53:56 CET [2023/04/19 11:53:56 ET]
Table '3579759967 1' 3-max Seat #1 is the button
Seat 1: Mahu2021 (1050 in chips) 
Seat 3: mmside (450 in chips) 
Mahu2021: posts small blind 15
mmside: posts big blind 30
*** HOLE CARDS ***
Dealt to Mahu2021 [6c 5c]
Mahu2021: raises 30 to 60
mmside: calls 30
*** FLOP *** [Td 2d Kh]
mmside: checks 
Mahu2021: bets 60
mmside: folds 
Uncalled bet (60) returned to Mahu2021
Mahu2021 collected 120 from pot
Mahu2021: doesn't show hand 
*** SUMMARY ***
Total pot 120 | Rake 0 
Board [Td 2d Kh]
Seat 1: Mahu2021 (button) (small blind) collected (120)
Seat 3: mmside (big blind) folded on the Flop



PokerStars Hand #243189531873: Tournament #3579759967, $0.92+$0.08 USD Hold'em No Limit - Level II (15/30) - 2023/04/19 17:54:11 CET [2023/04/19 11:54:11 ET]
Table '3579759967 1' 3-max Seat #3 is the button
Seat 1: Mahu2021 (1110 in chips) 
Seat 3: mmside (390 in chips) 
mmside: posts small blind 15
Mahu2021: posts big blind 30
*** HOLE CARDS ***
Dealt to Mahu2021 [4d Qh]
mmside: raises 360 to 390 and is all-in
Mahu2021: folds 
Uncalled bet (360) returned to mmside
mmside collected 60 from pot
*** SUMMARY ***
Total pot 60 | Rake 0 
Seat 1: Mahu2021 (big blind) folded before Flop
Seat 3: mmside (button) (small blind) collected (60)



PokerStars Hand #243189536208: Tournament #3579759967, $0.92+$0.08 USD Hold'em No Limit - Level II (15/30) - 2023/04/19 17:54:26 CET [2023/04/19 11:54:26 ET]
Table '3579759967 1' 3-max Seat #1 is the button
Seat 1: Mahu2021 (1080 in chips) 
Seat 3: mmside (420 in chips) 
Mahu2021: posts small blind 15
mmside: posts big blind 30
*** HOLE CARDS ***
Dealt to Mahu2021 [7s 8d]
Mahu2021: calls 15
mmside: raises 390 to 420 and is all-in
Mahu2021: folds 
Uncalled bet (390) returned to mmside
mmside collected 60 from pot
*** SUMMARY ***
Total pot 60 | Rake 0 
Seat 1: Mahu2021 (button) (small blind) folded before Flop
Seat 3: mmside (big blind) collected (60)



PokerStars Hand #243189540558: Tournament #3579759967, $0.92+$0.08 USD Hold'em No Limit - Level II (15/30) - 2023/04/19 17:54:42 CET [2023/04/19 11:54:42 ET]
Table '3579759967 1' 3-max Seat #3 is the button
Seat 1: Mahu2021 (1050 in chips) 
Seat 3: mmside (450 in chips) 
mmside: posts small blind 15
Mahu2021: posts big blind 30
*** HOLE CARDS ***
Dealt to Mahu2021 [6h 4s]
mmside: calls 15
Mahu2021: checks 
*** FLOP *** [5h 3d As]
Mahu2021: bets 60
mmside: folds 
Uncalled bet (60) returned to Mahu2021
Mahu2021 collected 60 from pot
Mahu2021: doesn't show hand 
*** SUMMARY ***
Total pot 60 | Rake 0 
Board [5h 3d As]
Seat 1: Mahu2021 (big blind) collected (60)
Seat 3: mmside (button) (small blind) folded on the Flop



PokerStars Hand #243189545529: Tournament #3579759967, $0.92+$0.08 USD Hold'em No Limit - Level II (15/30) - 2023/04/19 17:55:00 CET [2023/04/19 11:55:00 ET]
Table '3579759967 1' 3-max Seat #1 is the button
Seat 1: Mahu2021 (1080 in chips) 
Seat 3: mmside (420 in chips) 
Mahu2021: posts small blind 15
mmside: posts big blind 30
*** HOLE CARDS ***
Dealt to Mahu2021 [5h 2h]
Mahu2021: raises 30 to 60
mmside: raises 360 to 420 and is all-in
Mahu2021: folds 
Uncalled bet (360) returned to mmside
mmside collected 120 from pot
*** SUMMARY ***
Total pot 120 | Rake 0 
Seat 1: Mahu2021 (button) (small blind) folded before Flop
Seat 3: mmside (big blind) collected (120)



PokerStars Hand #243189550129: Tournament #3579759967, $0.92+$0.08 USD Hold'em No Limit - Level II (15/30) - 2023/04/19 17:55:18 CET [2023/04/19 11:55:18 ET]
Table '3579759967 1' 3-max Seat #3 is the button
Seat 1: Mahu2021 (1020 in chips) 
Seat 3: mmside (480 in chips) 
mmside: posts small blind 15
Mahu2021: posts big blind 30
*** HOLE CARDS ***
Dealt to Mahu2021 [7d 5c]
mmside: calls 15
Mahu2021: checks 
*** FLOP *** [7c 7s 4s]
Mahu2021: checks 
mmside: bets 30
Mahu2021: calls 30
*** TURN *** [7c 7s 4s] [Kh]
Mahu2021: checks 
mmside has timed out
mmside: checks 
*** RIVER *** [7c 7s 4s Kh] [Qh]
Mahu2021: bets 60
mmside has timed out
mmside: folds 
mmside is sitting out
Uncalled bet (60) returned to Mahu2021
Mahu2021 collected 120 from pot
Mahu2021: doesn't show hand 
*** SUMMARY ***
Total pot 120 | Rake 0 
Board [7c 7s 4s Kh Qh]
Seat 1: Mahu2021 (big blind) collected (120)
Seat 3: mmside (button) (small blind) folded on the River



PokerStars Hand #243189560654: Tournament #3579759967, $0.92+$0.08 USD Hold'em No Limit - Level II (15/30) - 2023/04/19 17:56:08 CET [2023/04/19 11:56:08 ET]
Table '3579759967 1' 3-max Seat #1 is the button
Seat 1: Mahu2021 (1080 in chips) 
Seat 3: mmside (420 in chips) is sitting out
Mahu2021: posts small blind 15
mmside: posts big blind 30
*** HOLE CARDS ***
Dealt to Mahu2021 [3d 9h]
mmside has returned
Mahu2021: raises 30 to 60
mmside: folds 
Uncalled bet (30) returned to Mahu2021
Mahu2021 collected 60 from pot
Mahu2021: doesn't show hand 
*** SUMMARY ***
Total pot 60 | Rake 0 
Seat 1: Mahu2021 (button) (small blind) collected (60)
Seat 3: mmside (big blind) folded before Flop



PokerStars Hand #243189562158: Tournament #3579759967, $0.92+$0.08 USD Hold'em No Limit - Level II (15/30) - 2023/04/19 17:56:15 CET [2023/04/19 11:56:15 ET]
Table '3579759967 1' 3-max Seat #3 is the button
Seat 1: Mahu2021 (1110 in chips) 
Seat 3: mmside (390 in chips) 
mmside: posts small blind 15
Mahu2021: posts big blind 30
*** HOLE CARDS ***
Dealt to Mahu2021 [Jc Kc]
mmside: raises 360 to 390 and is all-in
Mahu2021: calls 360
*** FLOP *** [6h Kd Ad]
*** TURN *** [6h Kd Ad] [3h]
*** RIVER *** [6h Kd Ad 3h] [8h]
*** SHOW DOWN ***
Mahu2021: shows [Jc Kc] (a pair of Kings)
mmside: shows [Ks As] (two pair, Aces and Kings)
mmside collected 780 from pot
*** SUMMARY ***
Total pot 780 | Rake 0 
Board [6h Kd Ad 3h 8h]
Seat 1: Mahu2021 (big blind) showed [Jc Kc] and lost with a pair of Kings
Seat 3: mmside (button) (small blind) showed [Ks As] and won (780) with two pair, Aces and Kings



PokerStars Hand #243189567238: Tournament #3579759967, $0.92+$0.08 USD Hold'em No Limit - Level III (20/40) - 2023/04/19 17:56:38 CET [2023/04/19 11:56:38 ET]
Table '3579759967 1' 3-max Seat #1 is the button
Seat 1: Mahu2021 (720 in chips) 
Seat 3: mmside (780 in chips) 
Mahu2021: posts small blind 20
mmside: posts big blind 40
*** HOLE CARDS ***
Dealt to Mahu2021 [3d 8s]
Mahu2021: folds 
Uncalled bet (20) returned to mmside
mmside collected 40 from pot
*** SUMMARY ***
Total pot 40 | Rake 0 
Seat 1: Mahu2021 (button) (small blind) folded before Flop
Seat 3: mmside (big blind) collected (40)



PokerStars Hand #243189568180: Tournament #3579759967, $0.92+$0.08 USD Hold'em No Limit - Level III (20/40) - 2023/04/19 17:56:43 CET [2023/04/19 11:56:43 ET]
Table '3579759967 1' 3-max Seat #3 is the button
Seat 1: Mahu2021 (700 in chips) 
Seat 3: mmside (800 in chips) 
mmside: posts small blind 20
Mahu2021: posts big blind 40
*** HOLE CARDS ***
Dealt to Mahu2021 [5c 6s]
mmside: raises 40 to 80
Mahu2021: calls 40
*** FLOP *** [6d Qh 7d]
Mahu2021: checks 
mmside: bets 60
Mahu2021: calls 60
*** TURN *** [6d Qh 7d] [Jc]
Mahu2021: checks 
mmside has timed out
mmside: checks 
*** RIVER *** [6d Qh 7d Jc] [Jh]
Mahu2021: bets 80
mmside: raises 580 to 660 and is all-in
Mahu2021: folds 
Uncalled bet (580) returned to mmside
mmside collected 440 from pot
*** SUMMARY ***
Total pot 440 | Rake 0 
Board [6d Qh 7d Jc Jh]
Seat 1: Mahu2021 (big blind) folded on the River
Seat 3: mmside (button) (small blind) collected (440)



PokerStars Hand #243189581159: Tournament #3579759967, $0.92+$0.08 USD Hold'em No Limit - Level III (20/40) - 2023/04/19 17:57:43 CET [2023/04/19 11:57:43 ET]
Table '3579759967 1' 3-max Seat #1 is the button
Seat 1: Mahu2021 (480 in chips) 
Seat 3: mmside (1020 in chips) 
Mahu2021: posts small blind 20
mmside: posts big blind 40
*** HOLE CARDS ***
Dealt to Mahu2021 [Tc 8c]
Mahu2021: raises 40 to 80
mmside: folds 
Uncalled bet (40) returned to Mahu2021
Mahu2021 collected 80 from pot
Mahu2021: doesn't show hand 
*** SUMMARY ***
Total pot 80 | Rake 0 
Seat 1: Mahu2021 (button) (small blind) collected (80)
Seat 3: mmside (big blind) folded before Flop



PokerStars Hand #243189582594: Tournament #3579759967, $0.92+$0.08 USD Hold'em No Limit - Level III (20/40) - 2023/04/19 17:57:49 CET [2023/04/19 11:57:49 ET]
Table '3579759967 1' 3-max Seat #3 is the button
Seat 1: Mahu2021 (520 in chips) 
Seat 3: mmside (980 in chips) 
mmside: posts small blind 20
Mahu2021: posts big blind 40
*** HOLE CARDS ***
Dealt to Mahu2021 [8s Qh]
mmside: calls 20
Mahu2021: raises 480 to 520 and is all-in
mmside: folds 
Uncalled bet (480) returned to Mahu2021
Mahu2021 collected 80 from pot
Mahu2021: doesn't show hand 
*** SUMMARY ***
Total pot 80 | Rake 0 
Seat 1: Mahu2021 (big blind) collected (80)
Seat 3: mmside (button) (small blind) folded before Flop



PokerStars Hand #243189585853: Tournament #3579759967, $0.92+$0.08 USD Hold'em No Limit - Level III (20/40) - 2023/04/19 17:58:04 CET [2023/04/19 11:58:04 ET]
Table '3579759967 1' 3-max Seat #1 is the button
Seat 1: Mahu2021 (560 in chips) 
Seat 3: mmside (940 in chips) 
Mahu2021: posts small blind 20
mmside: posts big blind 40
*** HOLE CARDS ***
Dealt to Mahu2021 [5d Ah]
Mahu2021: raises 40 to 80
mmside: calls 40
*** FLOP *** [4c 9s As]
mmside: checks 
Mahu2021: bets 160
mmside: folds 
Uncalled bet (160) returned to Mahu2021
Mahu2021 collected 160 from pot
Mahu2021: doesn't show hand 
*** SUMMARY ***
Total pot 160 | Rake 0 
Board [4c 9s As]
Seat 1: Mahu2021 (button) (small blind) collected (160)
Seat 3: mmside (big blind) folded on the Flop



PokerStars Hand #243189590387: Tournament #3579759967, $0.92+$0.08 USD Hold'em No Limit - Level III (20/40) - 2023/04/19 17:58:25 CET [2023/04/19 11:58:25 ET]
Table '3579759967 1' 3-max Seat #3 is the button
Seat 1: Mahu2021 (640 in chips) 
Seat 3: mmside (860 in chips) 
mmside: posts small blind 20
Mahu2021: posts big blind 40
*** HOLE CARDS ***
Dealt to Mahu2021 [5h Qd]
mmside: calls 20
Mahu2021: checks 
*** FLOP *** [8s 4h 2c]
Mahu2021: checks 
mmside: bets 40
Mahu2021: folds 
Uncalled bet (40) returned to mmside
mmside collected 80 from pot
*** SUMMARY ***
Total pot 80 | Rake 0 
Board [8s 4h 2c]
Seat 1: Mahu2021 (big blind) folded on the Flop
Seat 3: mmside (button) (small blind) collected (80)



PokerStars Hand #243189594421: Tournament #3579759967, $0.92+$0.08 USD Hold'em No Limit - Level III (20/40) - 2023/04/19 17:58:43 CET [2023/04/19 11:58:43 ET]
Table '3579759967 1' 3-max Seat #1 is the button
Seat 1: Mahu2021 (600 in chips) 
Seat 3: mmside (900 in chips) 
Mahu2021: posts small blind 20
mmside: posts big blind 40
*** HOLE CARDS ***
Dealt to Mahu2021 [Qh Jh]
Mahu2021: raises 80 to 120
mmside: folds 
Uncalled bet (80) returned to Mahu2021
Mahu2021 collected 80 from pot
Mahu2021: doesn't show hand 
*** SUMMARY ***
Total pot 80 | Rake 0 
Seat 1: Mahu2021 (button) (small blind) collected (80)
Seat 3: mmside (big blind) folded before Flop



PokerStars Hand #243189596313: Tournament #3579759967, $0.92+$0.08 USD Hold'em No Limit - Level III (20/40) - 2023/04/19 17:58:52 CET [2023/04/19 11:58:52 ET]
Table '3579759967 1' 3-max Seat #3 is the button
Seat 1: Mahu2021 (640 in chips) 
Seat 3: mmside (860 in chips) 
mmside: posts small blind 20
Mahu2021: posts big blind 40
*** HOLE CARDS ***
Dealt to Mahu2021 [Jh Qs]
mmside: calls 20
Mahu2021: raises 120 to 160
mmside: folds 
Uncalled bet (120) returned to Mahu2021
Mahu2021 collected 80 from pot
Mahu2021: doesn't show hand 
*** SUMMARY ***
Total pot 80 | Rake 0 
Seat 1: Mahu2021 (big blind) collected (80)
Seat 3: mmside (button) (small blind) folded before Flop



PokerStars Hand #243189600108: Tournament #3579759967, $0.92+$0.08 USD Hold'em No Limit - Level III (20/40) - 2023/04/19 17:59:09 CET [2023/04/19 11:59:09 ET]
Table '3579759967 1' 3-max Seat #1 is the button
Seat 1: Mahu2021 (680 in chips) 
Seat 3: mmside (820 in chips) 
Mahu2021: posts small blind 20
mmside: posts big blind 40
*** HOLE CARDS ***
Dealt to Mahu2021 [Qd 5s]
Mahu2021: folds 
Uncalled bet (20) returned to mmside
mmside collected 40 from pot
*** SUMMARY ***
Total pot 40 | Rake 0 
Seat 1: Mahu2021 (button) (small blind) folded before Flop
Seat 3: mmside (big blind) collected (40)



PokerStars Hand #243189601115: Tournament #3579759967, $0.92+$0.08 USD Hold'em No Limit - Level III (20/40) - 2023/04/19 17:59:14 CET [2023/04/19 11:59:14 ET]
Table '3579759967 1' 3-max Seat #3 is the button
Seat 1: Mahu2021 (660 in chips) 
Seat 3: mmside (840 in chips) 
mmside: posts small blind 20
Mahu2021: posts big blind 40
*** HOLE CARDS ***
Dealt to Mahu2021 [Qc 9s]
mmside: calls 20
Mahu2021: checks 
*** FLOP *** [Jh 6h 4s]
Mahu2021: checks 
mmside: bets 40
Mahu2021: calls 40
*** TURN *** [Jh 6h 4s] [Qd]
Mahu2021: checks 
mmside: checks 
*** RIVER *** [Jh 6h 4s Qd] [6c]
Mahu2021: bets 80
mmside: calls 80
*** SHOW DOWN ***
Mahu2021: shows [Qc 9s] (two pair, Queens and Sixes)
mmside: mucks hand 
Mahu2021 collected 320 from pot
*** SUMMARY ***
Total pot 320 | Rake 0 
Board [Jh 6h 4s Qd 6c]
Seat 1: Mahu2021 (big blind) showed [Qc 9s] and won (320) with two pair, Queens and Sixes
Seat 3: mmside (button) (small blind) mucked [Jd 3h]



PokerStars Hand #243189612094: Tournament #3579759967, $0.92+$0.08 USD Hold'em No Limit - Level IV (30/60) - 2023/04/19 18:00:04 CET [2023/04/19 12:00:04 ET]
Table '3579759967 1' 3-max Seat #1 is the button
Seat 1: Mahu2021 (820 in chips) 
Seat 3: mmside (680 in chips) 
Mahu2021: posts small blind 30
mmside: posts big blind 60
*** HOLE CARDS ***
Dealt to Mahu2021 [Td 8c]
Mahu2021: calls 30
mmside: raises 620 to 680 and is all-in
Mahu2021: folds 
Uncalled bet (620) returned to mmside
mmside collected 120 from pot
*** SUMMARY ***
Total pot 120 | Rake 0 
Seat 1: Mahu2021 (button) (small blind) folded before Flop
Seat 3: mmside (big blind) collected (120)



PokerStars Hand #243189615000: Tournament #3579759967, $0.92+$0.08 USD Hold'em No Limit - Level IV (30/60) - 2023/04/19 18:00:17 CET [2023/04/19 12:00:17 ET]
Table '3579759967 1' 3-max Seat #3 is the button
Seat 1: Mahu2021 (760 in chips) 
Seat 3: mmside (740 in chips) 
mmside: posts small blind 30
Mahu2021: posts big blind 60
*** HOLE CARDS ***
Dealt to Mahu2021 [Ad Ts]
mmside: calls 30
Mahu2021: raises 180 to 240
mmside: folds 
Uncalled bet (180) returned to Mahu2021
Mahu2021 collected 120 from pot
Mahu2021: doesn't show hand 
*** SUMMARY ***
Total pot 120 | Rake 0 
Seat 1: Mahu2021 (big blind) collected (120)
Seat 3: mmside (button) (small blind) folded before Flop



PokerStars Hand #243189618047: Tournament #3579759967, $0.92+$0.08 USD Hold'em No Limit - Level IV (30/60) - 2023/04/19 18:00:31 CET [2023/04/19 12:00:31 ET]
Table '3579759967 1' 3-max Seat #1 is the button
Seat 1: Mahu2021 (820 in chips) 
Seat 3: mmside (680 in chips) 
Mahu2021: posts small blind 30
mmside: posts big blind 60
*** HOLE CARDS ***
Dealt to Mahu2021 [9s 7s]
Mahu2021: calls 30
mmside: checks 
*** FLOP *** [2d 5s Ah]
mmside has timed out
mmside: checks 
Mahu2021: bets 60
mmside: calls 60
*** TURN *** [2d 5s Ah] [Kd]
mmside: checks 
Mahu2021: checks 
*** RIVER *** [2d 5s Ah Kd] [Ks]
mmside has timed out
mmside: checks 
Mahu2021: bets 120
mmside: folds 
Uncalled bet (120) returned to Mahu2021
Mahu2021 collected 240 from pot
Mahu2021: doesn't show hand 
*** SUMMARY ***
Total pot 240 | Rake 0 
Board [2d 5s Ah Kd Ks]
Seat 1: Mahu2021 (button) (small blind) collected (240)
Seat 3: mmside (big blind) folded on the River



PokerStars Hand #243189630098: Tournament #3579759967, $0.92+$0.08 USD Hold'em No Limit - Level IV (30/60) - 2023/04/19 18:01:21 CET [2023/04/19 12:01:21 ET]
Table '3579759967 1' 3-max Seat #3 is the button
Seat 1: Mahu2021 (940 in chips) 
Seat 3: mmside (560 in chips) 
mmside: posts small blind 30
Mahu2021: posts big blind 60
*** HOLE CARDS ***
Dealt to Mahu2021 [Qc 2s]
mmside: raises 500 to 560 and is all-in
Mahu2021: folds 
Uncalled bet (500) returned to mmside
mmside collected 120 from pot
*** SUMMARY ***
Total pot 120 | Rake 0 
Seat 1: Mahu2021 (big blind) folded before Flop
Seat 3: mmside (button) (small blind) collected (120)



PokerStars Hand #243189632058: Tournament #3579759967, $0.92+$0.08 USD Hold'em No Limit - Level IV (30/60) - 2023/04/19 18:01:29 CET [2023/04/19 12:01:29 ET]
Table '3579759967 1' 3-max Seat #1 is the button
Seat 1: Mahu2021 (880 in chips) 
Seat 3: mmside (620 in chips) 
Mahu2021: posts small blind 30
mmside: posts big blind 60
*** HOLE CARDS ***
Dealt to Mahu2021 [8h 4h]
Mahu2021: calls 30
mmside: checks 
*** FLOP *** [Jc As 8d]
mmside has timed out
mmside: checks 
Mahu2021: bets 60
mmside has timed out
mmside: folds 
mmside is sitting out
Uncalled bet (60) returned to Mahu2021
Mahu2021 collected 120 from pot
mmside has returned
Mahu2021: doesn't show hand 
*** SUMMARY ***
Total pot 120 | Rake 0 
Board [Jc As 8d]
Seat 1: Mahu2021 (button) (small blind) collected (120)
Seat 3: mmside (big blind) folded on the Flop



PokerStars Hand #243189643415: Tournament #3579759967, $0.92+$0.08 USD Hold'em No Limit - Level IV (30/60) - 2023/04/19 18:02:12 CET [2023/04/19 12:02:12 ET]
Table '3579759967 1' 3-max Seat #3 is the button
Seat 1: Mahu2021 (940 in chips) 
Seat 3: mmside (560 in chips) 
mmside: posts small blind 30
Mahu2021: posts big blind 60
*** HOLE CARDS ***
Dealt to Mahu2021 [Qd Jc]
mmside: raises 500 to 560 and is all-in
Mahu2021: folds 
Uncalled bet (500) returned to mmside
mmside collected 120 from pot
*** SUMMARY ***
Total pot 120 | Rake 0 
Seat 1: Mahu2021 (big blind) folded before Flop
Seat 3: mmside (button) (small blind) collected (120)



PokerStars Hand #243189647017: Tournament #3579759967, $0.92+$0.08 USD Hold'em No Limit - Level V (40/80) - 2023/04/19 18:02:25 CET [2023/04/19 12:02:25 ET]
Table '3579759967 1' 3-max Seat #1 is the button
Seat 1: Mahu2021 (880 in chips) 
Seat 3: mmside (620 in chips) 
Mahu2021: posts small blind 40
mmside: posts big blind 80
*** HOLE CARDS ***
Dealt to Mahu2021 [5h 7d]
Mahu2021: folds 
Uncalled bet (40) returned to mmside
mmside collected 80 from pot
*** SUMMARY ***
Total pot 80 | Rake 0 
Seat 1: Mahu2021 (button) (small blind) folded before Flop
Seat 3: mmside (big blind) collected (80)



PokerStars Hand #243189648191: Tournament #3579759967, $0.92+$0.08 USD Hold'em No Limit - Level V (40/80) - 2023/04/19 18:02:30 CET [2023/04/19 12:02:30 ET]
Table '3579759967 1' 3-max Seat #3 is the button
Seat 1: Mahu2021 (840 in chips) 
Seat 3: mmside (660 in chips) 
mmside: posts small blind 40
Mahu2021: posts big blind 80
*** HOLE CARDS ***
Dealt to Mahu2021 [Jh Qc]
mmside: raises 580 to 660 and is all-in
Mahu2021: folds 
Uncalled bet (580) returned to mmside
mmside collected 160 from pot
*** SUMMARY ***
Total pot 160 | Rake 0 
Seat 1: Mahu2021 (big blind) folded before Flop
Seat 3: mmside (button) (small blind) collected (160)



PokerStars Hand #243189651032: Tournament #3579759967, $0.92+$0.08 USD Hold'em No Limit - Level V (40/80) - 2023/04/19 18:02:41 CET [2023/04/19 12:02:41 ET]
Table '3579759967 1' 3-max Seat #1 is the button
Seat 1: Mahu2021 (760 in chips) 
Seat 3: mmside (740 in chips) 
Mahu2021: posts small blind 40
mmside: posts big blind 80
*** HOLE CARDS ***
Dealt to Mahu2021 [2s 3s]
Mahu2021: raises 80 to 160
mmside: calls 80
*** FLOP *** [8c 2d Kh]
mmside: checks 
Mahu2021: bets 600 and is all-in
mmside: folds 
Uncalled bet (600) returned to Mahu2021
Mahu2021 collected 320 from pot
Mahu2021: doesn't show hand 
*** SUMMARY ***
Total pot 320 | Rake 0 
Board [8c 2d Kh]
Seat 1: Mahu2021 (button) (small blind) collected (320)
Seat 3: mmside (big blind) folded on the Flop



PokerStars Hand #243189657145: Tournament #3579759967, $0.92+$0.08 USD Hold'em No Limit - Level V (40/80) - 2023/04/19 18:03:03 CET [2023/04/19 12:03:03 ET]
Table '3579759967 1' 3-max Seat #3 is the button
Seat 1: Mahu2021 (920 in chips) 
Seat 3: mmside (580 in chips) 
mmside: posts small blind 40
Mahu2021: posts big blind 80
*** HOLE CARDS ***
Dealt to Mahu2021 [Kd 2c]
mmside: raises 500 to 580 and is all-in
Mahu2021: folds 
Uncalled bet (500) returned to mmside
mmside collected 160 from pot
*** SUMMARY ***
Total pot 160 | Rake 0 
Seat 1: Mahu2021 (big blind) folded before Flop
Seat 3: mmside (button) (small blind) collected (160)



PokerStars Hand #243189660779: Tournament #3579759967, $0.92+$0.08 USD Hold'em No Limit - Level V (40/80) - 2023/04/19 18:03:17 CET [2023/04/19 12:03:17 ET]
Table '3579759967 1' 3-max Seat #1 is the button
Seat 1: Mahu2021 (840 in chips) 
Seat 3: mmside (660 in chips) 
Mahu2021: posts small blind 40
mmside: posts big blind 80
*** HOLE CARDS ***
Dealt to Mahu2021 [Jh 2c]
Mahu2021: folds 
Uncalled bet (40) returned to mmside
mmside collected 80 from pot
*** SUMMARY ***
Total pot 80 | Rake 0 
Seat 1: Mahu2021 (button) (small blind) folded before Flop
Seat 3: mmside (big blind) collected (80)



PokerStars Hand #243189661996: Tournament #3579759967, $0.92+$0.08 USD Hold'em No Limit - Level V (40/80) - 2023/04/19 18:03:21 CET [2023/04/19 12:03:21 ET]
Table '3579759967 1' 3-max Seat #3 is the button
Seat 1: Mahu2021 (800 in chips) 
Seat 3: mmside (700 in chips) 
mmside: posts small blind 40
Mahu2021: posts big blind 80
*** HOLE CARDS ***
Dealt to Mahu2021 [Tc Ah]
mmside: calls 40
Mahu2021: raises 720 to 800 and is all-in
mmside: folds 
Uncalled bet (720) returned to Mahu2021
Mahu2021 collected 160 from pot
Mahu2021: doesn't show hand 
*** SUMMARY ***
Total pot 160 | Rake 0 
Seat 1: Mahu2021 (big blind) collected (160)
Seat 3: mmside (button) (small blind) folded before Flop



PokerStars Hand #243189664723: Tournament #3579759967, $0.92+$0.08 USD Hold'em No Limit - Level V (40/80) - 2023/04/19 18:03:31 CET [2023/04/19 12:03:31 ET]
Table '3579759967 1' 3-max Seat #1 is the button
Seat 1: Mahu2021 (880 in chips) 
Seat 3: mmside (620 in chips) 
Mahu2021: posts small blind 40
mmside: posts big blind 80
*** HOLE CARDS ***
Dealt to Mahu2021 [5d 9s]
Mahu2021: folds 
Uncalled bet (40) returned to mmside
mmside collected 80 from pot
*** SUMMARY ***
Total pot 80 | Rake 0 
Seat 1: Mahu2021 (button) (small blind) folded before Flop
Seat 3: mmside (big blind) collected (80)



PokerStars Hand #243189666046: Tournament #3579759967, $0.92+$0.08 USD Hold'em No Limit - Level V (40/80) - 2023/04/19 18:03:36 CET [2023/04/19 12:03:36 ET]
Table '3579759967 1' 3-max Seat #3 is the button
Seat 1: Mahu2021 (840 in chips) 
Seat 3: mmside (660 in chips) 
mmside: posts small blind 40
Mahu2021: posts big blind 80
*** HOLE CARDS ***
Dealt to Mahu2021 [8h 9c]
mmside: raises 580 to 660 and is all-in
Mahu2021: folds 
Uncalled bet (580) returned to mmside
mmside collected 160 from pot
*** SUMMARY ***
Total pot 160 | Rake 0 
Seat 1: Mahu2021 (big blind) folded before Flop
Seat 3: mmside (button) (small blind) collected (160)



PokerStars Hand #243189668641: Tournament #3579759967, $0.92+$0.08 USD Hold'em No Limit - Level V (40/80) - 2023/04/19 18:03:45 CET [2023/04/19 12:03:45 ET]
Table '3579759967 1' 3-max Seat #1 is the button
Seat 1: Mahu2021 (760 in chips) 
Seat 3: mmside (740 in chips) 
Mahu2021: posts small blind 40
mmside: posts big blind 80
*** HOLE CARDS ***
Dealt to Mahu2021 [Jd 3h]
Mahu2021: folds 
Uncalled bet (40) returned to mmside
mmside collected 80 from pot
*** SUMMARY ***
Total pot 80 | Rake 0 
Seat 1: Mahu2021 (button) (small blind) folded before Flop
Seat 3: mmside (big blind) collected (80)



PokerStars Hand #243189670022: Tournament #3579759967, $0.92+$0.08 USD Hold'em No Limit - Level V (40/80) - 2023/04/19 18:03:50 CET [2023/04/19 12:03:50 ET]
Table '3579759967 1' 3-max Seat #3 is the button
Seat 1: Mahu2021 (720 in chips) 
Seat 3: mmside (780 in chips) 
mmside: posts small blind 40
Mahu2021: posts big blind 80
*** HOLE CARDS ***
Dealt to Mahu2021 [3d 5h]
mmside: calls 40
Mahu2021: checks 
*** FLOP *** [Qs Kc Jc]
Mahu2021: checks 
mmside: bets 80
Mahu2021: folds 
Uncalled bet (80) returned to mmside
mmside collected 160 from pot
*** SUMMARY ***
Total pot 160 | Rake 0 
Board [Qs Kc Jc]
Seat 1: Mahu2021 (big blind) folded on the Flop
Seat 3: mmside (button) (small blind) collected (160)



PokerStars Hand #243189674699: Tournament #3579759967, $0.92+$0.08 USD Hold'em No Limit - Level V (40/80) - 2023/04/19 18:04:07 CET [2023/04/19 12:04:07 ET]
Table '3579759967 1' 3-max Seat #1 is the button
Seat 1: Mahu2021 (640 in chips) 
Seat 3: mmside (860 in chips) 
Mahu2021: posts small blind 40
mmside: posts big blind 80
*** HOLE CARDS ***
Dealt to Mahu2021 [Ad 3c]
Mahu2021: raises 560 to 640 and is all-in
mmside: folds 
Uncalled bet (560) returned to Mahu2021
Mahu2021 collected 160 from pot
Mahu2021: doesn't show hand 
*** SUMMARY ***
Total pot 160 | Rake 0 
Seat 1: Mahu2021 (button) (small blind) collected (160)
Seat 3: mmside (big blind) folded before Flop



PokerStars Hand #243189677543: Tournament #3579759967, $0.92+$0.08 USD Hold'em No Limit - Level V (40/80) - 2023/04/19 18:04:18 CET [2023/04/19 12:04:18 ET]
Table '3579759967 1' 3-max Seat #3 is the button
Seat 1: Mahu2021 (720 in chips) 
Seat 3: mmside (780 in chips) 
mmside: posts small blind 40
Mahu2021: posts big blind 80
*** HOLE CARDS ***
Dealt to Mahu2021 [Qc 8d]
mmside: raises 700 to 780 and is all-in
Mahu2021: folds 
Uncalled bet (700) returned to mmside
mmside collected 160 from pot
*** SUMMARY ***
Total pot 160 | Rake 0 
Seat 1: Mahu2021 (big blind) folded before Flop
Seat 3: mmside (button) (small blind) collected (160)



PokerStars Hand #243189679770: Tournament #3579759967, $0.92+$0.08 USD Hold'em No Limit - Level V (40/80) - 2023/04/19 18:04:26 CET [2023/04/19 12:04:26 ET]
Table '3579759967 1' 3-max Seat #1 is the button
Seat 1: Mahu2021 (640 in chips) 
Seat 3: mmside (860 in chips) 
Mahu2021: posts small blind 40
mmside: posts big blind 80
*** HOLE CARDS ***
Dealt to Mahu2021 [5h 4d]
Mahu2021: raises 80 to 160
mmside: raises 700 to 860 and is all-in
Mahu2021: folds 
Uncalled bet (700) returned to mmside
mmside collected 320 from pot
*** SUMMARY ***
Total pot 320 | Rake 0 
Seat 1: Mahu2021 (button) (small blind) folded before Flop
Seat 3: mmside (big blind) collected (320)



PokerStars Hand #243189684990: Tournament #3579759967, $0.92+$0.08 USD Hold'em No Limit - Level V (40/80) - 2023/04/19 18:04:45 CET [2023/04/19 12:04:45 ET]
Table '3579759967 1' 3-max Seat #3 is the button
Seat 1: Mahu2021 (480 in chips) 
Seat 3: mmside (1020 in chips) 
mmside: posts small blind 40
Mahu2021: posts big blind 80
*** HOLE CARDS ***
Dealt to Mahu2021 [Tc 3d]
mmside: raises 940 to 1020 and is all-in
Mahu2021: folds 
Uncalled bet (940) returned to mmside
mmside collected 160 from pot
*** SUMMARY ***
Total pot 160 | Rake 0 
Seat 1: Mahu2021 (big blind) folded before Flop
Seat 3: mmside (button) (small blind) collected (160)



PokerStars Hand #243189686579: Tournament #3579759967, $0.92+$0.08 USD Hold'em No Limit - Level V (40/80) - 2023/04/19 18:04:50 CET [2023/04/19 12:04:50 ET]
Table '3579759967 1' 3-max Seat #1 is the button
Seat 1: Mahu2021 (400 in chips) 
Seat 3: mmside (1100 in chips) 
Mahu2021: posts small blind 40
mmside: posts big blind 80
*** HOLE CARDS ***
Dealt to Mahu2021 [6h 8h]
Mahu2021: raises 320 to 400 and is all-in
mmside: folds 
Uncalled bet (320) returned to Mahu2021
Mahu2021 collected 160 from pot
Mahu2021: doesn't show hand 
*** SUMMARY ***
Total pot 160 | Rake 0 
Seat 1: Mahu2021 (button) (small blind) collected (160)
Seat 3: mmside (big blind) folded before Flop



PokerStars Hand #243189688948: Tournament #3579759967, $0.92+$0.08 USD Hold'em No Limit - Level V (40/80) - 2023/04/19 18:04:59 CET [2023/04/19 12:04:59 ET]
Table '3579759967 1' 3-max Seat #3 is the button
Seat 1: Mahu2021 (480 in chips) 
Seat 3: mmside (1020 in chips) 
mmside: posts small blind 40
Mahu2021: posts big blind 80
*** HOLE CARDS ***
Dealt to Mahu2021 [3h 7h]
mmside: calls 40
Mahu2021: checks 
*** FLOP *** [4s 5s Ks]
Mahu2021: checks 
mmside: bets 80
Mahu2021: folds 
Uncalled bet (80) returned to mmside
mmside collected 160 from pot
*** SUMMARY ***
Total pot 160 | Rake 0 
Board [4s 5s Ks]
Seat 1: Mahu2021 (big blind) folded on the Flop
Seat 3: mmside (button) (small blind) collected (160)



PokerStars Hand #243189695757: Tournament #3579759967, $0.92+$0.08 USD Hold'em No Limit - Level VI (50/100) - 2023/04/19 18:05:24 CET [2023/04/19 12:05:24 ET]
Table '3579759967 1' 3-max Seat #1 is the button
Seat 1: Mahu2021 (400 in chips) 
Seat 3: mmside (1100 in chips) 
Mahu2021: posts small blind 50
mmside: posts big blind 100
*** HOLE CARDS ***
Dealt to Mahu2021 [7s 2d]
Mahu2021: folds 
Uncalled bet (50) returned to mmside
mmside collected 100 from pot
*** SUMMARY ***
Total pot 100 | Rake 0 
Seat 1: Mahu2021 (button) (small blind) folded before Flop
Seat 3: mmside (big blind) collected (100)



PokerStars Hand #243189696988: Tournament #3579759967, $0.92+$0.08 USD Hold'em No Limit - Level VI (50/100) - 2023/04/19 18:05:28 CET [2023/04/19 12:05:28 ET]
Table '3579759967 1' 3-max Seat #3 is the button
Seat 1: Mahu2021 (350 in chips) 
Seat 3: mmside (1150 in chips) 
mmside: posts small blind 50
Mahu2021: posts big blind 100
*** HOLE CARDS ***
Dealt to Mahu2021 [Qc 9d]
mmside: calls 50
Mahu2021: raises 250 to 350 and is all-in
mmside: folds 
Uncalled bet (250) returned to Mahu2021
Mahu2021 collected 200 from pot
Mahu2021: doesn't show hand 
*** SUMMARY ***
Total pot 200 | Rake 0 
Seat 1: Mahu2021 (big blind) collected (200)
Seat 3: mmside (button) (small blind) folded before Flop



PokerStars Hand #243189701982: Tournament #3579759967, $0.92+$0.08 USD Hold'em No Limit - Level VI (50/100) - 2023/04/19 18:05:46 CET [2023/04/19 12:05:46 ET]
Table '3579759967 1' 3-max Seat #1 is the button
Seat 1: Mahu2021 (450 in chips) 
Seat 3: mmside (1050 in chips) 
Mahu2021: posts small blind 50
mmside: posts big blind 100
*** HOLE CARDS ***
Dealt to Mahu2021 [4h Ah]
Mahu2021: raises 350 to 450 and is all-in
mmside: folds 
Uncalled bet (350) returned to Mahu2021
Mahu2021 collected 200 from pot
Mahu2021: doesn't show hand 
*** SUMMARY ***
Total pot 200 | Rake 0 
Seat 1: Mahu2021 (button) (small blind) collected (200)
Seat 3: mmside (big blind) folded before Flop



PokerStars Hand #243189704763: Tournament #3579759967, $0.92+$0.08 USD Hold'em No Limit - Level VI (50/100) - 2023/04/19 18:05:56 CET [2023/04/19 12:05:56 ET]
Table '3579759967 1' 3-max Seat #3 is the button
Seat 1: Mahu2021 (550 in chips) 
Seat 3: mmside (950 in chips) 
mmside: posts small blind 50
Mahu2021: posts big blind 100
*** HOLE CARDS ***
Dealt to Mahu2021 [9s 8d]
mmside: raises 800 to 900
Mahu2021: calls 450 and is all-in
Uncalled bet (350) returned to mmside
*** FLOP *** [Qh Qd Tc]
*** TURN *** [Qh Qd Tc] [Ad]
*** RIVER *** [Qh Qd Tc Ad] [4d]
*** SHOW DOWN ***
Mahu2021: shows [9s 8d] (a pair of Queens)
mmside: shows [6c Jc] (a pair of Queens - Ace+Jack kicker)
mmside collected 1100 from pot
Mahu2021 finished the tournament in 2nd place
mmside wins the tournament and receives $3.00 - congratulations!
*** SUMMARY ***
Total pot 1100 | Rake 0 
Board [Qh Qd Tc Ad 4d]
Seat 1: Mahu2021 (big blind) showed [9s 8d] and lost with a pair of Queens
Seat 3: mmside (button) (small blind) showed [6c Jc] and won (1100) with a pair of Queens



