PokerStars Hand #247027696783: Tournament #3671293103, $1.84+$0.16 USD Hold'em No Limit - Level I (10/20) - 2023/11/10 14:44:51 CET [2023/11/10 8:44:51 ET]
Table '3671293103 1' 3-max Seat #1 is the button
Seat 1: M1ND4G41NST (500 in chips) 
Seat 2: Mahu2021 (500 in chips) 
Seat 3: bobtsie (500 in chips) 
Mahu2021: posts small blind 10
bobtsie: posts big blind 20
*** HOLE CARDS ***
Dealt to Mahu2021 [Th 8h]
M1ND4G41NST: folds 
Mahu2021: calls 10
bobtsie: checks 
*** FLOP *** [Jd 6c 3d]
Mahu2021: checks 
bobtsie: checks 
*** TURN *** [Jd 6c 3d] [Js]
Mahu2021: checks 
bobtsie: checks 
*** RIVER *** [Jd 6c 3d Js] [9s]
Mahu2021: checks 
bobtsie: bets 20
Mahu2021: folds 
Uncalled bet (20) returned to bobtsie
bobtsie collected 40 from pot
*** SUMMARY ***
Total pot 40 | Rake 0 
Board [Jd 6c 3d Js 9s]
Seat 1: M1ND4G41NST (button) folded before Flop (didn't bet)
Seat 2: Mahu2021 (small blind) folded on the River
Seat 3: bobtsie (big blind) collected (40)



PokerStars Hand #247027702825: Tournament #3671293103, $1.84+$0.16 USD Hold'em No Limit - Level I (10/20) - 2023/11/10 14:45:19 CET [2023/11/10 8:45:19 ET]
Table '3671293103 1' 3-max Seat #2 is the button
Seat 1: M1ND4G41NST (500 in chips) 
Seat 2: Mahu2021 (480 in chips) 
Seat 3: bobtsie (520 in chips) 
bobtsie: posts small blind 10
M1ND4G41NST: posts big blind 20
*** HOLE CARDS ***
Dealt to Mahu2021 [9d Js]
Mahu2021: folds 
bobtsie: calls 10
M1ND4G41NST: checks 
*** FLOP *** [8h 3s 2d]
bobtsie: checks 
M1ND4G41NST: bets 20
bobtsie: calls 20
*** TURN *** [8h 3s 2d] [Th]
bobtsie: checks 
M1ND4G41NST: bets 40
bobtsie: calls 40
*** RIVER *** [8h 3s 2d Th] [5d]
bobtsie: bets 20
M1ND4G41NST: folds 
Uncalled bet (20) returned to bobtsie
bobtsie collected 160 from pot
*** SUMMARY ***
Total pot 160 | Rake 0 
Board [8h 3s 2d Th 5d]
Seat 1: M1ND4G41NST (big blind) folded on the River
Seat 2: Mahu2021 (button) folded before Flop (didn't bet)
Seat 3: bobtsie (small blind) collected (160)



PokerStars Hand #247027713487: Tournament #3671293103, $1.84+$0.16 USD Hold'em No Limit - Level I (10/20) - 2023/11/10 14:46:09 CET [2023/11/10 8:46:09 ET]
Table '3671293103 1' 3-max Seat #3 is the button
Seat 1: M1ND4G41NST (420 in chips) 
Seat 2: Mahu2021 (480 in chips) 
Seat 3: bobtsie (600 in chips) 
M1ND4G41NST: posts small blind 10
Mahu2021: posts big blind 20
*** HOLE CARDS ***
Dealt to Mahu2021 [9h Td]
bobtsie: folds 
M1ND4G41NST: calls 10
Mahu2021: checks 
*** FLOP *** [Ks 3d Qc]
M1ND4G41NST: bets 20
Mahu2021: calls 20
*** TURN *** [Ks 3d Qc] [Ac]
M1ND4G41NST: checks 
Mahu2021: bets 80
M1ND4G41NST: folds 
Uncalled bet (80) returned to Mahu2021
Mahu2021 collected 80 from pot
Mahu2021: doesn't show hand 
*** SUMMARY ***
Total pot 80 | Rake 0 
Board [Ks 3d Qc Ac]
Seat 1: M1ND4G41NST (small blind) folded on the Turn
Seat 2: Mahu2021 (big blind) collected (80)
Seat 3: bobtsie (button) folded before Flop (didn't bet)



PokerStars Hand #247027723060: Tournament #3671293103, $1.84+$0.16 USD Hold'em No Limit - Level I (10/20) - 2023/11/10 14:46:54 CET [2023/11/10 8:46:54 ET]
Table '3671293103 1' 3-max Seat #1 is the button
Seat 1: M1ND4G41NST (380 in chips) 
Seat 2: Mahu2021 (520 in chips) 
Seat 3: bobtsie (600 in chips) 
Mahu2021: posts small blind 10
bobtsie: posts big blind 20
*** HOLE CARDS ***
Dealt to Mahu2021 [9s Js]
M1ND4G41NST: raises 20 to 40
Mahu2021: calls 30
bobtsie: folds 
*** FLOP *** [Th 9h 8d]
Mahu2021: checks 
M1ND4G41NST: bets 30
Mahu2021: calls 30
*** TURN *** [Th 9h 8d] [4d]
Mahu2021: checks 
M1ND4G41NST: checks 
*** RIVER *** [Th 9h 8d 4d] [2c]
Mahu2021: checks 
M1ND4G41NST: checks 
*** SHOW DOWN ***
Mahu2021: shows [9s Js] (a pair of Nines)
M1ND4G41NST: mucks hand 
Mahu2021 collected 160 from pot
*** SUMMARY ***
Total pot 160 | Rake 0 
Board [Th 9h 8d 4d 2c]
Seat 1: M1ND4G41NST (button) mucked [5c 6c]
Seat 2: Mahu2021 (small blind) showed [9s Js] and won (160) with a pair of Nines
Seat 3: bobtsie (big blind) folded before Flop



PokerStars Hand #247027733605: Tournament #3671293103, $1.84+$0.16 USD Hold'em No Limit - Level I (10/20) - 2023/11/10 14:47:44 CET [2023/11/10 8:47:44 ET]
Table '3671293103 1' 3-max Seat #2 is the button
Seat 1: M1ND4G41NST (310 in chips) 
Seat 2: Mahu2021 (610 in chips) 
Seat 3: bobtsie (580 in chips) 
bobtsie: posts small blind 10
M1ND4G41NST: posts big blind 20
*** HOLE CARDS ***
Dealt to Mahu2021 [6c 8d]
Mahu2021: folds 
bobtsie: calls 10
M1ND4G41NST: checks 
*** FLOP *** [8c 4c 4s]
bobtsie: checks 
M1ND4G41NST: bets 20
bobtsie: folds 
Uncalled bet (20) returned to M1ND4G41NST
M1ND4G41NST collected 40 from pot
*** SUMMARY ***
Total pot 40 | Rake 0 
Board [8c 4c 4s]
Seat 1: M1ND4G41NST (big blind) collected (40)
Seat 2: Mahu2021 (button) folded before Flop (didn't bet)
Seat 3: bobtsie (small blind) folded on the Flop



PokerStars Hand #247027743840: Tournament #3671293103, $1.84+$0.16 USD Hold'em No Limit - Level II (15/30) - 2023/11/10 14:48:32 CET [2023/11/10 8:48:32 ET]
Table '3671293103 1' 3-max Seat #3 is the button
Seat 1: M1ND4G41NST (330 in chips) 
Seat 2: Mahu2021 (610 in chips) 
Seat 3: bobtsie (560 in chips) 
M1ND4G41NST: posts small blind 15
Mahu2021: posts big blind 30
*** HOLE CARDS ***
Dealt to Mahu2021 [5d Kh]
bobtsie: calls 30
M1ND4G41NST: folds 
Mahu2021: checks 
*** FLOP *** [5s As 7s]
Mahu2021: checks 
bobtsie: checks 
*** TURN *** [5s As 7s] [Qc]
Mahu2021: bets 30
bobtsie: calls 30
*** RIVER *** [5s As 7s Qc] [Qs]
Mahu2021: checks 
bobtsie: bets 30
Mahu2021: folds 
Uncalled bet (30) returned to bobtsie
bobtsie collected 135 from pot
*** SUMMARY ***
Total pot 135 | Rake 0 
Board [5s As 7s Qc Qs]
Seat 1: M1ND4G41NST (small blind) folded before Flop
Seat 2: Mahu2021 (big blind) folded on the River
Seat 3: bobtsie (button) collected (135)



PokerStars Hand #247027754007: Tournament #3671293103, $1.84+$0.16 USD Hold'em No Limit - Level II (15/30) - 2023/11/10 14:49:20 CET [2023/11/10 8:49:20 ET]
Table '3671293103 1' 3-max Seat #1 is the button
Seat 1: M1ND4G41NST (315 in chips) 
Seat 2: Mahu2021 (550 in chips) 
Seat 3: bobtsie (635 in chips) 
Mahu2021: posts small blind 15
bobtsie: posts big blind 30
*** HOLE CARDS ***
Dealt to Mahu2021 [Kc Td]
M1ND4G41NST: folds 
Mahu2021: raises 60 to 90
bobtsie: folds 
Uncalled bet (60) returned to Mahu2021
Mahu2021 collected 60 from pot
Mahu2021: doesn't show hand 
*** SUMMARY ***
Total pot 60 | Rake 0 
Seat 1: M1ND4G41NST (button) folded before Flop (didn't bet)
Seat 2: Mahu2021 (small blind) collected (60)
Seat 3: bobtsie (big blind) folded before Flop



PokerStars Hand #247027756187: Tournament #3671293103, $1.84+$0.16 USD Hold'em No Limit - Level II (15/30) - 2023/11/10 14:49:30 CET [2023/11/10 8:49:30 ET]
Table '3671293103 1' 3-max Seat #2 is the button
Seat 1: M1ND4G41NST (315 in chips) 
Seat 2: Mahu2021 (580 in chips) 
Seat 3: bobtsie (605 in chips) 
bobtsie: posts small blind 15
M1ND4G41NST: posts big blind 30
*** HOLE CARDS ***
Dealt to Mahu2021 [7h Tc]
Mahu2021: folds 
bobtsie: folds 
Uncalled bet (15) returned to M1ND4G41NST
M1ND4G41NST collected 30 from pot
*** SUMMARY ***
Total pot 30 | Rake 0 
Seat 1: M1ND4G41NST (big blind) collected (30)
Seat 2: Mahu2021 (button) folded before Flop (didn't bet)
Seat 3: bobtsie (small blind) folded before Flop



PokerStars Hand #247027757696: Tournament #3671293103, $1.84+$0.16 USD Hold'em No Limit - Level II (15/30) - 2023/11/10 14:49:37 CET [2023/11/10 8:49:37 ET]
Table '3671293103 1' 3-max Seat #3 is the button
Seat 1: M1ND4G41NST (330 in chips) 
Seat 2: Mahu2021 (580 in chips) 
Seat 3: bobtsie (590 in chips) 
M1ND4G41NST: posts small blind 15
Mahu2021: posts big blind 30
*** HOLE CARDS ***
Dealt to Mahu2021 [Kd Jd]
bobtsie: folds 
M1ND4G41NST: folds 
Uncalled bet (15) returned to Mahu2021
Mahu2021 collected 30 from pot
Mahu2021: doesn't show hand 
*** SUMMARY ***
Total pot 30 | Rake 0 
Seat 1: M1ND4G41NST (small blind) folded before Flop
Seat 2: Mahu2021 (big blind) collected (30)
Seat 3: bobtsie (button) folded before Flop (didn't bet)



PokerStars Hand #247027759908: Tournament #3671293103, $1.84+$0.16 USD Hold'em No Limit - Level II (15/30) - 2023/11/10 14:49:47 CET [2023/11/10 8:49:47 ET]
Table '3671293103 1' 3-max Seat #1 is the button
Seat 1: M1ND4G41NST (315 in chips) 
Seat 2: Mahu2021 (595 in chips) 
Seat 3: bobtsie (590 in chips) 
Mahu2021: posts small blind 15
bobtsie: posts big blind 30
*** HOLE CARDS ***
Dealt to Mahu2021 [Jd 8h]
M1ND4G41NST: folds 
Mahu2021: calls 15
bobtsie: checks 
*** FLOP *** [Th Ad 8s]
Mahu2021: bets 30
bobtsie: calls 30
*** TURN *** [Th Ad 8s] [7d]
Mahu2021: checks 
bobtsie: checks 
*** RIVER *** [Th Ad 8s 7d] [Qs]
Mahu2021: checks 
bobtsie: bets 30
Mahu2021: calls 30
*** SHOW DOWN ***
bobtsie: shows [Jh Ac] (a pair of Aces)
Mahu2021: mucks hand 
bobtsie collected 180 from pot
*** SUMMARY ***
Total pot 180 | Rake 0 
Board [Th Ad 8s 7d Qs]
Seat 1: M1ND4G41NST (button) folded before Flop (didn't bet)
Seat 2: Mahu2021 (small blind) mucked [Jd 8h]
Seat 3: bobtsie (big blind) showed [Jh Ac] and won (180) with a pair of Aces



PokerStars Hand #247027766548: Tournament #3671293103, $1.84+$0.16 USD Hold'em No Limit - Level II (15/30) - 2023/11/10 14:50:18 CET [2023/11/10 8:50:18 ET]
Table '3671293103 1' 3-max Seat #2 is the button
Seat 1: M1ND4G41NST (315 in chips) 
Seat 2: Mahu2021 (505 in chips) 
Seat 3: bobtsie (680 in chips) 
bobtsie: posts small blind 15
M1ND4G41NST: posts big blind 30
*** HOLE CARDS ***
Dealt to Mahu2021 [4h 5h]
Mahu2021: calls 30
bobtsie: folds 
M1ND4G41NST: checks 
*** FLOP *** [6h 9h 2h]
M1ND4G41NST: checks 
Mahu2021: bets 30
M1ND4G41NST: folds 
Uncalled bet (30) returned to Mahu2021
Mahu2021 collected 75 from pot
Mahu2021: doesn't show hand 
*** SUMMARY ***
Total pot 75 | Rake 0 
Board [6h 9h 2h]
Seat 1: M1ND4G41NST (big blind) folded on the Flop
Seat 2: Mahu2021 (button) collected (75)
Seat 3: bobtsie (small blind) folded before Flop



PokerStars Hand #247027775310: Tournament #3671293103, $1.84+$0.16 USD Hold'em No Limit - Level III (20/40) - 2023/11/10 14:50:59 CET [2023/11/10 8:50:59 ET]
Table '3671293103 1' 3-max Seat #3 is the button
Seat 1: M1ND4G41NST (285 in chips) 
Seat 2: Mahu2021 (550 in chips) 
Seat 3: bobtsie (665 in chips) 
M1ND4G41NST: posts small blind 20
Mahu2021: posts big blind 40
*** HOLE CARDS ***
Dealt to Mahu2021 [7h 2d]
bobtsie: folds 
M1ND4G41NST: raises 245 to 285 and is all-in
Mahu2021: folds 
Uncalled bet (245) returned to M1ND4G41NST
M1ND4G41NST collected 80 from pot
*** SUMMARY ***
Total pot 80 | Rake 0 
Seat 1: M1ND4G41NST (small blind) collected (80)
Seat 2: Mahu2021 (big blind) folded before Flop
Seat 3: bobtsie (button) folded before Flop (didn't bet)



PokerStars Hand #247027778170: Tournament #3671293103, $1.84+$0.16 USD Hold'em No Limit - Level III (20/40) - 2023/11/10 14:51:13 CET [2023/11/10 8:51:13 ET]
Table '3671293103 1' 3-max Seat #1 is the button
Seat 1: M1ND4G41NST (325 in chips) 
Seat 2: Mahu2021 (510 in chips) 
Seat 3: bobtsie (665 in chips) 
Mahu2021: posts small blind 20
bobtsie: posts big blind 40
*** HOLE CARDS ***
Dealt to Mahu2021 [7c 3s]
M1ND4G41NST: folds 
Mahu2021: folds 
Uncalled bet (20) returned to bobtsie
bobtsie collected 40 from pot
*** SUMMARY ***
Total pot 40 | Rake 0 
Seat 1: M1ND4G41NST (button) folded before Flop (didn't bet)
Seat 2: Mahu2021 (small blind) folded before Flop
Seat 3: bobtsie (big blind) collected (40)



PokerStars Hand #247027779436: Tournament #3671293103, $1.84+$0.16 USD Hold'em No Limit - Level III (20/40) - 2023/11/10 14:51:19 CET [2023/11/10 8:51:19 ET]
Table '3671293103 1' 3-max Seat #2 is the button
Seat 1: M1ND4G41NST (325 in chips) 
Seat 2: Mahu2021 (490 in chips) 
Seat 3: bobtsie (685 in chips) 
bobtsie: posts small blind 20
M1ND4G41NST: posts big blind 40
*** HOLE CARDS ***
Dealt to Mahu2021 [8c 8d]
Mahu2021: raises 450 to 490 and is all-in
bobtsie: folds 
M1ND4G41NST: folds 
Uncalled bet (450) returned to Mahu2021
Mahu2021 collected 100 from pot
Mahu2021: doesn't show hand 
*** SUMMARY ***
Total pot 100 | Rake 0 
Seat 1: M1ND4G41NST (big blind) folded before Flop
Seat 2: Mahu2021 (button) collected (100)
Seat 3: bobtsie (small blind) folded before Flop



PokerStars Hand #247027781545: Tournament #3671293103, $1.84+$0.16 USD Hold'em No Limit - Level III (20/40) - 2023/11/10 14:51:29 CET [2023/11/10 8:51:29 ET]
Table '3671293103 1' 3-max Seat #3 is the button
Seat 1: M1ND4G41NST (285 in chips) 
Seat 2: Mahu2021 (550 in chips) 
Seat 3: bobtsie (665 in chips) 
M1ND4G41NST: posts small blind 20
Mahu2021: posts big blind 40
*** HOLE CARDS ***
Dealt to Mahu2021 [Td 5h]
bobtsie: folds 
M1ND4G41NST: raises 245 to 285 and is all-in
Mahu2021: folds 
Uncalled bet (245) returned to M1ND4G41NST
M1ND4G41NST collected 80 from pot
*** SUMMARY ***
Total pot 80 | Rake 0 
Seat 1: M1ND4G41NST (small blind) collected (80)
Seat 2: Mahu2021 (big blind) folded before Flop
Seat 3: bobtsie (button) folded before Flop (didn't bet)



PokerStars Hand #247027784041: Tournament #3671293103, $1.84+$0.16 USD Hold'em No Limit - Level III (20/40) - 2023/11/10 14:51:40 CET [2023/11/10 8:51:40 ET]
Table '3671293103 1' 3-max Seat #1 is the button
Seat 1: M1ND4G41NST (325 in chips) 
Seat 2: Mahu2021 (510 in chips) 
Seat 3: bobtsie (665 in chips) 
Mahu2021: posts small blind 20
bobtsie: posts big blind 40
*** HOLE CARDS ***
Dealt to Mahu2021 [8s Tc]
M1ND4G41NST: raises 285 to 325 and is all-in
Mahu2021: folds 
bobtsie: folds 
Uncalled bet (285) returned to M1ND4G41NST
M1ND4G41NST collected 100 from pot
*** SUMMARY ***
Total pot 100 | Rake 0 
Seat 1: M1ND4G41NST (button) collected (100)
Seat 2: Mahu2021 (small blind) folded before Flop
Seat 3: bobtsie (big blind) folded before Flop



PokerStars Hand #247027788919: Tournament #3671293103, $1.84+$0.16 USD Hold'em No Limit - Level III (20/40) - 2023/11/10 14:52:02 CET [2023/11/10 8:52:02 ET]
Table '3671293103 1' 3-max Seat #2 is the button
Seat 1: M1ND4G41NST (385 in chips) 
Seat 2: Mahu2021 (490 in chips) 
Seat 3: bobtsie (625 in chips) 
bobtsie: posts small blind 20
M1ND4G41NST: posts big blind 40
*** HOLE CARDS ***
Dealt to Mahu2021 [7c Jh]
Mahu2021: folds 
bobtsie: calls 20
M1ND4G41NST: checks 
*** FLOP *** [3c 8c Ac]
bobtsie: checks 
M1ND4G41NST: checks 
*** TURN *** [3c 8c Ac] [8s]
bobtsie: checks 
M1ND4G41NST: checks 
*** RIVER *** [3c 8c Ac 8s] [9d]
bobtsie: checks 
M1ND4G41NST: bets 40
bobtsie: calls 40
*** SHOW DOWN ***
M1ND4G41NST: shows [5d Qd] (a pair of Eights)
bobtsie: shows [2h Qc] (a pair of Eights)
bobtsie collected 80 from pot
M1ND4G41NST collected 80 from pot
*** SUMMARY ***
Total pot 160 | Rake 0 
Board [3c 8c Ac 8s 9d]
Seat 1: M1ND4G41NST (big blind) showed [5d Qd] and won (80) with a pair of Eights
Seat 2: Mahu2021 (button) folded before Flop (didn't bet)
Seat 3: bobtsie (small blind) showed [2h Qc] and won (80) with a pair of Eights



PokerStars Hand #247027805814: Tournament #3671293103, $1.84+$0.16 USD Hold'em No Limit - Level III (20/40) - 2023/11/10 14:53:22 CET [2023/11/10 8:53:22 ET]
Table '3671293103 1' 3-max Seat #3 is the button
Seat 1: M1ND4G41NST (385 in chips) 
Seat 2: Mahu2021 (490 in chips) 
Seat 3: bobtsie (625 in chips) 
M1ND4G41NST: posts small blind 20
Mahu2021: posts big blind 40
*** HOLE CARDS ***
Dealt to Mahu2021 [2d As]
bobtsie: folds 
M1ND4G41NST: calls 20
Mahu2021: checks 
*** FLOP *** [3c 9d Kh]
M1ND4G41NST: bets 40
Mahu2021: folds 
Uncalled bet (40) returned to M1ND4G41NST
M1ND4G41NST collected 80 from pot
*** SUMMARY ***
Total pot 80 | Rake 0 
Board [3c 9d Kh]
Seat 1: M1ND4G41NST (small blind) collected (80)
Seat 2: Mahu2021 (big blind) folded on the Flop
Seat 3: bobtsie (button) folded before Flop (didn't bet)



PokerStars Hand #247027810581: Tournament #3671293103, $1.84+$0.16 USD Hold'em No Limit - Level III (20/40) - 2023/11/10 14:53:44 CET [2023/11/10 8:53:44 ET]
Table '3671293103 1' 3-max Seat #1 is the button
Seat 1: M1ND4G41NST (425 in chips) 
Seat 2: Mahu2021 (450 in chips) 
Seat 3: bobtsie (625 in chips) 
Mahu2021: posts small blind 20
bobtsie: posts big blind 40
*** HOLE CARDS ***
Dealt to Mahu2021 [As Js]
M1ND4G41NST: folds 
Mahu2021: raises 80 to 120
bobtsie: folds 
Uncalled bet (80) returned to Mahu2021
Mahu2021 collected 80 from pot
Mahu2021: doesn't show hand 
*** SUMMARY ***
Total pot 80 | Rake 0 
Seat 1: M1ND4G41NST (button) folded before Flop (didn't bet)
Seat 2: Mahu2021 (small blind) collected (80)
Seat 3: bobtsie (big blind) folded before Flop



PokerStars Hand #247027813340: Tournament #3671293103, $1.84+$0.16 USD Hold'em No Limit - Level IV (30/60) - 2023/11/10 14:53:57 CET [2023/11/10 8:53:57 ET]
Table '3671293103 1' 3-max Seat #2 is the button
Seat 1: M1ND4G41NST (425 in chips) 
Seat 2: Mahu2021 (490 in chips) 
Seat 3: bobtsie (585 in chips) 
bobtsie: posts small blind 30
M1ND4G41NST: posts big blind 60
*** HOLE CARDS ***
Dealt to Mahu2021 [3s 7c]
Mahu2021: folds 
bobtsie: calls 30
M1ND4G41NST: raises 365 to 425 and is all-in
bobtsie: folds 
Uncalled bet (365) returned to M1ND4G41NST
M1ND4G41NST collected 120 from pot
*** SUMMARY ***
Total pot 120 | Rake 0 
Seat 1: M1ND4G41NST (big blind) collected (120)
Seat 2: Mahu2021 (button) folded before Flop (didn't bet)
Seat 3: bobtsie (small blind) folded before Flop



PokerStars Hand #247027819073: Tournament #3671293103, $1.84+$0.16 USD Hold'em No Limit - Level IV (30/60) - 2023/11/10 14:54:24 CET [2023/11/10 8:54:24 ET]
Table '3671293103 1' 3-max Seat #3 is the button
Seat 1: M1ND4G41NST (485 in chips) 
Seat 2: Mahu2021 (490 in chips) 
Seat 3: bobtsie (525 in chips) 
M1ND4G41NST: posts small blind 30
Mahu2021: posts big blind 60
*** HOLE CARDS ***
Dealt to Mahu2021 [2d 4d]
bobtsie: folds 
M1ND4G41NST: folds 
Uncalled bet (30) returned to Mahu2021
Mahu2021 collected 60 from pot
Mahu2021: doesn't show hand 
*** SUMMARY ***
Total pot 60 | Rake 0 
Seat 1: M1ND4G41NST (small blind) folded before Flop
Seat 2: Mahu2021 (big blind) collected (60)
Seat 3: bobtsie (button) folded before Flop (didn't bet)



PokerStars Hand #247027821830: Tournament #3671293103, $1.84+$0.16 USD Hold'em No Limit - Level IV (30/60) - 2023/11/10 14:54:37 CET [2023/11/10 8:54:37 ET]
Table '3671293103 1' 3-max Seat #1 is the button
Seat 1: M1ND4G41NST (455 in chips) 
Seat 2: Mahu2021 (520 in chips) 
Seat 3: bobtsie (525 in chips) 
Mahu2021: posts small blind 30
bobtsie: posts big blind 60
*** HOLE CARDS ***
Dealt to Mahu2021 [Qd Qc]
M1ND4G41NST: folds 
Mahu2021: raises 460 to 520 and is all-in
bobtsie: folds 
Uncalled bet (460) returned to Mahu2021
Mahu2021 collected 120 from pot
Mahu2021: doesn't show hand 
*** SUMMARY ***
Total pot 120 | Rake 0 
Seat 1: M1ND4G41NST (button) folded before Flop (didn't bet)
Seat 2: Mahu2021 (small blind) collected (120)
Seat 3: bobtsie (big blind) folded before Flop



PokerStars Hand #247027826836: Tournament #3671293103, $1.84+$0.16 USD Hold'em No Limit - Level IV (30/60) - 2023/11/10 14:55:01 CET [2023/11/10 8:55:01 ET]
Table '3671293103 1' 3-max Seat #2 is the button
Seat 1: M1ND4G41NST (455 in chips) 
Seat 2: Mahu2021 (580 in chips) 
Seat 3: bobtsie (465 in chips) 
bobtsie: posts small blind 30
M1ND4G41NST: posts big blind 60
*** HOLE CARDS ***
Dealt to Mahu2021 [Td Ac]
Mahu2021: raises 60 to 120
bobtsie: folds 
M1ND4G41NST: calls 60
*** FLOP *** [Qd 6h 8s]
M1ND4G41NST: checks 
Mahu2021: checks 
*** TURN *** [Qd 6h 8s] [4h]
M1ND4G41NST: bets 335 and is all-in
Mahu2021: folds 
Uncalled bet (335) returned to M1ND4G41NST
M1ND4G41NST collected 270 from pot
*** SUMMARY ***
Total pot 270 | Rake 0 
Board [Qd 6h 8s 4h]
Seat 1: M1ND4G41NST (big blind) collected (270)
Seat 2: Mahu2021 (button) folded on the Turn
Seat 3: bobtsie (small blind) folded before Flop



PokerStars Hand #247027833953: Tournament #3671293103, $1.84+$0.16 USD Hold'em No Limit - Level IV (30/60) - 2023/11/10 14:55:41 CET [2023/11/10 8:55:41 ET]
Table '3671293103 1' 3-max Seat #3 is the button
Seat 1: M1ND4G41NST (605 in chips) 
Seat 2: Mahu2021 (460 in chips) 
Seat 3: bobtsie (435 in chips) 
M1ND4G41NST: posts small blind 30
Mahu2021: posts big blind 60
*** HOLE CARDS ***
Dealt to Mahu2021 [6s 3c]
bobtsie: folds 
M1ND4G41NST: calls 30
Mahu2021: checks 
*** FLOP *** [7s 3h 5s]
M1ND4G41NST: bets 60
Mahu2021: calls 60
*** TURN *** [7s 3h 5s] [Qc]
M1ND4G41NST: bets 120
Mahu2021: folds 
Uncalled bet (120) returned to M1ND4G41NST
M1ND4G41NST collected 240 from pot
*** SUMMARY ***
Total pot 240 | Rake 0 
Board [7s 3h 5s Qc]
Seat 1: M1ND4G41NST (small blind) collected (240)
Seat 2: Mahu2021 (big blind) folded on the Turn
Seat 3: bobtsie (button) folded before Flop (didn't bet)



PokerStars Hand #247027839261: Tournament #3671293103, $1.84+$0.16 USD Hold'em No Limit - Level IV (30/60) - 2023/11/10 14:56:12 CET [2023/11/10 8:56:12 ET]
Table '3671293103 1' 3-max Seat #1 is the button
Seat 1: M1ND4G41NST (725 in chips) 
Seat 2: Mahu2021 (340 in chips) 
Seat 3: bobtsie (435 in chips) 
Mahu2021: posts small blind 30
bobtsie: posts big blind 60
*** HOLE CARDS ***
Dealt to Mahu2021 [Jd Ac]
M1ND4G41NST: folds 
Mahu2021: raises 120 to 180
bobtsie: calls 120
*** FLOP *** [5c 2s 3h]
Mahu2021: bets 160 and is all-in
bobtsie: calls 160
*** TURN *** [5c 2s 3h] [Kd]
*** RIVER *** [5c 2s 3h Kd] [6d]
*** SHOW DOWN ***
Mahu2021: shows [Jd Ac] (high card Ace)
bobtsie: shows [As Td] (high card Ace - lower kicker)
Mahu2021 collected 680 from pot
*** SUMMARY ***
Total pot 680 | Rake 0 
Board [5c 2s 3h Kd 6d]
Seat 1: M1ND4G41NST (button) folded before Flop (didn't bet)
Seat 2: Mahu2021 (small blind) showed [Jd Ac] and won (680) with high card Ace
Seat 3: bobtsie (big blind) showed [As Td] and lost with high card Ace



PokerStars Hand #247027844797: Tournament #3671293103, $1.84+$0.16 USD Hold'em No Limit - Level IV (30/60) - 2023/11/10 14:56:43 CET [2023/11/10 8:56:43 ET]
Table '3671293103 1' 3-max Seat #2 is the button
Seat 1: M1ND4G41NST (725 in chips) 
Seat 2: Mahu2021 (680 in chips) 
Seat 3: bobtsie (95 in chips) 
bobtsie: posts small blind 30
M1ND4G41NST: posts big blind 60
*** HOLE CARDS ***
Dealt to Mahu2021 [3h Qd]
Mahu2021: folds 
bobtsie: folds 
Uncalled bet (30) returned to M1ND4G41NST
M1ND4G41NST collected 60 from pot
*** SUMMARY ***
Total pot 60 | Rake 0 
Seat 1: M1ND4G41NST (big blind) collected (60)
Seat 2: Mahu2021 (button) folded before Flop (didn't bet)
Seat 3: bobtsie (small blind) folded before Flop



PokerStars Hand #247027846446: Tournament #3671293103, $1.84+$0.16 USD Hold'em No Limit - Level IV (30/60) - 2023/11/10 14:56:52 CET [2023/11/10 8:56:52 ET]
Table '3671293103 1' 3-max Seat #3 is the button
Seat 1: M1ND4G41NST (755 in chips) 
Seat 2: Mahu2021 (680 in chips) 
Seat 3: bobtsie (65 in chips) 
M1ND4G41NST: posts small blind 30
Mahu2021: posts big blind 60
*** HOLE CARDS ***
Dealt to Mahu2021 [7h 3s]
bobtsie: raises 5 to 65 and is all-in
M1ND4G41NST: raises 690 to 755 and is all-in
Mahu2021: folds 
Uncalled bet (690) returned to M1ND4G41NST
*** FLOP *** [Qh Ts 2d]
*** TURN *** [Qh Ts 2d] [5c]
*** RIVER *** [Qh Ts 2d 5c] [4h]
*** SHOW DOWN ***
M1ND4G41NST: shows [7s Kh] (high card King)
bobtsie: shows [3h Jh] (high card Queen)
M1ND4G41NST collected 190 from pot
bobtsie finished the tournament in 3rd place
*** SUMMARY ***
Total pot 190 | Rake 0 
Board [Qh Ts 2d 5c 4h]
Seat 1: M1ND4G41NST (small blind) showed [7s Kh] and won (190) with high card King
Seat 2: Mahu2021 (big blind) folded before Flop
Seat 3: bobtsie (button) showed [3h Jh] and lost with high card Queen



PokerStars Hand #247027850847: Tournament #3671293103, $1.84+$0.16 USD Hold'em No Limit - Level V (40/80) - 2023/11/10 14:57:18 CET [2023/11/10 8:57:18 ET]
Table '3671293103 1' 3-max Seat #2 is the button
Seat 1: M1ND4G41NST (880 in chips) 
Seat 2: Mahu2021 (620 in chips) 
Mahu2021: posts small blind 40
M1ND4G41NST: posts big blind 80
*** HOLE CARDS ***
Dealt to Mahu2021 [Jc 6s]
Mahu2021: calls 40
M1ND4G41NST: raises 800 to 880 and is all-in
Mahu2021: folds 
Uncalled bet (800) returned to M1ND4G41NST
M1ND4G41NST collected 160 from pot
*** SUMMARY ***
Total pot 160 | Rake 0 
Seat 1: M1ND4G41NST (big blind) collected (160)
Seat 2: Mahu2021 (button) (small blind) folded before Flop



PokerStars Hand #247027853814: Tournament #3671293103, $1.84+$0.16 USD Hold'em No Limit - Level V (40/80) - 2023/11/10 14:57:35 CET [2023/11/10 8:57:35 ET]
Table '3671293103 1' 3-max Seat #1 is the button
Seat 1: M1ND4G41NST (960 in chips) 
Seat 2: Mahu2021 (540 in chips) 
M1ND4G41NST: posts small blind 40
Mahu2021: posts big blind 80
*** HOLE CARDS ***
Dealt to Mahu2021 [7h 4s]
M1ND4G41NST: calls 40
Mahu2021: checks 
*** FLOP *** [5s 3s Jc]
Mahu2021: checks 
M1ND4G41NST: bets 80
Mahu2021: calls 80
*** TURN *** [5s 3s Jc] [9h]
Mahu2021: checks 
M1ND4G41NST: bets 160
Mahu2021: folds 
Uncalled bet (160) returned to M1ND4G41NST
M1ND4G41NST collected 320 from pot
*** SUMMARY ***
Total pot 320 | Rake 0 
Board [5s 3s Jc 9h]
Seat 1: M1ND4G41NST (button) (small blind) collected (320)
Seat 2: Mahu2021 (big blind) folded on the Turn



PokerStars Hand #247027862846: Tournament #3671293103, $1.84+$0.16 USD Hold'em No Limit - Level V (40/80) - 2023/11/10 14:58:26 CET [2023/11/10 8:58:26 ET]
Table '3671293103 1' 3-max Seat #2 is the button
Seat 1: M1ND4G41NST (1120 in chips) 
Seat 2: Mahu2021 (380 in chips) 
Mahu2021: posts small blind 40
M1ND4G41NST: posts big blind 80
*** HOLE CARDS ***
Dealt to Mahu2021 [2h Jc]
Mahu2021: raises 300 to 380 and is all-in
M1ND4G41NST: folds 
Uncalled bet (300) returned to Mahu2021
Mahu2021 collected 160 from pot
Mahu2021: doesn't show hand 
*** SUMMARY ***
Total pot 160 | Rake 0 
Seat 1: M1ND4G41NST (big blind) folded before Flop
Seat 2: Mahu2021 (button) (small blind) collected (160)



PokerStars Hand #247027864724: Tournament #3671293103, $1.84+$0.16 USD Hold'em No Limit - Level V (40/80) - 2023/11/10 14:58:36 CET [2023/11/10 8:58:36 ET]
Table '3671293103 1' 3-max Seat #1 is the button
Seat 1: M1ND4G41NST (1040 in chips) 
Seat 2: Mahu2021 (460 in chips) 
M1ND4G41NST: posts small blind 40
Mahu2021: posts big blind 80
*** HOLE CARDS ***
Dealt to Mahu2021 [3h Qd]
M1ND4G41NST: raises 960 to 1040 and is all-in
Mahu2021: folds 
Uncalled bet (960) returned to M1ND4G41NST
M1ND4G41NST collected 160 from pot
*** SUMMARY ***
Total pot 160 | Rake 0 
Seat 1: M1ND4G41NST (button) (small blind) collected (160)
Seat 2: Mahu2021 (big blind) folded before Flop



PokerStars Hand #247027866247: Tournament #3671293103, $1.84+$0.16 USD Hold'em No Limit - Level V (40/80) - 2023/11/10 14:58:45 CET [2023/11/10 8:58:45 ET]
Table '3671293103 1' 3-max Seat #2 is the button
Seat 1: M1ND4G41NST (1120 in chips) 
Seat 2: Mahu2021 (380 in chips) 
Mahu2021: posts small blind 40
M1ND4G41NST: posts big blind 80
*** HOLE CARDS ***
Dealt to Mahu2021 [Qh 2h]
Mahu2021: calls 40
M1ND4G41NST: checks 
*** FLOP *** [Th 9s As]
M1ND4G41NST: checks 
Mahu2021: bets 80
M1ND4G41NST: calls 80
*** TURN *** [Th 9s As] [9h]
M1ND4G41NST: checks 
Mahu2021: bets 220 and is all-in
M1ND4G41NST: calls 220
*** RIVER *** [Th 9s As 9h] [8c]
*** SHOW DOWN ***
M1ND4G41NST: shows [8h Tc] (two pair, Tens and Nines)
Mahu2021: shows [Qh 2h] (a pair of Nines)
M1ND4G41NST collected 760 from pot
Mahu2021 finished the tournament in 2nd place
M1ND4G41NST wins the tournament and receives $6.00 - congratulations!
*** SUMMARY ***
Total pot 760 | Rake 0 
Board [Th 9s As 9h 8c]
Seat 1: M1ND4G41NST (big blind) showed [8h Tc] and won (760) with two pair, Tens and Nines
Seat 2: Mahu2021 (button) (small blind) showed [Qh 2h] and lost with a pair of Nines



