PokerStars Hand #248385552529: Tournament #3703730552, $1.84+$0.16 USD Hold'em No Limit - Level I (10/20) - 2024/01/20 11:01:49 CET [2024/01/20 5:01:49 ET]
Table '3703730552 1' 3-max Seat #1 is the button
Seat 1: justinhorne420 (500 in chips) 
Seat 2: Mahu2021 (500 in chips) 
Seat 3: AdamE7716 (500 in chips) 
Mahu2021: posts small blind 10
AdamE7716: posts big blind 20
*** HOLE CARDS ***
Dealt to Mahu2021 [7s Jc]
justinhorne420: folds 
Mahu2021: calls 10
AdamE7716: checks 
*** FLOP *** [8s 9s As]
Mahu2021: bets 20
AdamE7716: calls 20
*** TURN *** [8s 9s As] [Qc]
Mahu2021: bets 20
AdamE7716: raises 20 to 40
Mahu2021: calls 20
*** RIVER *** [8s 9s As Qc] [5s]
Mahu2021: bets 160
AdamE7716: folds 
Uncalled bet (160) returned to Mahu2021
Mahu2021 collected 160 from pot
Mahu2021: doesn't show hand 
*** SUMMARY ***
Total pot 160 | Rake 0 
Board [8s 9s As Qc 5s]
Seat 1: justinhorne420 (button) folded before Flop (didn't bet)
Seat 2: Mahu2021 (small blind) collected (160)
Seat 3: AdamE7716 (big blind) folded on the River



PokerStars Hand #248385555784: Tournament #3703730552, $1.84+$0.16 USD Hold'em No Limit - Level I (10/20) - 2024/01/20 11:02:12 CET [2024/01/20 5:02:12 ET]
Table '3703730552 1' 3-max Seat #2 is the button
Seat 1: justinhorne420 (500 in chips) 
Seat 2: Mahu2021 (580 in chips) 
Seat 3: AdamE7716 (420 in chips) 
AdamE7716: posts small blind 10
justinhorne420: posts big blind 20
*** HOLE CARDS ***
Dealt to Mahu2021 [6s Qs]
Mahu2021: calls 20
AdamE7716: calls 10
justinhorne420: checks 
*** FLOP *** [9h Js Kd]
AdamE7716: checks 
justinhorne420: bets 60
Mahu2021: folds 
AdamE7716: calls 60
*** TURN *** [9h Js Kd] [2s]
AdamE7716: checks 
justinhorne420: bets 180
AdamE7716: folds 
Uncalled bet (180) returned to justinhorne420
justinhorne420 collected 180 from pot
*** SUMMARY ***
Total pot 180 | Rake 0 
Board [9h Js Kd 2s]
Seat 1: justinhorne420 (big blind) collected (180)
Seat 2: Mahu2021 (button) folded on the Flop
Seat 3: AdamE7716 (small blind) folded on the Turn



PokerStars Hand #248385559301: Tournament #3703730552, $1.84+$0.16 USD Hold'em No Limit - Level I (10/20) - 2024/01/20 11:02:35 CET [2024/01/20 5:02:35 ET]
Table '3703730552 1' 3-max Seat #3 is the button
Seat 1: justinhorne420 (600 in chips) 
Seat 2: Mahu2021 (560 in chips) 
Seat 3: AdamE7716 (340 in chips) 
justinhorne420: posts small blind 10
Mahu2021: posts big blind 20
*** HOLE CARDS ***
Dealt to Mahu2021 [Kh 9d]
AdamE7716: calls 20
justinhorne420: raises 40 to 60
Mahu2021: folds 
AdamE7716: folds 
Uncalled bet (40) returned to justinhorne420
justinhorne420 collected 60 from pot
*** SUMMARY ***
Total pot 60 | Rake 0 
Seat 1: justinhorne420 (small blind) collected (60)
Seat 2: Mahu2021 (big blind) folded before Flop
Seat 3: AdamE7716 (button) folded before Flop



PokerStars Hand #248385561857: Tournament #3703730552, $1.84+$0.16 USD Hold'em No Limit - Level I (10/20) - 2024/01/20 11:02:52 CET [2024/01/20 5:02:52 ET]
Table '3703730552 1' 3-max Seat #1 is the button
Seat 1: justinhorne420 (640 in chips) 
Seat 2: Mahu2021 (540 in chips) 
Seat 3: AdamE7716 (320 in chips) 
Mahu2021: posts small blind 10
AdamE7716: posts big blind 20
*** HOLE CARDS ***
Dealt to Mahu2021 [Kc 4c]
justinhorne420: raises 20 to 40
Mahu2021: calls 30
AdamE7716: raises 280 to 320 and is all-in
justinhorne420: folds 
Mahu2021: folds 
Uncalled bet (280) returned to AdamE7716
AdamE7716 collected 120 from pot
*** SUMMARY ***
Total pot 120 | Rake 0 
Seat 1: justinhorne420 (button) folded before Flop
Seat 2: Mahu2021 (small blind) folded before Flop
Seat 3: AdamE7716 (big blind) collected (120)



PokerStars Hand #248385563543: Tournament #3703730552, $1.84+$0.16 USD Hold'em No Limit - Level I (10/20) - 2024/01/20 11:03:03 CET [2024/01/20 5:03:03 ET]
Table '3703730552 1' 3-max Seat #2 is the button
Seat 1: justinhorne420 (600 in chips) 
Seat 2: Mahu2021 (500 in chips) 
Seat 3: AdamE7716 (400 in chips) 
AdamE7716: posts small blind 10
justinhorne420: posts big blind 20
*** HOLE CARDS ***
Dealt to Mahu2021 [7s 7c]
Mahu2021: calls 20
AdamE7716: folds 
justinhorne420: checks 
*** FLOP *** [6s Ac Th]
justinhorne420: bets 50
Mahu2021: folds 
Uncalled bet (50) returned to justinhorne420
justinhorne420 collected 50 from pot
*** SUMMARY ***
Total pot 50 | Rake 0 
Board [6s Ac Th]
Seat 1: justinhorne420 (big blind) collected (50)
Seat 2: Mahu2021 (button) folded on the Flop
Seat 3: AdamE7716 (small blind) folded before Flop



PokerStars Hand #248385565542: Tournament #3703730552, $1.84+$0.16 USD Hold'em No Limit - Level I (10/20) - 2024/01/20 11:03:17 CET [2024/01/20 5:03:17 ET]
Table '3703730552 1' 3-max Seat #3 is the button
Seat 1: justinhorne420 (630 in chips) 
Seat 2: Mahu2021 (480 in chips) 
Seat 3: AdamE7716 (390 in chips) 
justinhorne420: posts small blind 10
Mahu2021: posts big blind 20
*** HOLE CARDS ***
Dealt to Mahu2021 [8s 2h]
AdamE7716: calls 20
justinhorne420: calls 10
Mahu2021: checks 
*** FLOP *** [Jc 2d 2s]
justinhorne420: checks 
Mahu2021: bets 60
AdamE7716: folds 
justinhorne420: folds 
Uncalled bet (60) returned to Mahu2021
Mahu2021 collected 60 from pot
Mahu2021: doesn't show hand 
*** SUMMARY ***
Total pot 60 | Rake 0 
Board [Jc 2d 2s]
Seat 1: justinhorne420 (small blind) folded on the Flop
Seat 2: Mahu2021 (big blind) collected (60)
Seat 3: AdamE7716 (button) folded on the Flop



PokerStars Hand #248385568348: Tournament #3703730552, $1.84+$0.16 USD Hold'em No Limit - Level I (10/20) - 2024/01/20 11:03:36 CET [2024/01/20 5:03:36 ET]
Table '3703730552 1' 3-max Seat #1 is the button
Seat 1: justinhorne420 (610 in chips) 
Seat 2: Mahu2021 (520 in chips) 
Seat 3: AdamE7716 (370 in chips) 
Mahu2021: posts small blind 10
AdamE7716: posts big blind 20
*** HOLE CARDS ***
Dealt to Mahu2021 [8s 6s]
justinhorne420: folds 
Mahu2021: calls 10
AdamE7716: checks 
*** FLOP *** [5c 5d Ad]
Mahu2021: checks 
AdamE7716: checks 
*** TURN *** [5c 5d Ad] [4s]
Mahu2021: bets 20
AdamE7716: folds 
Uncalled bet (20) returned to Mahu2021
Mahu2021 collected 40 from pot
Mahu2021: doesn't show hand 
*** SUMMARY ***
Total pot 40 | Rake 0 
Board [5c 5d Ad 4s]
Seat 1: justinhorne420 (button) folded before Flop (didn't bet)
Seat 2: Mahu2021 (small blind) collected (40)
Seat 3: AdamE7716 (big blind) folded on the Turn



PokerStars Hand #248385570189: Tournament #3703730552, $1.84+$0.16 USD Hold'em No Limit - Level I (10/20) - 2024/01/20 11:03:48 CET [2024/01/20 5:03:48 ET]
Table '3703730552 1' 3-max Seat #2 is the button
Seat 1: justinhorne420 (610 in chips) 
Seat 2: Mahu2021 (540 in chips) 
Seat 3: AdamE7716 (350 in chips) 
AdamE7716: posts small blind 10
justinhorne420: posts big blind 20
*** HOLE CARDS ***
Dealt to Mahu2021 [Ts 5d]
Mahu2021: folds 
AdamE7716: calls 10
justinhorne420: raises 40 to 60
AdamE7716: folds 
Uncalled bet (40) returned to justinhorne420
justinhorne420 collected 40 from pot
*** SUMMARY ***
Total pot 40 | Rake 0 
Seat 1: justinhorne420 (big blind) collected (40)
Seat 2: Mahu2021 (button) folded before Flop (didn't bet)
Seat 3: AdamE7716 (small blind) folded before Flop



PokerStars Hand #248385572081: Tournament #3703730552, $1.84+$0.16 USD Hold'em No Limit - Level II (15/30) - 2024/01/20 11:04:01 CET [2024/01/20 5:04:01 ET]
Table '3703730552 1' 3-max Seat #3 is the button
Seat 1: justinhorne420 (630 in chips) 
Seat 2: Mahu2021 (540 in chips) 
Seat 3: AdamE7716 (330 in chips) 
justinhorne420: posts small blind 15
Mahu2021: posts big blind 30
*** HOLE CARDS ***
Dealt to Mahu2021 [Ad 4s]
AdamE7716: folds 
justinhorne420: raises 30 to 60
Mahu2021: calls 30
*** FLOP *** [Qc Ts Jd]
justinhorne420: bets 120
Mahu2021: folds 
Uncalled bet (120) returned to justinhorne420
justinhorne420 collected 120 from pot
*** SUMMARY ***
Total pot 120 | Rake 0 
Board [Qc Ts Jd]
Seat 1: justinhorne420 (small blind) collected (120)
Seat 2: Mahu2021 (big blind) folded on the Flop
Seat 3: AdamE7716 (button) folded before Flop (didn't bet)



PokerStars Hand #248385574048: Tournament #3703730552, $1.84+$0.16 USD Hold'em No Limit - Level II (15/30) - 2024/01/20 11:04:15 CET [2024/01/20 5:04:15 ET]
Table '3703730552 1' 3-max Seat #1 is the button
Seat 1: justinhorne420 (690 in chips) 
Seat 2: Mahu2021 (480 in chips) 
Seat 3: AdamE7716 (330 in chips) 
Mahu2021: posts small blind 15
AdamE7716: posts big blind 30
*** HOLE CARDS ***
Dealt to Mahu2021 [4h Kh]
justinhorne420: folds 
Mahu2021: calls 15
AdamE7716: checks 
*** FLOP *** [2c 7s Td]
Mahu2021: checks 
AdamE7716: bets 30
Mahu2021: folds 
Uncalled bet (30) returned to AdamE7716
AdamE7716 collected 60 from pot
*** SUMMARY ***
Total pot 60 | Rake 0 
Board [2c 7s Td]
Seat 1: justinhorne420 (button) folded before Flop (didn't bet)
Seat 2: Mahu2021 (small blind) folded on the Flop
Seat 3: AdamE7716 (big blind) collected (60)



PokerStars Hand #248385575656: Tournament #3703730552, $1.84+$0.16 USD Hold'em No Limit - Level II (15/30) - 2024/01/20 11:04:26 CET [2024/01/20 5:04:26 ET]
Table '3703730552 1' 3-max Seat #2 is the button
Seat 1: justinhorne420 (690 in chips) 
Seat 2: Mahu2021 (450 in chips) 
Seat 3: AdamE7716 (360 in chips) 
AdamE7716: posts small blind 15
justinhorne420: posts big blind 30
*** HOLE CARDS ***
Dealt to Mahu2021 [Kc 4h]
Mahu2021: folds 
AdamE7716: calls 15
justinhorne420: raises 60 to 90
AdamE7716: calls 60
*** FLOP *** [2c Th 9c]
AdamE7716: bets 30
justinhorne420: calls 30
*** TURN *** [2c Th 9c] [8d]
AdamE7716: bets 240 and is all-in
justinhorne420: calls 240
*** RIVER *** [2c Th 9c 8d] [8h]
*** SHOW DOWN ***
AdamE7716: shows [2s 8s] (a full house, Eights full of Deuces)
justinhorne420: shows [Qc Ks] (a pair of Eights)
AdamE7716 collected 720 from pot
*** SUMMARY ***
Total pot 720 | Rake 0 
Board [2c Th 9c 8d 8h]
Seat 1: justinhorne420 (big blind) showed [Qc Ks] and lost with a pair of Eights
Seat 2: Mahu2021 (button) folded before Flop (didn't bet)
Seat 3: AdamE7716 (small blind) showed [2s 8s] and won (720) with a full house, Eights full of Deuces



PokerStars Hand #248385579191: Tournament #3703730552, $1.84+$0.16 USD Hold'em No Limit - Level II (15/30) - 2024/01/20 11:04:49 CET [2024/01/20 5:04:49 ET]
Table '3703730552 1' 3-max Seat #3 is the button
Seat 1: justinhorne420 (330 in chips) 
Seat 2: Mahu2021 (450 in chips) 
Seat 3: AdamE7716 (720 in chips) 
justinhorne420: posts small blind 15
Mahu2021: posts big blind 30
*** HOLE CARDS ***
Dealt to Mahu2021 [3c 8h]
AdamE7716: calls 30
justinhorne420: raises 90 to 120
Mahu2021: folds 
AdamE7716: calls 90
*** FLOP *** [Ts Th Kh]
justinhorne420: bets 210 and is all-in
AdamE7716: calls 210
*** TURN *** [Ts Th Kh] [Td]
*** RIVER *** [Ts Th Kh Td] [2s]
*** SHOW DOWN ***
justinhorne420: shows [Js Ah] (three of a kind, Tens)
AdamE7716: shows [Qs Qh] (a full house, Tens full of Queens)
AdamE7716 collected 690 from pot
justinhorne420 finished the tournament in 3rd place
*** SUMMARY ***
Total pot 690 | Rake 0 
Board [Ts Th Kh Td 2s]
Seat 1: justinhorne420 (small blind) showed [Js Ah] and lost with three of a kind, Tens
Seat 2: Mahu2021 (big blind) folded before Flop
Seat 3: AdamE7716 (button) showed [Qs Qh] and won (690) with a full house, Tens full of Queens



PokerStars Hand #248385582841: Tournament #3703730552, $1.84+$0.16 USD Hold'em No Limit - Level II (15/30) - 2024/01/20 11:05:14 CET [2024/01/20 5:05:14 ET]
Table '3703730552 1' 3-max Seat #2 is the button
Seat 2: Mahu2021 (420 in chips) 
Seat 3: AdamE7716 (1080 in chips) 
Mahu2021: posts small blind 15
AdamE7716: posts big blind 30
*** HOLE CARDS ***
Dealt to Mahu2021 [Td 9h]
Mahu2021: calls 15
AdamE7716: checks 
*** FLOP *** [2d 6s 3c]
AdamE7716: bets 30
Mahu2021: folds 
Uncalled bet (30) returned to AdamE7716
AdamE7716 collected 60 from pot
*** SUMMARY ***
Total pot 60 | Rake 0 
Board [2d 6s 3c]
Seat 2: Mahu2021 (button) (small blind) folded on the Flop
Seat 3: AdamE7716 (big blind) collected (60)



PokerStars Hand #248385584195: Tournament #3703730552, $1.84+$0.16 USD Hold'em No Limit - Level II (15/30) - 2024/01/20 11:05:23 CET [2024/01/20 5:05:23 ET]
Table '3703730552 1' 3-max Seat #3 is the button
Seat 2: Mahu2021 (390 in chips) 
Seat 3: AdamE7716 (1110 in chips) 
AdamE7716: posts small blind 15
Mahu2021: posts big blind 30
*** HOLE CARDS ***
Dealt to Mahu2021 [Kd 5h]
AdamE7716: calls 15
Mahu2021: checks 
*** FLOP *** [Js 5d 9s]
Mahu2021: bets 30
AdamE7716: raises 30 to 60
Mahu2021: calls 30
*** TURN *** [Js 5d 9s] [7s]
Mahu2021: checks 
AdamE7716: bets 30
Mahu2021: folds 
Uncalled bet (30) returned to AdamE7716
AdamE7716 collected 180 from pot
*** SUMMARY ***
Total pot 180 | Rake 0 
Board [Js 5d 9s 7s]
Seat 2: Mahu2021 (big blind) folded on the Turn
Seat 3: AdamE7716 (button) (small blind) collected (180)



PokerStars Hand #248385586945: Tournament #3703730552, $1.84+$0.16 USD Hold'em No Limit - Level II (15/30) - 2024/01/20 11:05:41 CET [2024/01/20 5:05:41 ET]
Table '3703730552 1' 3-max Seat #2 is the button
Seat 2: Mahu2021 (300 in chips) 
Seat 3: AdamE7716 (1200 in chips) 
Mahu2021: posts small blind 15
AdamE7716: posts big blind 30
*** HOLE CARDS ***
Dealt to Mahu2021 [6d 7d]
Mahu2021: calls 15
AdamE7716: checks 
*** FLOP *** [5h 4d Qc]
AdamE7716: checks 
Mahu2021: bets 30
AdamE7716: calls 30
*** TURN *** [5h 4d Qc] [4c]
AdamE7716: checks 
Mahu2021: checks 
*** RIVER *** [5h 4d Qc 4c] [6c]
AdamE7716: bets 120
Mahu2021: calls 120
*** SHOW DOWN ***
AdamE7716: shows [Kh Kc] (two pair, Kings and Fours)
Mahu2021: mucks hand 
AdamE7716 collected 360 from pot
*** SUMMARY ***
Total pot 360 | Rake 0 
Board [5h 4d Qc 4c 6c]
Seat 2: Mahu2021 (button) (small blind) mucked [6d 7d]
Seat 3: AdamE7716 (big blind) showed [Kh Kc] and won (360) with two pair, Kings and Fours



PokerStars Hand #248385590075: Tournament #3703730552, $1.84+$0.16 USD Hold'em No Limit - Level III (20/40) - 2024/01/20 11:06:02 CET [2024/01/20 5:06:02 ET]
Table '3703730552 1' 3-max Seat #3 is the button
Seat 2: Mahu2021 (120 in chips) 
Seat 3: AdamE7716 (1380 in chips) 
AdamE7716: posts small blind 20
Mahu2021: posts big blind 40
*** HOLE CARDS ***
Dealt to Mahu2021 [2d Th]
AdamE7716: calls 20
Mahu2021: checks 
*** FLOP *** [Qh 9d 6h]
Mahu2021: checks 
AdamE7716: bets 40
Mahu2021: folds 
Uncalled bet (40) returned to AdamE7716
AdamE7716 collected 80 from pot
*** SUMMARY ***
Total pot 80 | Rake 0 
Board [Qh 9d 6h]
Seat 2: Mahu2021 (big blind) folded on the Flop
Seat 3: AdamE7716 (button) (small blind) collected (80)



PokerStars Hand #248385591440: Tournament #3703730552, $1.84+$0.16 USD Hold'em No Limit - Level III (20/40) - 2024/01/20 11:06:11 CET [2024/01/20 5:06:11 ET]
Table '3703730552 1' 3-max Seat #2 is the button
Seat 2: Mahu2021 (80 in chips) 
Seat 3: AdamE7716 (1420 in chips) 
Mahu2021: posts small blind 20
AdamE7716: posts big blind 40
*** HOLE CARDS ***
Dealt to Mahu2021 [Kd Kc]
Mahu2021: calls 20
AdamE7716: checks 
*** FLOP *** [3s As 4d]
AdamE7716: bets 40
Mahu2021: calls 40 and is all-in
*** TURN *** [3s As 4d] [Ks]
*** RIVER *** [3s As 4d Ks] [2s]
*** SHOW DOWN ***
AdamE7716: shows [Qd Qs] (a flush, Ace high)
Mahu2021: shows [Kd Kc] (three of a kind, Kings)
AdamE7716 collected 160 from pot
Mahu2021 finished the tournament in 2nd place
AdamE7716 wins the tournament and receives $4.00 - congratulations!
*** SUMMARY ***
Total pot 160 | Rake 0 
Board [3s As 4d Ks 2s]
Seat 2: Mahu2021 (button) (small blind) showed [Kd Kc] and lost with three of a kind, Kings
Seat 3: AdamE7716 (big blind) showed [Qd Qs] and won (160) with a flush, Ace high



