PokerStars Hand #245100803871: Tournament #3624354175, $0.92+$0.08 USD Hold'em No Limit - Level I (10/20) - 2023/07/30 12:22:00 CET [2023/07/30 6:22:00 ET]
Table '3624354175 1' 3-max Seat #1 is the button
Seat 1: Mahu2021 (500 in chips) 
Seat 2: man-math (500 in chips) 
Seat 3: AmigoPhoenix (500 in chips) 
man-math: posts small blind 10
AmigoPhoenix: posts big blind 20
*** HOLE CARDS ***
Dealt to Mahu2021 [3s 9h]
Mahu2021: folds 
man-math: calls 10
AmigoPhoenix: checks 
*** FLOP *** [2c Th 4c]
man-math: checks 
AmigoPhoenix: checks 
*** TURN *** [2c Th 4c] [3d]
man-math: bets 40
AmigoPhoenix: folds 
Uncalled bet (40) returned to man-math
man-math collected 40 from pot
*** SUMMARY ***
Total pot 40 | Rake 0 
Board [2c Th 4c 3d]
Seat 1: Mahu2021 (button) folded before Flop (didn't bet)
Seat 2: man-math (small blind) collected (40)
Seat 3: AmigoPhoenix (big blind) folded on the Turn



PokerStars Hand #245100806747: Tournament #3624354175, $0.92+$0.08 USD Hold'em No Limit - Level I (10/20) - 2023/07/30 12:22:20 CET [2023/07/30 6:22:20 ET]
Table '3624354175 1' 3-max Seat #2 is the button
Seat 1: Mahu2021 (500 in chips) 
Seat 2: man-math (520 in chips) 
Seat 3: AmigoPhoenix (480 in chips) 
AmigoPhoenix: posts small blind 10
Mahu2021: posts big blind 20
*** HOLE CARDS ***
Dealt to Mahu2021 [5d 4h]
man-math: raises 20 to 40
AmigoPhoenix: folds 
Mahu2021: calls 20
*** FLOP *** [6d 7h 4d]
Mahu2021: checks 
man-math: bets 20
Mahu2021: calls 20
*** TURN *** [6d 7h 4d] [Js]
Mahu2021: checks 
man-math: checks 
*** RIVER *** [6d 7h 4d Js] [Qs]
Mahu2021: bets 130
man-math: folds 
Uncalled bet (130) returned to Mahu2021
Mahu2021 collected 130 from pot
Mahu2021: doesn't show hand 
*** SUMMARY ***
Total pot 130 | Rake 0 
Board [6d 7h 4d Js Qs]
Seat 1: Mahu2021 (big blind) collected (130)
Seat 2: man-math (button) folded on the River
Seat 3: AmigoPhoenix (small blind) folded before Flop



PokerStars Hand #245100810504: Tournament #3624354175, $0.92+$0.08 USD Hold'em No Limit - Level I (10/20) - 2023/07/30 12:22:45 CET [2023/07/30 6:22:45 ET]
Table '3624354175 1' 3-max Seat #3 is the button
Seat 1: Mahu2021 (570 in chips) 
Seat 2: man-math (460 in chips) 
Seat 3: AmigoPhoenix (470 in chips) 
Mahu2021: posts small blind 10
man-math: posts big blind 20
*** HOLE CARDS ***
Dealt to Mahu2021 [As Kc]
AmigoPhoenix: folds 
Mahu2021: raises 20 to 40
man-math: raises 20 to 60
Mahu2021: raises 510 to 570 and is all-in
man-math: calls 400 and is all-in
Uncalled bet (110) returned to Mahu2021
*** FLOP *** [4h Jh 5d]
*** TURN *** [4h Jh 5d] [Js]
*** RIVER *** [4h Jh 5d Js] [8c]
*** SHOW DOWN ***
Mahu2021: shows [As Kc] (a pair of Jacks)
man-math: shows [7c 7h] (two pair, Jacks and Sevens)
man-math collected 920 from pot
*** SUMMARY ***
Total pot 920 | Rake 0 
Board [4h Jh 5d Js 8c]
Seat 1: Mahu2021 (small blind) showed [As Kc] and lost with a pair of Jacks
Seat 2: man-math (big blind) showed [7c 7h] and won (920) with two pair, Jacks and Sevens
Seat 3: AmigoPhoenix (button) folded before Flop (didn't bet)



PokerStars Hand #245100813010: Tournament #3624354175, $0.92+$0.08 USD Hold'em No Limit - Level I (10/20) - 2023/07/30 12:23:01 CET [2023/07/30 6:23:01 ET]
Table '3624354175 1' 3-max Seat #1 is the button
Seat 1: Mahu2021 (110 in chips) 
Seat 2: man-math (920 in chips) 
Seat 3: AmigoPhoenix (470 in chips) 
man-math: posts small blind 10
AmigoPhoenix: posts big blind 20
*** HOLE CARDS ***
Dealt to Mahu2021 [3d 8d]
Mahu2021: folds 
man-math: calls 10
AmigoPhoenix: checks 
*** FLOP *** [Ad 8h 7s]
man-math: bets 40
AmigoPhoenix: folds 
Uncalled bet (40) returned to man-math
man-math collected 40 from pot
*** SUMMARY ***
Total pot 40 | Rake 0 
Board [Ad 8h 7s]
Seat 1: Mahu2021 (button) folded before Flop (didn't bet)
Seat 2: man-math (small blind) collected (40)
Seat 3: AmigoPhoenix (big blind) folded on the Flop



PokerStars Hand #245100815391: Tournament #3624354175, $0.92+$0.08 USD Hold'em No Limit - Level I (10/20) - 2023/07/30 12:23:17 CET [2023/07/30 6:23:17 ET]
Table '3624354175 1' 3-max Seat #2 is the button
Seat 1: Mahu2021 (110 in chips) 
Seat 2: man-math (940 in chips) 
Seat 3: AmigoPhoenix (450 in chips) 
AmigoPhoenix: posts small blind 10
Mahu2021: posts big blind 20
*** HOLE CARDS ***
Dealt to Mahu2021 [Kd 7h]
man-math: raises 20 to 40
AmigoPhoenix: calls 30
Mahu2021: calls 20
*** FLOP *** [5h 8d Qc]
AmigoPhoenix: checks 
Mahu2021: checks 
man-math: checks 
*** TURN *** [5h 8d Qc] [Tc]
AmigoPhoenix: checks 
Mahu2021: bets 70 and is all-in
man-math: calls 70
AmigoPhoenix: folds 
*** RIVER *** [5h 8d Qc Tc] [Qs]
*** SHOW DOWN ***
Mahu2021: shows [Kd 7h] (a pair of Queens)
man-math: shows [Ts 3c] (two pair, Queens and Tens)
man-math collected 260 from pot
Mahu2021 finished the tournament in 3rd place
*** SUMMARY ***
Total pot 260 | Rake 0 
Board [5h 8d Qc Tc Qs]
Seat 1: Mahu2021 (big blind) showed [Kd 7h] and lost with a pair of Queens
Seat 2: man-math (button) showed [Ts 3c] and won (260) with two pair, Queens and Tens
Seat 3: AmigoPhoenix (small blind) folded on the Turn



