PokerStars Hand #247550697780: Tournament #3683819823, $1.84+$0.16 USD Hold'em No Limit - Level I (10/20) - 2023/12/08 20:54:41 CET [2023/12/08 14:54:41 ET]
Table '3683819823 1' 3-max Seat #1 is the button
Seat 1: jutang90 (500 in chips) 
Seat 2: Mahu2021 (500 in chips) 
Seat 3: Hornysanta93 (500 in chips) 
Mahu2021: posts small blind 10
Hornysanta93: posts big blind 20
*** HOLE CARDS ***
Dealt to Mahu2021 [Jc 7d]
jutang90: calls 20
Mahu2021: calls 10
Hornysanta93: raises 80 to 100
jutang90: folds 
Mahu2021: folds 
Uncalled bet (80) returned to Hornysanta93
Hornysanta93 collected 60 from pot
Hornysanta93: doesn't show hand 
*** SUMMARY ***
Total pot 60 | Rake 0 
Seat 1: jutang90 (button) folded before Flop
Seat 2: Mahu2021 (small blind) folded before Flop
Seat 3: Hornysanta93 (big blind) collected (60)



PokerStars Hand #247550702192: Tournament #3683819823, $1.84+$0.16 USD Hold'em No Limit - Level I (10/20) - 2023/12/08 20:54:55 CET [2023/12/08 14:54:55 ET]
Table '3683819823 1' 3-max Seat #2 is the button
Seat 1: jutang90 (480 in chips) 
Seat 2: Mahu2021 (480 in chips) 
Seat 3: Hornysanta93 (540 in chips) 
Hornysanta93: posts small blind 10
jutang90: posts big blind 20
*** HOLE CARDS ***
Dealt to Mahu2021 [4c 5c]
Mahu2021: calls 20
Hornysanta93: folds 
jutang90: checks 
*** FLOP *** [6s Tc 8s]
jutang90: checks 
Mahu2021: bets 50
jutang90: calls 50
*** TURN *** [6s Tc 8s] [Jh]
jutang90: checks 
Mahu2021: checks 
*** RIVER *** [6s Tc 8s Jh] [7d]
jutang90: bets 150
Mahu2021: calls 150
*** SHOW DOWN ***
jutang90: shows [7s 9s] (a straight, Seven to Jack)
Mahu2021: mucks hand 
jutang90 collected 450 from pot
*** SUMMARY ***
Total pot 450 | Rake 0 
Board [6s Tc 8s Jh 7d]
Seat 1: jutang90 (big blind) showed [7s 9s] and won (450) with a straight, Seven to Jack
Seat 2: Mahu2021 (button) mucked [4c 5c]
Seat 3: Hornysanta93 (small blind) folded before Flop



PokerStars Hand #247550709309: Tournament #3683819823, $1.84+$0.16 USD Hold'em No Limit - Level I (10/20) - 2023/12/08 20:55:23 CET [2023/12/08 14:55:23 ET]
Table '3683819823 1' 3-max Seat #3 is the button
Seat 1: jutang90 (710 in chips) 
Seat 2: Mahu2021 (260 in chips) 
Seat 3: Hornysanta93 (530 in chips) 
jutang90: posts small blind 10
Mahu2021: posts big blind 20
*** HOLE CARDS ***
Dealt to Mahu2021 [7s 5d]
Hornysanta93: folds 
jutang90: calls 10
Mahu2021: checks 
*** FLOP *** [3c 9c Jd]
jutang90: bets 20
Mahu2021: folds 
Uncalled bet (20) returned to jutang90
jutang90 collected 40 from pot
jutang90: doesn't show hand 
*** SUMMARY ***
Total pot 40 | Rake 0 
Board [3c 9c Jd]
Seat 1: jutang90 (small blind) collected (40)
Seat 2: Mahu2021 (big blind) folded on the Flop
Seat 3: Hornysanta93 (button) folded before Flop (didn't bet)



PokerStars Hand #247550711501: Tournament #3683819823, $1.84+$0.16 USD Hold'em No Limit - Level I (10/20) - 2023/12/08 20:55:33 CET [2023/12/08 14:55:33 ET]
Table '3683819823 1' 3-max Seat #1 is the button
Seat 1: jutang90 (730 in chips) 
Seat 2: Mahu2021 (240 in chips) 
Seat 3: Hornysanta93 (530 in chips) 
Mahu2021: posts small blind 10
Hornysanta93: posts big blind 20
*** HOLE CARDS ***
Dealt to Mahu2021 [Tc Ad]
jutang90: folds 
Mahu2021: raises 40 to 60
Hornysanta93: calls 40
*** FLOP *** [Kc 8s 3s]
Mahu2021: bets 180 and is all-in
Hornysanta93: folds 
Uncalled bet (180) returned to Mahu2021
Mahu2021 collected 120 from pot
Mahu2021: doesn't show hand 
*** SUMMARY ***
Total pot 120 | Rake 0 
Board [Kc 8s 3s]
Seat 1: jutang90 (button) folded before Flop (didn't bet)
Seat 2: Mahu2021 (small blind) collected (120)
Seat 3: Hornysanta93 (big blind) folded on the Flop



PokerStars Hand #247550716780: Tournament #3683819823, $1.84+$0.16 USD Hold'em No Limit - Level I (10/20) - 2023/12/08 20:55:57 CET [2023/12/08 14:55:57 ET]
Table '3683819823 1' 3-max Seat #2 is the button
Seat 1: jutang90 (730 in chips) 
Seat 2: Mahu2021 (300 in chips) 
Seat 3: Hornysanta93 (470 in chips) 
Hornysanta93: posts small blind 10
jutang90: posts big blind 20
*** HOLE CARDS ***
Dealt to Mahu2021 [3h Qh]
Mahu2021: folds 
Hornysanta93: raises 30 to 50
jutang90: folds 
Uncalled bet (30) returned to Hornysanta93
Hornysanta93 collected 40 from pot
Hornysanta93: doesn't show hand 
*** SUMMARY ***
Total pot 40 | Rake 0 
Seat 1: jutang90 (big blind) folded before Flop
Seat 2: Mahu2021 (button) folded before Flop (didn't bet)
Seat 3: Hornysanta93 (small blind) collected (40)



PokerStars Hand #247550718816: Tournament #3683819823, $1.84+$0.16 USD Hold'em No Limit - Level I (10/20) - 2023/12/08 20:56:06 CET [2023/12/08 14:56:06 ET]
Table '3683819823 1' 3-max Seat #3 is the button
Seat 1: jutang90 (710 in chips) 
Seat 2: Mahu2021 (300 in chips) 
Seat 3: Hornysanta93 (490 in chips) 
jutang90: posts small blind 10
Mahu2021: posts big blind 20
*** HOLE CARDS ***
Dealt to Mahu2021 [Ts Jc]
Hornysanta93: folds 
jutang90: folds 
Uncalled bet (10) returned to Mahu2021
Mahu2021 collected 20 from pot
Mahu2021: doesn't show hand 
*** SUMMARY ***
Total pot 20 | Rake 0 
Seat 1: jutang90 (small blind) folded before Flop
Seat 2: Mahu2021 (big blind) collected (20)
Seat 3: Hornysanta93 (button) folded before Flop (didn't bet)



PokerStars Hand #247550720344: Tournament #3683819823, $1.84+$0.16 USD Hold'em No Limit - Level I (10/20) - 2023/12/08 20:56:13 CET [2023/12/08 14:56:13 ET]
Table '3683819823 1' 3-max Seat #1 is the button
Seat 1: jutang90 (700 in chips) 
Seat 2: Mahu2021 (310 in chips) 
Seat 3: Hornysanta93 (490 in chips) 
Mahu2021: posts small blind 10
Hornysanta93: posts big blind 20
*** HOLE CARDS ***
Dealt to Mahu2021 [6c Jh]
jutang90: folds 
Mahu2021: calls 10
Hornysanta93: checks 
*** FLOP *** [9d 8s Qs]
Mahu2021: bets 20
Hornysanta93: folds 
Uncalled bet (20) returned to Mahu2021
Mahu2021 collected 40 from pot
Mahu2021: doesn't show hand 
*** SUMMARY ***
Total pot 40 | Rake 0 
Board [9d 8s Qs]
Seat 1: jutang90 (button) folded before Flop (didn't bet)
Seat 2: Mahu2021 (small blind) collected (40)
Seat 3: Hornysanta93 (big blind) folded on the Flop



PokerStars Hand #247550723691: Tournament #3683819823, $1.84+$0.16 USD Hold'em No Limit - Level I (10/20) - 2023/12/08 20:56:28 CET [2023/12/08 14:56:28 ET]
Table '3683819823 1' 3-max Seat #2 is the button
Seat 1: jutang90 (700 in chips) 
Seat 2: Mahu2021 (330 in chips) 
Seat 3: Hornysanta93 (470 in chips) 
Hornysanta93: posts small blind 10
jutang90: posts big blind 20
*** HOLE CARDS ***
Dealt to Mahu2021 [8c 2d]
Mahu2021: folds 
Hornysanta93: raises 30 to 50
jutang90: folds 
Uncalled bet (30) returned to Hornysanta93
Hornysanta93 collected 40 from pot
Hornysanta93: doesn't show hand 
*** SUMMARY ***
Total pot 40 | Rake 0 
Seat 1: jutang90 (big blind) folded before Flop
Seat 2: Mahu2021 (button) folded before Flop (didn't bet)
Seat 3: Hornysanta93 (small blind) collected (40)



PokerStars Hand #247550725980: Tournament #3683819823, $1.84+$0.16 USD Hold'em No Limit - Level I (10/20) - 2023/12/08 20:56:38 CET [2023/12/08 14:56:38 ET]
Table '3683819823 1' 3-max Seat #3 is the button
Seat 1: jutang90 (680 in chips) 
Seat 2: Mahu2021 (330 in chips) 
Seat 3: Hornysanta93 (490 in chips) 
jutang90: posts small blind 10
Mahu2021: posts big blind 20
*** HOLE CARDS ***
Dealt to Mahu2021 [5d Kh]
Hornysanta93: raises 20 to 40
jutang90: folds 
Mahu2021: calls 20
*** FLOP *** [Qs 2d 6h]
Mahu2021: checks 
Hornysanta93: bets 27
Mahu2021: folds 
Uncalled bet (27) returned to Hornysanta93
Hornysanta93 collected 90 from pot
Hornysanta93: doesn't show hand 
*** SUMMARY ***
Total pot 90 | Rake 0 
Board [Qs 2d 6h]
Seat 1: jutang90 (small blind) folded before Flop
Seat 2: Mahu2021 (big blind) folded on the Flop
Seat 3: Hornysanta93 (button) collected (90)



PokerStars Hand #247550730267: Tournament #3683819823, $1.84+$0.16 USD Hold'em No Limit - Level I (10/20) - 2023/12/08 20:56:57 CET [2023/12/08 14:56:57 ET]
Table '3683819823 1' 3-max Seat #1 is the button
Seat 1: jutang90 (670 in chips) 
Seat 2: Mahu2021 (290 in chips) 
Seat 3: Hornysanta93 (540 in chips) 
Mahu2021: posts small blind 10
Hornysanta93: posts big blind 20
*** HOLE CARDS ***
Dealt to Mahu2021 [Jc Tc]
jutang90: raises 20 to 40
Mahu2021: calls 30
Hornysanta93: calls 20
*** FLOP *** [Jh 4c 7d]
Mahu2021: bets 40
Hornysanta93: calls 40
jutang90: folds 
*** TURN *** [Jh 4c 7d] [Qh]
Mahu2021: bets 210 and is all-in
Hornysanta93: calls 210
*** RIVER *** [Jh 4c 7d Qh] [2d]
*** SHOW DOWN ***
Mahu2021: shows [Jc Tc] (a pair of Jacks)
Hornysanta93: shows [4h 7h] (two pair, Sevens and Fours)
Hornysanta93 collected 620 from pot
Mahu2021 finished the tournament in 3rd place
*** SUMMARY ***
Total pot 620 | Rake 0 
Board [Jh 4c 7d Qh 2d]
Seat 1: jutang90 (button) folded on the Flop
Seat 2: Mahu2021 (small blind) showed [Jc Tc] and lost with a pair of Jacks
Seat 3: Hornysanta93 (big blind) showed [4h 7h] and won (620) with two pair, Sevens and Fours



