PokerStars Hand #253075339284: Tournament #3815857174, $1.84+$0.16 USD Hold'em No Limit - Level I (10/20) - 2024/10/24 6:45:20 CET [2024/10/24 0:45:20 ET]
Table '3815857174 1' 3-max Seat #1 is the button
Seat 1: Mahu2021 (500 in chips) 
Seat 2: lalex4971 (500 in chips) 
Seat 3: alejandro180 (500 in chips) 
lalex4971: posts small blind 10
alejandro180: posts big blind 20
*** HOLE CARDS ***
Dealt to Mahu2021 [7h Jc]
Mahu2021: folds 
lalex4971: folds 
Uncalled bet (10) returned to alejandro180
alejandro180 collected 20 from pot
*** SUMMARY ***
Total pot 20 | Rake 0 
Seat 1: Mahu2021 (button) folded before Flop (didn't bet)
Seat 2: lalex4971 (small blind) folded before Flop
Seat 3: alejandro180 (big blind) collected (20)



PokerStars Hand #253075339827: Tournament #3815857174, $1.84+$0.16 USD Hold'em No Limit - Level I (10/20) - 2024/10/24 6:45:26 CET [2024/10/24 0:45:26 ET]
Table '3815857174 1' 3-max Seat #2 is the button
Seat 1: Mahu2021 (500 in chips) 
Seat 2: lalex4971 (490 in chips) 
Seat 3: alejandro180 (510 in chips) 
alejandro180: posts small blind 10
Mahu2021: posts big blind 20
*** HOLE CARDS ***
Dealt to Mahu2021 [Ts 5s]
lalex4971: raises 20 to 40
alejandro180: calls 30
Mahu2021: folds 
*** FLOP *** [Js 8h 3d]
alejandro180: checks 
lalex4971: bets 30
alejandro180: calls 30
*** TURN *** [Js 8h 3d] [9c]
alejandro180: checks 
lalex4971: checks 
*** RIVER *** [Js 8h 3d 9c] [5c]
alejandro180: checks 
lalex4971: checks 
*** SHOW DOWN ***
alejandro180: shows [9s Qd] (a pair of Nines)
lalex4971: mucks hand 
alejandro180 collected 160 from pot
*** SUMMARY ***
Total pot 160 | Rake 0 
Board [Js 8h 3d 9c 5c]
Seat 1: Mahu2021 (big blind) folded before Flop
Seat 2: lalex4971 (button) mucked [Tc 8c]
Seat 3: alejandro180 (small blind) showed [9s Qd] and won (160) with a pair of Nines



PokerStars Hand #253075341869: Tournament #3815857174, $1.84+$0.16 USD Hold'em No Limit - Level I (10/20) - 2024/10/24 6:45:50 CET [2024/10/24 0:45:50 ET]
Table '3815857174 1' 3-max Seat #3 is the button
Seat 1: Mahu2021 (480 in chips) 
Seat 2: lalex4971 (420 in chips) 
Seat 3: alejandro180 (600 in chips) 
Mahu2021: posts small blind 10
lalex4971: posts big blind 20
*** HOLE CARDS ***
Dealt to Mahu2021 [8d Ad]
alejandro180: folds 
Mahu2021: raises 20 to 40
lalex4971: raises 380 to 420 and is all-in
Mahu2021: calls 380
*** FLOP *** [Th 4h Qh]
*** TURN *** [Th 4h Qh] [Jh]
*** RIVER *** [Th 4h Qh Jh] [Jc]
*** SHOW DOWN ***
Mahu2021: shows [8d Ad] (a pair of Jacks)
lalex4971: shows [5c Ah] (a flush, Ace high)
lalex4971 collected 840 from pot
*** SUMMARY ***
Total pot 840 | Rake 0 
Board [Th 4h Qh Jh Jc]
Seat 1: Mahu2021 (small blind) showed [8d Ad] and lost with a pair of Jacks
Seat 2: lalex4971 (big blind) showed [5c Ah] and won (840) with a flush, Ace high
Seat 3: alejandro180 (button) folded before Flop (didn't bet)



PokerStars Hand #253075343531: Tournament #3815857174, $1.84+$0.16 USD Hold'em No Limit - Level I (10/20) - 2024/10/24 6:46:10 CET [2024/10/24 0:46:10 ET]
Table '3815857174 1' 3-max Seat #1 is the button
Seat 1: Mahu2021 (60 in chips) 
Seat 2: lalex4971 (840 in chips) 
Seat 3: alejandro180 (600 in chips) 
lalex4971: posts small blind 10
alejandro180: posts big blind 20
*** HOLE CARDS ***
Dealt to Mahu2021 [As Jh]
Mahu2021: raises 40 to 60 and is all-in
lalex4971: folds 
alejandro180: calls 40
*** FLOP *** [9s 7h Ks]
*** TURN *** [9s 7h Ks] [2d]
*** RIVER *** [9s 7h Ks 2d] [Ts]
*** SHOW DOWN ***
alejandro180: shows [7d Td] (two pair, Tens and Sevens)
Mahu2021: shows [As Jh] (high card Ace)
alejandro180 collected 130 from pot
Mahu2021 finished the tournament in 3rd place
*** SUMMARY ***
Total pot 130 | Rake 0 
Board [9s 7h Ks 2d Ts]
Seat 1: Mahu2021 (button) showed [As Jh] and lost with high card Ace
Seat 2: lalex4971 (small blind) folded before Flop
Seat 3: alejandro180 (big blind) showed [7d Td] and won (130) with two pair, Tens and Sevens



