PokerStars Hand #253154174716: Tournament #3817699211, $1.84+$0.16 USD Hold'em No Limit - Level I (10/20) - 2024/10/29 11:27:48 CET [2024/10/29 6:27:48 ET]
Table '3817699211 1' 3-max Seat #1 is the button
Seat 1: ZeusueZ x (500 in chips) 
Seat 2: Mahu2021 (500 in chips) 
Seat 3: Fromearth (500 in chips) 
Mahu2021: posts small blind 10
Fromearth: posts big blind 20
*** HOLE CARDS ***
Dealt to Mahu2021 [7c Tc]
ZeusueZ x: raises 20 to 40
Mahu2021: calls 30
Fromearth: raises 460 to 500 and is all-in
ZeusueZ x: folds 
Mahu2021: folds 
Uncalled bet (460) returned to Fromearth
Fromearth collected 120 from pot
Fromearth: doesn't show hand 
*** SUMMARY ***
Total pot 120 | Rake 0 
Seat 1: ZeusueZ x (button) folded before Flop
Seat 2: Mahu2021 (small blind) folded before Flop
Seat 3: Fromearth (big blind) collected (120)



PokerStars Hand #253154175842: Tournament #3817699211, $1.84+$0.16 USD Hold'em No Limit - Level I (10/20) - 2024/10/29 11:27:58 CET [2024/10/29 6:27:58 ET]
Table '3817699211 1' 3-max Seat #2 is the button
Seat 1: ZeusueZ x (460 in chips) 
Seat 2: Mahu2021 (460 in chips) 
Seat 3: Fromearth (580 in chips) 
Fromearth: posts small blind 10
ZeusueZ x: posts big blind 20
*** HOLE CARDS ***
Dealt to Mahu2021 [2h 8d]
Mahu2021: folds 
Fromearth: folds 
Uncalled bet (10) returned to ZeusueZ x
ZeusueZ x collected 20 from pot
*** SUMMARY ***
Total pot 20 | Rake 0 
Seat 1: ZeusueZ x (big blind) collected (20)
Seat 2: Mahu2021 (button) folded before Flop (didn't bet)
Seat 3: Fromearth (small blind) folded before Flop



PokerStars Hand #253154176552: Tournament #3817699211, $1.84+$0.16 USD Hold'em No Limit - Level I (10/20) - 2024/10/29 11:28:04 CET [2024/10/29 6:28:04 ET]
Table '3817699211 1' 3-max Seat #3 is the button
Seat 1: ZeusueZ x (470 in chips) 
Seat 2: Mahu2021 (460 in chips) 
Seat 3: Fromearth (570 in chips) 
ZeusueZ x: posts small blind 10
Mahu2021: posts big blind 20
*** HOLE CARDS ***
Dealt to Mahu2021 [2c 3h]
Fromearth: raises 20 to 40
ZeusueZ x: calls 30
Mahu2021: folds 
*** FLOP *** [Ks 5d 5c]
ZeusueZ x: checks 
Fromearth: bets 25
ZeusueZ x: raises 75 to 100
Fromearth: folds 
Uncalled bet (75) returned to ZeusueZ x
ZeusueZ x collected 150 from pot
*** SUMMARY ***
Total pot 150 | Rake 0 
Board [Ks 5d 5c]
Seat 1: ZeusueZ x (small blind) collected (150)
Seat 2: Mahu2021 (big blind) folded before Flop
Seat 3: Fromearth (button) folded on the Flop



PokerStars Hand #253154179198: Tournament #3817699211, $1.84+$0.16 USD Hold'em No Limit - Level I (10/20) - 2024/10/29 11:28:28 CET [2024/10/29 6:28:28 ET]
Table '3817699211 1' 3-max Seat #1 is the button
Seat 1: ZeusueZ x (555 in chips) 
Seat 2: Mahu2021 (440 in chips) 
Seat 3: Fromearth (505 in chips) 
Mahu2021: posts small blind 10
Fromearth: posts big blind 20
*** HOLE CARDS ***
Dealt to Mahu2021 [7d Th]
ZeusueZ x: folds 
Mahu2021: calls 10
Fromearth: checks 
*** FLOP *** [2c 7h 9h]
Mahu2021: bets 20
Fromearth: folds 
Uncalled bet (20) returned to Mahu2021
Mahu2021 collected 40 from pot
Mahu2021: doesn't show hand 
*** SUMMARY ***
Total pot 40 | Rake 0 
Board [2c 7h 9h]
Seat 1: ZeusueZ x (button) folded before Flop (didn't bet)
Seat 2: Mahu2021 (small blind) collected (40)
Seat 3: Fromearth (big blind) folded on the Flop



PokerStars Hand #253154180490: Tournament #3817699211, $1.84+$0.16 USD Hold'em No Limit - Level I (10/20) - 2024/10/29 11:28:39 CET [2024/10/29 6:28:39 ET]
Table '3817699211 1' 3-max Seat #2 is the button
Seat 1: ZeusueZ x (555 in chips) 
Seat 2: Mahu2021 (460 in chips) 
Seat 3: Fromearth (485 in chips) 
Fromearth: posts small blind 10
ZeusueZ x: posts big blind 20
*** HOLE CARDS ***
Dealt to Mahu2021 [Jh 5h]
Mahu2021: raises 20 to 40
Fromearth: folds 
ZeusueZ x: calls 20
*** FLOP *** [Qh Ad 7h]
ZeusueZ x: checks 
Mahu2021: bets 40
ZeusueZ x: calls 40
*** TURN *** [Qh Ad 7h] [3d]
ZeusueZ x: checks 
Mahu2021: checks 
*** RIVER *** [Qh Ad 7h 3d] [2c]
ZeusueZ x: bets 475 and is all-in
Mahu2021: folds 
Uncalled bet (475) returned to ZeusueZ x
ZeusueZ x collected 170 from pot
*** SUMMARY ***
Total pot 170 | Rake 0 
Board [Qh Ad 7h 3d 2c]
Seat 1: ZeusueZ x (big blind) collected (170)
Seat 2: Mahu2021 (button) folded on the River
Seat 3: Fromearth (small blind) folded before Flop



PokerStars Hand #253154182921: Tournament #3817699211, $1.84+$0.16 USD Hold'em No Limit - Level I (10/20) - 2024/10/29 11:29:00 CET [2024/10/29 6:29:00 ET]
Table '3817699211 1' 3-max Seat #3 is the button
Seat 1: ZeusueZ x (645 in chips) 
Seat 2: Mahu2021 (380 in chips) 
Seat 3: Fromearth (475 in chips) 
ZeusueZ x: posts small blind 10
Mahu2021: posts big blind 20
*** HOLE CARDS ***
Dealt to Mahu2021 [8h Js]
Fromearth: folds 
ZeusueZ x: folds 
Uncalled bet (10) returned to Mahu2021
Mahu2021 collected 20 from pot
Mahu2021: doesn't show hand 
*** SUMMARY ***
Total pot 20 | Rake 0 
Seat 1: ZeusueZ x (small blind) folded before Flop
Seat 2: Mahu2021 (big blind) collected (20)
Seat 3: Fromearth (button) folded before Flop (didn't bet)



PokerStars Hand #253154183410: Tournament #3817699211, $1.84+$0.16 USD Hold'em No Limit - Level I (10/20) - 2024/10/29 11:29:05 CET [2024/10/29 6:29:05 ET]
Table '3817699211 1' 3-max Seat #1 is the button
Seat 1: ZeusueZ x (635 in chips) 
Seat 2: Mahu2021 (390 in chips) 
Seat 3: Fromearth (475 in chips) 
Mahu2021: posts small blind 10
Fromearth: posts big blind 20
*** HOLE CARDS ***
Dealt to Mahu2021 [5s Qh]
ZeusueZ x: raises 20 to 40
Mahu2021: folds 
Fromearth: calls 20
*** FLOP *** [Td 7c 2h]
Fromearth: checks 
ZeusueZ x: checks 
*** TURN *** [Td 7c 2h] [8d]
Fromearth: bets 68
ZeusueZ x: folds 
Uncalled bet (68) returned to Fromearth
Fromearth collected 90 from pot
Fromearth: doesn't show hand 
*** SUMMARY ***
Total pot 90 | Rake 0 
Board [Td 7c 2h 8d]
Seat 1: ZeusueZ x (button) folded on the Turn
Seat 2: Mahu2021 (small blind) folded before Flop
Seat 3: Fromearth (big blind) collected (90)



PokerStars Hand #253154186152: Tournament #3817699211, $1.84+$0.16 USD Hold'em No Limit - Level I (10/20) - 2024/10/29 11:29:29 CET [2024/10/29 6:29:29 ET]
Table '3817699211 1' 3-max Seat #2 is the button
Seat 1: ZeusueZ x (595 in chips) 
Seat 2: Mahu2021 (380 in chips) 
Seat 3: Fromearth (525 in chips) 
Fromearth: posts small blind 10
ZeusueZ x: posts big blind 20
*** HOLE CARDS ***
Dealt to Mahu2021 [Jh 6s]
Mahu2021: folds 
Fromearth: raises 20 to 40
ZeusueZ x: folds 
Uncalled bet (20) returned to Fromearth
Fromearth collected 40 from pot
Fromearth: doesn't show hand 
*** SUMMARY ***
Total pot 40 | Rake 0 
Seat 1: ZeusueZ x (big blind) folded before Flop
Seat 2: Mahu2021 (button) folded before Flop (didn't bet)
Seat 3: Fromearth (small blind) collected (40)



PokerStars Hand #253154187067: Tournament #3817699211, $1.84+$0.16 USD Hold'em No Limit - Level I (10/20) - 2024/10/29 11:29:38 CET [2024/10/29 6:29:38 ET]
Table '3817699211 1' 3-max Seat #3 is the button
Seat 1: ZeusueZ x (575 in chips) 
Seat 2: Mahu2021 (380 in chips) 
Seat 3: Fromearth (545 in chips) 
ZeusueZ x: posts small blind 10
Mahu2021: posts big blind 20
*** HOLE CARDS ***
Dealt to Mahu2021 [Ts 5c]
Fromearth: folds 
ZeusueZ x: raises 20 to 40
Mahu2021: folds 
Uncalled bet (20) returned to ZeusueZ x
ZeusueZ x collected 40 from pot
*** SUMMARY ***
Total pot 40 | Rake 0 
Seat 1: ZeusueZ x (small blind) collected (40)
Seat 2: Mahu2021 (big blind) folded before Flop
Seat 3: Fromearth (button) folded before Flop (didn't bet)



PokerStars Hand #253154188162: Tournament #3817699211, $1.84+$0.16 USD Hold'em No Limit - Level I (10/20) - 2024/10/29 11:29:47 CET [2024/10/29 6:29:47 ET]
Table '3817699211 1' 3-max Seat #1 is the button
Seat 1: ZeusueZ x (595 in chips) 
Seat 2: Mahu2021 (360 in chips) 
Seat 3: Fromearth (545 in chips) 
Mahu2021: posts small blind 10
Fromearth: posts big blind 20
*** HOLE CARDS ***
Dealt to Mahu2021 [Qc 9d]
ZeusueZ x: raises 20 to 40
Mahu2021: calls 30
Fromearth: folds 
*** FLOP *** [Jd 5s Th]
Mahu2021: checks 
ZeusueZ x: bets 60
Mahu2021: calls 60
*** TURN *** [Jd 5s Th] [Jc]
Mahu2021: checks 
ZeusueZ x: checks 
*** RIVER *** [Jd 5s Th Jc] [2c]
Mahu2021: bets 260 and is all-in
ZeusueZ x: folds 
Uncalled bet (260) returned to Mahu2021
Mahu2021 collected 220 from pot
Mahu2021: doesn't show hand 
*** SUMMARY ***
Total pot 220 | Rake 0 
Board [Jd 5s Th Jc 2c]
Seat 1: ZeusueZ x (button) folded on the River
Seat 2: Mahu2021 (small blind) collected (220)
Seat 3: Fromearth (big blind) folded before Flop



PokerStars Hand #253154190470: Tournament #3817699211, $1.84+$0.16 USD Hold'em No Limit - Level I (10/20) - 2024/10/29 11:30:07 CET [2024/10/29 6:30:07 ET]
Table '3817699211 1' 3-max Seat #2 is the button
Seat 1: ZeusueZ x (495 in chips) 
Seat 2: Mahu2021 (480 in chips) 
Seat 3: Fromearth (525 in chips) 
Fromearth: posts small blind 10
ZeusueZ x: posts big blind 20
*** HOLE CARDS ***
Dealt to Mahu2021 [6h 9d]
Mahu2021: folds 
Fromearth: raises 505 to 525 and is all-in
ZeusueZ x: calls 475 and is all-in
Uncalled bet (30) returned to Fromearth
*** FLOP *** [Th 9c 4c]
*** TURN *** [Th 9c 4c] [8c]
*** RIVER *** [Th 9c 4c 8c] [8h]
*** SHOW DOWN ***
Fromearth: shows [Qs Ah] (a pair of Eights)
ZeusueZ x: shows [As Td] (two pair, Tens and Eights)
ZeusueZ x collected 990 from pot
*** SUMMARY ***
Total pot 990 | Rake 0 
Board [Th 9c 4c 8c 8h]
Seat 1: ZeusueZ x (big blind) showed [As Td] and won (990) with two pair, Tens and Eights
Seat 2: Mahu2021 (button) folded before Flop (didn't bet)
Seat 3: Fromearth (small blind) showed [Qs Ah] and lost with a pair of Eights



PokerStars Hand #253154192843: Tournament #3817699211, $1.84+$0.16 USD Hold'em No Limit - Level I (10/20) - 2024/10/29 11:30:28 CET [2024/10/29 6:30:28 ET]
Table '3817699211 1' 3-max Seat #3 is the button
Seat 1: ZeusueZ x (990 in chips) 
Seat 2: Mahu2021 (480 in chips) 
Seat 3: Fromearth (30 in chips) 
ZeusueZ x: posts small blind 10
Mahu2021: posts big blind 20
*** HOLE CARDS ***
Dealt to Mahu2021 [4s Ts]
Fromearth: raises 10 to 30 and is all-in
ZeusueZ x: folds 
Mahu2021: calls 10
*** FLOP *** [As 8s Jh]
*** TURN *** [As 8s Jh] [Th]
*** RIVER *** [As 8s Jh Th] [Kd]
*** SHOW DOWN ***
Mahu2021: shows [4s Ts] (a pair of Tens)
Fromearth: shows [8d Qs] (a straight, Ten to Ace)
Fromearth collected 70 from pot
*** SUMMARY ***
Total pot 70 | Rake 0 
Board [As 8s Jh Th Kd]
Seat 1: ZeusueZ x (small blind) folded before Flop
Seat 2: Mahu2021 (big blind) showed [4s Ts] and lost with a pair of Tens
Seat 3: Fromearth (button) showed [8d Qs] and won (70) with a straight, Ten to Ace



PokerStars Hand #253154195174: Tournament #3817699211, $1.84+$0.16 USD Hold'em No Limit - Level I (10/20) - 2024/10/29 11:30:48 CET [2024/10/29 6:30:48 ET]
Table '3817699211 1' 3-max Seat #1 is the button
Seat 1: ZeusueZ x (980 in chips) 
Seat 2: Mahu2021 (450 in chips) 
Seat 3: Fromearth (70 in chips) 
Mahu2021: posts small blind 10
Fromearth: posts big blind 20
*** HOLE CARDS ***
Dealt to Mahu2021 [8c Js]
ZeusueZ x: folds 
Mahu2021: folds 
Uncalled bet (10) returned to Fromearth
Fromearth collected 20 from pot
Fromearth: doesn't show hand 
*** SUMMARY ***
Total pot 20 | Rake 0 
Seat 1: ZeusueZ x (button) folded before Flop (didn't bet)
Seat 2: Mahu2021 (small blind) folded before Flop
Seat 3: Fromearth (big blind) collected (20)



PokerStars Hand #253154196260: Tournament #3817699211, $1.84+$0.16 USD Hold'em No Limit - Level II (15/30) - 2024/10/29 11:30:58 CET [2024/10/29 6:30:58 ET]
Table '3817699211 1' 3-max Seat #2 is the button
Seat 1: ZeusueZ x (980 in chips) 
Seat 2: Mahu2021 (440 in chips) 
Seat 3: Fromearth (80 in chips) 
Fromearth: posts small blind 15
ZeusueZ x: posts big blind 30
*** HOLE CARDS ***
Dealt to Mahu2021 [4s 9d]
Mahu2021: folds 
Fromearth: folds 
Uncalled bet (15) returned to ZeusueZ x
ZeusueZ x collected 30 from pot
*** SUMMARY ***
Total pot 30 | Rake 0 
Seat 1: ZeusueZ x (big blind) collected (30)
Seat 2: Mahu2021 (button) folded before Flop (didn't bet)
Seat 3: Fromearth (small blind) folded before Flop



PokerStars Hand #253154196884: Tournament #3817699211, $1.84+$0.16 USD Hold'em No Limit - Level II (15/30) - 2024/10/29 11:31:03 CET [2024/10/29 6:31:03 ET]
Table '3817699211 1' 3-max Seat #3 is the button
Seat 1: ZeusueZ x (995 in chips) 
Seat 2: Mahu2021 (440 in chips) 
Seat 3: Fromearth (65 in chips) 
ZeusueZ x: posts small blind 15
Mahu2021: posts big blind 30
*** HOLE CARDS ***
Dealt to Mahu2021 [8d Qs]
Fromearth: folds 
ZeusueZ x: folds 
Uncalled bet (15) returned to Mahu2021
Mahu2021 collected 30 from pot
Mahu2021: doesn't show hand 
*** SUMMARY ***
Total pot 30 | Rake 0 
Seat 1: ZeusueZ x (small blind) folded before Flop
Seat 2: Mahu2021 (big blind) collected (30)
Seat 3: Fromearth (button) folded before Flop (didn't bet)



PokerStars Hand #253154198262: Tournament #3817699211, $1.84+$0.16 USD Hold'em No Limit - Level II (15/30) - 2024/10/29 11:31:16 CET [2024/10/29 6:31:16 ET]
Table '3817699211 1' 3-max Seat #1 is the button
Seat 1: ZeusueZ x (980 in chips) 
Seat 2: Mahu2021 (455 in chips) 
Seat 3: Fromearth (65 in chips) 
Mahu2021: posts small blind 15
Fromearth: posts big blind 30
*** HOLE CARDS ***
Dealt to Mahu2021 [Ac As]
ZeusueZ x: raises 30 to 60
Mahu2021: raises 395 to 455 and is all-in
Fromearth: folds 
ZeusueZ x: folds 
Uncalled bet (395) returned to Mahu2021
Mahu2021 collected 150 from pot
Mahu2021: doesn't show hand 
*** SUMMARY ***
Total pot 150 | Rake 0 
Seat 1: ZeusueZ x (button) folded before Flop
Seat 2: Mahu2021 (small blind) collected (150)
Seat 3: Fromearth (big blind) folded before Flop



PokerStars Hand #253154200164: Tournament #3817699211, $1.84+$0.16 USD Hold'em No Limit - Level II (15/30) - 2024/10/29 11:31:32 CET [2024/10/29 6:31:32 ET]
Table '3817699211 1' 3-max Seat #2 is the button
Seat 1: ZeusueZ x (920 in chips) 
Seat 2: Mahu2021 (545 in chips) 
Seat 3: Fromearth (35 in chips) 
Fromearth: posts small blind 15
ZeusueZ x: posts big blind 30
*** HOLE CARDS ***
Dealt to Mahu2021 [5c 4c]
Mahu2021: folds 
Fromearth: raises 5 to 35 and is all-in
ZeusueZ x: calls 5
*** FLOP *** [Jh Ah 9d]
*** TURN *** [Jh Ah 9d] [Qs]
*** RIVER *** [Jh Ah 9d Qs] [6c]
*** SHOW DOWN ***
Fromearth: shows [8c Kh] (high card Ace)
ZeusueZ x: shows [5d 6d] (a pair of Sixes)
ZeusueZ x collected 70 from pot
Fromearth finished the tournament in 3rd place
*** SUMMARY ***
Total pot 70 | Rake 0 
Board [Jh Ah 9d Qs 6c]
Seat 1: ZeusueZ x (big blind) showed [5d 6d] and won (70) with a pair of Sixes
Seat 2: Mahu2021 (button) folded before Flop (didn't bet)
Seat 3: Fromearth (small blind) showed [8c Kh] and lost with high card Ace



PokerStars Hand #253154202782: Tournament #3817699211, $1.84+$0.16 USD Hold'em No Limit - Level II (15/30) - 2024/10/29 11:31:55 CET [2024/10/29 6:31:55 ET]
Table '3817699211 1' 3-max Seat #1 is the button
Seat 1: ZeusueZ x (955 in chips) 
Seat 2: Mahu2021 (545 in chips) 
ZeusueZ x: posts small blind 15
Mahu2021: posts big blind 30
*** HOLE CARDS ***
Dealt to Mahu2021 [Kc 9h]
ZeusueZ x: raises 30 to 60
Mahu2021: calls 30
*** FLOP *** [Jh 6c 9d]
Mahu2021: bets 60
ZeusueZ x: folds 
Uncalled bet (60) returned to Mahu2021
Mahu2021 collected 120 from pot
Mahu2021: doesn't show hand 
*** SUMMARY ***
Total pot 120 | Rake 0 
Board [Jh 6c 9d]
Seat 1: ZeusueZ x (button) (small blind) folded on the Flop
Seat 2: Mahu2021 (big blind) collected (120)



PokerStars Hand #253154204037: Tournament #3817699211, $1.84+$0.16 USD Hold'em No Limit - Level II (15/30) - 2024/10/29 11:32:06 CET [2024/10/29 6:32:06 ET]
Table '3817699211 1' 3-max Seat #2 is the button
Seat 1: ZeusueZ x (895 in chips) 
Seat 2: Mahu2021 (605 in chips) 
Mahu2021: posts small blind 15
ZeusueZ x: posts big blind 30
*** HOLE CARDS ***
Dealt to Mahu2021 [4s 2c]
Mahu2021: folds 
Uncalled bet (15) returned to ZeusueZ x
ZeusueZ x collected 30 from pot
*** SUMMARY ***
Total pot 30 | Rake 0 
Seat 1: ZeusueZ x (big blind) collected (30)
Seat 2: Mahu2021 (button) (small blind) folded before Flop



PokerStars Hand #253154204560: Tournament #3817699211, $1.84+$0.16 USD Hold'em No Limit - Level II (15/30) - 2024/10/29 11:32:10 CET [2024/10/29 6:32:10 ET]
Table '3817699211 1' 3-max Seat #1 is the button
Seat 1: ZeusueZ x (910 in chips) 
Seat 2: Mahu2021 (590 in chips) 
ZeusueZ x: posts small blind 15
Mahu2021: posts big blind 30
*** HOLE CARDS ***
Dealt to Mahu2021 [Kh 4s]
ZeusueZ x: raises 30 to 60
Mahu2021: calls 30
*** FLOP *** [5c 9c Qd]
Mahu2021: checks 
ZeusueZ x: bets 90
Mahu2021: folds 
Uncalled bet (90) returned to ZeusueZ x
ZeusueZ x collected 120 from pot
*** SUMMARY ***
Total pot 120 | Rake 0 
Board [5c 9c Qd]
Seat 1: ZeusueZ x (button) (small blind) collected (120)
Seat 2: Mahu2021 (big blind) folded on the Flop



PokerStars Hand #253154205765: Tournament #3817699211, $1.84+$0.16 USD Hold'em No Limit - Level II (15/30) - 2024/10/29 11:32:21 CET [2024/10/29 6:32:21 ET]
Table '3817699211 1' 3-max Seat #2 is the button
Seat 1: ZeusueZ x (970 in chips) 
Seat 2: Mahu2021 (530 in chips) 
Mahu2021: posts small blind 15
ZeusueZ x: posts big blind 30
*** HOLE CARDS ***
Dealt to Mahu2021 [8h Tc]
Mahu2021: calls 15
ZeusueZ x: checks 
*** FLOP *** [Kh 9c Ah]
ZeusueZ x: checks 
Mahu2021: checks 
*** TURN *** [Kh 9c Ah] [4d]
ZeusueZ x: bets 30
Mahu2021: folds 
Uncalled bet (30) returned to ZeusueZ x
ZeusueZ x collected 60 from pot
*** SUMMARY ***
Total pot 60 | Rake 0 
Board [Kh 9c Ah 4d]
Seat 1: ZeusueZ x (big blind) collected (60)
Seat 2: Mahu2021 (button) (small blind) folded on the Turn



PokerStars Hand #253154207066: Tournament #3817699211, $1.84+$0.16 USD Hold'em No Limit - Level II (15/30) - 2024/10/29 11:32:32 CET [2024/10/29 6:32:32 ET]
Table '3817699211 1' 3-max Seat #1 is the button
Seat 1: ZeusueZ x (1000 in chips) 
Seat 2: Mahu2021 (500 in chips) 
ZeusueZ x: posts small blind 15
Mahu2021: posts big blind 30
*** HOLE CARDS ***
Dealt to Mahu2021 [2h Js]
ZeusueZ x: raises 30 to 60
Mahu2021: folds 
Uncalled bet (30) returned to ZeusueZ x
ZeusueZ x collected 60 from pot
ZeusueZ x: doesn't show hand 
*** SUMMARY ***
Total pot 60 | Rake 0 
Seat 1: ZeusueZ x (button) (small blind) collected (60)
Seat 2: Mahu2021 (big blind) folded before Flop



PokerStars Hand #253154207754: Tournament #3817699211, $1.84+$0.16 USD Hold'em No Limit - Level II (15/30) - 2024/10/29 11:32:38 CET [2024/10/29 6:32:38 ET]
Table '3817699211 1' 3-max Seat #2 is the button
Seat 1: ZeusueZ x (1030 in chips) 
Seat 2: Mahu2021 (470 in chips) 
Mahu2021: posts small blind 15
ZeusueZ x: posts big blind 30
*** HOLE CARDS ***
Dealt to Mahu2021 [Qd 7h]
Mahu2021: raises 30 to 60
ZeusueZ x: calls 30
*** FLOP *** [4s 3h 6d]
ZeusueZ x: checks 
Mahu2021: checks 
*** TURN *** [4s 3h 6d] [8s]
ZeusueZ x: bets 30
Mahu2021: calls 30
*** RIVER *** [4s 3h 6d 8s] [Kd]
ZeusueZ x: bets 30
Mahu2021: calls 30
*** SHOW DOWN ***
ZeusueZ x: shows [Jc 6s] (a pair of Sixes)
Mahu2021: mucks hand 
ZeusueZ x collected 240 from pot
*** SUMMARY ***
Total pot 240 | Rake 0 
Board [4s 3h 6d 8s Kd]
Seat 1: ZeusueZ x (big blind) showed [Jc 6s] and won (240) with a pair of Sixes
Seat 2: Mahu2021 (button) (small blind) mucked [Qd 7h]



PokerStars Hand #253154209221: Tournament #3817699211, $1.84+$0.16 USD Hold'em No Limit - Level II (15/30) - 2024/10/29 11:32:51 CET [2024/10/29 6:32:51 ET]
Table '3817699211 1' 3-max Seat #1 is the button
Seat 1: ZeusueZ x (1150 in chips) 
Seat 2: Mahu2021 (350 in chips) 
ZeusueZ x: posts small blind 15
Mahu2021: posts big blind 30
*** HOLE CARDS ***
Dealt to Mahu2021 [3s Ts]
ZeusueZ x: raises 30 to 60
Mahu2021: folds 
Uncalled bet (30) returned to ZeusueZ x
ZeusueZ x collected 60 from pot
ZeusueZ x: doesn't show hand 
*** SUMMARY ***
Total pot 60 | Rake 0 
Seat 1: ZeusueZ x (button) (small blind) collected (60)
Seat 2: Mahu2021 (big blind) folded before Flop



PokerStars Hand #253154209991: Tournament #3817699211, $1.84+$0.16 USD Hold'em No Limit - Level II (15/30) - 2024/10/29 11:32:58 CET [2024/10/29 6:32:58 ET]
Table '3817699211 1' 3-max Seat #2 is the button
Seat 1: ZeusueZ x (1180 in chips) 
Seat 2: Mahu2021 (320 in chips) 
Mahu2021: posts small blind 15
ZeusueZ x: posts big blind 30
*** HOLE CARDS ***
Dealt to Mahu2021 [7h 3h]
Mahu2021: calls 15
ZeusueZ x: checks 
*** FLOP *** [7s Ac 4d]
ZeusueZ x: checks 
Mahu2021: bets 30
ZeusueZ x: folds 
Uncalled bet (30) returned to Mahu2021
Mahu2021 collected 60 from pot
Mahu2021: doesn't show hand 
*** SUMMARY ***
Total pot 60 | Rake 0 
Board [7s Ac 4d]
Seat 1: ZeusueZ x (big blind) folded on the Flop
Seat 2: Mahu2021 (button) (small blind) collected (60)



PokerStars Hand #253154211028: Tournament #3817699211, $1.84+$0.16 USD Hold'em No Limit - Level II (15/30) - 2024/10/29 11:33:06 CET [2024/10/29 6:33:06 ET]
Table '3817699211 1' 3-max Seat #1 is the button
Seat 1: ZeusueZ x (1150 in chips) 
Seat 2: Mahu2021 (350 in chips) 
ZeusueZ x: posts small blind 15
Mahu2021: posts big blind 30
*** HOLE CARDS ***
Dealt to Mahu2021 [6c Qh]
ZeusueZ x: raises 30 to 60
Mahu2021: calls 30
*** FLOP *** [3d Jh Td]
Mahu2021: checks 
ZeusueZ x: checks 
*** TURN *** [3d Jh Td] [Ac]
Mahu2021: checks 
ZeusueZ x: bets 120
Mahu2021: folds 
Uncalled bet (120) returned to ZeusueZ x
ZeusueZ x collected 120 from pot
*** SUMMARY ***
Total pot 120 | Rake 0 
Board [3d Jh Td Ac]
Seat 1: ZeusueZ x (button) (small blind) collected (120)
Seat 2: Mahu2021 (big blind) folded on the Turn



PokerStars Hand #253154212683: Tournament #3817699211, $1.84+$0.16 USD Hold'em No Limit - Level II (15/30) - 2024/10/29 11:33:20 CET [2024/10/29 6:33:20 ET]
Table '3817699211 1' 3-max Seat #2 is the button
Seat 1: ZeusueZ x (1210 in chips) 
Seat 2: Mahu2021 (290 in chips) 
Mahu2021: posts small blind 15
ZeusueZ x: posts big blind 30
*** HOLE CARDS ***
Dealt to Mahu2021 [Th 5s]
Mahu2021: folds 
Uncalled bet (15) returned to ZeusueZ x
ZeusueZ x collected 30 from pot
*** SUMMARY ***
Total pot 30 | Rake 0 
Seat 1: ZeusueZ x (big blind) collected (30)
Seat 2: Mahu2021 (button) (small blind) folded before Flop



PokerStars Hand #253154213202: Tournament #3817699211, $1.84+$0.16 USD Hold'em No Limit - Level II (15/30) - 2024/10/29 11:33:24 CET [2024/10/29 6:33:24 ET]
Table '3817699211 1' 3-max Seat #1 is the button
Seat 1: ZeusueZ x (1225 in chips) 
Seat 2: Mahu2021 (275 in chips) 
ZeusueZ x: posts small blind 15
Mahu2021: posts big blind 30
*** HOLE CARDS ***
Dealt to Mahu2021 [Qc 3c]
ZeusueZ x: raises 1195 to 1225 and is all-in
Mahu2021: folds 
Uncalled bet (1195) returned to ZeusueZ x
ZeusueZ x collected 60 from pot
*** SUMMARY ***
Total pot 60 | Rake 0 
Seat 1: ZeusueZ x (button) (small blind) collected (60)
Seat 2: Mahu2021 (big blind) folded before Flop



PokerStars Hand #253154214085: Tournament #3817699211, $1.84+$0.16 USD Hold'em No Limit - Level II (15/30) - 2024/10/29 11:33:32 CET [2024/10/29 6:33:32 ET]
Table '3817699211 1' 3-max Seat #2 is the button
Seat 1: ZeusueZ x (1255 in chips) 
Seat 2: Mahu2021 (245 in chips) 
Mahu2021: posts small blind 15
ZeusueZ x: posts big blind 30
*** HOLE CARDS ***
Dealt to Mahu2021 [6s 7d]
Mahu2021: calls 15
ZeusueZ x: checks 
*** FLOP *** [Qh 2d Qd]
ZeusueZ x: checks 
Mahu2021: checks 
*** TURN *** [Qh 2d Qd] [4c]
ZeusueZ x: bets 60
Mahu2021: folds 
Uncalled bet (60) returned to ZeusueZ x
ZeusueZ x collected 60 from pot
*** SUMMARY ***
Total pot 60 | Rake 0 
Board [Qh 2d Qd 4c]
Seat 1: ZeusueZ x (big blind) collected (60)
Seat 2: Mahu2021 (button) (small blind) folded on the Turn



PokerStars Hand #253154216042: Tournament #3817699211, $1.84+$0.16 USD Hold'em No Limit - Level II (15/30) - 2024/10/29 11:33:49 CET [2024/10/29 6:33:49 ET]
Table '3817699211 1' 3-max Seat #1 is the button
Seat 1: ZeusueZ x (1285 in chips) 
Seat 2: Mahu2021 (215 in chips) 
ZeusueZ x: posts small blind 15
Mahu2021: posts big blind 30
*** HOLE CARDS ***
Dealt to Mahu2021 [Qc 7s]
ZeusueZ x: folds 
Uncalled bet (15) returned to Mahu2021
Mahu2021 collected 30 from pot
Mahu2021: doesn't show hand 
*** SUMMARY ***
Total pot 30 | Rake 0 
Seat 1: ZeusueZ x (button) (small blind) folded before Flop
Seat 2: Mahu2021 (big blind) collected (30)



PokerStars Hand #253154216982: Tournament #3817699211, $1.84+$0.16 USD Hold'em No Limit - Level III (20/40) - 2024/10/29 11:33:56 CET [2024/10/29 6:33:56 ET]
Table '3817699211 1' 3-max Seat #2 is the button
Seat 1: ZeusueZ x (1270 in chips) 
Seat 2: Mahu2021 (230 in chips) 
Mahu2021: posts small blind 20
ZeusueZ x: posts big blind 40
*** HOLE CARDS ***
Dealt to Mahu2021 [5d 4s]
Mahu2021: folds 
Uncalled bet (20) returned to ZeusueZ x
ZeusueZ x collected 40 from pot
*** SUMMARY ***
Total pot 40 | Rake 0 
Seat 1: ZeusueZ x (big blind) collected (40)
Seat 2: Mahu2021 (button) (small blind) folded before Flop



PokerStars Hand #253154217470: Tournament #3817699211, $1.84+$0.16 USD Hold'em No Limit - Level III (20/40) - 2024/10/29 11:34:01 CET [2024/10/29 6:34:01 ET]
Table '3817699211 1' 3-max Seat #1 is the button
Seat 1: ZeusueZ x (1290 in chips) 
Seat 2: Mahu2021 (210 in chips) 
ZeusueZ x: posts small blind 20
Mahu2021: posts big blind 40
*** HOLE CARDS ***
Dealt to Mahu2021 [Ks 2c]
ZeusueZ x: folds 
Uncalled bet (20) returned to Mahu2021
Mahu2021 collected 40 from pot
Mahu2021: doesn't show hand 
*** SUMMARY ***
Total pot 40 | Rake 0 
Seat 1: ZeusueZ x (button) (small blind) folded before Flop
Seat 2: Mahu2021 (big blind) collected (40)



PokerStars Hand #253154217999: Tournament #3817699211, $1.84+$0.16 USD Hold'em No Limit - Level III (20/40) - 2024/10/29 11:34:05 CET [2024/10/29 6:34:05 ET]
Table '3817699211 1' 3-max Seat #2 is the button
Seat 1: ZeusueZ x (1270 in chips) 
Seat 2: Mahu2021 (230 in chips) 
Mahu2021: posts small blind 20
ZeusueZ x: posts big blind 40
*** HOLE CARDS ***
Dealt to Mahu2021 [6d 9c]
Mahu2021: folds 
Uncalled bet (20) returned to ZeusueZ x
ZeusueZ x collected 40 from pot
*** SUMMARY ***
Total pot 40 | Rake 0 
Seat 1: ZeusueZ x (big blind) collected (40)
Seat 2: Mahu2021 (button) (small blind) folded before Flop



PokerStars Hand #253154218512: Tournament #3817699211, $1.84+$0.16 USD Hold'em No Limit - Level III (20/40) - 2024/10/29 11:34:09 CET [2024/10/29 6:34:09 ET]
Table '3817699211 1' 3-max Seat #1 is the button
Seat 1: ZeusueZ x (1290 in chips) 
Seat 2: Mahu2021 (210 in chips) 
ZeusueZ x: posts small blind 20
Mahu2021: posts big blind 40
*** HOLE CARDS ***
Dealt to Mahu2021 [7s Ks]
ZeusueZ x: raises 40 to 80
Mahu2021: raises 130 to 210 and is all-in
ZeusueZ x: folds 
Uncalled bet (130) returned to Mahu2021
Mahu2021 collected 160 from pot
Mahu2021: doesn't show hand 
*** SUMMARY ***
Total pot 160 | Rake 0 
Seat 1: ZeusueZ x (button) (small blind) folded before Flop
Seat 2: Mahu2021 (big blind) collected (160)



PokerStars Hand #253154219624: Tournament #3817699211, $1.84+$0.16 USD Hold'em No Limit - Level III (20/40) - 2024/10/29 11:34:18 CET [2024/10/29 6:34:18 ET]
Table '3817699211 1' 3-max Seat #2 is the button
Seat 1: ZeusueZ x (1210 in chips) 
Seat 2: Mahu2021 (290 in chips) 
Mahu2021: posts small blind 20
ZeusueZ x: posts big blind 40
*** HOLE CARDS ***
Dealt to Mahu2021 [6d 2d]
Mahu2021: folds 
Uncalled bet (20) returned to ZeusueZ x
ZeusueZ x collected 40 from pot
*** SUMMARY ***
Total pot 40 | Rake 0 
Seat 1: ZeusueZ x (big blind) collected (40)
Seat 2: Mahu2021 (button) (small blind) folded before Flop



PokerStars Hand #253154220176: Tournament #3817699211, $1.84+$0.16 USD Hold'em No Limit - Level III (20/40) - 2024/10/29 11:34:23 CET [2024/10/29 6:34:23 ET]
Table '3817699211 1' 3-max Seat #1 is the button
Seat 1: ZeusueZ x (1230 in chips) 
Seat 2: Mahu2021 (270 in chips) 
ZeusueZ x: posts small blind 20
Mahu2021: posts big blind 40
*** HOLE CARDS ***
Dealt to Mahu2021 [8d Td]
ZeusueZ x: raises 1190 to 1230 and is all-in
Mahu2021: folds 
Uncalled bet (1190) returned to ZeusueZ x
ZeusueZ x collected 80 from pot
*** SUMMARY ***
Total pot 80 | Rake 0 
Seat 1: ZeusueZ x (button) (small blind) collected (80)
Seat 2: Mahu2021 (big blind) folded before Flop



PokerStars Hand #253154220915: Tournament #3817699211, $1.84+$0.16 USD Hold'em No Limit - Level III (20/40) - 2024/10/29 11:34:29 CET [2024/10/29 6:34:29 ET]
Table '3817699211 1' 3-max Seat #2 is the button
Seat 1: ZeusueZ x (1270 in chips) 
Seat 2: Mahu2021 (230 in chips) 
Mahu2021: posts small blind 20
ZeusueZ x: posts big blind 40
*** HOLE CARDS ***
Dealt to Mahu2021 [2d Ah]
Mahu2021: raises 190 to 230 and is all-in
ZeusueZ x: calls 190
*** FLOP *** [Tc Th 2h]
*** TURN *** [Tc Th 2h] [5d]
*** RIVER *** [Tc Th 2h 5d] [2s]
*** SHOW DOWN ***
ZeusueZ x: shows [7d Kh] (two pair, Tens and Deuces)
Mahu2021: shows [2d Ah] (a full house, Deuces full of Tens)
Mahu2021 collected 460 from pot
*** SUMMARY ***
Total pot 460 | Rake 0 
Board [Tc Th 2h 5d 2s]
Seat 1: ZeusueZ x (big blind) showed [7d Kh] and lost with two pair, Tens and Deuces
Seat 2: Mahu2021 (button) (small blind) showed [2d Ah] and won (460) with a full house, Deuces full of Tens



PokerStars Hand #253154222370: Tournament #3817699211, $1.84+$0.16 USD Hold'em No Limit - Level III (20/40) - 2024/10/29 11:34:41 CET [2024/10/29 6:34:41 ET]
Table '3817699211 1' 3-max Seat #1 is the button
Seat 1: ZeusueZ x (1040 in chips) 
Seat 2: Mahu2021 (460 in chips) 
ZeusueZ x: posts small blind 20
Mahu2021: posts big blind 40
*** HOLE CARDS ***
Dealt to Mahu2021 [7c 5c]
ZeusueZ x: folds 
Uncalled bet (20) returned to Mahu2021
Mahu2021 collected 40 from pot
Mahu2021: doesn't show hand 
*** SUMMARY ***
Total pot 40 | Rake 0 
Seat 1: ZeusueZ x (button) (small blind) folded before Flop
Seat 2: Mahu2021 (big blind) collected (40)



PokerStars Hand #253154223062: Tournament #3817699211, $1.84+$0.16 USD Hold'em No Limit - Level III (20/40) - 2024/10/29 11:34:47 CET [2024/10/29 6:34:47 ET]
Table '3817699211 1' 3-max Seat #2 is the button
Seat 1: ZeusueZ x (1020 in chips) 
Seat 2: Mahu2021 (480 in chips) 
Mahu2021: posts small blind 20
ZeusueZ x: posts big blind 40
*** HOLE CARDS ***
Dealt to Mahu2021 [6h Ad]
Mahu2021: raises 40 to 80
ZeusueZ x: calls 40
*** FLOP *** [5d Qd 9s]
ZeusueZ x: checks 
Mahu2021: bets 80
ZeusueZ x: folds 
Uncalled bet (80) returned to Mahu2021
Mahu2021 collected 160 from pot
Mahu2021: doesn't show hand 
*** SUMMARY ***
Total pot 160 | Rake 0 
Board [5d Qd 9s]
Seat 1: ZeusueZ x (big blind) folded on the Flop
Seat 2: Mahu2021 (button) (small blind) collected (160)



PokerStars Hand #253154224353: Tournament #3817699211, $1.84+$0.16 USD Hold'em No Limit - Level III (20/40) - 2024/10/29 11:34:58 CET [2024/10/29 6:34:58 ET]
Table '3817699211 1' 3-max Seat #1 is the button
Seat 1: ZeusueZ x (940 in chips) 
Seat 2: Mahu2021 (560 in chips) 
ZeusueZ x: posts small blind 20
Mahu2021: posts big blind 40
*** HOLE CARDS ***
Dealt to Mahu2021 [2h 5d]
ZeusueZ x: raises 40 to 80
Mahu2021: folds 
Uncalled bet (40) returned to ZeusueZ x
ZeusueZ x collected 80 from pot
ZeusueZ x: doesn't show hand 
*** SUMMARY ***
Total pot 80 | Rake 0 
Seat 1: ZeusueZ x (button) (small blind) collected (80)
Seat 2: Mahu2021 (big blind) folded before Flop



PokerStars Hand #253154225054: Tournament #3817699211, $1.84+$0.16 USD Hold'em No Limit - Level III (20/40) - 2024/10/29 11:35:04 CET [2024/10/29 6:35:04 ET]
Table '3817699211 1' 3-max Seat #2 is the button
Seat 1: ZeusueZ x (980 in chips) 
Seat 2: Mahu2021 (520 in chips) 
Mahu2021: posts small blind 20
ZeusueZ x: posts big blind 40
*** HOLE CARDS ***
Dealt to Mahu2021 [Qs 6h]
Mahu2021: calls 20
ZeusueZ x: checks 
*** FLOP *** [2s Qc 2h]
ZeusueZ x: checks 
Mahu2021: checks 
*** TURN *** [2s Qc 2h] [9h]
ZeusueZ x: checks 
Mahu2021: checks 
*** RIVER *** [2s Qc 2h 9h] [6d]
ZeusueZ x: bets 940 and is all-in
Mahu2021: calls 480 and is all-in
Uncalled bet (460) returned to ZeusueZ x
*** SHOW DOWN ***
ZeusueZ x: shows [9d 6s] (two pair, Nines and Sixes)
Mahu2021: shows [Qs 6h] (two pair, Queens and Sixes)
Mahu2021 collected 1040 from pot
*** SUMMARY ***
Total pot 1040 | Rake 0 
Board [2s Qc 2h 9h 6d]
Seat 1: ZeusueZ x (big blind) showed [9d 6s] and lost with two pair, Nines and Sixes
Seat 2: Mahu2021 (button) (small blind) showed [Qs 6h] and won (1040) with two pair, Queens and Sixes



PokerStars Hand #253154226857: Tournament #3817699211, $1.84+$0.16 USD Hold'em No Limit - Level III (20/40) - 2024/10/29 11:35:19 CET [2024/10/29 6:35:19 ET]
Table '3817699211 1' 3-max Seat #1 is the button
Seat 1: ZeusueZ x (460 in chips) 
Seat 2: Mahu2021 (1040 in chips) 
ZeusueZ x: posts small blind 20
Mahu2021: posts big blind 40
*** HOLE CARDS ***
Dealt to Mahu2021 [Qc 3s]
ZeusueZ x: raises 40 to 80
Mahu2021: calls 40
*** FLOP *** [5c 2d Ac]
Mahu2021: checks 
ZeusueZ x: bets 160
Mahu2021: folds 
Uncalled bet (160) returned to ZeusueZ x
ZeusueZ x collected 160 from pot
*** SUMMARY ***
Total pot 160 | Rake 0 
Board [5c 2d Ac]
Seat 1: ZeusueZ x (button) (small blind) collected (160)
Seat 2: Mahu2021 (big blind) folded on the Flop



PokerStars Hand #253154228430: Tournament #3817699211, $1.84+$0.16 USD Hold'em No Limit - Level III (20/40) - 2024/10/29 11:35:33 CET [2024/10/29 6:35:33 ET]
Table '3817699211 1' 3-max Seat #2 is the button
Seat 1: ZeusueZ x (540 in chips) 
Seat 2: Mahu2021 (960 in chips) 
Mahu2021: posts small blind 20
ZeusueZ x: posts big blind 40
*** HOLE CARDS ***
Dealt to Mahu2021 [2h Th]
Mahu2021: calls 20
ZeusueZ x: checks 
*** FLOP *** [Jc 9h 6s]
ZeusueZ x: checks 
Mahu2021: bets 40
ZeusueZ x: calls 40
*** TURN *** [Jc 9h 6s] [5d]
ZeusueZ x: checks 
Mahu2021: checks 
*** RIVER *** [Jc 9h 6s 5d] [9s]
ZeusueZ x: bets 160
Mahu2021: folds 
Uncalled bet (160) returned to ZeusueZ x
ZeusueZ x collected 160 from pot
*** SUMMARY ***
Total pot 160 | Rake 0 
Board [Jc 9h 6s 5d 9s]
Seat 1: ZeusueZ x (big blind) collected (160)
Seat 2: Mahu2021 (button) (small blind) folded on the River



PokerStars Hand #253154230157: Tournament #3817699211, $1.84+$0.16 USD Hold'em No Limit - Level III (20/40) - 2024/10/29 11:35:47 CET [2024/10/29 6:35:47 ET]
Table '3817699211 1' 3-max Seat #1 is the button
Seat 1: ZeusueZ x (620 in chips) 
Seat 2: Mahu2021 (880 in chips) 
ZeusueZ x: posts small blind 20
Mahu2021: posts big blind 40
*** HOLE CARDS ***
Dealt to Mahu2021 [4d Jh]
ZeusueZ x: folds 
Uncalled bet (20) returned to Mahu2021
Mahu2021 collected 40 from pot
Mahu2021: doesn't show hand 
*** SUMMARY ***
Total pot 40 | Rake 0 
Seat 1: ZeusueZ x (button) (small blind) folded before Flop
Seat 2: Mahu2021 (big blind) collected (40)



PokerStars Hand #253154230667: Tournament #3817699211, $1.84+$0.16 USD Hold'em No Limit - Level III (20/40) - 2024/10/29 11:35:52 CET [2024/10/29 6:35:52 ET]
Table '3817699211 1' 3-max Seat #2 is the button
Seat 1: ZeusueZ x (600 in chips) 
Seat 2: Mahu2021 (900 in chips) 
Mahu2021: posts small blind 20
ZeusueZ x: posts big blind 40
*** HOLE CARDS ***
Dealt to Mahu2021 [5c 8s]
Mahu2021: raises 40 to 80
ZeusueZ x: folds 
Uncalled bet (40) returned to Mahu2021
Mahu2021 collected 80 from pot
Mahu2021: doesn't show hand 
*** SUMMARY ***
Total pot 80 | Rake 0 
Seat 1: ZeusueZ x (big blind) folded before Flop
Seat 2: Mahu2021 (button) (small blind) collected (80)



PokerStars Hand #253154231329: Tournament #3817699211, $1.84+$0.16 USD Hold'em No Limit - Level III (20/40) - 2024/10/29 11:35:57 CET [2024/10/29 6:35:57 ET]
Table '3817699211 1' 3-max Seat #1 is the button
Seat 1: ZeusueZ x (560 in chips) 
Seat 2: Mahu2021 (940 in chips) 
ZeusueZ x: posts small blind 20
Mahu2021: posts big blind 40
*** HOLE CARDS ***
Dealt to Mahu2021 [Ad 8c]
ZeusueZ x: raises 40 to 80
Mahu2021: raises 860 to 940 and is all-in
ZeusueZ x: folds 
Uncalled bet (860) returned to Mahu2021
Mahu2021 collected 160 from pot
Mahu2021: doesn't show hand 
*** SUMMARY ***
Total pot 160 | Rake 0 
Seat 1: ZeusueZ x (button) (small blind) folded before Flop
Seat 2: Mahu2021 (big blind) collected (160)



PokerStars Hand #253154232235: Tournament #3817699211, $1.84+$0.16 USD Hold'em No Limit - Level III (20/40) - 2024/10/29 11:36:04 CET [2024/10/29 6:36:04 ET]
Table '3817699211 1' 3-max Seat #2 is the button
Seat 1: ZeusueZ x (480 in chips) 
Seat 2: Mahu2021 (1020 in chips) 
Mahu2021: posts small blind 20
ZeusueZ x: posts big blind 40
*** HOLE CARDS ***
Dealt to Mahu2021 [Kc Qd]
Mahu2021: raises 40 to 80
ZeusueZ x: calls 40
*** FLOP *** [As 3c Kh]
ZeusueZ x: checks 
Mahu2021: bets 80
ZeusueZ x: calls 80
*** TURN *** [As 3c Kh] [6d]
ZeusueZ x: checks 
Mahu2021: bets 860 and is all-in
ZeusueZ x: folds 
Uncalled bet (860) returned to Mahu2021
Mahu2021 collected 320 from pot
Mahu2021: doesn't show hand 
*** SUMMARY ***
Total pot 320 | Rake 0 
Board [As 3c Kh 6d]
Seat 1: ZeusueZ x (big blind) folded on the Turn
Seat 2: Mahu2021 (button) (small blind) collected (320)



PokerStars Hand #253154233760: Tournament #3817699211, $1.84+$0.16 USD Hold'em No Limit - Level III (20/40) - 2024/10/29 11:36:17 CET [2024/10/29 6:36:17 ET]
Table '3817699211 1' 3-max Seat #1 is the button
Seat 1: ZeusueZ x (320 in chips) 
Seat 2: Mahu2021 (1180 in chips) 
ZeusueZ x: posts small blind 20
Mahu2021: posts big blind 40
*** HOLE CARDS ***
Dealt to Mahu2021 [Ah Tc]
ZeusueZ x: folds 
Uncalled bet (20) returned to Mahu2021
Mahu2021 collected 40 from pot
Mahu2021: doesn't show hand 
*** SUMMARY ***
Total pot 40 | Rake 0 
Seat 1: ZeusueZ x (button) (small blind) folded before Flop
Seat 2: Mahu2021 (big blind) collected (40)



PokerStars Hand #253154234284: Tournament #3817699211, $1.84+$0.16 USD Hold'em No Limit - Level III (20/40) - 2024/10/29 11:36:22 CET [2024/10/29 6:36:22 ET]
Table '3817699211 1' 3-max Seat #2 is the button
Seat 1: ZeusueZ x (300 in chips) 
Seat 2: Mahu2021 (1200 in chips) 
Mahu2021: posts small blind 20
ZeusueZ x: posts big blind 40
*** HOLE CARDS ***
Dealt to Mahu2021 [4s 4c]
Mahu2021: raises 40 to 80
ZeusueZ x: raises 220 to 300 and is all-in
Mahu2021: calls 220
*** FLOP *** [Qs 3d 4h]
*** TURN *** [Qs 3d 4h] [2h]
*** RIVER *** [Qs 3d 4h 2h] [9s]
*** SHOW DOWN ***
ZeusueZ x: shows [Ah 2s] (a pair of Deuces)
Mahu2021: shows [4s 4c] (three of a kind, Fours)
Mahu2021 collected 600 from pot
ZeusueZ x finished the tournament in 2nd place
Mahu2021 wins the tournament and receives $6.00 - congratulations!
*** SUMMARY ***
Total pot 600 | Rake 0 
Board [Qs 3d 4h 2h 9s]
Seat 1: ZeusueZ x (big blind) showed [Ah 2s] and lost with a pair of Deuces
Seat 2: Mahu2021 (button) (small blind) showed [4s 4c] and won (600) with three of a kind, Fours



