PokerStars Hand #243189785255: Tournament #3579767776, $0.92+$0.08 USD Hold'em No Limit - Level I (10/20) - 2023/04/19 18:10:45 CET [2023/04/19 12:10:45 ET]
Table '3579767776 1' 3-max Seat #1 is the button
Seat 1: silvek66 (500 in chips) 
Seat 2: virgulino143 (500 in chips) 
Seat 3: Mahu2021 (500 in chips) 
virgulino143: posts small blind 10
Mahu2021: posts big blind 20
*** HOLE CARDS ***
Dealt to Mahu2021 [Qh Td]
silvek66: folds 
virgulino143: raises 30 to 50
Mahu2021: calls 30
*** FLOP *** [8h Th Jc]
virgulino143: checks 
Mahu2021: bets 100
virgulino143: calls 100
*** TURN *** [8h Th Jc] [9s]
virgulino143: checks 
Mahu2021: bets 350 and is all-in
virgulino143: folds 
Uncalled bet (350) returned to Mahu2021
Mahu2021 collected 300 from pot
Mahu2021: doesn't show hand 
*** SUMMARY ***
Total pot 300 | Rake 0 
Board [8h Th Jc 9s]
Seat 1: silvek66 (button) folded before Flop (didn't bet)
Seat 2: virgulino143 (small blind) folded on the Turn
Seat 3: Mahu2021 (big blind) collected (300)



PokerStars Hand #243189797732: Tournament #3579767776, $0.92+$0.08 USD Hold'em No Limit - Level I (10/20) - 2023/04/19 18:11:30 CET [2023/04/19 12:11:30 ET]
Table '3579767776 1' 3-max Seat #2 is the button
Seat 1: silvek66 (500 in chips) 
Seat 2: virgulino143 (350 in chips) 
Seat 3: Mahu2021 (650 in chips) 
Mahu2021: posts small blind 10
silvek66: posts big blind 20
*** HOLE CARDS ***
Dealt to Mahu2021 [4c 9h]
virgulino143: folds 
Mahu2021: folds 
Uncalled bet (10) returned to silvek66
silvek66 collected 20 from pot
*** SUMMARY ***
Total pot 20 | Rake 0 
Seat 1: silvek66 (big blind) collected (20)
Seat 2: virgulino143 (button) folded before Flop (didn't bet)
Seat 3: Mahu2021 (small blind) folded before Flop



PokerStars Hand #243189799046: Tournament #3579767776, $0.92+$0.08 USD Hold'em No Limit - Level I (10/20) - 2023/04/19 18:11:35 CET [2023/04/19 12:11:35 ET]
Table '3579767776 1' 3-max Seat #3 is the button
Seat 1: silvek66 (510 in chips) 
Seat 2: virgulino143 (350 in chips) 
Seat 3: Mahu2021 (640 in chips) 
silvek66: posts small blind 10
virgulino143: posts big blind 20
*** HOLE CARDS ***
Dealt to Mahu2021 [4s Td]
Mahu2021: folds 
silvek66: folds 
Uncalled bet (10) returned to virgulino143
virgulino143 collected 20 from pot
virgulino143: doesn't show hand 
*** SUMMARY ***
Total pot 20 | Rake 0 
Seat 1: silvek66 (small blind) folded before Flop
Seat 2: virgulino143 (big blind) collected (20)
Seat 3: Mahu2021 (button) folded before Flop (didn't bet)



PokerStars Hand #243189800513: Tournament #3579767776, $0.92+$0.08 USD Hold'em No Limit - Level I (10/20) - 2023/04/19 18:11:40 CET [2023/04/19 12:11:40 ET]
Table '3579767776 1' 3-max Seat #1 is the button
Seat 1: silvek66 (500 in chips) 
Seat 2: virgulino143 (360 in chips) 
Seat 3: Mahu2021 (640 in chips) 
virgulino143: posts small blind 10
Mahu2021: posts big blind 20
*** HOLE CARDS ***
Dealt to Mahu2021 [Jh 6c]
silvek66: raises 70 to 90
virgulino143: folds 
Mahu2021: folds 
Uncalled bet (70) returned to silvek66
silvek66 collected 50 from pot
*** SUMMARY ***
Total pot 50 | Rake 0 
Seat 1: silvek66 (button) collected (50)
Seat 2: virgulino143 (small blind) folded before Flop
Seat 3: Mahu2021 (big blind) folded before Flop



PokerStars Hand #243189803125: Tournament #3579767776, $0.92+$0.08 USD Hold'em No Limit - Level I (10/20) - 2023/04/19 18:11:50 CET [2023/04/19 12:11:50 ET]
Table '3579767776 1' 3-max Seat #2 is the button
Seat 1: silvek66 (530 in chips) 
Seat 2: virgulino143 (350 in chips) 
Seat 3: Mahu2021 (620 in chips) 
Mahu2021: posts small blind 10
silvek66: posts big blind 20
*** HOLE CARDS ***
Dealt to Mahu2021 [2c 4h]
virgulino143: raises 20 to 40
Mahu2021: folds 
silvek66: raises 490 to 530 and is all-in
virgulino143: folds 
Uncalled bet (490) returned to silvek66
silvek66 collected 90 from pot
*** SUMMARY ***
Total pot 90 | Rake 0 
Seat 1: silvek66 (big blind) collected (90)
Seat 2: virgulino143 (button) folded before Flop
Seat 3: Mahu2021 (small blind) folded before Flop



PokerStars Hand #243189806751: Tournament #3579767776, $0.92+$0.08 USD Hold'em No Limit - Level I (10/20) - 2023/04/19 18:12:02 CET [2023/04/19 12:12:02 ET]
Table '3579767776 1' 3-max Seat #3 is the button
Seat 1: silvek66 (580 in chips) 
Seat 2: virgulino143 (310 in chips) 
Seat 3: Mahu2021 (610 in chips) 
silvek66: posts small blind 10
virgulino143: posts big blind 20
*** HOLE CARDS ***
Dealt to Mahu2021 [8s 2d]
Mahu2021: folds 
silvek66: raises 20 to 40
virgulino143: calls 20
*** FLOP *** [Js 9c 3s]
silvek66: checks 
virgulino143: bets 26
silvek66: calls 26
*** TURN *** [Js 9c 3s] [9s]
silvek66: checks 
virgulino143: bets 87
silvek66: folds 
Uncalled bet (87) returned to virgulino143
virgulino143 collected 132 from pot
virgulino143: doesn't show hand 
*** SUMMARY ***
Total pot 132 | Rake 0 
Board [Js 9c 3s 9s]
Seat 1: silvek66 (small blind) folded on the Turn
Seat 2: virgulino143 (big blind) collected (132)
Seat 3: Mahu2021 (button) folded before Flop (didn't bet)



PokerStars Hand #243189818052: Tournament #3579767776, $0.92+$0.08 USD Hold'em No Limit - Level I (10/20) - 2023/04/19 18:12:43 CET [2023/04/19 12:12:43 ET]
Table '3579767776 1' 3-max Seat #1 is the button
Seat 1: silvek66 (514 in chips) 
Seat 2: virgulino143 (376 in chips) 
Seat 3: Mahu2021 (610 in chips) 
virgulino143: posts small blind 10
Mahu2021: posts big blind 20
*** HOLE CARDS ***
Dealt to Mahu2021 [Jc 2c]
silvek66: raises 20 to 40
virgulino143: folds 
Mahu2021: calls 20
*** FLOP *** [Tc 7s Jh]
Mahu2021: bets 40
silvek66: calls 40
*** TURN *** [Tc 7s Jh] [Qc]
Mahu2021: bets 170
silvek66: folds 
Uncalled bet (170) returned to Mahu2021
Mahu2021 collected 170 from pot
Mahu2021: doesn't show hand 
*** SUMMARY ***
Total pot 170 | Rake 0 
Board [Tc 7s Jh Qc]
Seat 1: silvek66 (button) folded on the Turn
Seat 2: virgulino143 (small blind) folded before Flop
Seat 3: Mahu2021 (big blind) collected (170)



PokerStars Hand #243189828638: Tournament #3579767776, $0.92+$0.08 USD Hold'em No Limit - Level II (15/30) - 2023/04/19 18:13:21 CET [2023/04/19 12:13:21 ET]
Table '3579767776 1' 3-max Seat #2 is the button
Seat 1: silvek66 (434 in chips) 
Seat 2: virgulino143 (366 in chips) 
Seat 3: Mahu2021 (700 in chips) 
Mahu2021: posts small blind 15
silvek66: posts big blind 30
*** HOLE CARDS ***
Dealt to Mahu2021 [8d 7s]
virgulino143: folds 
Mahu2021: raises 30 to 60
silvek66: raises 30 to 90
Mahu2021: calls 30
*** FLOP *** [Th Ac Qd]
Mahu2021: checks 
silvek66: bets 60
Mahu2021: folds 
Uncalled bet (60) returned to silvek66
silvek66 collected 180 from pot
*** SUMMARY ***
Total pot 180 | Rake 0 
Board [Th Ac Qd]
Seat 1: silvek66 (big blind) collected (180)
Seat 2: virgulino143 (button) folded before Flop (didn't bet)
Seat 3: Mahu2021 (small blind) folded on the Flop



PokerStars Hand #243189833678: Tournament #3579767776, $0.92+$0.08 USD Hold'em No Limit - Level II (15/30) - 2023/04/19 18:13:39 CET [2023/04/19 12:13:39 ET]
Table '3579767776 1' 3-max Seat #3 is the button
Seat 1: silvek66 (524 in chips) 
Seat 2: virgulino143 (366 in chips) 
Seat 3: Mahu2021 (610 in chips) 
silvek66: posts small blind 15
virgulino143: posts big blind 30
*** HOLE CARDS ***
Dealt to Mahu2021 [5h 7s]
Mahu2021: folds 
silvek66: raises 60 to 90
virgulino143: folds 
Uncalled bet (60) returned to silvek66
silvek66 collected 60 from pot
*** SUMMARY ***
Total pot 60 | Rake 0 
Seat 1: silvek66 (small blind) collected (60)
Seat 2: virgulino143 (big blind) folded before Flop
Seat 3: Mahu2021 (button) folded before Flop (didn't bet)



PokerStars Hand #243189836468: Tournament #3579767776, $0.92+$0.08 USD Hold'em No Limit - Level II (15/30) - 2023/04/19 18:13:49 CET [2023/04/19 12:13:49 ET]
Table '3579767776 1' 3-max Seat #1 is the button
Seat 1: silvek66 (554 in chips) 
Seat 2: virgulino143 (336 in chips) 
Seat 3: Mahu2021 (610 in chips) 
virgulino143: posts small blind 15
Mahu2021: posts big blind 30
*** HOLE CARDS ***
Dealt to Mahu2021 [3s 8h]
silvek66: folds 
virgulino143: folds 
Uncalled bet (15) returned to Mahu2021
Mahu2021 collected 30 from pot
Mahu2021: doesn't show hand 
*** SUMMARY ***
Total pot 30 | Rake 0 
Seat 1: silvek66 (button) folded before Flop (didn't bet)
Seat 2: virgulino143 (small blind) folded before Flop
Seat 3: Mahu2021 (big blind) collected (30)



PokerStars Hand #243189839637: Tournament #3579767776, $0.92+$0.08 USD Hold'em No Limit - Level II (15/30) - 2023/04/19 18:14:01 CET [2023/04/19 12:14:01 ET]
Table '3579767776 1' 3-max Seat #2 is the button
Seat 1: silvek66 (554 in chips) 
Seat 2: virgulino143 (321 in chips) 
Seat 3: Mahu2021 (625 in chips) 
Mahu2021: posts small blind 15
silvek66: posts big blind 30
*** HOLE CARDS ***
Dealt to Mahu2021 [Qh 6h]
virgulino143: folds 
Mahu2021: raises 60 to 90
silvek66: folds 
Uncalled bet (60) returned to Mahu2021
Mahu2021 collected 60 from pot
Mahu2021: doesn't show hand 
*** SUMMARY ***
Total pot 60 | Rake 0 
Seat 1: silvek66 (big blind) folded before Flop
Seat 2: virgulino143 (button) folded before Flop (didn't bet)
Seat 3: Mahu2021 (small blind) collected (60)



PokerStars Hand #243189842332: Tournament #3579767776, $0.92+$0.08 USD Hold'em No Limit - Level II (15/30) - 2023/04/19 18:14:10 CET [2023/04/19 12:14:10 ET]
Table '3579767776 1' 3-max Seat #3 is the button
Seat 1: silvek66 (524 in chips) 
Seat 2: virgulino143 (321 in chips) 
Seat 3: Mahu2021 (655 in chips) 
silvek66: posts small blind 15
virgulino143: posts big blind 30
*** HOLE CARDS ***
Dealt to Mahu2021 [7h 8h]
Mahu2021: calls 30
silvek66: folds 
virgulino143: checks 
*** FLOP *** [3h 6s Th]
virgulino143: checks 
Mahu2021: bets 75
virgulino143: folds 
Uncalled bet (75) returned to Mahu2021
Mahu2021 collected 75 from pot
Mahu2021: doesn't show hand 
*** SUMMARY ***
Total pot 75 | Rake 0 
Board [3h 6s Th]
Seat 1: silvek66 (small blind) folded before Flop
Seat 2: virgulino143 (big blind) folded on the Flop
Seat 3: Mahu2021 (button) collected (75)



PokerStars Hand #243189848839: Tournament #3579767776, $0.92+$0.08 USD Hold'em No Limit - Level II (15/30) - 2023/04/19 18:14:33 CET [2023/04/19 12:14:33 ET]
Table '3579767776 1' 3-max Seat #1 is the button
Seat 1: silvek66 (509 in chips) 
Seat 2: virgulino143 (291 in chips) 
Seat 3: Mahu2021 (700 in chips) 
virgulino143: posts small blind 15
Mahu2021: posts big blind 30
*** HOLE CARDS ***
Dealt to Mahu2021 [8c 8s]
silvek66: folds 
virgulino143: raises 261 to 291 and is all-in
Mahu2021: calls 261
*** FLOP *** [4h Js 5s]
*** TURN *** [4h Js 5s] [Th]
*** RIVER *** [4h Js 5s Th] [3c]
*** SHOW DOWN ***
virgulino143: shows [4c Ac] (a pair of Fours)
Mahu2021: shows [8c 8s] (a pair of Eights)
Mahu2021 collected 582 from pot
virgulino143 finished the tournament in 3rd place
*** SUMMARY ***
Total pot 582 | Rake 0 
Board [4h Js 5s Th 3c]
Seat 1: silvek66 (button) folded before Flop (didn't bet)
Seat 2: virgulino143 (small blind) showed [4c Ac] and lost with a pair of Fours
Seat 3: Mahu2021 (big blind) showed [8c 8s] and won (582) with a pair of Eights



PokerStars Hand #243189854919: Tournament #3579767776, $0.92+$0.08 USD Hold'em No Limit - Level III (20/40) - 2023/04/19 18:14:55 CET [2023/04/19 12:14:55 ET]
Table '3579767776 1' 3-max Seat #3 is the button
Seat 1: silvek66 (509 in chips) 
Seat 3: Mahu2021 (991 in chips) 
Mahu2021: posts small blind 20
silvek66: posts big blind 40
*** HOLE CARDS ***
Dealt to Mahu2021 [5c 7c]
Mahu2021: raises 40 to 80
silvek66: calls 40
*** FLOP *** [2c 4h 5s]
silvek66: checks 
Mahu2021: bets 911 and is all-in
silvek66: folds 
Uncalled bet (911) returned to Mahu2021
Mahu2021 collected 160 from pot
Mahu2021: doesn't show hand 
*** SUMMARY ***
Total pot 160 | Rake 0 
Board [2c 4h 5s]
Seat 1: silvek66 (big blind) folded on the Flop
Seat 3: Mahu2021 (button) (small blind) collected (160)



PokerStars Hand #243189862337: Tournament #3579767776, $0.92+$0.08 USD Hold'em No Limit - Level III (20/40) - 2023/04/19 18:15:20 CET [2023/04/19 12:15:20 ET]
Table '3579767776 1' 3-max Seat #1 is the button
Seat 1: silvek66 (429 in chips) 
Seat 3: Mahu2021 (1071 in chips) 
silvek66: posts small blind 20
Mahu2021: posts big blind 40
*** HOLE CARDS ***
Dealt to Mahu2021 [3h Qd]
silvek66: raises 80 to 120
Mahu2021: folds 
Uncalled bet (80) returned to silvek66
silvek66 collected 80 from pot
*** SUMMARY ***
Total pot 80 | Rake 0 
Seat 1: silvek66 (button) (small blind) collected (80)
Seat 3: Mahu2021 (big blind) folded before Flop



PokerStars Hand #243189864855: Tournament #3579767776, $0.92+$0.08 USD Hold'em No Limit - Level III (20/40) - 2023/04/19 18:15:29 CET [2023/04/19 12:15:29 ET]
Table '3579767776 1' 3-max Seat #3 is the button
Seat 1: silvek66 (469 in chips) 
Seat 3: Mahu2021 (1031 in chips) 
Mahu2021: posts small blind 20
silvek66: posts big blind 40
*** HOLE CARDS ***
Dealt to Mahu2021 [Qs 3c]
Mahu2021: folds 
Uncalled bet (20) returned to silvek66
silvek66 collected 40 from pot
*** SUMMARY ***
Total pot 40 | Rake 0 
Seat 1: silvek66 (big blind) collected (40)
Seat 3: Mahu2021 (button) (small blind) folded before Flop



PokerStars Hand #243189866168: Tournament #3579767776, $0.92+$0.08 USD Hold'em No Limit - Level III (20/40) - 2023/04/19 18:15:34 CET [2023/04/19 12:15:34 ET]
Table '3579767776 1' 3-max Seat #1 is the button
Seat 1: silvek66 (489 in chips) 
Seat 3: Mahu2021 (1011 in chips) 
silvek66: posts small blind 20
Mahu2021: posts big blind 40
*** HOLE CARDS ***
Dealt to Mahu2021 [Tc 7d]
silvek66: raises 449 to 489 and is all-in
Mahu2021: folds 
Uncalled bet (449) returned to silvek66
silvek66 collected 80 from pot
*** SUMMARY ***
Total pot 80 | Rake 0 
Seat 1: silvek66 (button) (small blind) collected (80)
Seat 3: Mahu2021 (big blind) folded before Flop



PokerStars Hand #243189868009: Tournament #3579767776, $0.92+$0.08 USD Hold'em No Limit - Level III (20/40) - 2023/04/19 18:15:41 CET [2023/04/19 12:15:41 ET]
Table '3579767776 1' 3-max Seat #3 is the button
Seat 1: silvek66 (529 in chips) 
Seat 3: Mahu2021 (971 in chips) 
Mahu2021: posts small blind 20
silvek66: posts big blind 40
*** HOLE CARDS ***
Dealt to Mahu2021 [Kc Ad]
Mahu2021: raises 80 to 120
silvek66: calls 80
*** FLOP *** [9h Kh 3c]
silvek66: checks 
Mahu2021: bets 240
silvek66: folds 
Uncalled bet (240) returned to Mahu2021
Mahu2021 collected 240 from pot
Mahu2021: doesn't show hand 
*** SUMMARY ***
Total pot 240 | Rake 0 
Board [9h Kh 3c]
Seat 1: silvek66 (big blind) folded on the Flop
Seat 3: Mahu2021 (button) (small blind) collected (240)



PokerStars Hand #243189871888: Tournament #3579767776, $0.92+$0.08 USD Hold'em No Limit - Level III (20/40) - 2023/04/19 18:15:54 CET [2023/04/19 12:15:54 ET]
Table '3579767776 1' 3-max Seat #1 is the button
Seat 1: silvek66 (409 in chips) 
Seat 3: Mahu2021 (1091 in chips) 
silvek66: posts small blind 20
Mahu2021: posts big blind 40
*** HOLE CARDS ***
Dealt to Mahu2021 [8d 8s]
silvek66: folds 
Uncalled bet (20) returned to Mahu2021
Mahu2021 collected 40 from pot
Mahu2021: doesn't show hand 
*** SUMMARY ***
Total pot 40 | Rake 0 
Seat 1: silvek66 (button) (small blind) folded before Flop
Seat 3: Mahu2021 (big blind) collected (40)



PokerStars Hand #243189873105: Tournament #3579767776, $0.92+$0.08 USD Hold'em No Limit - Level III (20/40) - 2023/04/19 18:15:59 CET [2023/04/19 12:15:59 ET]
Table '3579767776 1' 3-max Seat #3 is the button
Seat 1: silvek66 (389 in chips) 
Seat 3: Mahu2021 (1111 in chips) 
Mahu2021: posts small blind 20
silvek66: posts big blind 40
*** HOLE CARDS ***
Dealt to Mahu2021 [9c 8c]
Mahu2021: raises 80 to 120
silvek66: calls 80
*** FLOP *** [3d 5c 5d]
silvek66: checks 
Mahu2021: bets 240
silvek66: raises 29 to 269 and is all-in
Mahu2021: calls 29
*** TURN *** [3d 5c 5d] [5h]
*** RIVER *** [3d 5c 5d 5h] [4c]
*** SHOW DOWN ***
silvek66: shows [5s Ts] (four of a kind, Fives)
Mahu2021: shows [9c 8c] (three of a kind, Fives)
silvek66 collected 778 from pot
*** SUMMARY ***
Total pot 778 | Rake 0 
Board [3d 5c 5d 5h 4c]
Seat 1: silvek66 (big blind) showed [5s Ts] and won (778) with four of a kind, Fives
Seat 3: Mahu2021 (button) (small blind) showed [9c 8c] and lost with three of a kind, Fives



PokerStars Hand #243189878527: Tournament #3579767776, $0.92+$0.08 USD Hold'em No Limit - Level III (20/40) - 2023/04/19 18:16:18 CET [2023/04/19 12:16:18 ET]
Table '3579767776 1' 3-max Seat #1 is the button
Seat 1: silvek66 (778 in chips) 
Seat 3: Mahu2021 (722 in chips) 
silvek66: posts small blind 20
Mahu2021: posts big blind 40
*** HOLE CARDS ***
Dealt to Mahu2021 [4h Qc]
silvek66: folds 
Uncalled bet (20) returned to Mahu2021
Mahu2021 collected 40 from pot
Mahu2021: doesn't show hand 
*** SUMMARY ***
Total pot 40 | Rake 0 
Seat 1: silvek66 (button) (small blind) folded before Flop
Seat 3: Mahu2021 (big blind) collected (40)



PokerStars Hand #243189880494: Tournament #3579767776, $0.92+$0.08 USD Hold'em No Limit - Level III (20/40) - 2023/04/19 18:16:25 CET [2023/04/19 12:16:25 ET]
Table '3579767776 1' 3-max Seat #3 is the button
Seat 1: silvek66 (758 in chips) 
Seat 3: Mahu2021 (742 in chips) 
Mahu2021: posts small blind 20
silvek66: posts big blind 40
*** HOLE CARDS ***
Dealt to Mahu2021 [8d 2h]
Mahu2021: folds 
Uncalled bet (20) returned to silvek66
silvek66 collected 40 from pot
*** SUMMARY ***
Total pot 40 | Rake 0 
Seat 1: silvek66 (big blind) collected (40)
Seat 3: Mahu2021 (button) (small blind) folded before Flop



PokerStars Hand #243189881832: Tournament #3579767776, $0.92+$0.08 USD Hold'em No Limit - Level III (20/40) - 2023/04/19 18:16:30 CET [2023/04/19 12:16:30 ET]
Table '3579767776 1' 3-max Seat #1 is the button
Seat 1: silvek66 (778 in chips) 
Seat 3: Mahu2021 (722 in chips) 
silvek66: posts small blind 20
Mahu2021: posts big blind 40
*** HOLE CARDS ***
Dealt to Mahu2021 [6h 2c]
silvek66: folds 
Uncalled bet (20) returned to Mahu2021
Mahu2021 collected 40 from pot
Mahu2021: doesn't show hand 
*** SUMMARY ***
Total pot 40 | Rake 0 
Seat 1: silvek66 (button) (small blind) folded before Flop
Seat 3: Mahu2021 (big blind) collected (40)



PokerStars Hand #243189884989: Tournament #3579767776, $0.92+$0.08 USD Hold'em No Limit - Level III (20/40) - 2023/04/19 18:16:41 CET [2023/04/19 12:16:41 ET]
Table '3579767776 1' 3-max Seat #3 is the button
Seat 1: silvek66 (758 in chips) 
Seat 3: Mahu2021 (742 in chips) 
Mahu2021: posts small blind 20
silvek66: posts big blind 40
*** HOLE CARDS ***
Dealt to Mahu2021 [8c Qd]
Mahu2021: calls 20
silvek66: checks 
*** FLOP *** [Kd 3d 4h]
silvek66: bets 40
Mahu2021: calls 40
*** TURN *** [Kd 3d 4h] [Js]
silvek66: checks 
Mahu2021: bets 160
silvek66: folds 
Uncalled bet (160) returned to Mahu2021
Mahu2021 collected 160 from pot
Mahu2021: doesn't show hand 
*** SUMMARY ***
Total pot 160 | Rake 0 
Board [Kd 3d 4h Js]
Seat 1: silvek66 (big blind) folded on the Turn
Seat 3: Mahu2021 (button) (small blind) collected (160)



PokerStars Hand #243189890914: Tournament #3579767776, $0.92+$0.08 USD Hold'em No Limit - Level IV (30/60) - 2023/04/19 18:17:02 CET [2023/04/19 12:17:02 ET]
Table '3579767776 1' 3-max Seat #1 is the button
Seat 1: silvek66 (678 in chips) 
Seat 3: Mahu2021 (822 in chips) 
silvek66: posts small blind 30
Mahu2021: posts big blind 60
*** HOLE CARDS ***
Dealt to Mahu2021 [6d 5h]
silvek66: raises 60 to 120
Mahu2021: calls 60
*** FLOP *** [7d 2h Ks]
Mahu2021: checks 
silvek66: bets 558 and is all-in
Mahu2021: folds 
Uncalled bet (558) returned to silvek66
silvek66 collected 240 from pot
*** SUMMARY ***
Total pot 240 | Rake 0 
Board [7d 2h Ks]
Seat 1: silvek66 (button) (small blind) collected (240)
Seat 3: Mahu2021 (big blind) folded on the Flop



PokerStars Hand #243189894049: Tournament #3579767776, $0.92+$0.08 USD Hold'em No Limit - Level IV (30/60) - 2023/04/19 18:17:13 CET [2023/04/19 12:17:13 ET]
Table '3579767776 1' 3-max Seat #3 is the button
Seat 1: silvek66 (798 in chips) 
Seat 3: Mahu2021 (702 in chips) 
Mahu2021: posts small blind 30
silvek66: posts big blind 60
*** HOLE CARDS ***
Dealt to Mahu2021 [7d 8d]
Mahu2021: calls 30
silvek66: raises 738 to 798 and is all-in
Mahu2021: folds 
Uncalled bet (738) returned to silvek66
silvek66 collected 120 from pot
*** SUMMARY ***
Total pot 120 | Rake 0 
Seat 1: silvek66 (big blind) collected (120)
Seat 3: Mahu2021 (button) (small blind) folded before Flop



PokerStars Hand #243189896608: Tournament #3579767776, $0.92+$0.08 USD Hold'em No Limit - Level IV (30/60) - 2023/04/19 18:17:23 CET [2023/04/19 12:17:23 ET]
Table '3579767776 1' 3-max Seat #1 is the button
Seat 1: silvek66 (858 in chips) 
Seat 3: Mahu2021 (642 in chips) 
silvek66: posts small blind 30
Mahu2021: posts big blind 60
*** HOLE CARDS ***
Dealt to Mahu2021 [4d 3c]
silvek66: raises 798 to 858 and is all-in
Mahu2021: folds 
Uncalled bet (798) returned to silvek66
silvek66 collected 120 from pot
*** SUMMARY ***
Total pot 120 | Rake 0 
Seat 1: silvek66 (button) (small blind) collected (120)
Seat 3: Mahu2021 (big blind) folded before Flop



PokerStars Hand #243189898033: Tournament #3579767776, $0.92+$0.08 USD Hold'em No Limit - Level IV (30/60) - 2023/04/19 18:17:28 CET [2023/04/19 12:17:28 ET]
Table '3579767776 1' 3-max Seat #3 is the button
Seat 1: silvek66 (918 in chips) 
Seat 3: Mahu2021 (582 in chips) 
Mahu2021: posts small blind 30
silvek66: posts big blind 60
*** HOLE CARDS ***
Dealt to Mahu2021 [Th 6h]
Mahu2021: calls 30
silvek66: checks 
*** FLOP *** [2s Jh 9s]
silvek66: checks 
Mahu2021: bets 60
silvek66: calls 60
*** TURN *** [2s Jh 9s] [7h]
silvek66: checks 
Mahu2021: bets 462 and is all-in
silvek66: folds 
Uncalled bet (462) returned to Mahu2021
Mahu2021 collected 240 from pot
Mahu2021: doesn't show hand 
*** SUMMARY ***
Total pot 240 | Rake 0 
Board [2s Jh 9s 7h]
Seat 1: silvek66 (big blind) folded on the Turn
Seat 3: Mahu2021 (button) (small blind) collected (240)



PokerStars Hand #243189902803: Tournament #3579767776, $0.92+$0.08 USD Hold'em No Limit - Level IV (30/60) - 2023/04/19 18:17:45 CET [2023/04/19 12:17:45 ET]
Table '3579767776 1' 3-max Seat #1 is the button
Seat 1: silvek66 (798 in chips) 
Seat 3: Mahu2021 (702 in chips) 
silvek66: posts small blind 30
Mahu2021: posts big blind 60
*** HOLE CARDS ***
Dealt to Mahu2021 [Kh Ah]
silvek66: folds 
Uncalled bet (30) returned to Mahu2021
Mahu2021 collected 60 from pot
Mahu2021: doesn't show hand 
*** SUMMARY ***
Total pot 60 | Rake 0 
Seat 1: silvek66 (button) (small blind) folded before Flop
Seat 3: Mahu2021 (big blind) collected (60)



PokerStars Hand #243189903987: Tournament #3579767776, $0.92+$0.08 USD Hold'em No Limit - Level IV (30/60) - 2023/04/19 18:17:49 CET [2023/04/19 12:17:49 ET]
Table '3579767776 1' 3-max Seat #3 is the button
Seat 1: silvek66 (768 in chips) 
Seat 3: Mahu2021 (732 in chips) 
Mahu2021: posts small blind 30
silvek66: posts big blind 60
*** HOLE CARDS ***
Dealt to Mahu2021 [7h Jh]
Mahu2021: raises 672 to 732 and is all-in
silvek66: calls 672
*** FLOP *** [Qh 3h 2d]
*** TURN *** [Qh 3h 2d] [As]
*** RIVER *** [Qh 3h 2d As] [7s]
*** SHOW DOWN ***
silvek66: shows [Kc Ah] (a pair of Aces)
Mahu2021: shows [7h Jh] (a pair of Sevens)
silvek66 collected 1464 from pot
Mahu2021 finished the tournament in 2nd place
silvek66 wins the tournament and receives $2.00 - congratulations!
*** SUMMARY ***
Total pot 1464 | Rake 0 
Board [Qh 3h 2d As 7s]
Seat 1: silvek66 (big blind) showed [Kc Ah] and won (1464) with a pair of Aces
Seat 3: Mahu2021 (button) (small blind) showed [7h Jh] and lost with a pair of Sevens



