PokerStars Zoom Hand #254798697632:  Hold'em No Limit ($0.05/$0.10) - 2025/02/10 14:03:39 CET [2025/02/10 8:03:39 ET]
Table 'Aludra' 6-max Seat #1 is the button
Seat 1: Arun4z ($10 in chips) 
Seat 2: epejoo ($13.03 in chips) 
Seat 3: Mahu2021 ($10 in chips) 
Seat 4: Masiejoo ($10 in chips) 
Seat 5: pougia777 ($10.96 in chips) 
Seat 6: Lenusia392 ($5.32 in chips) 
epejoo: posts small blind $0.05
Mahu2021: posts big blind $0.10
*** HOLE CARDS ***
Dealt to Mahu2021 [3h Qh]
Masiejoo: folds 
pougia777: folds 
Lenusia392: folds 
Arun4z: folds 
epejoo: folds 
Uncalled bet ($0.05) returned to Mahu2021
Mahu2021 collected $0.10 from pot
Mahu2021: doesn't show hand 
*** SUMMARY ***
Total pot $0.10 | Rake $0 
Seat 1: Arun4z (button) folded before Flop (didn't bet)
Seat 2: epejoo (small blind) folded before Flop
Seat 3: Mahu2021 (big blind) collected ($0.10)
Seat 4: Masiejoo folded before Flop (didn't bet)
Seat 5: pougia777 folded before Flop (didn't bet)
Seat 6: Lenusia392 folded before Flop (didn't bet)



PokerStars Zoom Hand #254798699605:  Hold'em No Limit ($0.05/$0.10) - 2025/02/10 14:03:52 CET [2025/02/10 8:03:52 ET]
Table 'Aludra' 6-max Seat #1 is the button
Seat 1: craigbissett ($10.71 in chips) 
Seat 2: Mahu2021 ($10.05 in chips) 
Seat 3: Smailodon ($9.12 in chips) 
Seat 4: danyboy6969 ($10.95 in chips) 
Seat 5: KRSofM ($10.27 in chips) 
Seat 6: putzkedudu ($10 in chips) 
Mahu2021: posts small blind $0.05
Smailodon: posts big blind $0.10
*** HOLE CARDS ***
Dealt to Mahu2021 [Kc 8s]
danyboy6969: folds 
KRSofM: folds 
putzkedudu: folds 
craigbissett: folds 
Mahu2021: folds 
Uncalled bet ($0.05) returned to Smailodon
Smailodon collected $0.10 from pot
Smailodon: doesn't show hand 
*** SUMMARY ***
Total pot $0.10 | Rake $0 
Seat 1: craigbissett (button) folded before Flop (didn't bet)
Seat 2: Mahu2021 (small blind) folded before Flop
Seat 3: Smailodon (big blind) collected ($0.10)
Seat 4: danyboy6969 folded before Flop (didn't bet)
Seat 5: KRSofM folded before Flop (didn't bet)
Seat 6: putzkedudu folded before Flop (didn't bet)



PokerStars Zoom Hand #254798700915:  Hold'em No Limit ($0.05/$0.10) - 2025/02/10 14:04:01 CET [2025/02/10 8:04:01 ET]
Table 'Aludra' 6-max Seat #1 is the button
Seat 1: Mahu2021 ($10 in chips) 
Seat 2: pougia777 ($10 in chips) 
Seat 3: putzkedudu ($10 in chips) 
Seat 4: Arun4z ($11.51 in chips) 
Seat 5: ASENNA76 ($11.78 in chips) 
Seat 6: Masiejoo ($10 in chips) 
pougia777: posts small blind $0.05
putzkedudu: posts big blind $0.10
*** HOLE CARDS ***
Dealt to Mahu2021 [5s 7h]
Arun4z: folds 
ASENNA76: raises $0.20 to $0.30
Masiejoo: folds 
Mahu2021: folds 
pougia777: folds 
putzkedudu: folds 
Uncalled bet ($0.20) returned to ASENNA76
ASENNA76 collected $0.25 from pot
ASENNA76: doesn't show hand 
*** SUMMARY ***
Total pot $0.25 | Rake $0 
Seat 1: Mahu2021 (button) folded before Flop (didn't bet)
Seat 2: pougia777 (small blind) folded before Flop
Seat 3: putzkedudu (big blind) folded before Flop
Seat 4: Arun4z folded before Flop (didn't bet)
Seat 5: ASENNA76 collected ($0.25)
Seat 6: Masiejoo folded before Flop (didn't bet)



PokerStars Zoom Hand #254798701419:  Hold'em No Limit ($0.05/$0.10) - 2025/02/10 14:04:04 CET [2025/02/10 8:04:04 ET]
Table 'Aludra' 6-max Seat #1 is the button
Seat 1: Masiejoo ($10 in chips) 
Seat 2: DanC996 ($15.17 in chips) 
Seat 3: BluesUK ($13.64 in chips) 
Seat 4: Articcathartic ($30.09 in chips) 
Seat 5: Haesigster ($20.07 in chips) 
Seat 6: Mahu2021 ($10 in chips) 
DanC996: posts small blind $0.05
BluesUK: posts big blind $0.10
*** HOLE CARDS ***
Dealt to Mahu2021 [Ac Td]
Articcathartic: folds 
Haesigster: calls $0.10
Mahu2021: calls $0.10
Masiejoo: folds 
DanC996: folds 
BluesUK: checks 
*** FLOP *** [Qd Jc 5d]
BluesUK: checks 
Haesigster: checks 
Mahu2021: bets $0.30
BluesUK: folds 
Haesigster: folds 
Uncalled bet ($0.30) returned to Mahu2021
Mahu2021 collected $0.33 from pot
Mahu2021: doesn't show hand 
*** SUMMARY ***
Total pot $0.35 | Rake $0.02 
Board [Qd Jc 5d]
Seat 1: Masiejoo (button) folded before Flop (didn't bet)
Seat 2: DanC996 (small blind) folded before Flop
Seat 3: BluesUK (big blind) folded on the Flop
Seat 4: Articcathartic folded before Flop (didn't bet)
Seat 5: Haesigster folded on the Flop
Seat 6: Mahu2021 collected ($0.33)



PokerStars Zoom Hand #254798706452:  Hold'em No Limit ($0.05/$0.10) - 2025/02/10 14:04:37 CET [2025/02/10 8:04:37 ET]
Table 'Aludra' 6-max Seat #1 is the button
Seat 1: Dimon_55_77 ($17.05 in chips) 
Seat 2: Venyo91 ($11.88 in chips) 
Seat 3: Mahu2021 ($10.23 in chips) 
Seat 4: epejoo ($12.22 in chips) 
Seat 5: Lenusia392 ($6.06 in chips) 
Seat 6: Masiejoo ($10.88 in chips) 
Venyo91: posts small blind $0.05
Mahu2021: posts big blind $0.10
*** HOLE CARDS ***
Dealt to Mahu2021 [7d 9s]
epejoo: folds 
Lenusia392: folds 
Masiejoo: folds 
Dimon_55_77: folds 
Venyo91: raises $0.20 to $0.30
Mahu2021: folds 
Uncalled bet ($0.20) returned to Venyo91
Venyo91 collected $0.20 from pot
Venyo91: doesn't show hand 
*** SUMMARY ***
Total pot $0.20 | Rake $0 
Seat 1: Dimon_55_77 (button) folded before Flop (didn't bet)
Seat 2: Venyo91 (small blind) collected ($0.20)
Seat 3: Mahu2021 (big blind) folded before Flop
Seat 4: epejoo folded before Flop (didn't bet)
Seat 5: Lenusia392 folded before Flop (didn't bet)
Seat 6: Masiejoo folded before Flop (didn't bet)



PokerStars Zoom Hand #254798708793:  Hold'em No Limit ($0.05/$0.10) - 2025/02/10 14:04:53 CET [2025/02/10 8:04:53 ET]
Table 'Aludra' 6-max Seat #1 is the button
Seat 1: BluesUK ($13.64 in chips) 
Seat 2: lukzinn11 ($14.06 in chips) 
Seat 3: epejoo ($16.74 in chips) 
Seat 4: kiks220272 ($10.65 in chips) 
Seat 5: GSKG987 ($11.61 in chips) 
Seat 6: Mahu2021 ($10.13 in chips) 
lukzinn11: posts small blind $0.05
epejoo: posts big blind $0.10
*** HOLE CARDS ***
Dealt to Mahu2021 [4s Kh]
kiks220272: folds 
GSKG987: folds 
Mahu2021: folds 
BluesUK: folds 
lukzinn11: raises $0.20 to $0.30
epejoo: folds 
Uncalled bet ($0.20) returned to lukzinn11
lukzinn11 collected $0.20 from pot
lukzinn11: doesn't show hand 
*** SUMMARY ***
Total pot $0.20 | Rake $0 
Seat 1: BluesUK (button) folded before Flop (didn't bet)
Seat 2: lukzinn11 (small blind) collected ($0.20)
Seat 3: epejoo (big blind) folded before Flop
Seat 4: kiks220272 folded before Flop (didn't bet)
Seat 5: GSKG987 folded before Flop (didn't bet)
Seat 6: Mahu2021 folded before Flop (didn't bet)



PokerStars Zoom Hand #254798709899:  Hold'em No Limit ($0.05/$0.10) - 2025/02/10 14:05:00 CET [2025/02/10 8:05:00 ET]
Table 'Aludra' 6-max Seat #1 is the button
Seat 1: husky_sc85 ($10 in chips) 
Seat 2: Orstednyan ($14.64 in chips) 
Seat 3: Bowesy25 ($12.96 in chips) 
Seat 4: neli910 ($10.70 in chips) 
Seat 5: Mahu2021 ($10.13 in chips) 
Seat 6: 50´s Ghost ($16.02 in chips) 
Orstednyan: posts small blind $0.05
Bowesy25: posts big blind $0.10
*** HOLE CARDS ***
Dealt to Mahu2021 [8d Qc]
neli910: folds 
Mahu2021: folds 
50´s Ghost: raises $0.15 to $0.25
husky_sc85: raises $0.53 to $0.78
Orstednyan: folds 
Bowesy25: calls $0.68
50´s Ghost: folds 
*** FLOP *** [8h 3d 3s]
Bowesy25: checks 
husky_sc85: checks 
*** TURN *** [8h 3d 3s] [4s]
Bowesy25: bets $0.99
husky_sc85: folds 
Uncalled bet ($0.99) returned to Bowesy25
Bowesy25 collected $1.78 from pot
Bowesy25: doesn't show hand 
*** SUMMARY ***
Total pot $1.86 | Rake $0.08 
Board [8h 3d 3s 4s]
Seat 1: husky_sc85 (button) folded on the Turn
Seat 2: Orstednyan (small blind) folded before Flop
Seat 3: Bowesy25 (big blind) collected ($1.78)
Seat 4: neli910 folded before Flop (didn't bet)
Seat 5: Mahu2021 folded before Flop (didn't bet)
Seat 6: 50´s Ghost folded before Flop



PokerStars Zoom Hand #254798710544:  Hold'em No Limit ($0.05/$0.10) - 2025/02/10 14:05:04 CET [2025/02/10 8:05:04 ET]
Table 'Aludra' 6-max Seat #1 is the button
Seat 1: epejoo ($16.64 in chips) 
Seat 2: Mahu2021 ($10.13 in chips) 
Seat 3: Orstednyan ($11.20 in chips) 
Seat 4: danyboy6969 ($10.95 in chips) 
Seat 5: TKITAKA ($10 in chips) 
Seat 6: RoC044 ($4.73 in chips) 
Mahu2021: posts small blind $0.05
Orstednyan: posts big blind $0.10
*** HOLE CARDS ***
Dealt to Mahu2021 [8h 9h]
danyboy6969: folds 
TKITAKA: raises $0.15 to $0.25
RoC044: folds 
epejoo: folds 
Mahu2021: calls $0.20
Orstednyan: calls $0.15
*** FLOP *** [7d 2h 3h]
Mahu2021: checks 
Orstednyan: checks 
TKITAKA: bets $0.24
Mahu2021: calls $0.24
Orstednyan: folds 
*** TURN *** [7d 2h 3h] [Kh]
Mahu2021: checks 
TKITAKA: bets $0.77
Mahu2021: raises $0.77 to $1.54
TKITAKA: calls $0.77
*** RIVER *** [7d 2h 3h Kh] [9d]
Mahu2021: bets $4.12
TKITAKA: calls $4.12
*** SHOW DOWN ***
Mahu2021: shows [8h 9h] (a flush, King high)
TKITAKA: mucks hand 
Mahu2021 collected $11.99 from pot
*** SUMMARY ***
Total pot $12.55 | Rake $0.56 
Board [7d 2h 3h Kh 9d]
Seat 1: epejoo (button) folded before Flop (didn't bet)
Seat 2: Mahu2021 (small blind) showed [8h 9h] and won ($11.99) with a flush, King high
Seat 3: Orstednyan (big blind) folded on the Flop
Seat 4: danyboy6969 folded before Flop (didn't bet)
Seat 5: TKITAKA mucked [Kc Kd]
Seat 6: RoC044 folded before Flop (didn't bet)



