PokerStars Hand #243274464561: Tournament #3581669320, $0.92+$0.08 USD Hold'em No Limit - Level I (10/20) - 2023/04/23 20:49:49 CET [2023/04/23 14:49:49 ET]
Table '3581669320 1' 3-max Seat #1 is the button
Seat 1: GrigOrosu (500 in chips) 
Seat 2: Bex_all_in (500 in chips) 
Seat 3: Mahu2021 (500 in chips) 
Bex_all_in: posts small blind 10
Mahu2021: posts big blind 20
*** HOLE CARDS ***
Dealt to Mahu2021 [6s 8h]
GrigOrosu: folds 
Bex_all_in: calls 10
Mahu2021: checks 
*** FLOP *** [6c 8c Ad]
Bex_all_in: checks 
Mahu2021: bets 20
Bex_all_in: folds 
Uncalled bet (20) returned to Mahu2021
Mahu2021 collected 40 from pot
Mahu2021: doesn't show hand 
*** SUMMARY ***
Total pot 40 | Rake 0 
Board [6c 8c Ad]
Seat 1: GrigOrosu (button) folded before Flop (didn't bet)
Seat 2: Bex_all_in (small blind) folded on the Flop
Seat 3: Mahu2021 (big blind) collected (40)



PokerStars Hand #243274473193: Tournament #3581669320, $0.92+$0.08 USD Hold'em No Limit - Level I (10/20) - 2023/04/23 20:50:08 CET [2023/04/23 14:50:08 ET]
Table '3581669320 1' 3-max Seat #2 is the button
Seat 1: GrigOrosu (500 in chips) 
Seat 2: Bex_all_in (480 in chips) 
Seat 3: Mahu2021 (520 in chips) 
Mahu2021: posts small blind 10
GrigOrosu: posts big blind 20
*** HOLE CARDS ***
Dealt to Mahu2021 [Qs Jh]
Bex_all_in: calls 20
Mahu2021: calls 10
GrigOrosu: checks 
*** FLOP *** [Ks As 3s]
Mahu2021: checks 
GrigOrosu: checks 
Bex_all_in: checks 
*** TURN *** [Ks As 3s] [4d]
Mahu2021: bets 40
GrigOrosu: calls 40
Bex_all_in: folds 
*** RIVER *** [Ks As 3s 4d] [5h]
Mahu2021: checks 
GrigOrosu: checks 
*** SHOW DOWN ***
Mahu2021: shows [Qs Jh] (high card Ace)
GrigOrosu: shows [8h 4s] (a pair of Fours)
GrigOrosu collected 140 from pot
*** SUMMARY ***
Total pot 140 | Rake 0 
Board [Ks As 3s 4d 5h]
Seat 1: GrigOrosu (big blind) showed [8h 4s] and won (140) with a pair of Fours
Seat 2: Bex_all_in (button) folded on the Turn
Seat 3: Mahu2021 (small blind) showed [Qs Jh] and lost with high card Ace



PokerStars Hand #243274483175: Tournament #3581669320, $0.92+$0.08 USD Hold'em No Limit - Level I (10/20) - 2023/04/23 20:50:30 CET [2023/04/23 14:50:30 ET]
Table '3581669320 1' 3-max Seat #3 is the button
Seat 1: GrigOrosu (580 in chips) 
Seat 2: Bex_all_in (460 in chips) 
Seat 3: Mahu2021 (460 in chips) 
GrigOrosu: posts small blind 10
Bex_all_in: posts big blind 20
*** HOLE CARDS ***
Dealt to Mahu2021 [4s 2d]
Mahu2021: folds 
GrigOrosu: calls 10
Bex_all_in: raises 20 to 40
GrigOrosu: calls 20
*** FLOP *** [Kh Qd 6h]
GrigOrosu: checks 
Bex_all_in: bets 20
GrigOrosu: calls 20
*** TURN *** [Kh Qd 6h] [8c]
GrigOrosu: checks 
Bex_all_in: checks 
*** RIVER *** [Kh Qd 6h 8c] [9d]
GrigOrosu: checks 
Bex_all_in: checks 
*** SHOW DOWN ***
GrigOrosu: shows [5c 5s] (a pair of Fives)
Bex_all_in: mucks hand 
GrigOrosu collected 120 from pot
*** SUMMARY ***
Total pot 120 | Rake 0 
Board [Kh Qd 6h 8c 9d]
Seat 1: GrigOrosu (small blind) showed [5c 5s] and won (120) with a pair of Fives
Seat 2: Bex_all_in (big blind) mucked [7s Ad]
Seat 3: Mahu2021 (button) folded before Flop (didn't bet)



PokerStars Hand #243274493362: Tournament #3581669320, $0.92+$0.08 USD Hold'em No Limit - Level I (10/20) - 2023/04/23 20:50:53 CET [2023/04/23 14:50:53 ET]
Table '3581669320 1' 3-max Seat #1 is the button
Seat 1: GrigOrosu (640 in chips) 
Seat 2: Bex_all_in (400 in chips) 
Seat 3: Mahu2021 (460 in chips) 
Bex_all_in: posts small blind 10
Mahu2021: posts big blind 20
*** HOLE CARDS ***
Dealt to Mahu2021 [5c Jd]
GrigOrosu: folds 
Bex_all_in: folds 
Uncalled bet (10) returned to Mahu2021
Mahu2021 collected 20 from pot
Mahu2021: doesn't show hand 
*** SUMMARY ***
Total pot 20 | Rake 0 
Seat 1: GrigOrosu (button) folded before Flop (didn't bet)
Seat 2: Bex_all_in (small blind) folded before Flop
Seat 3: Mahu2021 (big blind) collected (20)



PokerStars Hand #243274496699: Tournament #3581669320, $0.92+$0.08 USD Hold'em No Limit - Level I (10/20) - 2023/04/23 20:51:00 CET [2023/04/23 14:51:00 ET]
Table '3581669320 1' 3-max Seat #2 is the button
Seat 1: GrigOrosu (640 in chips) 
Seat 2: Bex_all_in (390 in chips) 
Seat 3: Mahu2021 (470 in chips) 
Mahu2021: posts small blind 10
GrigOrosu: posts big blind 20
*** HOLE CARDS ***
Dealt to Mahu2021 [5s 4d]
Bex_all_in: raises 20 to 40
Mahu2021: calls 30
GrigOrosu: calls 20
*** FLOP *** [9h Qs Tc]
Mahu2021: checks 
GrigOrosu: checks 
Bex_all_in: bets 20
Mahu2021: folds 
GrigOrosu: calls 20
*** TURN *** [9h Qs Tc] [Ts]
GrigOrosu: checks 
Bex_all_in: bets 20
GrigOrosu: calls 20
*** RIVER *** [9h Qs Tc Ts] [Jc]
GrigOrosu: bets 60
Bex_all_in: raises 60 to 120
GrigOrosu: raises 80 to 200
Bex_all_in: raises 80 to 280
GrigOrosu: raises 80 to 360
Bex_all_in: calls 30 and is all-in
Uncalled bet (50) returned to GrigOrosu
*** SHOW DOWN ***
GrigOrosu: shows [Th Jd] (a full house, Tens full of Jacks)
Bex_all_in: shows [Js Qd] (two pair, Queens and Jacks)
GrigOrosu collected 820 from pot
Bex_all_in finished the tournament in 3rd place
*** SUMMARY ***
Total pot 820 | Rake 0 
Board [9h Qs Tc Ts Jc]
Seat 1: GrigOrosu (big blind) showed [Th Jd] and won (820) with a full house, Tens full of Jacks
Seat 2: Bex_all_in (button) showed [Js Qd] and lost with two pair, Queens and Jacks
Seat 3: Mahu2021 (small blind) folded on the Flop



PokerStars Hand #243274517806: Tournament #3581669320, $0.92+$0.08 USD Hold'em No Limit - Level I (10/20) - 2023/04/23 20:51:46 CET [2023/04/23 14:51:46 ET]
Table '3581669320 1' 3-max Seat #1 is the button
Seat 1: GrigOrosu (1070 in chips) 
Seat 3: Mahu2021 (430 in chips) 
GrigOrosu: posts small blind 10
Mahu2021: posts big blind 20
*** HOLE CARDS ***
Dealt to Mahu2021 [7s 4c]
GrigOrosu: calls 10
Mahu2021: checks 
*** FLOP *** [Qh Ad 4h]
Mahu2021: checks 
GrigOrosu: checks 
*** TURN *** [Qh Ad 4h] [6h]
Mahu2021: bets 20
GrigOrosu: calls 20
*** RIVER *** [Qh Ad 4h 6h] [9h]
Mahu2021: checks 
GrigOrosu: bets 80
Mahu2021: folds 
Uncalled bet (80) returned to GrigOrosu
GrigOrosu collected 80 from pot
*** SUMMARY ***
Total pot 80 | Rake 0 
Board [Qh Ad 4h 6h 9h]
Seat 1: GrigOrosu (button) (small blind) collected (80)
Seat 3: Mahu2021 (big blind) folded on the River



PokerStars Hand #243274527339: Tournament #3581669320, $0.92+$0.08 USD Hold'em No Limit - Level II (15/30) - 2023/04/23 20:52:07 CET [2023/04/23 14:52:07 ET]
Table '3581669320 1' 3-max Seat #3 is the button
Seat 1: GrigOrosu (1110 in chips) 
Seat 3: Mahu2021 (390 in chips) 
Mahu2021: posts small blind 15
GrigOrosu: posts big blind 30
*** HOLE CARDS ***
Dealt to Mahu2021 [8d 7h]
Mahu2021: calls 15
GrigOrosu: checks 
*** FLOP *** [6s Qd 7c]
GrigOrosu: checks 
Mahu2021: bets 60
GrigOrosu: folds 
Uncalled bet (60) returned to Mahu2021
Mahu2021 collected 60 from pot
Mahu2021: doesn't show hand 
*** SUMMARY ***
Total pot 60 | Rake 0 
Board [6s Qd 7c]
Seat 1: GrigOrosu (big blind) folded on the Flop
Seat 3: Mahu2021 (button) (small blind) collected (60)



PokerStars Hand #243274532883: Tournament #3581669320, $0.92+$0.08 USD Hold'em No Limit - Level II (15/30) - 2023/04/23 20:52:19 CET [2023/04/23 14:52:19 ET]
Table '3581669320 1' 3-max Seat #1 is the button
Seat 1: GrigOrosu (1080 in chips) 
Seat 3: Mahu2021 (420 in chips) 
GrigOrosu: posts small blind 15
Mahu2021: posts big blind 30
*** HOLE CARDS ***
Dealt to Mahu2021 [Jd Ac]
GrigOrosu: raises 30 to 60
Mahu2021: raises 120 to 180
GrigOrosu: calls 120
*** FLOP *** [6h 9s 2s]
Mahu2021: checks 
GrigOrosu: checks 
*** TURN *** [6h 9s 2s] [4d]
Mahu2021: checks 
GrigOrosu: checks 
*** RIVER *** [6h 9s 2s 4d] [4s]
Mahu2021: bets 240 and is all-in
GrigOrosu: folds 
Uncalled bet (240) returned to Mahu2021
Mahu2021 collected 360 from pot
Mahu2021: doesn't show hand 
*** SUMMARY ***
Total pot 360 | Rake 0 
Board [6h 9s 2s 4d 4s]
Seat 1: GrigOrosu (button) (small blind) folded on the River
Seat 3: Mahu2021 (big blind) collected (360)



PokerStars Hand #243274541599: Tournament #3581669320, $0.92+$0.08 USD Hold'em No Limit - Level II (15/30) - 2023/04/23 20:52:39 CET [2023/04/23 14:52:39 ET]
Table '3581669320 1' 3-max Seat #3 is the button
Seat 1: GrigOrosu (900 in chips) 
Seat 3: Mahu2021 (600 in chips) 
Mahu2021: posts small blind 15
GrigOrosu: posts big blind 30
*** HOLE CARDS ***
Dealt to Mahu2021 [Ad Qh]
Mahu2021: raises 30 to 60
GrigOrosu: raises 840 to 900 and is all-in
Mahu2021: calls 540 and is all-in
Uncalled bet (300) returned to GrigOrosu
*** FLOP *** [Tc Ts Qs]
*** TURN *** [Tc Ts Qs] [9d]
*** RIVER *** [Tc Ts Qs 9d] [Jd]
*** SHOW DOWN ***
GrigOrosu: shows [Th Ah] (three of a kind, Tens)
Mahu2021: shows [Ad Qh] (two pair, Queens and Tens)
GrigOrosu collected 1200 from pot
Mahu2021 finished the tournament in 2nd place
GrigOrosu wins the tournament and receives $2.00 - congratulations!
*** SUMMARY ***
Total pot 1200 | Rake 0 
Board [Tc Ts Qs 9d Jd]
Seat 1: GrigOrosu (big blind) showed [Th Ah] and won (1200) with three of a kind, Tens
Seat 3: Mahu2021 (button) (small blind) showed [Ad Qh] and lost with two pair, Queens and Tens



